  <div class='ocr_page' id='page_1' title='image "/cluster/home/n/w/nwhite01/storage/ocr_20150623/11/hvd.32044096580402/070.png"; bbox 0 0 4242 6168; ppageno 0'>
   <div class='ocr_carea' id='block_1_1' title="bbox 381 230 3775 335">
    <p class='ocr_par' dir='ltr' id='par_1_1' title="bbox 381 230 3775 335">
     <span class='ocr_line' id='line_1_1' title="bbox 381 230 3775 335; baseline 0.006 -47"><span class='ocrx_word' id='word_1_1' title='bbox 381 248 495 335; x_wconf 50' lang='grc' dir='ltr'><strong>μορ</strong></span> <span class='ocrx_word' id='word_1_2' title='bbox 1395 230 1886 292; x_wconf 82' lang='lat' dir='ltr'><strong>DlSSERTATlO</strong></span> <span class='ocrx_word' id='word_1_3' title='bbox 1922 232 1985 306; x_wconf 87' lang='lat' dir='ltr'><strong>ll,</strong></span> <span class='ocrx_word' id='word_1_4' title='bbox 2024 236 2110 305; x_wconf 75' lang='lat' dir='ltr'><strong>DE</strong></span> <span class='ocrx_word' id='word_1_5' title='bbox 2148 237 2207 299; x_wconf 88' lang='lat' dir='ltr'><strong>S.</strong></span> <span class='ocrx_word' id='word_1_6' title='bbox 2248 237 2423 299; x_wconf 78' lang='grc' dir='ltr'><strong>ΖΕΝ.</strong></span> <span class='ocrx_word' id='word_1_7' title='bbox 2477 241 2848 304; x_wconf 73' lang='lat' dir='ltr'><strong>DOCTRINA.</strong></span> <span class='ocrx_word' id='word_1_8' title='bbox 3672 252 3775 309; x_wconf 74' lang='lat' dir='ltr'><strong>illi</strong></span> 
     </span>
    </p>
   </div>
   <div class='ocr_carea' id='block_1_2' title="bbox 381 348 3767 439">
    <p class='ocr_par' dir='ltr' id='par_1_2' title="bbox 381 348 3767 439">
     <span class='ocr_line' id='line_1_2' title="bbox 381 348 3767 439; baseline -0 -16"><span class='ocrx_word' id='word_1_9' title='bbox 381 381 502 439; x_wconf 81' lang='lat' dir='ltr'><strong>qua:</strong></span> <span class='ocrx_word' id='word_1_10' title='bbox 528 378 645 422; x_wconf 89' lang='lat' dir='ltr'><strong>cum</strong></span> <span class='ocrx_word' id='word_1_11' title='bbox 688 359 910 432; x_wconf 73' lang='lat' dir='ltr'><strong>Sep/riae</strong></span> <span class='ocrx_word' id='word_1_12' title='bbox 939 359 1145 419; x_wconf 88' lang='lat' dir='ltr'><strong>ratione</strong></span> <span class='ocrx_word' id='word_1_13' title='bbox 1169 366 1219 413; x_wconf 89' lang='lat' dir='ltr'><strong>et</strong></span> <span class='ocrx_word' id='word_1_14' title='bbox 1248 364 1500 410; x_wconf 80' lang='lat' dir='ltr'><strong>sermone</strong></span> <span class='ocrx_word' id='word_1_15' title='bbox 1528 348 1883 419; x_wconf 71' lang='lat' dir='ltr'><strong>disposuerat</strong></span> <span class='ocrx_word' id='word_1_16' title='bbox 1921 352 2053 407; x_wconf 83' lang='lat' dir='ltr'><strong>intra</strong></span> <span class='ocrx_word' id='word_1_17' title='bbox 2078 356 2127 417; x_wconf 83' lang='grc' dir='ltr'><strong>Δ</strong></span> <span class='ocrx_word' id='word_1_18' title='bbox 2155 354 2248 411; x_wconf 81' lang='lat' dir='ltr'><strong>luit</strong></span> <span class='ocrx_word' id='word_1_19' title='bbox 2270 355 2720 426; x_wconf 75' lang='lat' dir='ltr'><strong>perfectissima,</strong></span> <span class='ocrx_word' id='word_1_20' title='bbox 2744 364 2835 421; x_wconf 87' lang='lat' dir='ltr'><strong>sed</strong></span> <span class='ocrx_word' id='word_1_21' title='bbox 2856 364 3030 435; x_wconf 84' lang='lat' dir='ltr'><strong>quoad</strong></span> <span class='ocrx_word' id='word_1_22' title='bbox 3058 378 3183 427; x_wconf 87' lang='lat' dir='ltr'><strong>nos,</strong></span> <span class='ocrx_word' id='word_1_23' title='bbox 3205 364 3398 436; x_wconf 90' lang='lat' dir='ltr'><strong>quibus</strong></span> <span class='ocrx_word' id='word_1_24' title='bbox 3421 367 3506 422; x_wconf 83' lang='lat' dir='ltr'><strong>illa</strong></span> <span class='ocrx_word' id='word_1_25' title='bbox 3535 368 3767 437; x_wconf 76' lang='lat' dir='ltr'><strong>primum</strong></span> 
     </span>
    </p>
   </div>
   <div class='ocr_carea' id='block_1_3' title="bbox 382 439 3770 527">
    <p class='ocr_par' dir='ltr' id='par_1_3' title="bbox 382 439 3770 527">
     <span class='ocr_line' id='line_1_3' title="bbox 382 439 3770 527; baseline -0 -11"><span class='ocrx_word' id='word_1_26' title='bbox 382 477 470 526; x_wconf 88' lang='lat' dir='ltr'><strong>se,</strong></span> <span class='ocrx_word' id='word_1_27' title='bbox 499 459 553 513; x_wconf 89' lang='lat' dir='ltr'><strong>in</strong></span> <span class='ocrx_word' id='word_1_28' title='bbox 575 455 887 513; x_wconf 85' lang='lat' dir='ltr'><strong>substantias</strong></span> <span class='ocrx_word' id='word_1_29' title='bbox 918 463 968 510; x_wconf 89' lang='lat' dir='ltr'><strong>et</strong></span> <span class='ocrx_word' id='word_1_30' title='bbox 991 452 1191 524; x_wconf 85' lang='lat' dir='ltr'><strong>species</strong></span> <span class='ocrx_word' id='word_1_31' title='bbox 1220 460 1353 505; x_wconf 87' lang='lat' dir='ltr'><strong>suas</strong></span> <span class='ocrx_word' id='word_1_32' title='bbox 1379 440 1538 498; x_wconf 85' lang='lat' dir='ltr'><strong>edere</strong></span> <span class='ocrx_word' id='word_1_33' title='bbox 1556 483 1571 509; x_wconf 73' lang='lat'><strong>.</strong></span> <span class='ocrx_word' id='word_1_34' title='bbox 1610 439 1810 508; x_wconf 58' lang='lat' dir='ltr'><strong>ipsum</strong></span> <span class='ocrx_word' id='word_1_35' title='bbox 1836 446 2052 517; x_wconf 62' lang='lat' dir='ltr'><strong>Primum</strong></span> <span class='ocrx_word' id='word_1_36' title='bbox 2151 444 2392 519; x_wconf 65' lang='lat'><strong>3800503</strong></span> <span class='ocrx_word' id='word_1_37' title='bbox 2428 451 2613 521; x_wconf 76' lang='grc' dir='ltr'><strong>εωμίι.</strong></span> <span class='ocrx_word' id='word_1_38' title='bbox 2639 453 2783 511; x_wconf 74' lang='lat' dir='ltr'><strong>Hanc</strong></span> <span class='ocrx_word' id='word_1_39' title='bbox 2807 456 3048 513; x_wconf 82' lang='lat' dir='ltr'><strong>eamdem</strong></span> <span class='ocrx_word' id='word_1_40' title='bbox 3075 455 3302 527; x_wconf 80' lang='lat' dir='ltr'><strong>duplicis</strong></span> <span class='ocrx_word' id='word_1_41' title='bbox 3328 458 3619 515; x_wconf 71' lang='lat' dir='ltr'><strong>nativitatis</strong></span> <span class='ocrx_word' id='word_1_42' title='bbox 3652 460 3770 516; x_wconf 61' lang='lat' dir='ltr'><strong>dis.</strong></span> 
     </span>
    </p>
   </div>
   <div class='ocr_carea' id='block_1_4' title="bbox 384 529 3769 624">
    <p class='ocr_par' dir='ltr' id='par_1_4' title="bbox 384 529 3769 624">
     <span class='ocr_line' id='line_1_4' title="bbox 384 529 3769 624; baseline 0.001 -19"><span class='ocrx_word' id='word_1_43' title='bbox 384 549 605 624; x_wconf 75' lang='lat' dir='ltr'><strong>protulit</strong></span> <span class='ocrx_word' id='word_1_44' title='bbox 640 562 927 602; x_wconf 78' lang='lat' dir='ltr'><strong>sermonem</strong></span> <span class='ocrx_word' id='word_1_45' title='bbox 959 544 1232 602; x_wconf 81' lang='lat' dir='ltr'><strong>habentem</strong></span> <span class='ocrx_word' id='word_1_46' title='bbox 1278 540 1340 594; x_wconf 82' lang='lat' dir='ltr'><strong>iit</strong></span> <span class='ocrx_word' id='word_1_47' title='bbox 1380 529 1798 591; x_wconf 68' lang='lat' dir='ltr'><strong>seindieiduas</strong></span> <span class='ocrx_word' id='word_1_48' title='bbox 1836 540 2053 597; x_wconf 85' lang='lat' dir='ltr'><strong>rationes</strong></span> <span class='ocrx_word' id='word_1_49' title='bbox 2151 540 2500 598; x_wconf 85' lang='lat' dir='ltr'><strong>tinctionem</strong></span> <span class='ocrx_word' id='word_1_50' title='bbox 2520 544 2656 605; x_wconf 88' lang='lat' dir='ltr'><strong>idem</strong></span> <span class='ocrx_word' id='word_1_51' title='bbox 2686 548 3038 607; x_wconf 86' lang='lat' dir='ltr'><strong>Tertullianns</strong></span> <span class='ocrx_word' id='word_1_52' title='bbox 3066 565 3173 606; x_wconf 89' lang='lat' dir='ltr'><strong>non</strong></span> <span class='ocrx_word' id='word_1_53' title='bbox 3196 552 3424 608; x_wconf 83' lang='lat' dir='ltr'><strong>obscure</strong></span> <span class='ocrx_word' id='word_1_54' title='bbox 3461 552 3769 609; x_wconf 86' lang='lat' dir='ltr'><strong>subindicat</strong></span> 
     </span>
    </p>
   </div>
   <div class='ocr_carea' id='block_1_5' title="bbox 389 628 3765 716">
    <p class='ocr_par' dir='ltr' id='par_1_5' title="bbox 389 628 3765 716">
     <span class='ocr_line' id='line_1_5' title="bbox 389 628 3765 716; baseline 0.001 -18"><span class='ocrx_word' id='word_1_55' title='bbox 389 643 677 716; x_wconf 84' lang='lat' dir='ltr'><strong>Sopltiam,</strong></span> <span class='ocrx_word' id='word_1_56' title='bbox 728 647 783 692; x_wconf 86' lang='lat' dir='ltr'><strong>ut</strong></span> <span class='ocrx_word' id='word_1_57' title='bbox 833 655 934 713; x_wconf 84' lang='lat' dir='ltr'><strong>per</strong></span> <span class='ocrx_word' id='word_1_58' title='bbox 986 639 1158 713; x_wconf 86' lang='lat' dir='ltr'><strong>ipsum</strong></span> <span class='ocrx_word' id='word_1_59' title='bbox 1198 635 1392 707; x_wconf 81' lang='lat' dir='ltr'><strong>ﬁerent</strong></span> <span class='ocrx_word' id='word_1_60' title='bbox 1442 628 1746 697; x_wconf 80' lang='lat' dir='ltr'><strong>universa,</strong></span> <span class='ocrx_word' id='word_1_61' title='bbox 1777 648 1869 702; x_wconf 87' lang='lat' dir='ltr'><strong>per</strong></span> <span class='ocrx_word' id='word_1_62' title='bbox 1908 649 2051 705; x_wconf 83' lang='lat' dir='ltr'><strong>quem</strong></span> <span class='ocrx_word' id='word_1_63' title='bbox 2151 634 2243 693; x_wconf 87' lang='lat' dir='ltr'><strong>lib.</strong></span> <span class='ocrx_word' id='word_1_64' title='bbox 2281 645 2328 687; x_wconf 87' lang='grc' dir='ltr'>ιι</span> <span class='ocrx_word' id='word_1_65' title='bbox 2361 634 2648 707; x_wconf 79' lang='lat' dir='ltr'><strong>adversus,</strong></span> <span class='ocrx_word' id='word_1_66' title='bbox 2680 641 2997 700; x_wconf 76' lang='lat' dir='ltr'><strong>Maroionem</strong></span> <span class='ocrx_word' id='word_1_67' title='bbox 3026 658 3147 714; x_wconf 88' lang='lat' dir='ltr'><strong>cap.</strong></span> <span class='ocrx_word' id='word_1_68' title='bbox 3175 642 3242 698; x_wconf 76' lang='lat'><strong>27</strong></span> <span class='ocrx_word' id='word_1_69' title='bbox 3273 643 3341 700; x_wconf 90' lang='lat' dir='ltr'><strong>de</strong></span> <span class='ocrx_word' id='word_1_70' title='bbox 3370 644 3473 700; x_wconf 86' lang='lat' dir='ltr'><strong>hoc</strong></span> <span class='ocrx_word' id='word_1_71' title='bbox 3512 658 3765 701; x_wconf 84' lang='lat' dir='ltr'><strong>sermone</strong></span> 
     </span>
    </p>
   </div>
   <div class='ocr_carea' id='block_1_6' title="bbox 390 720 3763 809">
    <p class='ocr_par' dir='ltr' id='par_1_6' title="bbox 390 720 3763 809">
     <span class='ocr_line' id='line_1_6' title="bbox 390 720 3763 809; baseline -0.001 -15"><span class='ocrx_word' id='word_1_72' title='bbox 390 748 537 799; x_wconf 80' lang='lat' dir='ltr'><strong>erant</strong></span> <span class='ocrx_word' id='word_1_73' title='bbox 586 734 805 806; x_wconf 82' lang='lat' dir='ltr'><strong>cogitata</strong></span> <span class='ocrx_word' id='word_1_74' title='bbox 852 741 1017 804; x_wconf 86' lang='lat' dir='ltr'><strong>atque</strong></span> <span class='ocrx_word' id='word_1_75' title='bbox 1064 729 1357 801; x_wconf 83' lang='lat' dir='ltr'><strong>disposita,</strong></span> <span class='ocrx_word' id='word_1_76' title='bbox 1414 720 1540 776; x_wconf 72' lang='lat' dir='ltr'><strong>imo</strong></span> <span class='ocrx_word' id='word_1_77' title='bbox 1610 727 1662 774; x_wconf 76' lang='grc' dir='ltr'><strong>ει</strong></span> <span class='ocrx_word' id='word_1_78' title='bbox 1713 726 1856 794; x_wconf 67' lang='lat' dir='ltr'><strong>facta</strong></span> <span class='ocrx_word' id='word_1_79' title='bbox 1904 727 2009 791; x_wconf 80' lang='lat' dir='ltr'><strong>iam</strong></span> <span class='ocrx_word' id='word_1_80' title='bbox 2034 768 2049 795; x_wconf 77' lang='lat' dir='ltr'><strong>v</strong></span> <span class='ocrx_word' id='word_1_81' title='bbox 2150 728 2420 801; x_wconf 79' lang='lat' dir='ltr'><strong>inquiens</strong></span> <span class='ocrx_word' id='word_1_82' title='bbox 2446 772 2462 799; x_wconf 91' lang='lat'><strong>,</strong></span> <span class='ocrx_word' id='word_1_83' title='bbox 2487 749 2631 803; x_wconf 84' lang='lat' dir='ltr'><strong>quem</strong></span> <span class='ocrx_word' id='word_1_84' title='bbox 2657 751 2720 790; x_wconf 81' lang='lat' dir='ltr'><strong>ea:</strong></span> <span class='ocrx_word' id='word_1_85' title='bbox 2744 738 3006 809; x_wconf 86' lang='lat' dir='ltr'><strong>semetipso</strong></span> <span class='ocrx_word' id='word_1_86' title='bbox 3052 736 3364 805; x_wconf 78' lang='lat' dir='ltr'><strong>proferendo</strong></span> <span class='ocrx_word' id='word_1_87' title='bbox 3391 736 3587 792; x_wconf 83' lang='lat' dir='ltr'><strong>Filium</strong></span> <span class='ocrx_word' id='word_1_88' title='bbox 3608 736 3763 809; x_wconf 79' lang='lat' dir='ltr'><strong>fecit,</strong></span> 
     </span>
    </p>
   </div>
   <div class='ocr_carea' id='block_1_7' title="bbox 390 813 3761 902">
    <p class='ocr_par' dir='ltr' id='par_1_7' title="bbox 390 813 3761 902">
     <span class='ocr_line' id='line_1_7' title="bbox 390 813 3761 902; baseline 0.004 -35"><span class='ocrx_word' id='word_1_89' title='bbox 390 838 635 902; x_wconf 55' lang='lat' dir='ltr'><strong>quantum</strong></span> <span class='ocrx_word' id='word_1_90' title='bbox 670 827 721 881; x_wconf 72' lang='grc' dir='ltr'><strong>ξη</strong></span> <span class='ocrx_word' id='word_1_91' title='bbox 750 823 850 880; x_wconf 70' lang='grc' dir='ltr'><strong>θεῖ</strong></span> <span class='ocrx_word' id='word_1_92' title='bbox 881 842 1068 880; x_wconf 60' lang='lat' dir='ltr'><strong>sema,</strong></span> <span class='ocrx_word' id='word_1_93' title='bbox 1104 822 1211 879; x_wconf 71' lang='lat' dir='ltr'><strong>Hoc</strong></span> <span class='ocrx_word' id='word_1_94' title='bbox 1244 813 1394 876; x_wconf 76' lang='lat' dir='ltr'><strong>enim</strong></span> <span class='ocrx_word' id='word_1_95' title='bbox 1423 813 1523 870; x_wconf 83' lang='lat' dir='ltr'><strong>eis</strong></span> <span class='ocrx_word' id='word_1_96' title='bbox 1548 815 1771 883; x_wconf 84' lang='lat' dir='ltr'><strong>deerat,</strong></span> <span class='ocrx_word' id='word_1_97' title='bbox 1803 828 1856 874; x_wconf 92' lang='lat' dir='ltr'><strong>ut</strong></span> <span class='ocrx_word' id='word_1_98' title='bbox 1882 835 2051 877; x_wconf 85' lang='lat' dir='ltr'><strong>coram</strong></span> <span class='ocrx_word' id='word_1_99' title='bbox 2151 832 2197 878; x_wconf 89' lang='lat' dir='ltr'><strong>et</strong></span> <span class='ocrx_word' id='word_1_100' title='bbox 2227 819 2428 877; x_wconf 75' lang='lat' dir='ltr'><strong>exinde</strong></span> <span class='ocrx_word' id='word_1_101' title='bbox 2465 825 2787 894; x_wconf 68' lang='lat' dir='ltr'><strong>dispositioni</strong></span> <span class='ocrx_word' id='word_1_102' title='bbox 2823 843 2930 885; x_wconf 66' lang='lat' dir='ltr'><strong>sum</strong></span> <span class='ocrx_word' id='word_1_103' title='bbox 2969 827 3321 895; x_wconf 79' lang='lat' dir='ltr'><strong>voluntatique</strong></span> <span class='ocrx_word' id='word_1_104' title='bbox 3343 829 3593 900; x_wconf 63' lang='lat' dir='ltr'><strong>praefecit.</strong></span> <span class='ocrx_word' id='word_1_105' title='bbox 3626 827 3761 882; x_wconf 89' lang='lat' dir='ltr'><strong>Cum</strong></span> 
     </span>
    </p>
   </div>
   <div class='ocr_carea' id='block_1_8' title="bbox 392 903 3763 998">
    <p class='ocr_par' dir='ltr' id='par_1_8' title="bbox 392 903 3763 998">
     <span class='ocr_line' id='line_1_8' title="bbox 392 903 3763 998; baseline -0.005 -21"><span class='ocrx_word' id='word_1_106' title='bbox 392 938 594 998; x_wconf 82' lang='lat' dir='ltr'><strong>quoque</strong></span> <span class='ocrx_word' id='word_1_107' title='bbox 618 922 664 975; x_wconf 88' lang='lat' dir='ltr'><strong>in</strong></span> <span class='ocrx_word' id='word_1_108' title='bbox 687 917 795 974; x_wconf 85' lang='lat' dir='ltr'><strong>suis</strong></span> <span class='ocrx_word' id='word_1_109' title='bbox 819 916 1104 987; x_wconf 74' lang='lat' dir='ltr'><strong>speciebus</strong></span> <span class='ocrx_word' id='word_1_110' title='bbox 1134 924 1280 987; x_wconf 89' lang='lat' dir='ltr'><strong>atque</strong></span> <span class='ocrx_word' id='word_1_111' title='bbox 1312 903 1645 998; x_wconf 54' lang='lat' dir='ltr'><strong>substantiis</strong></span> <span class='ocrx_word' id='word_1_112' title='bbox 1683 925 2049 984; x_wconf 74' lang='lat' dir='ltr'><strong>cognosceren-</strong></span> <span class='ocrx_word' id='word_1_113' title='bbox 2154 913 2227 971; x_wconf 84' lang='lat' dir='ltr'><strong>ait</strong></span> <span class='ocrx_word' id='word_1_114' title='bbox 2248 928 2316 968; x_wconf 82' lang='lat' dir='ltr'><strong>ea:</strong></span> <span class='ocrx_word' id='word_1_115' title='bbox 2337 916 2611 987; x_wconf 82' lang='lat' dir='ltr'><strong>semetipso</strong></span> <span class='ocrx_word' id='word_1_116' title='bbox 2668 918 2973 989; x_wconf 77' lang='lat' dir='ltr'><strong>proferendo</strong></span> <span class='ocrx_word' id='word_1_117' title='bbox 2996 915 3046 973; x_wconf 85' lang='lat' dir='ltr'><em>F</em></span> <span class='ocrx_word' id='word_1_118' title='bbox 3046 919 3202 973; x_wconf 87' lang='lat' dir='ltr'><strong>ilium</strong></span> <span class='ocrx_word' id='word_1_119' title='bbox 3229 920 3347 988; x_wconf 76' lang='lat' dir='ltr'><strong>fecit</strong></span> <span class='ocrx_word' id='word_1_120' title='bbox 3371 959 3386 985; x_wconf 93' lang='lat'><strong>,</strong></span> <span class='ocrx_word' id='word_1_121' title='bbox 3409 919 3599 990; x_wconf 77' lang='lat' dir='ltr'><strong>utique</strong></span> <span class='ocrx_word' id='word_1_122' title='bbox 3641 935 3763 988; x_wconf 71' lang='grc' dir='ltr'><strong>ρι-ο.</strong></span> 
     </span>
    </p>
   </div>
   <div class='ocr_carea' id='block_1_9' title="bbox 390 997 3764 1086">
    <p class='ocr_par' dir='ltr' id='par_1_9' title="bbox 390 997 3764 1086">
     <span class='ocr_line' id='line_1_9' title="bbox 390 997 3764 1086; baseline -0.002 -13"><span class='ocrx_word' id='word_1_123' title='bbox 390 997 516 1085; x_wconf 84' lang='lat' dir='ltr'><strong>tur,</strong></span> <span class='ocrx_word' id='word_1_124' title='bbox 546 1023 591 1070; x_wconf 88' lang='lat' dir='ltr'><strong>et</strong></span> <span class='ocrx_word' id='word_1_125' title='bbox 633 1018 954 1067; x_wconf 81' lang='lat' dir='ltr'><strong><em>tenerentur.</em></strong></span> <span class='ocrx_word' id='word_1_126' title='bbox 993 1005 1138 1063; x_wconf 87' lang='lat' dir='ltr'><strong>Tunc</strong></span> <span class='ocrx_word' id='word_1_127' title='bbox 1163 1006 1325 1079; x_wconf 83' lang='lat' dir='ltr'><strong>igitur</strong></span> <span class='ocrx_word' id='word_1_128' title='bbox 1358 997 1539 1053; x_wconf 85' lang='lat' dir='ltr'><strong>etiam</strong></span> <span class='ocrx_word' id='word_1_129' title='bbox 1573 1001 1684 1074; x_wconf 86' lang='lat' dir='ltr'><strong>ipse</strong></span> <span class='ocrx_word' id='word_1_130' title='bbox 1723 1019 1886 1059; x_wconf 85' lang='lat' dir='ltr'><strong>sermo</strong></span> <span class='ocrx_word' id='word_1_131' title='bbox 1932 1020 2048 1074; x_wconf 85' lang='lat' dir='ltr'><strong>spe-</strong></span> <span class='ocrx_word' id='word_1_132' title='bbox 2152 1008 2436 1075; x_wconf 75' lang='lat' dir='ltr'><strong>lationem,</strong></span> <span class='ocrx_word' id='word_1_133' title='bbox 2463 1024 2558 1085; x_wconf 72' lang='lat' dir='ltr'><strong>seu</strong></span> <span class='ocrx_word' id='word_1_134' title='bbox 2608 1012 2938 1069; x_wconf 86' lang='lat' dir='ltr'><strong>nativitatem</strong></span> <span class='ocrx_word' id='word_1_135' title='bbox 2987 1012 3109 1068; x_wconf 84' lang='lat' dir='ltr'><strong>Filii</strong></span> <span class='ocrx_word' id='word_1_136' title='bbox 3161 1028 3425 1069; x_wconf 59' lang='lat' dir='ltr'><strong>alternam</strong></span> <span class='ocrx_word' id='word_1_137' title='bbox 3459 1015 3764 1086; x_wconf 75' lang='lat' dir='ltr'><strong>signiﬁcat;</strong></span> 
     </span>
    </p>
   </div>
   <div class='ocr_carea' id='block_1_10' title="bbox 390 1099 3765 1181">
    <p class='ocr_par' dir='ltr' id='par_1_10' title="bbox 390 1099 3765 1181">
     <span class='ocr_line' id='line_1_10' title="bbox 390 1099 3765 1181; baseline -0.002 -18"><span class='ocrx_word' id='word_1_138' title='bbox 390 1113 523 1181; x_wconf 69' lang='lat' dir='ltr'><strong>ciem</strong></span> <span class='ocrx_word' id='word_1_139' title='bbox 550 1116 598 1163; x_wconf 89' lang='lat' dir='ltr'><strong>et</strong></span> <span class='ocrx_word' id='word_1_140' title='bbox 639 1112 868 1160; x_wconf 83' lang='lat' dir='ltr'><strong>ornatum</strong></span> <span class='ocrx_word' id='word_1_141' title='bbox 924 1117 1099 1155; x_wconf 83' lang='lat' dir='ltr'><strong>suum</strong></span> <span class='ocrx_word' id='word_1_142' title='bbox 1122 1099 1307 1164; x_wconf 86' lang='lat' dir='ltr'><strong>sumit,</strong></span> <span class='ocrx_word' id='word_1_143' title='bbox 1344 1106 1549 1148; x_wconf 71' lang='lat' dir='ltr'><strong>801mm</strong></span> <span class='ocrx_word' id='word_1_144' title='bbox 1596 1103 1643 1148; x_wconf 78' lang='grc' dir='ltr'><strong>ει</strong></span> <span class='ocrx_word' id='word_1_145' title='bbox 1692 1110 1862 1151; x_wconf 74' lang='lat' dir='ltr'><strong>vocem</strong></span> <span class='ocrx_word' id='word_1_146' title='bbox 1891 1136 1904 1160; x_wconf 82' lang='grc'><strong><em>,</em></strong></span> <span class='ocrx_word' id='word_1_147' title='bbox 1936 1111 2052 1151; x_wconf 77' lang='lat' dir='ltr'><strong>cum</strong></span> <span class='ocrx_word' id='word_1_148' title='bbox 2152 1113 2313 1156; x_wconf 89' lang='lat' dir='ltr'><strong>secus</strong></span> <span class='ocrx_word' id='word_1_149' title='bbox 2349 1100 2488 1157; x_wconf 88' lang='lat' dir='ltr'><strong>duos</strong></span> <span class='ocrx_word' id='word_1_150' title='bbox 2524 1102 2666 1160; x_wconf 87' lang='lat' dir='ltr'><strong>Deos</strong></span> <span class='ocrx_word' id='word_1_151' title='bbox 2694 1103 3069 1171; x_wconf 77' lang='lat' dir='ltr'><strong>adstrusisset,</strong></span> <span class='ocrx_word' id='word_1_152' title='bbox 3104 1121 3279 1161; x_wconf 90' lang='lat' dir='ltr'><strong>unum</strong></span> <span class='ocrx_word' id='word_1_153' title='bbox 3322 1116 3584 1163; x_wconf 67' lang='lat' dir='ltr'><strong>aztcrmnn</strong></span> <span class='ocrx_word' id='word_1_154' title='bbox 3610 1150 3626 1174; x_wconf 87' lang='lat'><strong>,</strong></span> <span class='ocrx_word' id='word_1_155' title='bbox 3659 1117 3765 1161; x_wconf 84' lang='lat' dir='ltr'><strong>non</strong></span> 
     </span>
    </p>
   </div>
   <div class='ocr_carea' id='block_1_11' title="bbox 394 1188 3773 1270">
    <p class='ocr_par' dir='ltr' id='par_1_11' title="bbox 394 1188 3773 1270">
     <span class='ocr_line' id='line_1_11' title="bbox 394 1188 3773 1270; baseline -0.003 -11"><span class='ocrx_word' id='word_1_156' title='bbox 394 1204 532 1259; x_wconf 70' lang='lat' dir='ltr'><strong>dixit</strong></span> <span class='ocrx_word' id='word_1_157' title='bbox 554 1198 710 1266; x_wconf 85' lang='lat' dir='ltr'><strong>Deus,</strong></span> <span class='ocrx_word' id='word_1_158' title='bbox 743 1192 863 1250; x_wconf 85' lang='lat' dir='ltr'><strong>Fiat</strong></span> <span class='ocrx_word' id='word_1_159' title='bbox 910 1191 1074 1248; x_wconf 67' lang='lat' dir='ltr'><strong>Luto.</strong></span> <span class='ocrx_word' id='word_1_160' title='bbox 1104 1191 1207 1249; x_wconf 85' lang='lat' dir='ltr'><strong>Sed</strong></span> <span class='ocrx_word' id='word_1_161' title='bbox 1245 1189 1367 1244; x_wconf 75' lang='lat' dir='ltr'><strong>bzcc</strong></span> <span class='ocrx_word' id='word_1_162' title='bbox 1410 1198 1776 1243; x_wconf 73' lang='lat' dir='ltr'><strong>commovere</strong></span> <span class='ocrx_word' id='word_1_163' title='bbox 1811 1188 2052 1259; x_wconf 66' lang='lat' dir='ltr'><strong>posuisse</strong></span> <span class='ocrx_word' id='word_1_164' title='bbox 2153 1203 2416 1249; x_wconf 81' lang='lat' dir='ltr'><strong>a-ternum</strong></span> <span class='ocrx_word' id='word_1_165' title='bbox 2451 1194 2679 1251; x_wconf 86' lang='lat' dir='ltr'><strong>alterum</strong></span> <span class='ocrx_word' id='word_1_166' title='bbox 2706 1238 2723 1263; x_wconf 90' lang='lat'><strong>,</strong></span> <span class='ocrx_word' id='word_1_167' title='bbox 2748 1206 2911 1269; x_wconf 51' lang='lat' dir='ltr'><strong>atque</strong></span> <span class='ocrx_word' id='word_1_168' title='bbox 2942 1198 3013 1252; x_wconf 88' lang='lat' dir='ltr'><strong>ita</strong></span> <span class='ocrx_word' id='word_1_169' title='bbox 3053 1197 3107 1255; x_wconf 90' lang='lat' dir='ltr'><strong>in</strong></span> <span class='ocrx_word' id='word_1_170' title='bbox 3139 1213 3307 1261; x_wconf 87' lang='lat' dir='ltr'><strong>eum,</strong></span> <span class='ocrx_word' id='word_1_171' title='bbox 3336 1214 3496 1270; x_wconf 87' lang='lat' dir='ltr'><strong>quem</strong></span> <span class='ocrx_word' id='word_1_172' title='bbox 3538 1201 3591 1255; x_wconf 89' lang='lat' dir='ltr'><strong>in</strong></span> <span class='ocrx_word' id='word_1_173' title='bbox 3619 1199 3773 1254; x_wconf 75' lang='lat' dir='ltr'><strong>Mar-</strong></span> 
     </span>
    </p>
   </div>
   <div class='ocr_carea' id='block_1_12' title="bbox 395 1274 3771 1363">
    <p class='ocr_par' dir='ltr' id='par_1_12' title="bbox 395 1274 3771 1363">
     <span class='ocr_line' id='line_1_12' title="bbox 395 1274 3771 1363; baseline -0.001 -12"><span class='ocrx_word' id='word_1_174' title='bbox 395 1295 675 1351; x_wconf 81' lang='lat' dir='ltr'><strong>liominein</strong></span> <span class='ocrx_word' id='word_1_175' title='bbox 705 1285 1001 1346; x_wconf 76' lang='lat' dir='ltr'><strong>eruditum</strong></span> <span class='ocrx_word' id='word_1_176' title='bbox 1033 1285 1300 1341; x_wconf 60' lang='lat' dir='ltr'><strong>miramur</strong></span> <span class='ocrx_word' id='word_1_177' title='bbox 1341 1274 1744 1335; x_wconf 70' lang='grc' dir='ltr'><strong>νθὶὶοηιεηῑυτε</strong></span> <span class='ocrx_word' id='word_1_178' title='bbox 1779 1294 1903 1334; x_wconf 66' lang='lat' dir='ltr'><strong>nam</strong></span> <span class='ocrx_word' id='word_1_179' title='bbox 1937 1278 2050 1348; x_wconf 67' lang='grc' dir='ltr'><strong>βτί·</strong></span> <span class='ocrx_word' id='word_1_180' title='bbox 2152 1283 2308 1341; x_wconf 89' lang='lat' dir='ltr'><strong>cione</strong></span> <span class='ocrx_word' id='word_1_181' title='bbox 2329 1288 2604 1357; x_wconf 81' lang='lat' dir='ltr'><strong>coarguit,</strong></span> <span class='ocrx_word' id='word_1_182' title='bbox 2633 1303 2872 1347; x_wconf 88' lang='lat' dir='ltr'><strong>errorem</strong></span> <span class='ocrx_word' id='word_1_183' title='bbox 2902 1289 3209 1345; x_wconf 71' lang='lat' dir='ltr'><strong>incidisset.</strong></span> <span class='ocrx_word' id='word_1_184' title='bbox 3248 1290 3400 1347; x_wconf 84' lang='lat' dir='ltr'><strong>lianc</strong></span> <span class='ocrx_word' id='word_1_185' title='bbox 3422 1292 3640 1363; x_wconf 87' lang='lat' dir='ltr'><strong>quidem</strong></span> <span class='ocrx_word' id='word_1_186' title='bbox 3674 1296 3771 1340; x_wconf 75' lang='grc' dir='ltr'><strong>ηει-</strong></span> 
     </span>
    </p>
   </div>
   <div class='ocr_carea' id='block_1_13' title="bbox 394 1368 3775 1456">
    <p class='ocr_par' dir='ltr' id='par_1_13' title="bbox 394 1368 3775 1456">
     <span class='ocr_line' id='line_1_13' title="bbox 394 1368 3775 1456; baseline -0.002 -10"><span class='ocrx_word' id='word_1_187' title='bbox 394 1402 555 1447; x_wconf 85' lang='lat' dir='ltr'><strong>snum</strong></span> <span class='ocrx_word' id='word_1_188' title='bbox 584 1399 698 1456; x_wconf 91' lang='lat' dir='ltr'><strong>cap.</strong></span> <span class='ocrx_word' id='word_1_189' title='bbox 736 1379 907 1455; x_wconf 65' lang='lat' dir='ltr'><strong>51am</strong></span> <span class='ocrx_word' id='word_1_190' title='bbox 952 1384 1099 1435; x_wconf 85' lang='lat' dir='ltr'><strong>ante</strong></span> <span class='ocrx_word' id='word_1_191' title='bbox 1135 1374 1338 1431; x_wconf 90' lang='lat' dir='ltr'><strong>diserte</strong></span> <span class='ocrx_word' id='word_1_192' title='bbox 1366 1368 1744 1427; x_wconf 89' lang='lat' dir='ltr'><strong>Tcrtullianns</strong></span> <span class='ocrx_word' id='word_1_193' title='bbox 1771 1369 2052 1426; x_wconf 83' lang='lat' dir='ltr'><strong>conlcssus</strong></span> <span class='ocrx_word' id='word_1_194' title='bbox 2154 1376 2423 1433; x_wconf 86' lang='lat' dir='ltr'><strong>tivitatem</strong></span> <span class='ocrx_word' id='word_1_195' title='bbox 2464 1388 2715 1450; x_wconf 87' lang='lat' dir='ltr'><strong>spectans</strong></span> <span class='ocrx_word' id='word_1_196' title='bbox 2750 1381 3081 1451; x_wconf 78' lang='lat' dir='ltr'><strong>Apologetici</strong></span> <span class='ocrx_word' id='word_1_197' title='bbox 3112 1384 3303 1454; x_wconf 82' lang='lat' dir='ltr'><strong>capite</strong></span> <span class='ocrx_word' id='word_1_198' title='bbox 3323 1380 3389 1440; x_wconf 71' lang='lat' dir='ltr'><strong>st</strong></span> <span class='ocrx_word' id='word_1_199' title='bbox 3421 1401 3435 1438; x_wconf 90' lang='lat'><strong>:</strong></span> <span class='ocrx_word' id='word_1_200' title='bbox 3469 1385 3628 1439; x_wconf 83' lang='lat' dir='ltr'><strong>Hunc</strong></span> <span class='ocrx_word' id='word_1_201' title='bbox 3652 1420 3666 1443; x_wconf 87' lang='lat'><strong>,</strong></span> <span class='ocrx_word' id='word_1_202' title='bbox 3696 1371 3775 1426; x_wconf 72' lang='grc' dir='ltr'><strong>εῖ-</strong></span> 
     </span>
    </p>
   </div>
   <div class='ocr_carea' id='block_1_14' title="bbox 398 1460 3780 1548">
    <p class='ocr_par' dir='ltr' id='par_1_14' title="bbox 398 1460 3780 1548">
     <span class='ocr_line' id='line_1_14' title="bbox 398 1460 3780 1548; baseline -0.009 -7"><span class='ocrx_word' id='word_1_203' title='bbox 398 1484 589 1541; x_wconf 72' lang='lat' dir='ltr'><strong>fuerat</strong></span> <span class='ocrx_word' id='word_1_204' title='bbox 609 1521 626 1548; x_wconf 92' lang='lat'><strong>,</strong></span> <span class='ocrx_word' id='word_1_205' title='bbox 658 1479 815 1532; x_wconf 84' lang='lat' dir='ltr'><strong>Deum</strong></span> <span class='ocrx_word' id='word_1_206' title='bbox 844 1479 999 1527; x_wconf 80' lang='lat' dir='ltr'><strong>ante</strong></span> <span class='ocrx_word' id='word_1_207' title='bbox 1040 1467 1302 1525; x_wconf 88' lang='lat' dir='ltr'><strong>mundum</strong></span> <span class='ocrx_word' id='word_1_208' title='bbox 1331 1464 1636 1521; x_wconf 87' lang='lat' dir='ltr'><strong>creandum</strong></span> <span class='ocrx_word' id='word_1_209' title='bbox 1672 1464 1784 1534; x_wconf 87' lang='lat' dir='ltr'><strong>jam</strong></span> <span class='ocrx_word' id='word_1_210' title='bbox 1819 1461 1941 1518; x_wconf 88' lang='lat' dir='ltr'><strong>inde</strong></span> <span class='ocrx_word' id='word_1_211' title='bbox 1984 1461 2052 1517; x_wconf 88' lang='lat' dir='ltr'><strong>ab</strong></span> <span class='ocrx_word' id='word_1_212' title='bbox 2153 1468 2356 1524; x_wconf 90' lang='lat' dir='ltr'><strong>militer</strong></span> <span class='ocrx_word' id='word_1_213' title='bbox 2385 1470 2593 1541; x_wconf 90' lang='lat' dir='ltr'><strong>inquit,</strong></span> <span class='ocrx_word' id='word_1_214' title='bbox 2628 1489 2691 1528; x_wconf 74' lang='lat' dir='ltr'><strong>ea:</strong></span> <span class='ocrx_word' id='word_1_215' title='bbox 2718 1471 2829 1528; x_wconf 86' lang='lat' dir='ltr'><strong>Deo</strong></span> <span class='ocrx_word' id='word_1_216' title='bbox 2867 1473 3123 1543; x_wconf 82' lang='lat' dir='ltr'><strong>prolatum</strong></span> <span class='ocrx_word' id='word_1_217' title='bbox 3153 1475 3444 1531; x_wconf 85' lang='lat' dir='ltr'><strong>didicimus</strong></span> <span class='ocrx_word' id='word_1_218' title='bbox 3471 1518 3485 1544; x_wconf 92' lang='lat'><strong>,</strong></span> <span class='ocrx_word' id='word_1_219' title='bbox 3517 1486 3566 1531; x_wconf 89' lang='lat' dir='ltr'><strong>et</strong></span> <span class='ocrx_word' id='word_1_220' title='bbox 3597 1460 3780 1545; x_wconf 82' lang='lat' dir='ltr'><strong>prola-</strong></span> 
     </span>
    </p>
   </div>
   <div class='ocr_carea' id='block_1_15' title="bbox 404 1552 3786 1636">
    <p class='ocr_par' dir='ltr' id='par_1_15' title="bbox 404 1552 3786 1636">
     <span class='ocr_line' id='line_1_15' title="bbox 404 1552 3786 1636; baseline -0.009 -2"><span class='ocrx_word' id='word_1_221' title='bbox 404 1586 620 1634; x_wconf 74' lang='lat' dir='ltr'><strong>tcterno</strong></span> <span class='ocrx_word' id='word_1_222' title='bbox 641 1588 741 1629; x_wconf 90' lang='lat' dir='ltr'><strong>non</strong></span> <span class='ocrx_word' id='word_1_223' title='bbox 770 1567 949 1626; x_wconf 71' lang='lat' dir='ltr'><strong>fuisse</strong></span> <span class='ocrx_word' id='word_1_224' title='bbox 986 1566 1167 1623; x_wconf 86' lang='lat' dir='ltr'><strong>solum</strong></span> <span class='ocrx_word' id='word_1_225' title='bbox 1194 1605 1210 1631; x_wconf 96' lang='lat'><strong>,</strong></span> <span class='ocrx_word' id='word_1_226' title='bbox 1243 1563 1342 1617; x_wconf 85' lang='lat' dir='ltr'><strong>hac</strong></span> <span class='ocrx_word' id='word_1_227' title='bbox 1370 1560 1589 1617; x_wconf 85' lang='lat' dir='ltr'><strong>ratione</strong></span> <span class='ocrx_word' id='word_1_228' title='bbox 1621 1558 1801 1615; x_wconf 83' lang='lat' dir='ltr'><strong>addita</strong></span> <span class='ocrx_word' id='word_1_229' title='bbox 1836 1575 1850 1610; x_wconf 89' lang='lat'><strong>:</strong></span> <span class='ocrx_word' id='word_1_230' title='bbox 1877 1555 2053 1610; x_wconf 83' lang='lat' dir='ltr'><strong>Habe-</strong></span> <span class='ocrx_word' id='word_1_231' title='bbox 2155 1561 2293 1616; x_wconf 82' lang='lat' dir='ltr'><strong>tione</strong></span> <span class='ocrx_word' id='word_1_232' title='bbox 2316 1573 2615 1633; x_wconf 84' lang='lat' dir='ltr'><strong>generatum</strong></span> <span class='ocrx_word' id='word_1_233' title='bbox 2640 1607 2655 1632; x_wconf 87' lang='lat'><strong>,</strong></span> <span class='ocrx_word' id='word_1_234' title='bbox 2685 1575 2735 1621; x_wconf 89' lang='lat' dir='ltr'><strong>et</strong></span> <span class='ocrx_word' id='word_1_235' title='bbox 2753 1566 2946 1621; x_wconf 84' lang='lat' dir='ltr'><strong>idcirco</strong></span> <span class='ocrx_word' id='word_1_236' title='bbox 2974 1565 3171 1621; x_wconf 83' lang='lat' dir='ltr'><strong>Filium</strong></span> <span class='ocrx_word' id='word_1_237' title='bbox 3222 1568 3330 1623; x_wconf 84' lang='lat' dir='ltr'><strong>Dei</strong></span> <span class='ocrx_word' id='word_1_238' title='bbox 3350 1610 3366 1636; x_wconf 92' lang='lat'><strong>,</strong></span> <span class='ocrx_word' id='word_1_239' title='bbox 3394 1579 3443 1624; x_wconf 76' lang='lat' dir='ltr'><strong>et</strong></span> <span class='ocrx_word' id='word_1_240' title='bbox 3469 1569 3645 1625; x_wconf 74' lang='lat' dir='ltr'><strong>Deum</strong></span> <span class='ocrx_word' id='word_1_241' title='bbox 3669 1552 3786 1606; x_wconf 82' lang='lat' dir='ltr'><strong>dic-</strong></span> 
     </span>
    </p>
   </div>
   <div class='ocr_carea' id='block_1_16' title="bbox 402 1650 3799 1731">
    <p class='ocr_par' dir='ltr' id='par_1_16' title="bbox 402 1650 3799 1731">
     <span class='ocr_line' id='line_1_16' title="bbox 402 1650 3799 1731; baseline -0.003 -4"><span class='ocrx_word' id='word_1_242' title='bbox 402 1673 494 1727; x_wconf 85' lang='lat' dir='ltr'><strong>bat</strong></span> <span class='ocrx_word' id='word_1_243' title='bbox 522 1670 659 1725; x_wconf 87' lang='lat' dir='ltr'><strong>enim</strong></span> <span class='ocrx_word' id='word_1_244' title='bbox 705 1679 874 1722; x_wconf 86' lang='lat' dir='ltr'><strong>secum</strong></span> <span class='ocrx_word' id='word_1_245' title='bbox 893 1702 909 1728; x_wconf 95' lang='lat'><strong>,</strong></span> <span class='ocrx_word' id='word_1_246' title='bbox 945 1675 1117 1731; x_wconf 88' lang='lat' dir='ltr'><strong>quam</strong></span> <span class='ocrx_word' id='word_1_247' title='bbox 1147 1656 1363 1712; x_wconf 80' lang='lat' dir='ltr'><strong>habebat</strong></span> <span class='ocrx_word' id='word_1_248' title='bbox 1390 1656 1445 1709; x_wconf 85' lang='lat' dir='ltr'><strong>in</strong></span> <span class='ocrx_word' id='word_1_249' title='bbox 1470 1651 1768 1722; x_wconf 84' lang='lat' dir='ltr'><strong>semetipso,</strong></span> <span class='ocrx_word' id='word_1_250' title='bbox 1802 1650 2053 1705; x_wconf 87' lang='lat' dir='ltr'><strong>rationem</strong></span> <span class='ocrx_word' id='word_1_251' title='bbox 2157 1660 2264 1707; x_wconf 83' lang='lat' dir='ltr'><strong>tant</strong></span> <span class='ocrx_word' id='word_1_252' title='bbox 2291 1671 2356 1709; x_wconf 80' lang='lat' dir='ltr'><strong>ea:</strong></span> <span class='ocrx_word' id='word_1_253' title='bbox 2386 1657 2581 1715; x_wconf 85' lang='lat' dir='ltr'><strong>unitate</strong></span> <span class='ocrx_word' id='word_1_254' title='bbox 2599 1658 2893 1715; x_wconf 67' lang='lat' dir='ltr'><strong>substantiae</strong></span> <span class='ocrx_word' id='word_1_255' title='bbox 2922 1676 2942 1726; x_wconf 85' lang='lat'><strong><em>;</em></strong></span> <span class='ocrx_word' id='word_1_256' title='bbox 2971 1674 3090 1730; x_wconf 75' lang='lat' dir='ltr'><strong>qua:</strong></span> <span class='ocrx_word' id='word_1_257' title='bbox 3119 1671 3413 1731; x_wconf 87' lang='lat' dir='ltr'><strong>postrema</strong></span> <span class='ocrx_word' id='word_1_258' title='bbox 3452 1661 3630 1717; x_wconf 70' lang='lat' dir='ltr'><strong>verba</strong></span> <span class='ocrx_word' id='word_1_259' title='bbox 3655 1653 3799 1716; x_wconf 61' lang='lat' dir='ltr'><strong>Pm‘</strong></span> 
     </span>
    </p>
   </div>
   <div class='ocr_carea' id='block_1_17' title="bbox 403 1738 3816 1827">
    <p class='ocr_par' dir='ltr' id='par_1_17' title="bbox 403 1738 3816 1827">
     <span class='ocr_line' id='line_1_17' title="bbox 403 1738 3816 1827; baseline -0.005 -10"><span class='ocrx_word' id='word_1_260' title='bbox 403 1779 562 1821; x_wconf 85' lang='lat' dir='ltr'><strong>suam</strong></span> <span class='ocrx_word' id='word_1_261' title='bbox 588 1759 796 1821; x_wconf 83' lang='lat' dir='ltr'><strong>scilicet,</strong></span> <span class='ocrx_word' id='word_1_262' title='bbox 827 1752 1040 1827; x_wconf 81' lang='lat' dir='ltr'><strong>quibus</strong></span> <span class='ocrx_word' id='word_1_263' title='bbox 1066 1756 1257 1820; x_wconf 88' lang='lat' dir='ltr'><strong>aperte</strong></span> <span class='ocrx_word' id='word_1_264' title='bbox 1279 1747 1555 1823; x_wconf 75' lang='lat' dir='ltr'><strong>rationem,</strong></span> <span class='ocrx_word' id='word_1_265' title='bbox 1581 1742 1637 1798; x_wconf 88' lang='lat' dir='ltr'><strong>id</strong></span> <span class='ocrx_word' id='word_1_266' title='bbox 1664 1750 1756 1799; x_wconf 71' lang='lat' dir='ltr'><strong>est</strong></span> <span class='ocrx_word' id='word_1_267' title='bbox 1784 1740 2049 1811; x_wconf 83' lang='lat' dir='ltr'><strong>Verbum,</strong></span> <span class='ocrx_word' id='word_1_268' title='bbox 2082 1743 2131 1804; x_wconf 91' lang='lat' dir='ltr'><strong>B</strong></span> <span class='ocrx_word' id='word_1_269' title='bbox 2158 1747 2346 1802; x_wconf 88' lang='lat' dir='ltr'><strong>sertim</strong></span> <span class='ocrx_word' id='word_1_270' title='bbox 2379 1750 2690 1816; x_wconf 73' lang='lat' dir='ltr'><strong>ostendunt,</strong></span> <span class='ocrx_word' id='word_1_271' title='bbox 2718 1752 2803 1821; x_wconf 78' lang='lat' dir='ltr'><strong>agi</strong></span> <span class='ocrx_word' id='word_1_272' title='bbox 2830 1750 2898 1807; x_wconf 89' lang='lat' dir='ltr'><strong>de</strong></span> <span class='ocrx_word' id='word_1_273' title='bbox 2936 1753 3228 1825; x_wconf 82' lang='lat' dir='ltr'><strong>prolatione</strong></span> <span class='ocrx_word' id='word_1_274' title='bbox 3262 1754 3362 1809; x_wconf 83' lang='lat' dir='ltr'><strong>illa</strong></span> <span class='ocrx_word' id='word_1_275' title='bbox 3406 1764 3463 1810; x_wconf 79' lang='lat' dir='ltr'><strong>et</strong></span> <span class='ocrx_word' id='word_1_276' title='bbox 3504 1738 3816 1810; x_wconf 63' lang='lat' dir='ltr'><strong>natiVilai-e</strong></span> 
     </span>
    </p>
   </div>
   <div class='ocr_carea' id='block_1_18' title="bbox 404 1832 3831 1919">
    <p class='ocr_par' dir='ltr' id='par_1_18' title="bbox 404 1832 3831 1919">
     <span class='ocr_line' id='line_1_18' title="bbox 404 1832 3831 1919; baseline -0.003 -8"><span class='ocrx_word' id='word_1_277' title='bbox 404 1873 440 1919; x_wconf 63' lang='grc' dir='ltr'><strong>β</strong></span> <span class='ocrx_word' id='word_1_278' title='bbox 476 1856 589 1910; x_wconf 87' lang='lat' dir='ltr'><strong>Deo</strong></span> <span class='ocrx_word' id='word_1_279' title='bbox 631 1852 789 1907; x_wconf 84' lang='lat' dir='ltr'><strong>Patre</strong></span> <span class='ocrx_word' id='word_1_280' title='bbox 808 1845 1132 1903; x_wconf 84' lang='lat' dir='ltr'><strong>distinctam</strong></span> <span class='ocrx_word' id='word_1_281' title='bbox 1169 1842 1239 1899; x_wconf 89' lang='lat' dir='ltr'><strong>ab</strong></span> <span class='ocrx_word' id='word_1_282' title='bbox 1267 1850 1479 1897; x_wconf 85' lang='lat' dir='ltr'><strong>aeterno</strong></span> <span class='ocrx_word' id='word_1_283' title='bbox 1508 1837 1683 1893; x_wconf 75' lang='lat' dir='ltr'><strong>fuisse</strong></span> <span class='ocrx_word' id='word_1_284' title='bbox 1714 1834 1887 1909; x_wconf 86' lang='lat' dir='ltr'><strong>palam</strong></span> <span class='ocrx_word' id='word_1_285' title='bbox 1919 1834 2057 1890; x_wconf 84' lang='lat' dir='ltr'><strong>insi-</strong></span> <span class='ocrx_word' id='word_1_286' title='bbox 2159 1837 2371 1894; x_wconf 88' lang='lat' dir='ltr'><strong>interna</strong></span> <span class='ocrx_word' id='word_1_287' title='bbox 2398 1839 2555 1908; x_wconf 86' lang='lat' dir='ltr'><strong>Filii,</strong></span> <span class='ocrx_word' id='word_1_288' title='bbox 2587 1857 2690 1913; x_wconf 89' lang='lat' dir='ltr'><strong>qua</strong></span> <span class='ocrx_word' id='word_1_289' title='bbox 2722 1859 2879 1899; x_wconf 86' lang='lat' dir='ltr'><strong>unam</strong></span> <span class='ocrx_word' id='word_1_290' title='bbox 2906 1859 3028 1900; x_wconf 88' lang='lat' dir='ltr'><strong>cum</strong></span> <span class='ocrx_word' id='word_1_291' title='bbox 3056 1844 3219 1901; x_wconf 81' lang='lat' dir='ltr'><strong>Patre</strong></span> <span class='ocrx_word' id='word_1_292' title='bbox 3252 1847 3631 1902; x_wconf 77' lang='lat' dir='ltr'><strong>substantiam</strong></span> <span class='ocrx_word' id='word_1_293' title='bbox 3659 1832 3831 1911; x_wconf 51' lang='lat' dir='ltr'><strong>adeps</strong></span> 
     </span>
    </p>
   </div>
   <div class='ocr_carea' id='block_1_19' title="bbox 407 1925 3847 2013">
    <p class='ocr_par' dir='ltr' id='par_1_19' title="bbox 407 1925 3847 2013">
     <span class='ocr_line' id='line_1_19' title="bbox 407 1925 3847 2013; baseline -0.003 -8"><span class='ocrx_word' id='word_1_294' title='bbox 407 1956 547 2006; x_wconf 87' lang='lat' dir='ltr'><strong>nuat</strong></span> <span class='ocrx_word' id='word_1_295' title='bbox 572 1988 587 2013; x_wconf 89' lang='lat'><strong>,</strong></span> <span class='ocrx_word' id='word_1_296' title='bbox 613 1958 773 2001; x_wconf 87' lang='lat' dir='ltr'><strong>secus</strong></span> <span class='ocrx_word' id='word_1_297' title='bbox 813 1939 960 1995; x_wconf 87' lang='lat' dir='ltr'><strong>solus</strong></span> <span class='ocrx_word' id='word_1_298' title='bbox 988 1936 1186 1993; x_wconf 80' lang='lat' dir='ltr'><strong>fuisset</strong></span> <span class='ocrx_word' id='word_1_299' title='bbox 1231 1932 1471 2001; x_wconf 83' lang='lat' dir='ltr'><strong>Deus,ab</strong></span> <span class='ocrx_word' id='word_1_300' title='bbox 1503 1940 1748 1995; x_wconf 86' lang='lat' dir='ltr'><strong>aeterno,</strong></span> <span class='ocrx_word' id='word_1_301' title='bbox 1775 1925 1919 2001; x_wconf 90' lang='lat' dir='ltr'><strong>quod</strong></span> <span class='ocrx_word' id='word_1_302' title='bbox 1958 1926 2054 1984; x_wconf 90' lang='lat' dir='ltr'><strong>ille</strong></span> <span class='ocrx_word' id='word_1_303' title='bbox 2163 1937 2247 1983; x_wconf 92' lang='lat' dir='ltr'><strong>tns</strong></span> <span class='ocrx_word' id='word_1_304' title='bbox 2273 1939 2399 1998; x_wconf 80' lang='lat' dir='ltr'><strong>est,</strong></span> <span class='ocrx_word' id='word_1_305' title='bbox 2432 1933 2629 1987; x_wconf 87' lang='lat' dir='ltr'><strong>nonde</strong></span> <span class='ocrx_word' id='word_1_306' title='bbox 2650 1944 2896 2003; x_wconf 80' lang='lat' dir='ltr'><strong>externa,</strong></span> <span class='ocrx_word' id='word_1_307' title='bbox 2924 1938 3010 1993; x_wconf 88' lang='lat' dir='ltr'><strong>cui</strong></span> <span class='ocrx_word' id='word_1_308' title='bbox 3040 1937 3157 1993; x_wconf 71' lang='lat' dir='ltr'><strong>hinc</strong></span> <span class='ocrx_word' id='word_1_309' title='bbox 3180 1938 3523 1996; x_wconf 64' lang='lat' dir='ltr'><strong>substantiae</strong></span> <span class='ocrx_word' id='word_1_310' title='bbox 3562 1944 3847 2009; x_wconf 61' lang='lat' dir='ltr'><strong>paterna:</strong></span> 
     </span>
    </p>
   </div>
   <div class='ocr_carea' id='block_1_20' title="bbox 404 2019 3850 2107">
    <p class='ocr_par' dir='ltr' id='par_1_20' title="bbox 404 2019 3850 2107">
     <span class='ocr_line' id='line_1_20' title="bbox 404 2019 3850 2107; baseline -0.002 -11"><span class='ocrx_word' id='word_1_311' title='bbox 404 2039 516 2096; x_wconf 81' lang='lat' dir='ltr'><strong>hac</strong></span> <span class='ocrx_word' id='word_1_312' title='bbox 547 2038 759 2092; x_wconf 85' lang='lat' dir='ltr'><strong>ratione</strong></span> <span class='ocrx_word' id='word_1_313' title='bbox 790 2029 1103 2107; x_wconf 73' lang='lat' dir='ltr'><strong>negandum</strong></span> <span class='ocrx_word' id='word_1_314' title='bbox 1134 2027 1366 2098; x_wconf 86' lang='lat' dir='ltr'><strong>putavit.</strong></span> <span class='ocrx_word' id='word_1_315' title='bbox 1395 2025 1532 2083; x_wconf 86' lang='lat' dir='ltr'><strong>Hinc</strong></span> <span class='ocrx_word' id='word_1_316' title='bbox 1557 2031 1723 2093; x_wconf 87' lang='lat' dir='ltr'><strong>caput</strong></span> <span class='ocrx_word' id='word_1_317' title='bbox 1751 2019 1892 2075; x_wconf 90' lang='lat' dir='ltr'><strong>istud</strong></span> <span class='ocrx_word' id='word_1_318' title='bbox 1915 2034 2052 2074; x_wconf 89' lang='lat' dir='ltr'><strong>con-</strong></span> <span class='ocrx_word' id='word_1_319' title='bbox 2161 2021 2334 2077; x_wconf 87' lang='lat' dir='ltr'><strong>unitas</strong></span> <span class='ocrx_word' id='word_1_320' title='bbox 2360 2036 2467 2077; x_wconf 88' lang='lat' dir='ltr'><strong>non</strong></span> <span class='ocrx_word' id='word_1_321' title='bbox 2490 2027 2761 2083; x_wconf 86' lang='lat' dir='ltr'><strong>convenit.</strong></span> <span class='ocrx_word' id='word_1_322' title='bbox 2792 2028 2927 2085; x_wconf 83' lang='lat' dir='ltr'><strong>Aliis</strong></span> <span class='ocrx_word' id='word_1_323' title='bbox 2958 2045 3119 2101; x_wconf 88' lang='lat' dir='ltr'><strong>porro</strong></span> <span class='ocrx_word' id='word_1_324' title='bbox 3147 2030 3345 2085; x_wconf 84' lang='lat' dir='ltr'><strong>verbis</strong></span> <span class='ocrx_word' id='word_1_325' title='bbox 3376 2041 3434 2088; x_wconf 89' lang='lat' dir='ltr'><strong>et</strong></span> <span class='ocrx_word' id='word_1_326' title='bbox 3463 2033 3709 2089; x_wconf 66' lang='lat' dir='ltr'><strong>exinde</strong></span> <span class='ocrx_word' id='word_1_327' title='bbox 3745 2038 3850 2099; x_wconf 70' lang='lat' dir='ltr'><strong>dis.</strong></span> 
     </span>
    </p>
   </div>
   <div class='ocr_carea' id='block_1_21' title="bbox 406 2114 3854 2204">
    <p class='ocr_par' dir='ltr' id='par_1_21' title="bbox 406 2114 3854 2204">
     <span class='ocr_line' id='line_1_21' title="bbox 406 2114 3854 2204; baseline -0.002 -15"><span class='ocrx_word' id='word_1_328' title='bbox 406 2130 683 2189; x_wconf 86' lang='lat' dir='ltr'><strong>eludens:</strong></span> <span class='ocrx_word' id='word_1_329' title='bbox 718 2126 946 2181; x_wconf 87' lang='lat' dir='ltr'><strong>Possum</strong></span> <span class='ocrx_word' id='word_1_330' title='bbox 995 2123 1207 2189; x_wconf 83' lang='lat' dir='ltr'><strong>itaque,</strong></span> <span class='ocrx_word' id='word_1_331' title='bbox 1258 2118 1471 2192; x_wconf 88' lang='lat' dir='ltr'><strong>inquit,</strong></span> <span class='ocrx_word' id='word_1_332' title='bbox 1508 2114 1660 2190; x_wconf 82' lang='lat' dir='ltr'><strong>[xcv]</strong></span> <span class='ocrx_word' id='word_1_333' title='bbox 1709 2129 1815 2169; x_wconf 88' lang='lat' dir='ltr'><strong>non</strong></span> <span class='ocrx_word' id='word_1_334' title='bbox 1864 2122 2056 2168; x_wconf 86' lang='lat' dir='ltr'><strong>temere</strong></span> <span class='ocrx_word' id='word_1_335' title='bbox 2160 2114 2410 2184; x_wconf 74' lang='lat' dir='ltr'><strong>positioni</strong></span> <span class='ocrx_word' id='word_1_336' title='bbox 2431 2132 2540 2171; x_wconf 76' lang='lat' dir='ltr'><strong>sua:</strong></span> <span class='ocrx_word' id='word_1_337' title='bbox 2564 2119 2911 2195; x_wconf 83' lang='lat' dir='ltr'><strong>voluntatique</strong></span> <span class='ocrx_word' id='word_1_338' title='bbox 2940 2124 3211 2196; x_wconf 68' lang='lat' dir='ltr'><strong>praefecit,</strong></span> <span class='ocrx_word' id='word_1_339' title='bbox 3247 2123 3488 2181; x_wconf 88' lang='lat' dir='ltr'><strong>indicari</strong></span> <span class='ocrx_word' id='word_1_340' title='bbox 3525 2127 3714 2185; x_wconf 82' lang='lat' dir='ltr'><strong>nihil</strong></span> <span class='ocrx_word' id='word_1_341' title='bbox 3754 2136 3854 2204; x_wconf 68' lang='lat' dir='ltr'><strong>du,</strong></span> 
     </span>
    </p>
   </div>
   <div class='ocr_carea' id='block_1_22' title="bbox 402 2205 3853 2311">
    <p class='ocr_par' dir='ltr' id='par_1_22' title="bbox 402 2205 3853 2311">
     <span class='ocr_line' id='line_1_22' title="bbox 402 2205 3853 2311; baseline -0.001 -35"><span class='ocrx_word' id='word_1_342' title='bbox 402 2222 793 2293; x_wconf 72' lang='lat' dir='ltr'><strong>pnestruxisse,</strong></span> <span class='ocrx_word' id='word_1_343' title='bbox 815 2225 862 2273; x_wconf 91' lang='lat' dir='ltr'><strong>et</strong></span> <span class='ocrx_word' id='word_1_344' title='bbox 888 2226 1007 2270; x_wconf 89' lang='lat' dir='ltr'><strong>tunc</strong></span> <span class='ocrx_word' id='word_1_345' title='bbox 1025 2213 1189 2267; x_wconf 87' lang='lat' dir='ltr'><strong>Deum</strong></span> <span class='ocrx_word' id='word_1_346' title='bbox 1217 2223 1334 2267; x_wconf 88' lang='lat' dir='ltr'><strong>ante</strong></span> <span class='ocrx_word' id='word_1_347' title='bbox 1360 2207 2054 2311; x_wconf 76' lang='lat' dir='ltr'><strong>uniuersitatisconstitutio-</strong></span> <span class='ocrx_word' id='word_1_348' title='bbox 2159 2205 2403 2265; x_wconf 86' lang='lat' dir='ltr'><strong>bitamus</strong></span> <span class='ocrx_word' id='word_1_349' title='bbox 2445 2210 2782 2271; x_wconf 72' lang='lat' dir='ltr'><strong>nativitatem</strong></span> <span class='ocrx_word' id='word_1_350' title='bbox 2829 2229 3142 2281; x_wconf 74' lang='lat' dir='ltr'><strong>externam,</strong></span> <span class='ocrx_word' id='word_1_351' title='bbox 3167 2216 3237 2271; x_wconf 87' lang='lat' dir='ltr'><strong>de</strong></span> <span class='ocrx_word' id='word_1_352' title='bbox 3281 2234 3396 2289; x_wconf 83' lang='lat' dir='ltr'><strong>qua</strong></span> <span class='ocrx_word' id='word_1_353' title='bbox 3447 2233 3622 2275; x_wconf 84' lang='lat' dir='ltr'><strong>nunc</strong></span> <span class='ocrx_word' id='word_1_354' title='bbox 3672 2239 3853 2311; x_wconf 62' lang='lat' dir='ltr'><strong>nuper</strong></span> 
     </span>
    </p>
   </div>
   <div class='ocr_carea' id='block_1_23' title="bbox 404 2299 3845 2403">
    <p class='ocr_par' dir='ltr' id='par_1_23' title="bbox 404 2299 3845 2403">
     <span class='ocr_line' id='line_1_23' title="bbox 404 2299 3845 2403; baseline -0.003 -28"><span class='ocrx_word' id='word_1_355' title='bbox 404 2334 528 2387; x_wconf 75' lang='lat' dir='ltr'><strong>nem</strong></span> <span class='ocrx_word' id='word_1_356' title='bbox 554 2316 726 2373; x_wconf 90' lang='lat' dir='ltr'><strong>solum</strong></span> <span class='ocrx_word' id='word_1_357' title='bbox 754 2327 859 2367; x_wconf 87' lang='lat' dir='ltr'><strong>non</strong></span> <span class='ocrx_word' id='word_1_358' title='bbox 911 2309 1094 2381; x_wconf 74' lang='lat' dir='ltr'><strong>fuisse,</strong></span> <span class='ocrx_word' id='word_1_359' title='bbox 1133 2305 1404 2360; x_wconf 81' lang='lat' dir='ltr'><strong>habentem</strong></span> <span class='ocrx_word' id='word_1_360' title='bbox 1444 2304 1497 2357; x_wconf 89' lang='lat' dir='ltr'><strong>in</strong></span> <span class='ocrx_word' id='word_1_361' title='bbox 1528 2302 1800 2373; x_wconf 85' lang='lat' dir='ltr'><strong>semetipso</strong></span> <span class='ocrx_word' id='word_1_362' title='bbox 1828 2299 2055 2403; x_wconf 67' lang='lat' dir='ltr'><strong>proinde</strong></span> <span class='ocrx_word' id='word_1_363' title='bbox 2159 2301 2368 2403; x_wconf 75' lang='lat' dir='ltr'><strong>dictum</strong></span> <span class='ocrx_word' id='word_1_364' title='bbox 2389 2312 2762 2403; x_wconf 40' lang='lat' dir='ltr'><strong>.eSl,.eamque</strong></span> <span class='ocrx_word' id='word_1_365' title='bbox 2779 2311 3143 2369; x_wconf 72' lang='lat' dir='ltr'><strong>Tertullianus</strong></span> <span class='ocrx_word' id='word_1_366' title='bbox 3167 2309 3288 2380; x_wconf 86' lang='lat' dir='ltr'><strong>ipso</strong></span> <span class='ocrx_word' id='word_1_367' title='bbox 3308 2312 3599 2370; x_wconf 83' lang='lat' dir='ltr'><strong>adverbio</strong></span> 
     </span>
    </p>
   </div>
   <div class='ocr_carea' id='block_1_24' title="bbox 406 2394 3837 2492">
    <p class='ocr_par' dir='ltr' id='par_1_24' title="bbox 406 2394 3837 2492">
     <span class='ocr_line' id='line_1_24' title="bbox 406 2394 3837 2492; baseline -0.006 -24"><span class='ocrx_word' id='word_1_368' title='bbox 406 2413 703 2476; x_wconf 81' lang='lat' dir='ltr'><strong>rationem,</strong></span> <span class='ocrx_word' id='word_1_369' title='bbox 730 2417 775 2462; x_wconf 90' lang='lat' dir='ltr'><strong>et</strong></span> <span class='ocrx_word' id='word_1_370' title='bbox 814 2405 872 2460; x_wconf 85' lang='lat' dir='ltr'><strong>in</strong></span> <span class='ocrx_word' id='word_1_371' title='bbox 910 2402 1114 2459; x_wconf 63' lang='lat' dir='ltr'><strong>ratione</strong></span> <span class='ocrx_word' id='word_1_372' title='bbox 1140 2415 1430 2455; x_wconf 80' lang='lat' dir='ltr'><strong>sermonem</strong></span> <span class='ocrx_word' id='word_1_373' title='bbox 1455 2438 1471 2463; x_wconf 90' lang='lat'><strong>,</strong></span> <span class='ocrx_word' id='word_1_374' title='bbox 1505 2412 1655 2468; x_wconf 88' lang='lat' dir='ltr'><strong>quem</strong></span> <span class='ocrx_word' id='word_1_375' title='bbox 1698 2394 1986 2449; x_wconf 84' lang='lat' dir='ltr'><strong>secundum</strong></span> <span class='ocrx_word' id='word_1_376' title='bbox 2017 2410 2052 2447; x_wconf 89' lang='lat' dir='ltr'><strong>a</strong></span> <span class='ocrx_word' id='word_1_377' title='bbox 2156 2410 2188 2450; x_wconf 89' lang='lat' dir='ltr'><strong>a</strong></span> <span class='ocrx_word' id='word_1_378' title='bbox 2230 2395 2405 2466; x_wconf 86' lang='lat' dir='ltr'><strong>priori</strong></span> <span class='ocrx_word' id='word_1_379' title='bbox 2430 2394 2563 2452; x_wconf 87' lang='lat' dir='ltr'><strong>satis</strong></span> <span class='ocrx_word' id='word_1_380' title='bbox 2589 2397 2888 2474; x_wconf 75' lang='lat' dir='ltr'><strong>distinguit.</strong></span> <span class='ocrx_word' id='word_1_381' title='bbox 2919 2403 3185 2461; x_wconf 62' lang='lat' dir='ltr'><strong>Cancrum</strong></span> <span class='ocrx_word' id='word_1_382' title='bbox 3213 2404 3341 2461; x_wconf 86' lang='lat' dir='ltr'><strong>aliis</strong></span> <span class='ocrx_word' id='word_1_383' title='bbox 3376 2406 3431 2463; x_wconf 91' lang='lat' dir='ltr'><strong>in</strong></span> <span class='ocrx_word' id='word_1_384' title='bbox 3464 2406 3622 2464; x_wconf 83' lang='lat' dir='ltr'><strong>locis</strong></span> <span class='ocrx_word' id='word_1_385' title='bbox 3663 2439 3695 2477; x_wconf 47' lang='grc' dir='ltr'><strong>ὅ,</strong></span> <span class='ocrx_word' id='word_1_386' title='bbox 3724 2394 3837 2492; x_wconf 48' lang='lat' dir='ltr'><strong>pg:</strong></span> 
     </span>
    </p>
   </div>
   <div class='ocr_carea' id='block_1_25' title="bbox 402 2488 3826 2583">
    <p class='ocr_par' dir='ltr' id='par_1_25' title="bbox 402 2488 3826 2583">
     <span class='ocr_line' id='line_1_25' title="bbox 402 2488 3826 2583; baseline 0.006 -27"><span class='ocrx_word' id='word_1_387' title='bbox 402 2525 464 2567; x_wconf 48' lang='grc' dir='ltr'><strong>,δε</strong></span> <span class='ocrx_word' id='word_1_388' title='bbox 495 2511 728 2577; x_wconf 75' lang='lat' dir='ltr'><strong>faceret,</strong></span> <span class='ocrx_word' id='word_1_389' title='bbox 751 2500 805 2557; x_wconf 82' lang='lat' dir='ltr'><strong>id</strong></span> <span class='ocrx_word' id='word_1_390' title='bbox 830 2495 1246 2560; x_wconf 79' lang='lat' dir='ltr'><strong>estsccundam</strong></span> <span class='ocrx_word' id='word_1_391' title='bbox 1287 2496 1599 2565; x_wconf 72' lang='lat' dir='ltr'><strong>personam,</strong></span> <span class='ocrx_word' id='word_1_392' title='bbox 1628 2488 1876 2562; x_wconf 86' lang='lat' dir='ltr'><strong>agitando</strong></span> <span class='ocrx_word' id='word_1_393' title='bbox 1903 2488 2051 2542; x_wconf 86' lang='lat' dir='ltr'><strong>intra</strong></span> <span class='ocrx_word' id='word_1_394' title='bbox 2159 2488 2306 2544; x_wconf 86' lang='lat' dir='ltr'><strong>tavio</strong></span> <span class='ocrx_word' id='word_1_395' title='bbox 2327 2489 2650 2583; x_wconf 71' lang='lat' dir='ltr'><strong>memoratis</strong></span> <span class='ocrx_word' id='word_1_396' title='bbox 2680 2496 2831 2555; x_wconf 83' lang='lat' dir='ltr'><strong>num.</strong></span> <span class='ocrx_word' id='word_1_397' title='bbox 2866 2500 2921 2562; x_wconf 74' lang='grc'><strong>4,</strong></span> <span class='ocrx_word' id='word_1_398' title='bbox 2952 2511 3179 2566; x_wconf 81' lang='lat' dir='ltr'><strong>quaeque</strong></span> <span class='ocrx_word' id='word_1_399' title='bbox 3202 2496 3378 2554; x_wconf 82' lang='lat' dir='ltr'><strong>fusius</strong></span> <span class='ocrx_word' id='word_1_400' title='bbox 3398 2488 3826 2583; x_wconf 42' lang='lat' dir='ltr'><strong>explicantur}</strong></span> 
     </span>
    </p>
   </div>
   <div class='ocr_carea' id='block_1_26' title="bbox 407 2576 3815 2668">
    <p class='ocr_par' dir='ltr' id='par_1_26' title="bbox 407 2576 3815 2668">
     <span class='ocr_line' id='line_1_26' title="bbox 407 2576 3815 2668; baseline -0.012 -10"><span class='ocrx_word' id='word_1_401' title='bbox 407 2576 505 2665; x_wconf 66' lang='lat' dir='ltr'><strong>se;</strong></span> <span class='ocrx_word' id='word_1_402' title='bbox 556 2596 649 2653; x_wconf 88' lang='lat' dir='ltr'><strong>ubi</strong></span> <span class='ocrx_word' id='word_1_403' title='bbox 670 2591 929 2667; x_wconf 69' lang='lat' dir='ltr'><strong>secundae</strong></span> <span class='ocrx_word' id='word_1_404' title='bbox 967 2603 1217 2662; x_wconf 78' lang='lat' dir='ltr'><strong>persona:</strong></span> <span class='ocrx_word' id='word_1_405' title='bbox 1264 2601 1294 2641; x_wconf 93' lang='lat' dir='ltr'><strong>a</strong></span> <span class='ocrx_word' id='word_1_406' title='bbox 1335 2584 1495 2668; x_wconf 84' lang='lat' dir='ltr'><strong>Patre</strong></span> <span class='ocrx_word' id='word_1_407' title='bbox 1528 2583 1802 2638; x_wconf 76' lang='lat' dir='ltr'><strong>distincta:</strong></span> <span class='ocrx_word' id='word_1_408' title='bbox 1829 2589 1885 2635; x_wconf 90' lang='lat' dir='ltr'><strong>et</strong></span> <span class='ocrx_word' id='word_1_409' title='bbox 1915 2587 2048 2636; x_wconf 90' lang='lat' dir='ltr'><strong>ante</strong></span> <span class='ocrx_word' id='word_1_410' title='bbox 2154 2580 2218 2637; x_wconf 86' lang='lat' dir='ltr'><strong>P.</strong></span> <span class='ocrx_word' id='word_1_411' title='bbox 2252 2580 2332 2636; x_wconf 90' lang='lat' dir='ltr'><strong>Le</strong></span> <span class='ocrx_word' id='word_1_412' title='bbox 2364 2576 2603 2651; x_wconf 84' lang='lat' dir='ltr'><strong>Nourry,</strong></span> <span class='ocrx_word' id='word_1_413' title='bbox 2633 2591 2766 2645; x_wconf 86' lang='lat' dir='ltr'><strong>tom.</strong></span> <span class='ocrx_word' id='word_1_414' title='bbox 2797 2603 2838 2641; x_wconf 87' lang='lat' dir='ltr'><strong>ll</strong></span> <span class='ocrx_word' id='word_1_415' title='bbox 2864 2590 3120 2659; x_wconf 75' lang='lat' dir='ltr'><strong>Apparat.</strong></span> <span class='ocrx_word' id='word_1_416' title='bbox 3144 2586 3209 2641; x_wconf 67' lang='lat' dir='ltr'><strong>ad</strong></span> <span class='ocrx_word' id='word_1_417' title='bbox 3238 2587 3658 2652; x_wconf 56' lang='lat' dir='ltr'><strong>Bibumlwmm</strong></span> <span class='ocrx_word' id='word_1_418' title='bbox 3686 2576 3815 2668; x_wconf 52' lang='lat' dir='ltr'><strong>vé‘:</strong></span> 
     </span>
    </p>
   </div>
   <div class='ocr_carea' id='block_1_27' title="bbox 409 2665 3811 2757">
    <p class='ocr_par' dir='ltr' id='par_1_27' title="bbox 409 2665 3811 2757">
     <span class='ocr_line' id='line_1_27' title="bbox 409 2665 3811 2757; baseline -0 -8"><span class='ocrx_word' id='word_1_419' title='bbox 409 2692 600 2750; x_wconf 86' lang='lat' dir='ltr'><strong>mundi</strong></span> <span class='ocrx_word' id='word_1_420' title='bbox 631 2665 1074 2746; x_wconf 81' lang='lat' dir='ltr'><strong>constitutionem</strong></span> <span class='ocrx_word' id='word_1_421' title='bbox 1102 2680 1304 2755; x_wconf 76' lang='lat' dir='ltr'><strong>genita:</strong></span> <span class='ocrx_word' id='word_1_422' title='bbox 1357 2665 1725 2735; x_wconf 70' lang='lat' dir='ltr'><strong>disertissime</strong></span> <span class='ocrx_word' id='word_1_423' title='bbox 1768 2672 2041 2728; x_wconf 87' lang='lat' dir='ltr'><strong>meminit.</strong></span> <span class='ocrx_word' id='word_1_424' title='bbox 2153 2674 2288 2739; x_wconf 90' lang='lat' dir='ltr'><strong>PP.,</strong></span> <span class='ocrx_word' id='word_1_425' title='bbox 2317 2670 2458 2728; x_wconf 88' lang='lat' dir='ltr'><strong>diss.</strong></span> <span class='ocrx_word' id='word_1_426' title='bbox 2491 2674 2524 2729; x_wconf 77' lang='grc' dir='ltr'><strong><em>ι</em></strong></span> <span class='ocrx_word' id='word_1_427' title='bbox 2568 2674 2621 2731; x_wconf 89' lang='lat' dir='ltr'><strong>in</strong></span> <span class='ocrx_word' id='word_1_428' title='bbox 2652 2674 3082 2744; x_wconf 86' lang='lat' dir='ltr'><strong>Tertullianum,</strong></span> <span class='ocrx_word' id='word_1_429' title='bbox 3104 2693 3217 2750; x_wconf 85' lang='lat' dir='ltr'><strong>cap.</strong></span> <span class='ocrx_word' id='word_1_430' title='bbox 3247 2681 3303 2745; x_wconf 90' lang='lat'><strong>8,</strong></span> <span class='ocrx_word' id='word_1_431' title='bbox 3335 2682 3477 2738; x_wconf 79' lang='lat' dir='ltr'><strong>adeo</strong></span> <span class='ocrx_word' id='word_1_432' title='bbox 3505 2665 3811 2757; x_wconf 51' lang='lat' dir='ltr'><strong>explorata</strong></span> 
     </span>
    </p>
   </div>
   <div class='ocr_carea' id='block_1_28' title="bbox 408 2763 3803 2848">
    <p class='ocr_par' dir='ltr' id='par_1_28' title="bbox 408 2763 3803 2848">
     <span class='ocr_line' id='line_1_28' title="bbox 408 2763 3803 2848; baseline -0.004 -3"><span class='ocrx_word' id='word_1_433' title='bbox 408 2764 687 2845; x_wconf 62' lang='lat' dir='ltr'><strong>Praeterea</strong></span> <span class='ocrx_word' id='word_1_434' title='bbox 717 2780 861 2837; x_wconf 86' lang='lat' dir='ltr'><strong>haud</strong></span> <span class='ocrx_word' id='word_1_435' title='bbox 891 2778 1125 2845; x_wconf 89' lang='lat' dir='ltr'><strong>scimus,</strong></span> <span class='ocrx_word' id='word_1_436' title='bbox 1158 2792 1228 2833; x_wconf 89' lang='lat' dir='ltr'><strong>an</strong></span> <span class='ocrx_word' id='word_1_437' title='bbox 1251 2772 1507 2831; x_wconf 86' lang='lat' dir='ltr'><strong>Petavius</strong></span> <span class='ocrx_word' id='word_1_438' title='bbox 1535 2786 1596 2845; x_wconf 85' lang='lat' dir='ltr'><strong>ea</strong></span> <span class='ocrx_word' id='word_1_439' title='bbox 1624 2768 1870 2825; x_wconf 86' lang='lat' dir='ltr'><strong>scribens</strong></span> <span class='ocrx_word' id='word_1_440' title='bbox 1893 2808 1908 2833; x_wconf 97' lang='lat'><strong>,</strong></span> <span class='ocrx_word' id='word_1_441' title='bbox 1944 2765 2047 2822; x_wconf 90' lang='lat' dir='ltr'><strong>ad-</strong></span> <span class='ocrx_word' id='word_1_442' title='bbox 2151 2767 2355 2825; x_wconf 86' lang='lat' dir='ltr'><strong>Filium</strong></span> <span class='ocrx_word' id='word_1_443' title='bbox 2380 2778 2411 2819; x_wconf 91' lang='lat' dir='ltr'><strong>a</strong></span> <span class='ocrx_word' id='word_1_444' title='bbox 2435 2763 2597 2825; x_wconf 87' lang='lat' dir='ltr'><strong>Patre</strong></span> <span class='ocrx_word' id='word_1_445' title='bbox 2619 2768 2949 2827; x_wconf 89' lang='lat' dir='ltr'><strong>distinctum</strong></span> <span class='ocrx_word' id='word_1_446' title='bbox 2970 2812 2985 2837; x_wconf 87' lang='lat'><strong>,</strong></span> <span class='ocrx_word' id='word_1_447' title='bbox 3009 2773 3249 2845; x_wconf 85' lang='lat' dir='ltr'><strong>uniusque</strong></span> <span class='ocrx_word' id='word_1_448' title='bbox 3270 2774 3447 2831; x_wconf 85' lang='lat' dir='ltr'><strong>nihilo</strong></span> <span class='ocrx_word' id='word_1_449' title='bbox 3467 2778 3651 2838; x_wconf 89' lang='lat' dir='ltr'><strong>secius</strong></span> <span class='ocrx_word' id='word_1_450' title='bbox 3670 2804 3803 2848; x_wconf 74' lang='lat' dir='ltr'><strong>cum</strong></span> 
     </span>
    </p>
   </div>
   <div class='ocr_carea' id='block_1_29' title="bbox 410 2858 3797 2945">
    <p class='ocr_par' dir='ltr' id='par_1_29' title="bbox 410 2858 3797 2945">
     <span class='ocr_line' id='line_1_29' title="bbox 410 2858 3797 2945; baseline -0.003 -10"><span class='ocrx_word' id='word_1_451' title='bbox 410 2876 642 2945; x_wconf 74' lang='lat' dir='ltr'><strong>verterit</strong></span> <span class='ocrx_word' id='word_1_452' title='bbox 679 2873 796 2930; x_wconf 45' lang='lat' dir='ltr'><strong>hgec</strong></span> <span class='ocrx_word' id='word_1_453' title='bbox 843 2868 1169 2929; x_wconf 88' lang='lat' dir='ltr'><strong>Tertulliani</strong></span> <span class='ocrx_word' id='word_1_454' title='bbox 1232 2865 1416 2931; x_wconf 83' lang='lat' dir='ltr'><strong>verba,</strong></span> <span class='ocrx_word' id='word_1_455' title='bbox 1446 2878 1565 2934; x_wconf 68' lang='lat' dir='ltr'><strong>quin</strong></span> <span class='ocrx_word' id='word_1_456' title='bbox 1607 2872 1726 2933; x_wconf 85' lang='lat' dir='ltr'><strong>post</strong></span> <span class='ocrx_word' id='word_1_457' title='bbox 1760 2858 2041 2931; x_wconf 72' lang='lat' dir='ltr'><strong>olijcctum</strong></span> <span class='ocrx_word' id='word_1_458' title='bbox 2152 2862 2320 2921; x_wconf 86' lang='lat' dir='ltr'><strong>Patre</strong></span> <span class='ocrx_word' id='word_1_459' title='bbox 2350 2860 2653 2921; x_wconf 78' lang='lat' dir='ltr'><strong>substantia:</strong></span> <span class='ocrx_word' id='word_1_460' title='bbox 2674 2861 2926 2921; x_wconf 84' lang='lat' dir='ltr'><strong>allirmat</strong></span> <span class='ocrx_word' id='word_1_461' title='bbox 2947 2906 2964 2932; x_wconf 97' lang='lat'><strong>,</strong></span> <span class='ocrx_word' id='word_1_462' title='bbox 2996 2875 3051 2921; x_wconf 91' lang='lat' dir='ltr'><strong>ut</strong></span> <span class='ocrx_word' id='word_1_463' title='bbox 3079 2868 3127 2922; x_wconf 87' lang='lat' dir='ltr'><strong>in</strong></span> <span class='ocrx_word' id='word_1_464' title='bbox 3161 2878 3271 2924; x_wconf 90' lang='lat' dir='ltr'><strong>tuto</strong></span> <span class='ocrx_word' id='word_1_465' title='bbox 3293 2870 3523 2929; x_wconf 87' lang='lat' dir='ltr'><strong>omnino</strong></span> <span class='ocrx_word' id='word_1_466' title='bbox 3543 2890 3667 2936; x_wconf 87' lang='lat' dir='ltr'><strong>esse</strong></span> <span class='ocrx_word' id='word_1_467' title='bbox 3690 2882 3797 2940; x_wconf 86' lang='lat' dir='ltr'><strong>de-</strong></span> 
     </span>
    </p>
   </div>
   <div class='ocr_carea' id='block_1_30' title="bbox 410 2952 3800 3034">
    <p class='ocr_par' dir='ltr' id='par_1_30' title="bbox 410 2952 3800 3034">
     <span class='ocr_line' id='line_1_30' title="bbox 410 2952 3800 3034; baseline 0.001 -3"><span class='ocrx_word' id='word_1_468' title='bbox 410 2975 515 3031; x_wconf 82' lang='lat' dir='ltr'><strong>abs</strong></span> <span class='ocrx_word' id='word_1_469' title='bbox 541 2987 604 3029; x_wconf 86' lang='lat' dir='ltr'><strong>se</strong></span> <span class='ocrx_word' id='word_1_470' title='bbox 643 2965 1012 3029; x_wconf 85' lang='lat' dir='ltr'><strong>testimonium</strong></span> <span class='ocrx_word' id='word_1_471' title='bbox 1042 2960 1361 3018; x_wconf 89' lang='lat' dir='ltr'><strong>immediate</strong></span> <span class='ocrx_word' id='word_1_472' title='bbox 1391 2958 1646 3030; x_wconf 78' lang='lat' dir='ltr'><strong>leguntur</strong></span> <span class='ocrx_word' id='word_1_473' title='bbox 1667 2997 1681 3021; x_wconf 96' lang='lat'><strong>,</strong></span> <span class='ocrx_word' id='word_1_474' title='bbox 1709 2967 1940 3025; x_wconf 86' lang='lat' dir='ltr'><strong>quaeque</strong></span> <span class='ocrx_word' id='word_1_475' title='bbox 1970 2952 2042 3007; x_wconf 90' lang='lat' dir='ltr'><strong>ab</strong></span> <span class='ocrx_word' id='word_1_476' title='bbox 2152 2955 2280 3013; x_wconf 86' lang='lat' dir='ltr'><strong>beat</strong></span> <span class='ocrx_word' id='word_1_477' title='bbox 2309 2961 2498 3013; x_wconf 82' lang='lat' dir='ltr'><strong>nostra</strong></span> <span class='ocrx_word' id='word_1_478' title='bbox 2542 2953 2856 3027; x_wconf 74' lang='lat' dir='ltr'><strong>csplieatio</strong></span> <span class='ocrx_word' id='word_1_479' title='bbox 2882 3000 2896 3026; x_wconf 92' lang='lat'><strong>,</strong></span> <span class='ocrx_word' id='word_1_480' title='bbox 2930 2976 3088 3033; x_wconf 86' lang='lat' dir='ltr'><strong>quam</strong></span> <span class='ocrx_word' id='word_1_481' title='bbox 3119 2962 3523 3025; x_wconf 86' lang='lat' dir='ltr'><strong>obscurioribus</strong></span> <span class='ocrx_word' id='word_1_482' title='bbox 3552 2974 3800 3034; x_wconf 82' lang='lat' dir='ltr'><strong>testimo—</strong></span> 
     </span>
    </p>
   </div>
   <div class='ocr_carea' id='block_1_31' title="bbox 412 3046 3797 3141">
    <p class='ocr_par' dir='ltr' id='par_1_31' title="bbox 412 3046 3797 3141">
     <span class='ocr_line' id='line_1_31' title="bbox 412 3046 3797 3141; baseline -0.001 -14"><span class='ocrx_word' id='word_1_483' title='bbox 412 3069 617 3128; x_wconf 84' lang='lat' dir='ltr'><strong>eodem</strong></span> <span class='ocrx_word' id='word_1_484' title='bbox 667 3063 889 3123; x_wconf 86' lang='lat' dir='ltr'><strong>Petavio</strong></span> <span class='ocrx_word' id='word_1_485' title='bbox 926 3059 1154 3116; x_wconf 87' lang='lat' dir='ltr'><strong>recitata</strong></span> <span class='ocrx_word' id='word_1_486' title='bbox 1198 3053 1506 3110; x_wconf 89' lang='lat' dir='ltr'><strong>invenimus</strong></span> <span class='ocrx_word' id='word_1_487' title='bbox 1554 3048 1750 3107; x_wconf 89' lang='lat' dir='ltr'><strong>eodem</strong></span> <span class='ocrx_word' id='word_1_488' title='bbox 1802 3062 1955 3102; x_wconf 89' lang='lat' dir='ltr'><strong>num.</strong></span> <span class='ocrx_word' id='word_1_489' title='bbox 2006 3046 2043 3101; x_wconf 76' lang='lat'>2</span> <span class='ocrx_word' id='word_1_490' title='bbox 2091 3135 2123 3141; x_wconf 38' lang='grc' dir='ltr'><strong>Δ</strong></span> <span class='ocrx_word' id='word_1_491' title='bbox 2148 3048 2259 3105; x_wconf 89' lang='lat' dir='ltr'><strong>niis</strong></span> <span class='ocrx_word' id='word_1_492' title='bbox 2291 3047 2555 3105; x_wconf 85' lang='lat' dir='ltr'><strong>hactenus</strong></span> <span class='ocrx_word' id='word_1_493' title='bbox 2583 3047 2967 3114; x_wconf 83' lang='lat' dir='ltr'><strong>cunsidcratis</strong></span> <span class='ocrx_word' id='word_1_494' title='bbox 2996 3056 3273 3126; x_wconf 87' lang='lat' dir='ltr'><strong>dedimus,</strong></span> <span class='ocrx_word' id='word_1_495' title='bbox 3306 3070 3364 3118; x_wconf 89' lang='lat' dir='ltr'><strong>et</strong></span> <span class='ocrx_word' id='word_1_496' title='bbox 3404 3078 3472 3121; x_wconf 83' lang='lat' dir='ltr'><strong>ex</strong></span> <span class='ocrx_word' id='word_1_497' title='bbox 3503 3064 3588 3123; x_wconf 87' lang='lat' dir='ltr'><strong>bis</strong></span> <span class='ocrx_word' id='word_1_498' title='bbox 3637 3084 3797 3141; x_wconf 79' lang='lat' dir='ltr'><strong>aper-</strong></span> 
     </span>
    </p>
   </div>
   <div class='ocr_carea' id='block_1_32' title="bbox 418 3135 3793 3237">
    <p class='ocr_par' dir='ltr' id='par_1_32' title="bbox 418 3135 3793 3237">
     <span class='ocr_line' id='line_1_32' title="bbox 418 3135 3793 3237; baseline 0.001 -19"><span class='ocrx_word' id='word_1_499' title='bbox 418 3181 549 3237; x_wconf 82' lang='lat' dir='ltr'><strong>cap.</strong></span> <span class='ocrx_word' id='word_1_500' title='bbox 573 3163 608 3218; x_wconf 81' lang='grc'><strong>5</strong></span> <span class='ocrx_word' id='word_1_501' title='bbox 640 3180 653 3217; x_wconf 89' lang='lat'><strong>:</strong></span> <span class='ocrx_word' id='word_1_502' title='bbox 686 3159 811 3215; x_wconf 81' lang='lat' dir='ltr'><strong>lltee</strong></span> <span class='ocrx_word' id='word_1_503' title='bbox 831 3166 909 3215; x_wconf 88' lang='lat' dir='ltr'><strong>est</strong></span> <span class='ocrx_word' id='word_1_504' title='bbox 938 3154 1181 3211; x_wconf 81' lang='lat' dir='ltr'><strong>nativitas</strong></span> <span class='ocrx_word' id='word_1_505' title='bbox 1210 3147 1439 3222; x_wconf 80' lang='lat' dir='ltr'><strong>perfecta</strong></span> <span class='ocrx_word' id='word_1_506' title='bbox 1464 3143 1713 3237; x_wconf 81' lang='lat' dir='ltr'><strong>sermonis</strong></span> <span class='ocrx_word' id='word_1_507' title='bbox 1744 3140 1869 3237; x_wconf 82' lang='lat' dir='ltr'><strong>(qua</strong></span> <span class='ocrx_word' id='word_1_508' title='bbox 1895 3140 2051 3194; x_wconf 74' lang='lat' dir='ltr'><strong>niuti—</strong></span> <span class='ocrx_word' id='word_1_509' title='bbox 2078 3135 2125 3201; x_wconf 86' lang='lat' dir='ltr'><strong>C</strong></span> <span class='ocrx_word' id='word_1_510' title='bbox 2162 3141 2401 3201; x_wconf 82' lang='lat' dir='ltr'><strong>tiS‘locis</strong></span> <span class='ocrx_word' id='word_1_511' title='bbox 2440 3145 2633 3203; x_wconf 71' lang='lat' dir='ltr'><strong>saltem</strong></span> <span class='ocrx_word' id='word_1_512' title='bbox 2679 3143 2951 3210; x_wconf 81' lang='lat' dir='ltr'><strong>Petavius</strong></span> <span class='ocrx_word' id='word_1_513' title='bbox 2979 3156 3186 3211; x_wconf 86' lang='lat' dir='ltr'><strong>moveri</strong></span> <span class='ocrx_word' id='word_1_514' title='bbox 3223 3155 3449 3229; x_wconf 86' lang='lat' dir='ltr'><strong>debuit,</strong></span> <span class='ocrx_word' id='word_1_515' title='bbox 3481 3177 3548 3219; x_wconf 86' lang='lat' dir='ltr'><strong>ne</strong></span> <span class='ocrx_word' id='word_1_516' title='bbox 3593 3135 3793 3223; x_wconf 73' lang='lat' dir='ltr'><strong>obscu-</strong></span> 
     </span>
    </p>
   </div>
   <div class='ocr_carea' id='block_1_33' title="bbox 416 3233 3789 3323">
    <p class='ocr_par' dir='ltr' id='par_1_33' title="bbox 416 3233 3789 3323">
     <span class='ocr_line' id='line_1_33' title="bbox 416 3233 3789 3323; baseline 0.021 -73"><span class='ocrx_word' id='word_1_517' title='bbox 416 3233 579 3323; x_wconf 42' lang='lat' dir='ltr'><strong>rmvn.</strong></span> <span class='ocrx_word' id='word_1_518' title='bbox 604 3259 1001 3313; x_wconf 50' lang='lat' dir='ltr'><strong>commulth</strong></span> <span class='ocrx_word' id='word_1_519' title='bbox 1026 3244 1317 3308; x_wconf 54' lang='lat' dir='ltr'><strong>pem-ms,</strong></span> <span class='ocrx_word' id='word_1_520' title='bbox 1346 3253 1629 3295; x_wconf 58' lang='lat' dir='ltr'><strong>“manem</strong></span> <span class='ocrx_word' id='word_1_521' title='bbox 1652 3236 1823 3307; x_wconf 70' lang='lat' dir='ltr'><strong>ipsum</strong></span> <span class='ocrx_word' id='word_1_522' title='bbox 1849 3233 1903 3286; x_wconf 86' lang='lat' dir='ltr'><strong>in</strong></span> <span class='ocrx_word' id='word_1_523' title='bbox 1930 3248 2052 3305; x_wconf 84' lang='lat' dir='ltr'><strong>spe—</strong></span> <span class='ocrx_word' id='word_1_524' title='bbox 2156 3237 2305 3293; x_wconf 86' lang='lat' dir='ltr'><strong>riora</strong></span> <span class='ocrx_word' id='word_1_525' title='bbox 2344 3238 2593 3307; x_wconf 76' lang='lat' dir='ltr'><strong>quaedam</strong></span> <span class='ocrx_word' id='word_1_526' title='bbox 2627 3239 2955 3305; x_wconf 85' lang='lat' dir='ltr'><strong>testimonia</strong></span> <span class='ocrx_word' id='word_1_527' title='bbox 2988 3249 3041 3306; x_wconf 90' lang='lat' dir='ltr'><strong>in</strong></span> <span class='ocrx_word' id='word_1_528' title='bbox 3081 3249 3316 3311; x_wconf 79' lang='lat' dir='ltr'><strong>alienant</strong></span> <span class='ocrx_word' id='word_1_529' title='bbox 3360 3263 3417 3313; x_wconf 88' lang='lat' dir='ltr'><strong>et</strong></span> <span class='ocrx_word' id='word_1_530' title='bbox 3455 3262 3789 3321; x_wconf 86' lang='lat' dir='ltr'><strong>contrarium</strong></span> 
     </span>
    </p>
   </div>
   <div class='ocr_carea' id='block_1_34' title="bbox 417 3323 3281 3416">
    <p class='ocr_par' dir='ltr' id='par_1_34' title="bbox 417 3323 3281 3416">
     <span class='ocr_line' id='line_1_34' title="bbox 417 3323 3281 3416; baseline -0.002 -14"><span class='ocrx_word' id='word_1_531' title='bbox 417 3352 497 3407; x_wconf 76' lang='lat' dir='ltr'><strong>cie</strong></span> <span class='ocrx_word' id='word_1_532' title='bbox 523 3357 800 3416; x_wconf 85' lang='lat' dir='ltr'><strong>ornatuque</strong></span> <span class='ocrx_word' id='word_1_533' title='bbox 823 3359 917 3398; x_wconf 89' lang='lat' dir='ltr'><strong>suo</strong></span> <span class='ocrx_word' id='word_1_534' title='bbox 948 3339 1168 3414; x_wconf 82' lang='lat' dir='ltr'><strong>protulit</strong></span> <span class='ocrx_word' id='word_1_535' title='bbox 1192 3377 1206 3402; x_wconf 87' lang='lat'><strong>,</strong></span> <span class='ocrx_word' id='word_1_536' title='bbox 1238 3349 1359 3389; x_wconf 87' lang='lat' dir='ltr'><strong>cum</strong></span> <span class='ocrx_word' id='word_1_537' title='bbox 1391 3329 1550 3398; x_wconf 74' lang='lat' dir='ltr'><strong>dixit,</strong></span> <span class='ocrx_word' id='word_1_538' title='bbox 1580 3326 1702 3383; x_wconf 85' lang='lat' dir='ltr'><strong>Fiat</strong></span> <span class='ocrx_word' id='word_1_539' title='bbox 1733 3323 1893 3396; x_wconf 73' lang='lat' dir='ltr'><strong>Lux)</strong></span> <span class='ocrx_word' id='word_1_540' title='bbox 1924 3325 2051 3381; x_wconf 87' lang='lat' dir='ltr'><strong>dum</strong></span> <span class='ocrx_word' id='word_1_541' title='bbox 2161 3327 2324 3398; x_wconf 85' lang='lat' dir='ltr'><strong>plane</strong></span> <span class='ocrx_word' id='word_1_542' title='bbox 2351 3344 2572 3389; x_wconf 88' lang='lat' dir='ltr'><strong>sensum</strong></span> <span class='ocrx_word' id='word_1_543' title='bbox 2596 3331 3021 3403; x_wconf 82' lang='lat' dir='ltr'><strong>interpretanda</strong></span> <span class='ocrx_word' id='word_1_544' title='bbox 3048 3350 3281 3411; x_wconf 69' lang='lat' dir='ltr'><strong>putaret.</strong></span> 
     </span>
    </p>
   </div>
   <div class='ocr_carea' id='block_1_35' title="bbox 417 3418 3785 3512">
    <p class='ocr_par' dir='ltr' id='par_1_35' title="bbox 417 3418 3785 3512">
     <span class='ocr_line' id='line_1_35' title="bbox 417 3418 3785 3512; baseline 0.002 -12"><span class='ocrx_word' id='word_1_545' title='bbox 417 3460 486 3500; x_wconf 72' lang='lat' dir='ltr'><strong>ex</strong></span> <span class='ocrx_word' id='word_1_546' title='bbox 508 3441 620 3497; x_wconf 86' lang='lat' dir='ltr'><strong>Deo</strong></span> <span class='ocrx_word' id='word_1_547' title='bbox 651 3437 881 3512; x_wconf 78' lang='lat' dir='ltr'><strong>procedit</strong></span> <span class='ocrx_word' id='word_1_548' title='bbox 912 3433 1149 3488; x_wconf 85' lang='lat' dir='ltr'><strong>conditus</strong></span> <span class='ocrx_word' id='word_1_549' title='bbox 1185 3427 1249 3483; x_wconf 90' lang='lat' dir='ltr'><strong>ab</strong></span> <span class='ocrx_word' id='word_1_550' title='bbox 1294 3441 1353 3481; x_wconf 89' lang='lat' dir='ltr'><strong>eo</strong></span> <span class='ocrx_word' id='word_1_551' title='bbox 1392 3423 1617 3494; x_wconf 85' lang='lat' dir='ltr'><strong>primum</strong></span> <span class='ocrx_word' id='word_1_552' title='bbox 1656 3418 2053 3512; x_wconf 23' lang='lat' dir='ltr'><strong>ad‘coqitatum</strong></span> <span class='ocrx_word' id='word_1_553' title='bbox 2236 3422 2478 3481; x_wconf 82' lang='lat' dir='ltr'><strong>Tandem</strong></span> <span class='ocrx_word' id='word_1_554' title='bbox 2508 3424 2830 3485; x_wconf 83' lang='lat' dir='ltr'><strong>Lactantius</strong></span> <span class='ocrx_word' id='word_1_555' title='bbox 2860 3448 2889 3487; x_wconf 88' lang='lat' dir='ltr'><strong>a</strong></span> <span class='ocrx_word' id='word_1_556' title='bbox 2926 3434 3521 3507; x_wconf 87' lang='lat' dir='ltr'><strong>Petavio&#39;postremum</strong></span> <span class='ocrx_word' id='word_1_557' title='bbox 3561 3463 3785 3507; x_wconf 78' lang='lat' dir='ltr'><strong>accusa-</strong></span> 
     </span>
    </p>
   </div>
   <div class='ocr_carea' id='block_1_36' title="bbox 421 3508 3786 3611">
    <p class='ocr_par' dir='ltr' id='par_1_36' title="bbox 421 3508 3786 3611">
     <span class='ocr_line' id='line_1_36' title="bbox 421 3508 3786 3611; baseline 0.004 -22"><span class='ocrx_word' id='word_1_558' title='bbox 421 3535 489 3605; x_wconf 71' lang='lat' dir='ltr'><strong>in</strong></span> <span class='ocrx_word' id='word_1_559' title='bbox 515 3508 721 3588; x_wconf 81' lang='lat' dir='ltr'><strong>nomine</strong></span> <span class='ocrx_word' id='word_1_560' title='bbox 751 3528 964 3611; x_wconf 76' lang='lat' dir='ltr'><strong>Sophia:</strong></span> <span class='ocrx_word' id='word_1_561' title='bbox 991 3541 1010 3580; x_wconf 87' lang='lat'><strong><em>:</em></strong></span> <span class='ocrx_word' id='word_1_562' title='bbox 1044 3521 1309 3593; x_wconf 81' lang='lat' dir='ltr'><strong>Dominus</strong></span> <span class='ocrx_word' id='word_1_563' title='bbox 1336 3512 1584 3611; x_wconf 77' lang='lat' dir='ltr'><strong>condidit</strong></span> <span class='ocrx_word' id='word_1_564' title='bbox 1613 3527 1701 3611; x_wconf 72' lang='lat' dir='ltr'><strong>me</strong></span> <span class='ocrx_word' id='word_1_565' title='bbox 1742 3510 1797 3567; x_wconf 91' lang='lat' dir='ltr'><strong>in</strong></span> <span class='ocrx_word' id='word_1_566' title='bbox 1833 3508 2051 3611; x_wconf 62' lang='lat' dir='ltr'><strong>initium</strong></span> <span class='ocrx_word' id='word_1_567' title='bbox 2164 3524 2254 3611; x_wconf 83' lang='lat' dir='ltr'><strong>tus</strong></span> <span class='ocrx_word' id='word_1_568' title='bbox 2284 3534 2402 3589; x_wconf 88' lang='lat' dir='ltr'><strong>cap.</strong></span> <span class='ocrx_word' id='word_1_569' title='bbox 2434 3519 2470 3575; x_wconf 78' lang='grc'><strong>5</strong></span> <span class='ocrx_word' id='word_1_570' title='bbox 2499 3535 2651 3577; x_wconf 89' lang='lat' dir='ltr'><strong>num.</strong></span> <span class='ocrx_word' id='word_1_571' title='bbox 2678 3519 2737 3584; x_wconf 85' lang='grc'><strong>6,</strong></span> <span class='ocrx_word' id='word_1_572' title='bbox 2764 3537 2892 3582; x_wconf 89' lang='lat' dir='ltr'><strong>cum</strong></span> <span class='ocrx_word' id='word_1_573' title='bbox 2923 3528 3022 3582; x_wconf 89' lang='lat' dir='ltr'><strong>lib.</strong></span> <span class='ocrx_word' id='word_1_574' title='bbox 3045 3545 3083 3584; x_wconf 84' lang='lat' dir='ltr'><strong>ll</strong></span> <span class='ocrx_word' id='word_1_575' title='bbox 3112 3530 3345 3590; x_wconf 78' lang='lat' dir='ltr'><strong>institui.</strong></span> <span class='ocrx_word' id='word_1_576' title='bbox 3383 3554 3505 3611; x_wconf 89' lang='lat' dir='ltr'><strong>cap.</strong></span> <span class='ocrx_word' id='word_1_577' title='bbox 3535 3544 3572 3600; x_wconf 85' lang='lat'><strong>8</strong></span> <span class='ocrx_word' id='word_1_578' title='bbox 3595 3587 3609 3610; x_wconf 92' lang='lat'><strong>,</strong></span> <span class='ocrx_word' id='word_1_579' title='bbox 3641 3546 3786 3602; x_wconf 84' lang='lat' dir='ltr'><strong>sinti-</strong></span> 
     </span>
    </p>
   </div>
   <div class='ocr_carea' id='block_1_37' title="bbox 429 3602 3786 3701">
    <p class='ocr_par' dir='ltr' id='par_1_37' title="bbox 429 3602 3786 3701">
     <span class='ocr_line' id='line_1_37' title="bbox 429 3602 3786 3701; baseline 0.018 -63"><span class='ocrx_word' id='word_1_580' title='bbox 429 3602 643 3685; x_wconf 54' lang='lat' dir='ltr'><strong>vi&#39;amm</strong></span> <span class='ocrx_word' id='word_1_581' title='bbox 671 3608 891 3681; x_wconf 61' lang='lat' dir='ltr'><strong>sua‘mm</strong></span> <span class='ocrx_word' id='word_1_582' title='bbox 916 3637 930 3676; x_wconf 56' lang='grc' dir='ltr'>ε</span> <span class='ocrx_word' id='word_1_583' title='bbox 963 3618 1146 3675; x_wconf 64' lang='lat' dir='ltr'><strong>dehinc</strong></span> <span class='ocrx_word' id='word_1_584' title='bbox 1173 3616 1462 3688; x_wconf 69' lang='lat' dir='ltr'><strong>&#39;generaltts</strong></span> <span class='ocrx_word' id='word_1_585' title='bbox 1492 3607 1559 3662; x_wconf 86' lang='lat' dir='ltr'><strong>ad</strong></span> <span class='ocrx_word' id='word_1_586' title='bbox 1597 3605 1838 3674; x_wconf 71' lang='lat' dir='ltr'><strong>effectum</strong></span> <span class='ocrx_word' id='word_1_587' title='bbox 1865 3621 1885 3657; x_wconf 87' lang='lat'><strong><em>:</em></strong></span> <span class='ocrx_word' id='word_1_588' title='bbox 1914 3602 2054 3661; x_wconf 87' lang='lat' dir='ltr'><strong>Cum</strong></span> <span class='ocrx_word' id='word_1_589' title='bbox 2163 3610 2267 3667; x_wconf 84' lang='lat' dir='ltr'><strong>(ent</strong></span> <span class='ocrx_word' id='word_1_590' title='bbox 2293 3613 2374 3667; x_wconf 85' lang='lat' dir='ltr'><strong>sui</strong></span> <span class='ocrx_word' id='word_1_591' title='bbox 2400 3612 2645 3682; x_wconf 84' lang='lat' dir='ltr'><strong>spiritum</strong></span> <span class='ocrx_word' id='word_1_592' title='bbox 2670 3628 2703 3668; x_wconf 89' lang='lat' dir='ltr'><strong>a</strong></span> <span class='ocrx_word' id='word_1_593' title='bbox 2731 3613 2847 3671; x_wconf 84' lang='lat' dir='ltr'><strong>Deo</strong></span> <span class='ocrx_word' id='word_1_594' title='bbox 2873 3618 3039 3675; x_wconf 85' lang='lat' dir='ltr'><strong>Patre</strong></span> <span class='ocrx_word' id='word_1_595' title='bbox 3066 3624 3374 3691; x_wconf 85' lang='lat' dir='ltr'><strong>productum</strong></span> <span class='ocrx_word' id='word_1_596' title='bbox 3402 3602 3564 3690; x_wconf 71' lang='lat' dir='ltr'><strong>tradit</strong></span> <span class='ocrx_word' id='word_1_597' title='bbox 3639 3650 3786 3696; x_wconf 84' lang='lat' dir='ltr'><strong>ante-</strong></span> 
     </span>
    </p>
   </div>
   <div class='ocr_carea' id='block_1_38' title="bbox 426 3699 3783 3796">
    <p class='ocr_par' dir='ltr' id='par_1_38' title="bbox 426 3699 3783 3796">
     <span class='ocr_line' id='line_1_38' title="bbox 426 3699 3783 3796; baseline -0.008 -18"><span class='ocrx_word' id='word_1_598' title='bbox 426 3729 648 3796; x_wconf 81' lang='lat' dir='ltr'><strong>pararet</strong></span> <span class='ocrx_word' id='word_1_599' title='bbox 665 3717 864 3776; x_wconf 77' lang='grc' dir='ltr'><strong>εωιυω</strong></span> <span class='ocrx_word' id='word_1_600' title='bbox 889 3756 905 3787; x_wconf 87' lang='grc'><strong>,</strong></span> <span class='ocrx_word' id='word_1_601' title='bbox 936 3713 1160 3769; x_wconf 80' lang='lat' dir='ltr'><strong>aderam</strong></span> <span class='ocrx_word' id='word_1_602' title='bbox 1189 3708 1265 3763; x_wconf 85' lang='lat' dir='ltr'><strong>illi</strong></span> <span class='ocrx_word' id='word_1_603' title='bbox 1300 3702 1482 3761; x_wconf 84' lang='lat' dir='ltr'><strong>simul.</strong></span> <span class='ocrx_word' id='word_1_604' title='bbox 1513 3699 1719 3755; x_wconf 75' lang='lat' dir='ltr'><strong>Exinde</strong></span> <span class='ocrx_word' id='word_1_605' title='bbox 1738 3715 1856 3753; x_wconf 89' lang='lat' dir='ltr'><strong>eum</strong></span> <span class='ocrx_word' id='word_1_606' title='bbox 1878 3714 2057 3769; x_wconf 84' lang='lat' dir='ltr'><strong>parem</strong></span> <span class='ocrx_word' id='word_1_607' title='bbox 2162 3721 2324 3774; x_wconf 83' lang='lat' dir='ltr'><strong>quam</strong></span> <span class='ocrx_word' id='word_1_608' title='bbox 2350 3705 2612 3761; x_wconf 82' lang='lat' dir='ltr'><strong>ordiretur</strong></span> <span class='ocrx_word' id='word_1_609' title='bbox 2641 3706 2739 3760; x_wconf 81' lang='lat' dir='ltr'><strong>hac</strong></span> <span class='ocrx_word' id='word_1_610' title='bbox 2778 3725 2910 3781; x_wconf 79' lang='lat' dir='ltr'><strong>Opus</strong></span> <span class='ocrx_word' id='word_1_611' title='bbox 2948 3714 3129 3769; x_wconf 82' lang='lat' dir='ltr'><strong>mundi</strong></span> <span class='ocrx_word' id='word_1_612' title='bbox 3150 3759 3165 3785; x_wconf 96' lang='lat'><strong>,</strong></span> <span class='ocrx_word' id='word_1_613' title='bbox 3193 3730 3248 3772; x_wconf 76' lang='lat' dir='ltr'><strong>ut</strong></span> <span class='ocrx_word' id='word_1_614' title='bbox 3274 3723 3337 3776; x_wconf 72' lang='grc' dir='ltr'><strong>αι,</strong></span> <span class='ocrx_word' id='word_1_615' title='bbox 3373 3740 3434 3778; x_wconf 64' lang='lat' dir='ltr'><strong><em>eo</em></strong></span> <span class='ocrx_word' id='word_1_616' title='bbox 3471 3699 3604 3784; x_wconf 61' lang='lat' dir='ltr'><strong>bam,</strong></span> <span class='ocrx_word' id='word_1_617' title='bbox 3646 3740 3783 3787; x_wconf 45' lang='lat' dir='ltr'><strong>“mh</strong></span> 
     </span>
    </p>
   </div>
   <div class='ocr_carea' id='block_1_39' title="bbox 429 3793 3782 3893">
    <p class='ocr_par' dir='ltr' id='par_1_39' title="bbox 429 3793 3782 3893">
     <span class='ocr_line' id='line_1_39' title="bbox 429 3793 3782 3893; baseline -0 -23"><span class='ocrx_word' id='word_1_618' title='bbox 429 3793 533 3871; x_wconf 77' lang='lat' dir='ltr'><strong>sibi</strong></span> <span class='ocrx_word' id='word_1_619' title='bbox 557 3815 749 3885; x_wconf 62' lang='lat' dir='ltr'><strong>faciens</strong></span> <span class='ocrx_word' id='word_1_620' title='bbox 768 3853 783 3872; x_wconf 89' lang='lat'><strong>,</strong></span> <span class='ocrx_word' id='word_1_621' title='bbox 812 3809 875 3866; x_wconf 80' lang='lat' dir='ltr'><strong>de</strong></span> <span class='ocrx_word' id='word_1_622' title='bbox 900 3824 1002 3881; x_wconf 84' lang='lat' dir='ltr'><strong>quo</strong></span> <span class='ocrx_word' id='word_1_623' title='bbox 1040 3798 1367 3878; x_wconf 85' lang='lat' dir='ltr'><strong>procedendo</strong></span> <span class='ocrx_word' id='word_1_624' title='bbox 1397 3793 1569 3850; x_wconf 78' lang='lat' dir='ltr'><strong>Filius</strong></span> <span class='ocrx_word' id='word_1_625' title='bbox 1599 3796 1769 3893; x_wconf 78' lang='lat' dir='ltr'><strong>[actus</strong></span> <span class='ocrx_word' id='word_1_626' title='bbox 1795 3800 1913 3893; x_wconf 69' lang='lat' dir='ltr'><strong>est;</strong></span> <span class='ocrx_word' id='word_1_627' title='bbox 1944 3793 2059 3860; x_wconf 87' lang='lat' dir='ltr'><strong>pri-</strong></span> <span class='ocrx_word' id='word_1_628' title='bbox 2162 3815 2323 3867; x_wconf 83' lang='lat' dir='ltr'><strong>quant</strong></span> <span class='ocrx_word' id='word_1_629' title='bbox 2354 3799 2492 3852; x_wconf 84' lang='lat' dir='ltr'><strong>riuus</strong></span> <span class='ocrx_word' id='word_1_630' title='bbox 2540 3800 2762 3854; x_wconf 64' lang='lat' dir='ltr'><strong>oriatur</strong></span> <span class='ocrx_word' id='word_1_631' title='bbox 2790 3843 2803 3864; x_wconf 88' lang='lat'><strong>,</strong></span> <span class='ocrx_word' id='word_1_632' title='bbox 2836 3820 3137 3877; x_wconf 83' lang='lat' dir='ltr'><strong>semperque</strong></span> <span class='ocrx_word' id='word_1_633' title='bbox 3182 3816 3461 3884; x_wconf 67' lang='lat' dir='ltr'><strong>profluet-et</strong></span> <span class='ocrx_word' id='word_1_634' title='bbox 3478 3836 3498 3886; x_wconf 89' lang='lat'><strong><em>;</em></strong></span> <span class='ocrx_word' id='word_1_635' title='bbox 3545 3822 3782 3893; x_wconf 65' lang='lat' dir='ltr'><strong>loquitur</strong></span> 
     </span>
    </p>
   </div>
   <div class='ocr_carea' id='block_1_40' title="bbox 435 3884 3779 3978">
    <p class='ocr_par' dir='ltr' id='par_1_40' title="bbox 435 3884 3779 3978">
     <span class='ocr_line' id='line_1_40' title="bbox 435 3884 3779 3978; baseline -0.007 -18"><span class='ocrx_word' id='word_1_636' title='bbox 435 3907 719 3978; x_wconf 77' lang='lat' dir='ltr'><strong>mogeuitus</strong></span> <span class='ocrx_word' id='word_1_637' title='bbox 745 3945 761 3973; x_wconf 96' lang='lat'><strong>,</strong></span> <span class='ocrx_word' id='word_1_638' title='bbox 788 3917 842 3958; x_wconf 83' lang='lat' dir='ltr'><strong>ut</strong></span> <span class='ocrx_word' id='word_1_639' title='bbox 886 3911 1005 3957; x_wconf 86' lang='lat' dir='ltr'><strong>ante</strong></span> <span class='ocrx_word' id='word_1_640' title='bbox 1050 3896 1222 3953; x_wconf 88' lang='lat' dir='ltr'><strong>omnia</strong></span> <span class='ocrx_word' id='word_1_641' title='bbox 1270 3889 1476 3965; x_wconf 83' lang='lat' dir='ltr'><strong>genitus</strong></span> <span class='ocrx_word' id='word_1_642' title='bbox 1500 3903 1518 3952; x_wconf 91' lang='lat'><strong><em>;</em></strong></span> <span class='ocrx_word' id='word_1_643' title='bbox 1541 3897 1590 3942; x_wconf 92' lang='lat' dir='ltr'><strong>et</strong></span> <span class='ocrx_word' id='word_1_644' title='bbox 1636 3884 1930 3958; x_wconf 84' lang='lat' dir='ltr'><strong>unigenitus</strong></span> <span class='ocrx_word' id='word_1_645' title='bbox 1957 3926 1970 3950; x_wconf 88' lang='lat'><strong>,</strong></span> <span class='ocrx_word' id='word_1_646' title='bbox 2003 3895 2061 3939; x_wconf 88' lang='lat' dir='ltr'><strong>ut</strong></span> <span class='ocrx_word' id='word_1_647' title='bbox 2163 3901 2354 3963; x_wconf 70' lang='lat' dir='ltr'><strong>aperte</strong></span> <span class='ocrx_word' id='word_1_648' title='bbox 2375 3890 2442 3948; x_wconf 80' lang='lat' dir='ltr'><strong>de</strong></span> <span class='ocrx_word' id='word_1_649' title='bbox 2472 3906 2536 3946; x_wconf 79' lang='lat' dir='ltr'><strong>ea</strong></span> <span class='ocrx_word' id='word_1_650' title='bbox 2560 3891 2724 3949; x_wconf 76' lang='lat' dir='ltr'><strong>Verbi</strong></span> <span class='ocrx_word' id='word_1_651' title='bbox 2755 3897 3112 3965; x_wconf 54' lang='lat' dir='ltr'><strong>generatione</strong></span> <span class='ocrx_word' id='word_1_652' title='bbox 3132 3940 3147 3967; x_wconf 58' lang='lat'><strong>’</strong></span> <span class='ocrx_word' id='word_1_653' title='bbox 3170 3917 3273 3973; x_wconf 64' lang='lat' dir='ltr'><strong>qua</strong></span> <span class='ocrx_word' id='word_1_654' title='bbox 3312 3884 3484 3964; x_wconf 53' lang='lat' dir='ltr'><strong>pum;</strong></span> <span class='ocrx_word' id='word_1_655' title='bbox 3501 3914 3564 3968; x_wconf 65' lang='lat' dir='ltr'><strong>ab</strong></span> <span class='ocrx_word' id='word_1_656' title='bbox 3586 3884 3779 3973; x_wconf 56' lang='grc' dir='ltr'><strong>αξιΜο</strong></span> 
     </span>
    </p>
   </div>
   <div class='ocr_carea' id='block_1_41' title="bbox 431 3978 3775 4068">
    <p class='ocr_par' dir='ltr' id='par_1_41' title="bbox 431 3978 3775 4068">
     <span class='ocr_line' id='line_1_41' title="bbox 431 3978 3775 4068; baseline 0.003 -12"><span class='ocrx_word' id='word_1_657' title='bbox 431 4003 576 4063; x_wconf 83' lang='lat' dir='ltr'><strong>solus</strong></span> <span class='ocrx_word' id='word_1_658' title='bbox 600 4015 662 4055; x_wconf 66' lang='lat' dir='ltr'><strong>ex</strong></span> <span class='ocrx_word' id='word_1_659' title='bbox 698 3997 806 4052; x_wconf 87' lang='lat' dir='ltr'><strong>Deo</strong></span> <span class='ocrx_word' id='word_1_660' title='bbox 832 3995 1069 4068; x_wconf 82' lang='lat' dir='ltr'><strong>genitus,</strong></span> <span class='ocrx_word' id='word_1_661' title='bbox 1096 3987 1308 4063; x_wconf 85' lang='lat' dir='ltr'><strong>proprie</strong></span> <span class='ocrx_word' id='word_1_662' title='bbox 1336 3985 1400 4038; x_wconf 82' lang='lat' dir='ltr'><strong>tle</strong></span> <span class='ocrx_word' id='word_1_663' title='bbox 1464 3980 1614 4035; x_wconf 81' lang='lat' dir='ltr'><strong>vulva</strong></span> <span class='ocrx_word' id='word_1_664' title='bbox 1657 3979 1830 4034; x_wconf 83' lang='lat' dir='ltr'><strong>cordis</strong></span> <span class='ocrx_word' id='word_1_665' title='bbox 1870 3978 2056 4048; x_wconf 70' lang='lat' dir='ltr'><strong>ipsitw-</strong></span> <span class='ocrx_word' id='word_1_666' title='bbox 2162 3986 2382 4045; x_wconf 67' lang='lat' dir='ltr'><strong>dixitin</strong></span> <span class='ocrx_word' id='word_1_667' title='bbox 2419 3987 2613 4053; x_wconf 89' lang='lat' dir='ltr'><strong>Verbo,</strong></span> <span class='ocrx_word' id='word_1_668' title='bbox 2655 4004 3011 4062; x_wconf 80' lang='lat' dir='ltr'><strong>qua-cumque</strong></span> <span class='ocrx_word' id='word_1_669' title='bbox 3058 4008 3155 4063; x_wconf 85' lang='lat' dir='ltr'><strong>per</strong></span> <span class='ocrx_word' id='word_1_670' title='bbox 3199 3996 3344 4054; x_wconf 83' lang='lat' dir='ltr'><strong>idem</strong></span> <span class='ocrx_word' id='word_1_671' title='bbox 3376 4002 3610 4062; x_wconf 82' lang='lat' dir='ltr'><strong>Verbum</strong></span> <span class='ocrx_word' id='word_1_672' title='bbox 3640 4010 3775 4065; x_wconf 82' lang='lat' dir='ltr'><strong>sub-</strong></span> 
     </span>
    </p>
   </div>
   <div class='ocr_carea' id='block_1_42' title="bbox 431 4070 3771 4162">
    <p class='ocr_par' dir='ltr' id='par_1_42' title="bbox 431 4070 3771 4162">
     <span class='ocr_line' id='line_1_42' title="bbox 431 4070 3771 4162; baseline -0.001 -10"><span class='ocrx_word' id='word_1_673' title='bbox 431 4093 726 4152; x_wconf 80' lang='lat' dir='ltr'><strong>Notavitne</strong></span> <span class='ocrx_word' id='word_1_674' title='bbox 751 4098 994 4161; x_wconf 85' lang='lat' dir='ltr'><strong>apertam</strong></span> <span class='ocrx_word' id='word_1_675' title='bbox 1035 4080 1441 4140; x_wconf 87' lang='lat' dir='ltr'><strong>distinctionem</strong></span> <span class='ocrx_word' id='word_1_676' title='bbox 1471 4115 1484 4135; x_wconf 82' lang='lat'><strong>.</strong></span> <span class='ocrx_word' id='word_1_677' title='bbox 1509 4071 1749 4128; x_wconf 86' lang='lat' dir='ltr'><strong>conditus</strong></span> <span class='ocrx_word' id='word_1_678' title='bbox 1772 4071 1833 4125; x_wconf 89' lang='lat' dir='ltr'><strong>ab</strong></span> <span class='ocrx_word' id='word_1_679' title='bbox 1863 4085 1919 4124; x_wconf 91' lang='lat' dir='ltr'><strong>eo</strong></span> <span class='ocrx_word' id='word_1_680' title='bbox 1952 4070 2062 4141; x_wconf 84' lang='lat' dir='ltr'><strong>pri-</strong></span> <span class='ocrx_word' id='word_1_681' title='bbox 2165 4078 2292 4136; x_wconf 81' lang='lat' dir='ltr'><strong>inde</strong></span> <span class='ocrx_word' id='word_1_682' title='bbox 2316 4122 2331 4147; x_wconf 93' lang='lat'><strong>,</strong></span> <span class='ocrx_word' id='word_1_683' title='bbox 2381 4079 2580 4137; x_wconf 66' lang='lat' dir='ltr'><strong>divina:</strong></span> <span class='ocrx_word' id='word_1_684' title='bbox 2608 4080 2877 4143; x_wconf 84' lang='lat' dir='ltr'><strong>bonitatis</strong></span> <span class='ocrx_word' id='word_1_685' title='bbox 2925 4084 3340 4157; x_wconf 85' lang='lat' dir='ltr'><strong>participatione</strong></span> <span class='ocrx_word' id='word_1_686' title='bbox 3369 4136 3386 4162; x_wconf 96' lang='lat'><strong>,</strong></span> <span class='ocrx_word' id='word_1_687' title='bbox 3438 4096 3577 4155; x_wconf 77' lang='lat' dir='ltr'><strong>facta</strong></span> <span class='ocrx_word' id='word_1_688' title='bbox 3625 4113 3771 4158; x_wconf 71' lang='lat' dir='ltr'><strong>sum,</strong></span> 
     </span>
    </p>
   </div>
   <div class='ocr_carea' id='block_1_43' title="bbox 436 4166 3773 4256">
    <p class='ocr_par' dir='ltr' id='par_1_43' title="bbox 436 4166 3773 4256">
     <span class='ocr_line' id='line_1_43' title="bbox 436 4166 3773 4256; baseline 0.002 -14"><span class='ocrx_word' id='word_1_689' title='bbox 436 4204 581 4245; x_wconf 75' lang='lat' dir='ltr'><strong>mum</strong></span> <span class='ocrx_word' id='word_1_690' title='bbox 603 4186 672 4240; x_wconf 81' lang='lat' dir='ltr'><strong>ad</strong></span> <span class='ocrx_word' id='word_1_691' title='bbox 697 4185 975 4256; x_wconf 80' lang='lat' dir='ltr'><strong>cogitatum</strong></span> <span class='ocrx_word' id='word_1_692' title='bbox 1019 4179 1072 4233; x_wconf 79' lang='lat' dir='ltr'><strong>iu</strong></span> <span class='ocrx_word' id='word_1_693' title='bbox 1098 4176 1304 4232; x_wconf 70' lang='lat' dir='ltr'><strong>nomine</strong></span> <span class='ocrx_word' id='word_1_694' title='bbox 1331 4167 1548 4239; x_wconf 69' lang='grc' dir='ltr'><strong>δονίιὶω</strong></span> <span class='ocrx_word' id='word_1_695' title='bbox 1565 4208 1579 4232; x_wconf 71' lang='lat' dir='ltr'><strong><em>o</em></strong></span> <span class='ocrx_word' id='word_1_696' title='bbox 1612 4166 1811 4223; x_wconf 67' lang='lat' dir='ltr'><strong>dehinc</strong></span> <span class='ocrx_word' id='word_1_697' title='bbox 1840 4181 2055 4235; x_wconf 72' lang='grc' dir='ltr'><strong>θεηενα·</strong></span> <span class='ocrx_word' id='word_1_698' title='bbox 2164 4169 2427 4241; x_wconf 85' lang='lat' dir='ltr'><strong>Equidem</strong></span> <span class='ocrx_word' id='word_1_699' title='bbox 2457 4186 2578 4231; x_wconf 86' lang='lat' dir='ltr'><strong>cum</strong></span> <span class='ocrx_word' id='word_1_700' title='bbox 2611 4170 2845 4229; x_wconf 86' lang='lat' dir='ltr'><strong>Verbum</strong></span> <span class='ocrx_word' id='word_1_701' title='bbox 2872 4177 3257 4237; x_wconf 83' lang='lat' dir='ltr'><strong>consiliatorem</strong></span> <span class='ocrx_word' id='word_1_702' title='bbox 3302 4202 3331 4239; x_wconf 86' lang='lat' dir='ltr'><strong>a</strong></span> <span class='ocrx_word' id='word_1_703' title='bbox 3372 4186 3533 4245; x_wconf 84' lang='lat' dir='ltr'><strong>Patre</strong></span> <span class='ocrx_word' id='word_1_704' title='bbox 3563 4192 3773 4250; x_wconf 87' lang='lat' dir='ltr'><strong>adbibi-</strong></span> 
     </span>
    </p>
   </div>
   <div class='ocr_carea' id='block_1_44' title="bbox 437 4256 3769 4346">
    <p class='ocr_par' dir='ltr' id='par_1_44' title="bbox 437 4256 3769 4346">
     <span class='ocr_line' id='line_1_44' title="bbox 437 4256 3769 4346; baseline -0.001 -9"><span class='ocrx_word' id='word_1_705' title='bbox 437 4275 916 4346; x_wconf 74' lang='lat' dir='ltr'><strong>tusodeﬂ&#39;ectum?</strong></span> <span class='ocrx_word' id='word_1_706' title='bbox 938 4272 1037 4329; x_wconf 87' lang='lat' dir='ltr'><strong>Hic</strong></span> <span class='ocrx_word' id='word_1_707' title='bbox 1083 4267 1332 4341; x_wconf 82' lang='lat' dir='ltr'><strong>profecto</strong></span> <span class='ocrx_word' id='word_1_708' title='bbox 1369 4261 1638 4331; x_wconf 74' lang='lat' dir='ltr'><strong>duplicem</strong></span> <span class='ocrx_word' id='word_1_709' title='bbox 1673 4256 1919 4314; x_wconf 82' lang='lat' dir='ltr'><strong>FilliDei</strong></span> <span class='ocrx_word' id='word_1_710' title='bbox 1962 4272 2060 4314; x_wconf 81' lang='lat' dir='ltr'><strong>ua-</strong></span> <span class='ocrx_word' id='word_1_711' title='bbox 2162 4271 2276 4319; x_wconf 88' lang='lat' dir='ltr'><strong>tum</strong></span> <span class='ocrx_word' id='word_1_712' title='bbox 2302 4262 2502 4321; x_wconf 88' lang='lat' dir='ltr'><strong>ibidem</strong></span> <span class='ocrx_word' id='word_1_713' title='bbox 2562 4272 2823 4331; x_wconf 82' lang='lat' dir='ltr'><strong>testatur;</strong></span> <span class='ocrx_word' id='word_1_714' title='bbox 2872 4267 2977 4324; x_wconf 84' lang='lat' dir='ltr'><strong>hoc</strong></span> <span class='ocrx_word' id='word_1_715' title='bbox 3029 4284 3162 4328; x_wconf 84' lang='lat' dir='ltr'><strong>sane</strong></span> <span class='ocrx_word' id='word_1_716' title='bbox 3218 4274 3452 4334; x_wconf 83' lang='lat' dir='ltr'><strong>Verbum</strong></span> <span class='ocrx_word' id='word_1_717' title='bbox 3506 4292 3769 4341; x_wconf 62' lang='lat' dir='ltr'><strong>aiter-num</strong></span> 
     </span>
    </p>
   </div>
   <div class='ocr_carea' id='block_1_45' title="bbox 438 4355 3769 4435">
    <p class='ocr_par' dir='ltr' id='par_1_45' title="bbox 438 4355 3769 4435">
     <span class='ocr_line' id='line_1_45' title="bbox 438 4355 3769 4435; baseline 0.002 -7"><span class='ocrx_word' id='word_1_718' title='bbox 438 4375 706 4435; x_wconf 80' lang='lat' dir='ltr'><strong>tivitatem</strong></span> <span class='ocrx_word' id='word_1_719' title='bbox 730 4367 1094 4426; x_wconf 84' lang='lat' dir='ltr'><strong>Tertullianus</strong></span> <span class='ocrx_word' id='word_1_720' title='bbox 1120 4362 1302 4434; x_wconf 85' lang='lat' dir='ltr'><strong>palam</strong></span> <span class='ocrx_word' id='word_1_721' title='bbox 1328 4358 1593 4413; x_wconf 86' lang='lat' dir='ltr'><strong>discernit</strong></span> <span class='ocrx_word' id='word_1_722' title='bbox 1618 4372 1632 4408; x_wconf 92' lang='lat'>:</span> <span class='ocrx_word' id='word_1_723' title='bbox 1658 4355 1882 4410; x_wconf 82' lang='lat' dir='ltr'><strong>alteram</strong></span> <span class='ocrx_word' id='word_1_724' title='bbox 1907 4394 1921 4420; x_wconf 89' lang='lat'><strong>,</strong></span> <span class='ocrx_word' id='word_1_725' title='bbox 1953 4367 2057 4424; x_wconf 89' lang='lat' dir='ltr'><strong>qua</strong></span> <span class='ocrx_word' id='word_1_726' title='bbox 2161 4356 2332 4413; x_wconf 77' lang='lat' dir='ltr'><strong>fuisse</strong></span> <span class='ocrx_word' id='word_1_727' title='bbox 2348 4355 2634 4427; x_wconf 73' lang='lat' dir='ltr'><strong>signiﬁcat,</strong></span> <span class='ocrx_word' id='word_1_728' title='bbox 2653 4373 2777 4417; x_wconf 88' lang='lat' dir='ltr'><strong>cum</strong></span> <span class='ocrx_word' id='word_1_729' title='bbox 2792 4360 2885 4416; x_wconf 89' lang='lat' dir='ltr'><strong>Dei</strong></span> <span class='ocrx_word' id='word_1_730' title='bbox 2899 4363 3187 4420; x_wconf 90' lang='lat' dir='ltr'><strong>consilium</strong></span> <span class='ocrx_word' id='word_1_731' title='bbox 3208 4381 3273 4422; x_wconf 89' lang='lat' dir='ltr'><strong>ac</strong></span> <span class='ocrx_word' id='word_1_732' title='bbox 3305 4368 3584 4429; x_wconf 88' lang='lat' dir='ltr'><strong>decretum</strong></span> <span class='ocrx_word' id='word_1_733' title='bbox 3609 4387 3769 4435; x_wconf 58' lang='lat' dir='ltr'><strong>aiter.</strong></span> 
     </span>
    </p>
   </div>
   <div class='ocr_carea' id='block_1_46' title="bbox 437 4446 3770 4532">
    <p class='ocr_par' dir='ltr' id='par_1_46' title="bbox 437 4446 3770 4532">
     <span class='ocr_line' id='line_1_46' title="bbox 437 4446 3770 4532; baseline 0.001 -20"><span class='ocrx_word' id='word_1_734' title='bbox 437 4467 603 4527; x_wconf 64' lang='lat' dir='ltr'><strong>paier</strong></span> <span class='ocrx_word' id='word_1_735' title='bbox 638 4465 694 4521; x_wconf 78' lang='lat' dir='ltr'><strong>in</strong></span> <span class='ocrx_word' id='word_1_736' title='bbox 723 4463 842 4532; x_wconf 81' lang='lat' dir='ltr'><strong>ipso</strong></span> <span class='ocrx_word' id='word_1_737' title='bbox 869 4460 938 4515; x_wconf 87' lang='lat' dir='ltr'><strong>de</strong></span> <span class='ocrx_word' id='word_1_738' title='bbox 965 4453 1216 4514; x_wconf 84' lang='lat' dir='ltr'><strong>creandis</strong></span> <span class='ocrx_word' id='word_1_739' title='bbox 1250 4451 1419 4509; x_wconf 89' lang='lat' dir='ltr'><strong>rebus</strong></span> <span class='ocrx_word' id='word_1_740' title='bbox 1464 4448 1692 4519; x_wconf 80' lang='lat' dir='ltr'><strong>cogitatu</strong></span> <span class='ocrx_word' id='word_1_741' title='bbox 1717 4488 1734 4516; x_wconf 91' lang='lat'><strong>,</strong></span> <span class='ocrx_word' id='word_1_742' title='bbox 1763 4447 1838 4502; x_wconf 90' lang='lat' dir='ltr'><strong>uti</strong></span> <span class='ocrx_word' id='word_1_743' title='bbox 1870 4446 2061 4516; x_wconf 85' lang='lat' dir='ltr'><strong>appel-</strong></span> <span class='ocrx_word' id='word_1_744' title='bbox 2084 4518 2132 4532; x_wconf 43' lang='lat' dir='ltr'><strong>ﬁ</strong></span> <span class='ocrx_word' id='word_1_745' title='bbox 2165 4464 2291 4505; x_wconf 86' lang='lat' dir='ltr'><strong>num</strong></span> <span class='ocrx_word' id='word_1_746' title='bbox 2328 4448 2508 4505; x_wconf 79' lang='lat' dir='ltr'><strong>fuerit.</strong></span> <span class='ocrx_word' id='word_1_747' title='bbox 2538 4448 2653 4505; x_wconf 82' lang='lat' dir='ltr'><strong>lino</strong></span> <span class='ocrx_word' id='word_1_748' title='bbox 2690 4451 2734 4505; x_wconf 91' lang='lat' dir='ltr'><strong>si</strong></span> <span class='ocrx_word' id='word_1_749' title='bbox 2759 4452 3136 4511; x_wconf 84' lang='lat' dir='ltr'><strong>consiliatorem</strong></span> <span class='ocrx_word' id='word_1_750' title='bbox 3156 4457 3591 4522; x_wconf 55' lang='lat' dir='ltr'><strong>illum‘habuitab</strong></span> <span class='ocrx_word' id='word_1_751' title='bbox 3608 4481 3770 4526; x_wconf 68' lang='lat' dir='ltr'><strong>aiter.</strong></span> 
     </span>
    </p>
   </div>
   <div class='ocr_carea' id='block_1_47' title="bbox 438 4518 3767 4628">
    <p class='ocr_par' dir='ltr' id='par_1_47' title="bbox 438 4518 3767 4628">
     <span class='ocr_line' id='line_1_47' title="bbox 438 4518 3767 4628; baseline 0.01 -43"><span class='ocrx_word' id='word_1_752' title='bbox 438 4518 864 4624; x_wconf 41' lang='lat' dir='ltr'><strong>LTI,‘,m0;wm</strong></span> <span class='ocrx_word' id='word_1_753' title='bbox 882 4567 979 4609; x_wconf 69' lang='lat' dir='ltr'><strong>seu</strong></span> <span class='ocrx_word' id='word_1_754' title='bbox 1007 4547 1232 4604; x_wconf 83' lang='lat' dir='ltr'><strong>Verbum</strong></span> <span class='ocrx_word' id='word_1_755' title='bbox 1253 4543 1469 4615; x_wconf 74' lang='lat' dir='ltr'><strong>Sophia:</strong></span> <span class='ocrx_word' id='word_1_756' title='bbox 1489 4518 1694 4598; x_wconf 83' lang='lat' dir='ltr'><strong>nomine</strong></span> <span class='ocrx_word' id='word_1_757' title='bbox 1715 4540 1884 4597; x_wconf 90' lang='lat' dir='ltr'><strong>edidit</strong></span> <span class='ocrx_word' id='word_1_758' title='bbox 1900 4540 1922 4613; x_wconf 94' lang='lat'>(</span> <span class='ocrx_word' id='word_1_759' title='bbox 1937 4557 2057 4611; x_wconf 88' lang='lat' dir='ltr'><strong>pro-</strong></span> <span class='ocrx_word' id='word_1_760' title='bbox 2084 4518 2138 4583; x_wconf 83' lang='grc' dir='ltr'><strong>Ῐ)</strong></span> <span class='ocrx_word' id='word_1_761' title='bbox 2164 4554 2262 4606; x_wconf 87' lang='lat' dir='ltr'><strong>no,</strong></span> <span class='ocrx_word' id='word_1_762' title='bbox 2280 4548 2569 4609; x_wconf 87' lang='lat' dir='ltr'><strong>antequam</strong></span> <span class='ocrx_word' id='word_1_763' title='bbox 2594 4539 2883 4612; x_wconf 82' lang='lat' dir='ltr'><strong>quidquam</strong></span> <span class='ocrx_word' id='word_1_764' title='bbox 2906 4543 2978 4600; x_wconf 92' lang='lat' dir='ltr'><strong>de</strong></span> <span class='ocrx_word' id='word_1_765' title='bbox 3005 4548 3240 4605; x_wconf 81' lang='lat' dir='ltr'><strong>creando</strong></span> <span class='ocrx_word' id='word_1_766' title='bbox 3262 4552 3396 4609; x_wconf 89' lang='lat' dir='ltr'><strong>orbe</strong></span> <span class='ocrx_word' id='word_1_767' title='bbox 3415 4518 3767 4628; x_wconf 62' lang='lat' dir='ltr'><strong>decerneiei;</strong></span> 
     </span>
    </p>
   </div>
   <div class='ocr_carea' id='block_1_48' title="bbox 438 4632 3769 4712">
    <p class='ocr_par' dir='ltr' id='par_1_48' title="bbox 438 4632 3769 4712">
     <span class='ocr_line' id='line_1_48' title="bbox 438 4632 3769 4712; baseline -0.004 -5"><span class='ocrx_word' id='word_1_768' title='bbox 438 4652 594 4707; x_wconf 85' lang='lat' dir='ltr'><strong>cessit</strong></span> <span class='ocrx_word' id='word_1_769' title='bbox 610 4647 879 4711; x_wconf 85' lang='lat' dir='ltr'><strong>conditus,</strong></span> <span class='ocrx_word' id='word_1_770' title='bbox 909 4642 1147 4712; x_wconf 86' lang='lat' dir='ltr'><strong>inquit),</strong></span> <span class='ocrx_word' id='word_1_771' title='bbox 1180 4648 1235 4695; x_wconf 88' lang='lat' dir='ltr'><strong>et</strong></span> <span class='ocrx_word' id='word_1_772' title='bbox 1273 4637 1394 4692; x_wconf 71' lang='lat' dir='ltr'><strong>hinc</strong></span> <span class='ocrx_word' id='word_1_773' title='bbox 1422 4633 1679 4691; x_wconf 89' lang='lat' dir='ltr'><strong>nativitas</strong></span> <span class='ocrx_word' id='word_1_774' title='bbox 1717 4644 1802 4691; x_wconf 88' lang='lat' dir='ltr'><strong>est</strong></span> <span class='ocrx_word' id='word_1_775' title='bbox 1842 4635 2056 4704; x_wconf 84' lang='lat' dir='ltr'><strong>proprie</strong></span> <span class='ocrx_word' id='word_1_776' title='bbox 2166 4633 2423 4702; x_wconf 84' lang='lat' dir='ltr'><strong>supponit</strong></span> <span class='ocrx_word' id='word_1_777' title='bbox 2445 4632 2575 4689; x_wconf 89' lang='lat' dir='ltr'><strong>illud</strong></span> <span class='ocrx_word' id='word_1_778' title='bbox 2608 4632 2842 4691; x_wconf 83' lang='lat' dir='ltr'><strong>Verbum</strong></span> <span class='ocrx_word' id='word_1_779' title='bbox 2868 4650 3051 4692; x_wconf 80' lang='lat' dir='ltr'><strong>verum</strong></span> <span class='ocrx_word' id='word_1_780' title='bbox 3069 4637 3265 4697; x_wconf 88' lang='lat' dir='ltr'><strong>Filium</strong></span> <span class='ocrx_word' id='word_1_781' title='bbox 3287 4646 3567 4705; x_wconf 74' lang='lat' dir='ltr'><strong>exstitisse</strong></span> <span class='ocrx_word' id='word_1_782' title='bbox 3584 4650 3639 4707; x_wconf 91' lang='lat' dir='ltr'><strong>in</strong></span> <span class='ocrx_word' id='word_1_783' title='bbox 3666 4652 3769 4709; x_wconf 86' lang='lat' dir='ltr'><strong>Pa-</strong></span> 
     </span>
    </p>
   </div>
   <div class='ocr_carea' id='block_1_49' title="bbox 437 4712 3768 4810">
    <p class='ocr_par' dir='ltr' id='par_1_49' title="bbox 437 4712 3768 4810">
     <span class='ocr_line' id='line_1_49' title="bbox 437 4712 3768 4810; baseline -0.001 -9"><span class='ocrx_word' id='word_1_784' title='bbox 437 4745 587 4805; x_wconf 74' lang='lat' dir='ltr'><strong>dicta</strong></span> <span class='ocrx_word' id='word_1_785' title='bbox 622 4739 814 4807; x_wconf 86' lang='lat' dir='ltr'><strong>Verbi,</strong></span> <span class='ocrx_word' id='word_1_786' title='bbox 846 4751 1008 4810; x_wconf 88' lang='lat' dir='ltr'><strong>quam</strong></span> <span class='ocrx_word' id='word_1_787' title='bbox 1042 4734 1264 4806; x_wconf 89' lang='lat' dir='ltr'><strong>primam</strong></span> <span class='ocrx_word' id='word_1_788' title='bbox 1305 4728 1574 4801; x_wconf 85' lang='lat' dir='ltr'><strong>appellat,</strong></span> <span class='ocrx_word' id='word_1_789' title='bbox 1605 4743 1729 4782; x_wconf 89' lang='lat' dir='ltr'><strong>cum</strong></span> <span class='ocrx_word' id='word_1_790' title='bbox 1755 4726 1823 4782; x_wconf 89' lang='lat' dir='ltr'><strong>ab</strong></span> <span class='ocrx_word' id='word_1_791' title='bbox 1852 4735 2057 4782; x_wconf 80' lang='lat' dir='ltr'><strong>aeterno</strong></span> <span class='ocrx_word' id='word_1_792' title='bbox 2169 4734 2252 4781; x_wconf 90' lang='lat' dir='ltr'><strong>tre</strong></span> <span class='ocrx_word' id='word_1_793' title='bbox 2277 4770 2290 4789; x_wconf 86' lang='lat'><strong>,</strong></span> <span class='ocrx_word' id='word_1_794' title='bbox 2315 4734 2602 4796; x_wconf 83' lang='lat' dir='ltr'><strong>antequam</strong></span> <span class='ocrx_word' id='word_1_795' title='bbox 2627 4712 2672 4782; x_wconf 78' lang='lat' dir='ltr'><strong>is</strong></span> <span class='ocrx_word' id='word_1_796' title='bbox 2696 4726 2985 4798; x_wconf 84' lang='lat' dir='ltr'><strong>quidquam</strong></span> <span class='ocrx_word' id='word_1_797' title='bbox 3018 4734 3309 4793; x_wconf 87' lang='lat' dir='ltr'><strong>creandum</strong></span> <span class='ocrx_word' id='word_1_798' title='bbox 3337 4738 3390 4792; x_wconf 89' lang='lat' dir='ltr'><strong>in</strong></span> <span class='ocrx_word' id='word_1_799' title='bbox 3417 4740 3609 4797; x_wconf 90' lang='lat' dir='ltr'><strong>eodem</strong></span> <span class='ocrx_word' id='word_1_800' title='bbox 3637 4744 3768 4801; x_wconf 84' lang='lat' dir='ltr'><strong>Ver-</strong></span> 
     </span>
    </p>
   </div>
   <div class='ocr_carea' id='block_1_50' title="bbox 440 4818 3762 4909">
    <p class='ocr_par' dir='ltr' id='par_1_50' title="bbox 440 4818 3762 4909">
     <span class='ocr_line' id='line_1_50' title="bbox 440 4818 3762 4909; baseline -0.007 -13"><span class='ocrx_word' id='word_1_801' title='bbox 440 4838 627 4909; x_wconf 70' lang='lat' dir='ltr'><strong>cinuia</strong></span> <span class='ocrx_word' id='word_1_802' title='bbox 655 4832 890 4903; x_wconf 82' lang='lat' dir='ltr'><strong>creanda</strong></span> <span class='ocrx_word' id='word_1_803' title='bbox 917 4846 948 4886; x_wconf 89' lang='lat' dir='ltr'><strong>a</strong></span> <span class='ocrx_word' id='word_1_804' title='bbox 978 4828 1141 4885; x_wconf 83' lang='lat' dir='ltr'><strong>Patre</strong></span> <span class='ocrx_word' id='word_1_805' title='bbox 1166 4827 1219 4882; x_wconf 88' lang='lat' dir='ltr'><strong>in</strong></span> <span class='ocrx_word' id='word_1_806' title='bbox 1250 4823 1432 4881; x_wconf 87' lang='lat' dir='ltr'><strong>Verbo</strong></span> <span class='ocrx_word' id='word_1_807' title='bbox 1460 4823 1602 4878; x_wconf 86' lang='lat' dir='ltr'><strong>dicta</strong></span> <span class='ocrx_word' id='word_1_808' title='bbox 1631 4830 1756 4877; x_wconf 86' lang='lat' dir='ltr'><strong>sunt.</strong></span> <span class='ocrx_word' id='word_1_809' title='bbox 1788 4839 1801 4876; x_wconf 87' lang='lat'><strong>:</strong></span> <span class='ocrx_word' id='word_1_810' title='bbox 1829 4818 2054 4874; x_wconf 86' lang='lat' dir='ltr'><strong>alteram</strong></span> <span class='ocrx_word' id='word_1_811' title='bbox 2169 4818 2240 4875; x_wconf 87' lang='lat' dir='ltr'><strong>bo</strong></span> <span class='ocrx_word' id='word_1_812' title='bbox 2268 4818 2606 4885; x_wconf 85' lang='lat' dir='ltr'><strong>decerneret,</strong></span> <span class='ocrx_word' id='word_1_813' title='bbox 2630 4834 2694 4880; x_wconf 86' lang='lat' dir='ltr'><strong>ac</strong></span> <span class='ocrx_word' id='word_1_814' title='bbox 2722 4820 2949 4892; x_wconf 84' lang='lat' dir='ltr'><strong>proinde</strong></span> <span class='ocrx_word' id='word_1_815' title='bbox 2988 4829 3393 4893; x_wconf 75' lang='lat' dir='ltr'><strong>generationem</strong></span> <span class='ocrx_word' id='word_1_816' title='bbox 3412 4830 3584 4906; x_wconf 73' lang='grc' dir='ltr'><strong>[χεγι]</strong></span> <span class='ocrx_word' id='word_1_817' title='bbox 3617 4836 3762 4894; x_wconf 65' lang='lat' dir='ltr'><strong>illam</strong></span> 
     </span>
    </p>
   </div>
   <div class='ocr_carea' id='block_1_51' title="bbox 443 4910 3762 5002">
    <p class='ocr_par' dir='ltr' id='par_1_51' title="bbox 443 4910 3762 5002">
     <span class='ocr_line' id='line_1_51' title="bbox 443 4910 3762 5002; baseline 0 -16"><span class='ocrx_word' id='word_1_818' title='bbox 443 4945 616 4993; x_wconf 83' lang='lat' dir='ltr'><strong>vero,</strong></span> <span class='ocrx_word' id='word_1_819' title='bbox 642 4940 751 4998; x_wconf 85' lang='lat' dir='ltr'><strong>qua</strong></span> <span class='ocrx_word' id='word_1_820' title='bbox 792 4924 939 4979; x_wconf 87' lang='lat' dir='ltr'><strong>Deus</strong></span> <span class='ocrx_word' id='word_1_821' title='bbox 974 4921 1028 4975; x_wconf 87' lang='lat' dir='ltr'><strong>in</strong></span> <span class='ocrx_word' id='word_1_822' title='bbox 1070 4920 1186 4991; x_wconf 88' lang='lat' dir='ltr'><strong>ipsa</strong></span> <span class='ocrx_word' id='word_1_823' title='bbox 1225 4915 1413 4973; x_wconf 89' lang='lat' dir='ltr'><strong>mundi</strong></span> <span class='ocrx_word' id='word_1_824' title='bbox 1445 4913 1719 4971; x_wconf 88' lang='lat' dir='ltr'><strong>creatione</strong></span> <span class='ocrx_word' id='word_1_825' title='bbox 1749 4911 1968 4967; x_wconf 89' lang='lat' dir='ltr'><strong>verbum</strong></span> <span class='ocrx_word' id='word_1_826' title='bbox 1989 4910 2059 4965; x_wconf 86' lang='lat' dir='ltr'><strong>ad</strong></span> <span class='ocrx_word' id='word_1_827' title='bbox 2168 4912 2330 4969; x_wconf 87' lang='lat' dir='ltr'><strong>Verbi</strong></span> <span class='ocrx_word' id='word_1_828' title='bbox 2361 4916 2639 4985; x_wconf 85' lang='lat' dir='ltr'><strong>supponit,</strong></span> <span class='ocrx_word' id='word_1_829' title='bbox 2666 4931 2770 4986; x_wconf 88' lang='lat' dir='ltr'><strong>qua</strong></span> <span class='ocrx_word' id='word_1_830' title='bbox 2804 4917 2964 4973; x_wconf 85' lang='lat' dir='ltr'><strong>Pater</strong></span> <span class='ocrx_word' id='word_1_831' title='bbox 2990 4933 3049 4974; x_wconf 85' lang='lat' dir='ltr'><strong>se</strong></span> <span class='ocrx_word' id='word_1_832' title='bbox 3072 4920 3244 4990; x_wconf 89' lang='lat' dir='ltr'><strong>ipsum</strong></span> <span class='ocrx_word' id='word_1_833' title='bbox 3271 4924 3323 4978; x_wconf 90' lang='lat' dir='ltr'><strong>in</strong></span> <span class='ocrx_word' id='word_1_834' title='bbox 3363 4925 3540 4984; x_wconf 88' lang='lat' dir='ltr'><strong>Verbo</strong></span> <span class='ocrx_word' id='word_1_835' title='bbox 3586 4930 3762 5002; x_wconf 79' lang='lat' dir='ltr'><strong>dixit,</strong></span> 
     </span>
    </p>
   </div>
   <div class='ocr_carea' id='block_1_52' title="bbox 442 5004 3766 5099">
    <p class='ocr_par' dir='ltr' id='par_1_52' title="bbox 442 5004 3766 5099">
     <span class='ocr_line' id='line_1_52' title="bbox 442 5004 3766 5099; baseline -0.005 -19"><span class='ocrx_word' id='word_1_836' title='bbox 442 5024 686 5099; x_wconf 55' lang='lat' dir='ltr'><strong>eiectum</strong></span> <span class='ocrx_word' id='word_1_837' title='bbox 706 5017 965 5091; x_wconf 81' lang='lat' dir='ltr'><strong>protulit;</strong></span> <span class='ocrx_word' id='word_1_838' title='bbox 997 5028 1121 5088; x_wconf 65' lang='lat' dir='ltr'><strong>quae</strong></span> <span class='ocrx_word' id='word_1_839' title='bbox 1151 5011 1252 5068; x_wconf 89' lang='lat' dir='ltr'><strong>etsi</strong></span> <span class='ocrx_word' id='word_1_840' title='bbox 1282 5008 1560 5082; x_wconf 76' lang='lat' dir='ltr'><strong>generatio</strong></span> <span class='ocrx_word' id='word_1_841' title='bbox 1591 5007 1662 5099; x_wconf 87' lang='lat' dir='ltr'><strong>sit</strong></span> <span class='ocrx_word' id='word_1_842' title='bbox 1687 5004 1852 5099; x_wconf 82' lang='lat' dir='ltr'><strong>Verbi</strong></span> <span class='ocrx_word' id='word_1_843' title='bbox 1882 5005 2063 5099; x_wconf 85' lang='lat' dir='ltr'><strong>minus</strong></span> <span class='ocrx_word' id='word_1_844' title='bbox 2166 5015 2456 5099; x_wconf 85' lang='lat' dir='ltr'><strong>antequam</strong></span> <span class='ocrx_word' id='word_1_845' title='bbox 2503 5022 2594 5063; x_wconf 88' lang='lat' dir='ltr'><strong>res</strong></span> <span class='ocrx_word' id='word_1_846' title='bbox 2638 5009 2901 5064; x_wconf 86' lang='lat' dir='ltr'><strong>creandas</strong></span> <span class='ocrx_word' id='word_1_847' title='bbox 2935 5010 2987 5065; x_wconf 90' lang='lat' dir='ltr'><strong>in</strong></span> <span class='ocrx_word' id='word_1_848' title='bbox 3016 5011 3133 5081; x_wconf 64' lang='lat' dir='ltr'><strong>ipso</strong></span> <span class='ocrx_word' id='word_1_849' title='bbox 3154 5014 3379 5073; x_wconf 83' lang='lat' dir='ltr'><strong>diceret.</strong></span> <span class='ocrx_word' id='word_1_850' title='bbox 3404 5019 3558 5087; x_wconf 76' lang='lat' dir='ltr'><strong>Quod</strong></span> <span class='ocrx_word' id='word_1_851' title='bbox 3586 5025 3631 5077; x_wconf 67' lang='lat' dir='ltr'><strong>si</strong></span> <span class='ocrx_word' id='word_1_852' title='bbox 3664 5022 3766 5081; x_wconf 71' lang='lat' dir='ltr'><strong>hoc</strong></span> 
     </span>
    </p>
   </div>
   <div class='ocr_carea' id='block_1_53' title="bbox 446 5097 3765 5193">
    <p class='ocr_par' dir='ltr' id='par_1_53' title="bbox 446 5097 3765 5193">
     <span class='ocr_line' id='line_1_53' title="bbox 446 5097 3765 5193; baseline 0.008 -43"><span class='ocrx_word' id='word_1_853' title='bbox 446 5114 673 5193; x_wconf 59' lang='lat' dir='ltr'><strong>proprie</strong></span> <span class='ocrx_word' id='word_1_854' title='bbox 694 5110 835 5167; x_wconf 67' lang='lat' dir='ltr'><strong>dicta</strong></span> <span class='ocrx_word' id='word_1_855' title='bbox 858 5149 873 5179; x_wconf 75' lang='lat'><strong>,</strong></span> <span class='ocrx_word' id='word_1_856' title='bbox 900 5117 1082 5169; x_wconf 75' lang='lat' dir='ltr'><strong>tamen</strong></span> <span class='ocrx_word' id='word_1_857' title='bbox 1112 5102 1364 5160; x_wconf 82' lang='lat' dir='ltr'><strong>nativitas</strong></span> <span class='ocrx_word' id='word_1_858' title='bbox 1400 5104 1624 5172; x_wconf 74' lang='lat' dir='ltr'><strong>perfecta</strong></span> <span class='ocrx_word' id='word_1_859' title='bbox 1650 5098 1854 5155; x_wconf 85' lang='lat' dir='ltr'><strong>idcirco</strong></span> <span class='ocrx_word' id='word_1_860' title='bbox 1876 5097 2060 5168; x_wconf 63' lang='lat' dir='ltr'><strong>appelo</strong></span> <span class='ocrx_word' id='word_1_861' title='bbox 2170 5098 2406 5155; x_wconf 89' lang='lat' dir='ltr'><strong>Verbum</strong></span> <span class='ocrx_word' id='word_1_862' title='bbox 2425 5101 2568 5157; x_wconf 82' lang='lat' dir='ltr'><strong>Patri</strong></span> <span class='ocrx_word' id='word_1_863' title='bbox 2581 5101 2798 5157; x_wconf 82' lang='lat' dir='ltr'><strong>similent</strong></span> <span class='ocrx_word' id='word_1_864' title='bbox 2816 5104 3239 5176; x_wconf 85' lang='lat' dir='ltr'><strong>spiritumvocat,</strong></span> <span class='ocrx_word' id='word_1_865' title='bbox 3260 5127 3420 5169; x_wconf 87' lang='lat' dir='ltr'><strong>nemo</strong></span> <span class='ocrx_word' id='word_1_866' title='bbox 3431 5114 3765 5187; x_wconf 77' lang='lat' dir='ltr'><strong>oil‘endatur;</strong></span> 
     </span>
    </p>
   </div>
   <div class='ocr_carea' id='block_1_54' title="bbox 449 5192 3768 5281">
    <p class='ocr_par' dir='ltr' id='par_1_54' title="bbox 449 5192 3768 5281">
     <span class='ocr_line' id='line_1_54' title="bbox 449 5192 3768 5281; baseline 0.002 -20"><span class='ocrx_word' id='word_1_867' title='bbox 619 5249 634 5274; x_wconf 92' lang='lat'><strong>,</strong></span> <span class='ocrx_word' id='word_1_868' title='bbox 662 5205 803 5277; x_wconf 78' lang='lat' dir='ltr'><strong>quod</strong></span> <span class='ocrx_word' id='word_1_869' title='bbox 844 5203 935 5261; x_wconf 86' lang='lat' dir='ltr'><strong>illa</strong></span> <span class='ocrx_word' id='word_1_870' title='bbox 976 5199 1159 5272; x_wconf 84' lang='lat' dir='ltr'><strong>prior,</strong></span> <span class='ocrx_word' id='word_1_871' title='bbox 1188 5198 1319 5256; x_wconf 79' lang='lat' dir='ltr'><strong>licet</strong></span> <span class='ocrx_word' id='word_1_872' title='bbox 1356 5196 1574 5268; x_wconf 85' lang='lat' dir='ltr'><strong>prOpria</strong></span> <span class='ocrx_word' id='word_1_873' title='bbox 1612 5193 1860 5251; x_wconf 85' lang='lat' dir='ltr'><strong>nativitas</strong></span> <span class='ocrx_word' id='word_1_874' title='bbox 1880 5232 1896 5262; x_wconf 95' lang='lat'><strong>,</strong></span> <span class='ocrx_word' id='word_1_875' title='bbox 1923 5192 2061 5248; x_wconf 89' lang='lat' dir='ltr'><strong>intra</strong></span> <span class='ocrx_word' id='word_1_876' title='bbox 2169 5208 2293 5250; x_wconf 90' lang='lat' dir='ltr'><strong>cum</strong></span> <span class='ocrx_word' id='word_1_877' title='bbox 2322 5194 2540 5251; x_wconf 87' lang='lat' dir='ltr'><strong>similem</strong></span> <span class='ocrx_word' id='word_1_878' title='bbox 2567 5197 2806 5262; x_wconf 84' lang='lat' dir='ltr'><strong>spiritum</strong></span> <span class='ocrx_word' id='word_1_879' title='bbox 2827 5200 3062 5269; x_wconf 82' lang='lat' dir='ltr'><strong>appellet</strong></span> <span class='ocrx_word' id='word_1_880' title='bbox 3090 5218 3158 5259; x_wconf 90' lang='lat' dir='ltr'><strong>eo</strong></span> <span class='ocrx_word' id='word_1_881' title='bbox 3185 5220 3371 5271; x_wconf 76' lang='lat' dir='ltr'><strong>sensu,</strong></span> <span class='ocrx_word' id='word_1_882' title='bbox 3401 5223 3509 5279; x_wconf 90' lang='lat' dir='ltr'><strong>quo</strong></span> <span class='ocrx_word' id='word_1_883' title='bbox 3551 5211 3601 5266; x_wconf 91' lang='lat' dir='ltr'><strong>id</strong></span> <span class='ocrx_word' id='word_1_884' title='bbox 3629 5212 3768 5269; x_wconf 72' lang='lat' dir='ltr'><strong>Ver~</strong></span> 
     </span>
    </p>
   </div>
   <div class='ocr_carea' id='block_1_55' title="bbox 452 5287 3767 5379">
    <p class='ocr_par' dir='ltr' id='par_1_55' title="bbox 452 5287 3767 5379">
     <span class='ocr_line' id='line_1_55' title="bbox 452 5287 3767 5379; baseline 0.001 -20"><span class='ocrx_word' id='word_1_885' title='bbox 452 5307 629 5363; x_wconf 70' lang='lat' dir='ltr'><strong>Deum</strong></span> <span class='ocrx_word' id='word_1_886' title='bbox 648 5301 836 5366; x_wconf 80' lang='lat' dir='ltr'><strong>latuit;</strong></span> <span class='ocrx_word' id='word_1_887' title='bbox 866 5300 985 5365; x_wconf 66' lang='lat' dir='ltr'><strong>haec</strong></span> <span class='ocrx_word' id='word_1_888' title='bbox 1012 5303 1194 5352; x_wconf 86' lang='lat' dir='ltr'><strong>autem</strong></span> <span class='ocrx_word' id='word_1_889' title='bbox 1219 5301 1367 5350; x_wconf 78' lang='lat' dir='ltr'><strong>extra</strong></span> <span class='ocrx_word' id='word_1_890' title='bbox 1401 5292 1565 5347; x_wconf 86' lang='lat' dir='ltr'><strong>Deum</strong></span> <span class='ocrx_word' id='word_1_891' title='bbox 1594 5290 1850 5360; x_wconf 88' lang='lat' dir='ltr'><strong>prodiens</strong></span> <span class='ocrx_word' id='word_1_892' title='bbox 1872 5330 1885 5353; x_wconf 93' lang='lat'><strong>,</strong></span> <span class='ocrx_word' id='word_1_893' title='bbox 1913 5288 2061 5355; x_wconf 86' lang='lat' dir='ltr'><strong>prio-</strong></span> <span class='ocrx_word' id='word_1_894' title='bbox 2168 5289 2302 5345; x_wconf 82' lang='lat' dir='ltr'><strong>bum</strong></span> <span class='ocrx_word' id='word_1_895' title='bbox 2334 5290 2505 5362; x_wconf 87' lang='lat' dir='ltr'><strong>imago</strong></span> <span class='ocrx_word' id='word_1_896' title='bbox 2529 5287 2647 5356; x_wconf 86' lang='lat' dir='ltr'><strong>Dei,</strong></span> <span class='ocrx_word' id='word_1_897' title='bbox 2680 5302 2726 5346; x_wconf 83' lang='lat' dir='ltr'><strong>et</strong></span> <span class='ocrx_word' id='word_1_898' title='bbox 2755 5292 2922 5363; x_wconf 77' lang='lat' dir='ltr'><strong>ﬁgura</strong></span> <span class='ocrx_word' id='word_1_899' title='bbox 2961 5294 3258 5354; x_wconf 66' lang='lat' dir='ltr'><strong>substantiae</strong></span> <span class='ocrx_word' id='word_1_900' title='bbox 3296 5303 3409 5373; x_wconf 85' lang='lat' dir='ltr'><strong>ejus</strong></span> <span class='ocrx_word' id='word_1_901' title='bbox 3443 5305 3494 5358; x_wconf 88' lang='lat' dir='ltr'><strong>in</strong></span> <span class='ocrx_word' id='word_1_902' title='bbox 3523 5305 3767 5379; x_wconf 80' lang='lat' dir='ltr'><strong>Scriptu-</strong></span> 
     </span>
    </p>
   </div>
   <div class='ocr_carea' id='block_1_56' title="bbox 450 5378 3774 5469">
    <p class='ocr_par' dir='ltr' id='par_1_56' title="bbox 450 5378 3774 5469">
     <span class='ocr_line' id='line_1_56' title="bbox 450 5378 3774 5469; baseline 0.002 -22"><span class='ocrx_word' id='word_1_903' title='bbox 450 5414 577 5465; x_wconf 69' lang='grc' dir='ltr'><strong>ι-ωη</strong></span> <span class='ocrx_word' id='word_1_904' title='bbox 604 5396 745 5465; x_wconf 61' lang='lat' dir='ltr'><strong>illam</strong></span> <span class='ocrx_word' id='word_1_905' title='bbox 777 5395 1033 5451; x_wconf 81' lang='lat' dir='ltr'><strong>latentem</strong></span> <span class='ocrx_word' id='word_1_906' title='bbox 1073 5386 1262 5445; x_wconf 78' lang='lat' dir='ltr'><strong>eduxit</strong></span> <span class='ocrx_word' id='word_1_907' title='bbox 1289 5382 1519 5457; x_wconf 81' lang='lat' dir='ltr'><strong>quodam</strong></span> <span class='ocrx_word' id='word_1_908' title='bbox 1547 5382 1708 5439; x_wconf 87' lang='lat' dir='ltr'><strong>modo</strong></span> <span class='ocrx_word' id='word_1_909' title='bbox 1733 5423 1747 5447; x_wconf 93' lang='lat'><strong>,</strong></span> <span class='ocrx_word' id='word_1_910' title='bbox 1779 5395 1902 5436; x_wconf 89' lang='lat' dir='ltr'><strong>cum</strong></span> <span class='ocrx_word' id='word_1_911' title='bbox 1938 5378 2069 5435; x_wconf 87' lang='lat' dir='ltr'><strong>Ver-</strong></span> <span class='ocrx_word' id='word_1_912' title='bbox 2179 5381 2255 5437; x_wconf 84' lang='lat' dir='ltr'><strong>ris</strong></span> <span class='ocrx_word' id='word_1_913' title='bbox 2278 5394 2502 5437; x_wconf 81' lang='lat' dir='ltr'><strong>vocatur</strong></span> <span class='ocrx_word' id='word_1_914' title='bbox 2527 5423 2542 5445; x_wconf 90' lang='lat'><strong>,</strong></span> <span class='ocrx_word' id='word_1_915' title='bbox 2574 5381 2716 5453; x_wconf 87' lang='lat' dir='ltr'><strong>quod</strong></span> <span class='ocrx_word' id='word_1_916' title='bbox 2758 5398 2879 5439; x_wconf 89' lang='lat' dir='ltr'><strong>cum</strong></span> <span class='ocrx_word' id='word_1_917' title='bbox 2933 5386 3137 5445; x_wconf 85' lang='lat' dir='ltr'><strong>unitate</strong></span> <span class='ocrx_word' id='word_1_918' title='bbox 3189 5390 3506 5450; x_wconf 68' lang='lat' dir='ltr'><strong>substantiae</strong></span> <span class='ocrx_word' id='word_1_919' title='bbox 3548 5399 3616 5454; x_wconf 87' lang='lat' dir='ltr'><strong>ab</strong></span> <span class='ocrx_word' id='word_1_920' title='bbox 3654 5400 3774 5469; x_wconf 86' lang='lat' dir='ltr'><strong>ipso</strong></span> 
     </span>
    </p>
   </div>
   <div class='ocr_carea' id='block_1_57' title="bbox 454 5471 3777 5560">
    <p class='ocr_par' dir='ltr' id='par_1_57' title="bbox 454 5471 3777 5560">
     <span class='ocr_line' id='line_1_57' title="bbox 454 5471 3777 5560; baseline 0.001 -19"><span class='ocrx_word' id='word_1_921' title='bbox 454 5493 587 5555; x_wconf 68' lang='lat' dir='ltr'><strong>bum</strong></span> <span class='ocrx_word' id='word_1_922' title='bbox 616 5489 788 5557; x_wconf 73' lang='lat' dir='ltr'><strong>ipsum</strong></span> <span class='ocrx_word' id='word_1_923' title='bbox 812 5481 1080 5541; x_wconf 78' lang='lat' dir='ltr'><strong>creaniris</strong></span> <span class='ocrx_word' id='word_1_924' title='bbox 1102 5476 1446 5537; x_wconf 83' lang='lat' dir='ltr'><strong>manifestum</strong></span> <span class='ocrx_word' id='word_1_925' title='bbox 1469 5475 1625 5541; x_wconf 81' lang='lat' dir='ltr'><strong>fecit;</strong></span> <span class='ocrx_word' id='word_1_926' title='bbox 1651 5484 1704 5530; x_wconf 87' lang='lat' dir='ltr'><strong>et</strong></span> <span class='ocrx_word' id='word_1_927' title='bbox 1736 5473 1835 5528; x_wconf 87' lang='lat' dir='ltr'><strong>hac</strong></span> <span class='ocrx_word' id='word_1_928' title='bbox 1858 5471 2073 5535; x_wconf 80' lang='lat' dir='ltr'><strong>ratione</strong></span> <span class='ocrx_word' id='word_1_929' title='bbox 2180 5472 2461 5530; x_wconf 87' lang='lat' dir='ltr'><strong>Lactantio</strong></span> <span class='ocrx_word' id='word_1_930' title='bbox 2487 5474 2606 5529; x_wconf 89' lang='lat' dir='ltr'><strong>aliis</strong></span> <span class='ocrx_word' id='word_1_931' title='bbox 2632 5476 2955 5533; x_wconf 87' lang='lat' dir='ltr'><strong>testimoniis</strong></span> <span class='ocrx_word' id='word_1_932' title='bbox 2986 5479 3211 5538; x_wconf 59' lang='lat' dir='ltr'><strong>adsertae</strong></span> <span class='ocrx_word' id='word_1_933' title='bbox 3249 5483 3384 5540; x_wconf 85' lang='lat' dir='ltr'><strong>nihil</strong></span> <span class='ocrx_word' id='word_1_934' title='bbox 3416 5499 3636 5560; x_wconf 80' lang='lat' dir='ltr'><strong>pugnat.</strong></span> <span class='ocrx_word' id='word_1_935' title='bbox 3664 5490 3777 5545; x_wconf 84' lang='lat' dir='ltr'><strong>Ad-</strong></span> 
     </span>
    </p>
   </div>
   <div class='ocr_carea' id='block_1_58' title="bbox 458 5568 3781 5653">
    <p class='ocr_par' dir='ltr' id='par_1_58' title="bbox 458 5568 3781 5653">
     <span class='ocr_line' id='line_1_58' title="bbox 458 5568 3781 5653; baseline -0.005 -11"><span class='ocrx_word' id='word_1_936' title='bbox 458 5584 559 5641; x_wconf 81' lang='lat' dir='ltr'><strong>Dei</strong></span> <span class='ocrx_word' id='word_1_937' title='bbox 602 5580 773 5637; x_wconf 83' lang='lat' dir='ltr'><strong>Filius</strong></span> <span class='ocrx_word' id='word_1_938' title='bbox 803 5581 861 5633; x_wconf 86' lang='lat' dir='ltr'><strong>in</strong></span> <span class='ocrx_word' id='word_1_939' title='bbox 898 5573 1174 5635; x_wconf 83' lang='lat' dir='ltr'><strong>creatione</strong></span> <span class='ocrx_word' id='word_1_940' title='bbox 1221 5569 1405 5629; x_wconf 83' lang='lat' dir='ltr'><strong>mundi</strong></span> <span class='ocrx_word' id='word_1_941' title='bbox 1454 5568 1673 5639; x_wconf 83' lang='lat' dir='ltr'><strong>speciem</strong></span> <span class='ocrx_word' id='word_1_942' title='bbox 1709 5575 1759 5622; x_wconf 93' lang='lat' dir='ltr'><strong>et</strong></span> <span class='ocrx_word' id='word_1_943' title='bbox 1791 5575 2030 5621; x_wconf 85' lang='lat' dir='ltr'><strong>ornatum</strong></span> <span class='ocrx_word' id='word_1_944' title='bbox 2055 5607 2072 5631; x_wconf 88' lang='lat'><strong>,</strong></span> <span class='ocrx_word' id='word_1_945' title='bbox 2186 5568 2267 5624; x_wconf 90' lang='lat' dir='ltr'><strong>dit</strong></span> <span class='ocrx_word' id='word_1_946' title='bbox 2290 5576 2551 5638; x_wconf 69' lang='lat' dir='ltr'><strong>prmterea</strong></span> <span class='ocrx_word' id='word_1_947' title='bbox 2576 5568 2778 5639; x_wconf 87' lang='lat' dir='ltr'><strong>aliquid</strong></span> <span class='ocrx_word' id='word_1_948' title='bbox 2802 5570 2897 5626; x_wconf 88' lang='lat' dir='ltr'><strong>lib.</strong></span> <span class='ocrx_word' id='word_1_949' title='bbox 2926 5587 2975 5627; x_wconf 82' lang='lat' dir='ltr'><strong>tv</strong></span> <span class='ocrx_word' id='word_1_950' title='bbox 3004 5587 3122 5643; x_wconf 90' lang='lat' dir='ltr'><strong>cap.</strong></span> <span class='ocrx_word' id='word_1_951' title='bbox 3157 5576 3190 5630; x_wconf 89' lang='lat'>8</span> <span class='ocrx_word' id='word_1_952' title='bbox 3228 5587 3282 5631; x_wconf 91' lang='lat' dir='ltr'><strong>et</strong></span> <span class='ocrx_word' id='word_1_953' title='bbox 3310 5576 3369 5646; x_wconf 73' lang='lat'><strong>9,</strong></span> <span class='ocrx_word' id='word_1_954' title='bbox 3410 5580 3478 5636; x_wconf 84' lang='lat' dir='ltr'><strong>de</strong></span> <span class='ocrx_word' id='word_1_955' title='bbox 3508 5583 3781 5653; x_wconf 60' lang='lat' dir='ltr'><strong>prolaiiqo</strong></span> 
     </span>
    </p>
   </div>
   <div class='ocr_carea' id='block_1_59' title="bbox 460 5660 3782 5742">
    <p class='ocr_par' dir='ltr' id='par_1_59' title="bbox 460 5660 3782 5742">
     <span class='ocr_line' id='line_1_59' title="bbox 460 5660 3782 5742; baseline -0 -12"><span class='ocrx_word' id='word_1_956' title='bbox 460 5693 561 5735; x_wconf 70' lang='lat' dir='ltr'><strong>seu</strong></span> <span class='ocrx_word' id='word_1_957' title='bbox 589 5689 775 5735; x_wconf 84' lang='lat' dir='ltr'><strong>sonum</strong></span> <span class='ocrx_word' id='word_1_958' title='bbox 801 5681 846 5726; x_wconf 85' lang='lat' dir='ltr'><strong>et</strong></span> <span class='ocrx_word' id='word_1_959' title='bbox 875 5686 1052 5725; x_wconf 78' lang='lat' dir='ltr'><strong>vocem</strong></span> <span class='ocrx_word' id='word_1_960' title='bbox 1079 5666 1363 5739; x_wconf 78' lang='lat' dir='ltr'><strong>quamdam</strong></span> <span class='ocrx_word' id='word_1_961' title='bbox 1391 5664 1620 5735; x_wconf 87' lang='lat' dir='ltr'><strong>accepit,</strong></span> <span class='ocrx_word' id='word_1_962' title='bbox 1646 5663 1833 5733; x_wconf 89' lang='lat' dir='ltr'><strong>sicque</strong></span> <span class='ocrx_word' id='word_1_963' title='bbox 1852 5664 2080 5735; x_wconf 77' lang='lat' dir='ltr'><strong>perfecta</strong></span> <span class='ocrx_word' id='word_1_964' title='bbox 2184 5660 2423 5731; x_wconf 86' lang='lat' dir='ltr'><strong>quodam</strong></span> <span class='ocrx_word' id='word_1_965' title='bbox 2450 5676 2683 5715; x_wconf 84' lang='lat' dir='ltr'><strong>sermone</strong></span> <span class='ocrx_word' id='word_1_966' title='bbox 2703 5674 2799 5717; x_wconf 88' lang='lat' dir='ltr'><strong>seu</strong></span> <span class='ocrx_word' id='word_1_967' title='bbox 2838 5666 3000 5721; x_wconf 82' lang='lat' dir='ltr'><strong>uocati</strong></span> <span class='ocrx_word' id='word_1_968' title='bbox 3029 5666 3215 5735; x_wconf 76' lang='lat' dir='ltr'><strong>spiritu</strong></span> <span class='ocrx_word' id='word_1_969' title='bbox 3246 5709 3260 5734; x_wconf 94' lang='lat'><strong>,</strong></span> <span class='ocrx_word' id='word_1_970' title='bbox 3303 5671 3381 5725; x_wconf 87' lang='lat' dir='ltr'><strong>uti</strong></span> <span class='ocrx_word' id='word_1_971' title='bbox 3409 5684 3592 5737; x_wconf 87' lang='lat' dir='ltr'><strong>vocat,</strong></span> <span class='ocrx_word' id='word_1_972' title='bbox 3620 5688 3782 5742; x_wconf 85' lang='lat' dir='ltr'><strong>quem</strong></span> 
     </span>
    </p>
   </div>
   <div class='ocr_carea' id='block_1_60' title="bbox 467 5754 3791 5838">
    <p class='ocr_par' dir='ltr' id='par_1_60' title="bbox 467 5754 3791 5838">
     <span class='ocr_line' id='line_1_60' title="bbox 467 5754 3791 5838; baseline -0.002 -12"><span class='ocrx_word' id='word_1_973' title='bbox 467 5771 569 5826; x_wconf 78' lang='lat' dir='ltr'><strong>fuit</strong></span> <span class='ocrx_word' id='word_1_974' title='bbox 603 5767 725 5838; x_wconf 77' lang='lat' dir='ltr'><strong>eius</strong></span> <span class='ocrx_word' id='word_1_975' title='bbox 750 5762 1004 5823; x_wconf 83' lang='lat' dir='ltr'><strong>nativitas</strong></span> <span class='ocrx_word' id='word_1_976' title='bbox 1028 5801 1043 5828; x_wconf 88' lang='lat'><strong>,</strong></span> <span class='ocrx_word' id='word_1_977' title='bbox 1075 5775 1186 5819; x_wconf 88' lang='lat' dir='ltr'><strong>non</strong></span> <span class='ocrx_word' id='word_1_978' title='bbox 1206 5757 1384 5831; x_wconf 71' lang='lat' dir='ltr'><strong>quoad</strong></span> <span class='ocrx_word' id='word_1_979' title='bbox 1407 5757 1575 5823; x_wconf 77' lang='lat' dir='ltr'><strong>Deum</strong></span> <span class='ocrx_word' id='word_1_980' title='bbox 1601 5798 1618 5826; x_wconf 91' lang='lat'><strong>,</strong></span> <span class='ocrx_word' id='word_1_981' title='bbox 1651 5755 1704 5813; x_wconf 88' lang='lat' dir='ltr'><strong>in</strong></span> <span class='ocrx_word' id='word_1_982' title='bbox 1730 5771 1838 5828; x_wconf 89' lang='lat' dir='ltr'><strong>quo</strong></span> <span class='ocrx_word' id='word_1_983' title='bbox 1866 5770 2084 5828; x_wconf 85' lang='lat' dir='ltr'><strong>semper</strong></span> <span class='ocrx_word' id='word_1_984' title='bbox 2192 5770 2293 5824; x_wconf 82' lang='lat' dir='ltr'><strong>pro</strong></span> <span class='ocrx_word' id='word_1_985' title='bbox 2330 5766 2556 5815; x_wconf 82' lang='lat' dir='ltr'><strong>esterno</strong></span> <span class='ocrx_word' id='word_1_986' title='bbox 2585 5770 2721 5812; x_wconf 88' lang='lat' dir='ltr'><strong>sono</strong></span> <span class='ocrx_word' id='word_1_987' title='bbox 2758 5754 3010 5815; x_wconf 82' lang='lat' dir='ltr'><strong>Petavius</strong></span> <span class='ocrx_word' id='word_1_988' title='bbox 3037 5763 3261 5831; x_wconf 81' lang='lat' dir='ltr'><strong>accepit.</strong></span> <span class='ocrx_word' id='word_1_989' title='bbox 3311 5764 3388 5821; x_wconf 87' lang='lat' dir='ltr'><strong>At</strong></span> <span class='ocrx_word' id='word_1_990' title='bbox 3412 5778 3535 5824; x_wconf 85' lang='lat' dir='ltr'><strong>cum</strong></span> <span class='ocrx_word' id='word_1_991' title='bbox 3562 5764 3791 5820; x_wconf 75' lang='lat' dir='ltr'><strong>vocalem</strong></span> 
     </span>
    </p>
   </div>
  </div>
