4242 6168
467 243 562 298 Ml

1833 237 2370 296 PRULEGOMENA.

3674 241 3779 302 ΗΞ

463 361 600 414 Ιιιιησ
622 359 863 430 spiritum
896 399 910 422 ,
955 373 1058 412 non
1087 366 1252 422 utero,
1277 356 1366 411 sed
1406 365 1571 410 mente
1617 365 1916 426 conceptum
1947 396 1960 419 ,
2014 364 2067 409 et
2097 362 2144 418 Α
2175 355 2448 426 proposito
2477 356 2604 412 totis
2626 367 2857 428 quatuor
2879 357 3143 413 adversus
3171 356 3360 412 Arium
3403 358 3560 414 libris
3583 360 3775 416 catho-

463 463 783 520 conceptum
808 451 1024 522 quidem
1049 461 1079 506 a
1109 451 1266 505 Patre
1293 449 1676 521 inexcogitabili
1705 450 1930 520 quadam
1959 466 2068 503 ma-

456 547 660 618 iestatis
681 561 790 601 sua:
817 546 1000 600 virtute
1024 561 1086 598 ac
1111 543 1338 614 polentia
1374 542 1686 598 Laclantius
1716 543 1890 612 palam
1921 542 2068 597 affir-

462 649 608 707 met;
639 639 822 710 procul
857 638 1022 693 dubio
1049 636 1457 708 generationem
1482 635 1724 706 ejusdem
1750 634 1909 690 Verbi
1961 643 2066 690 non

463 742 744 788 externam
769 772 784 797 ,
825 730 922 787 sed
953 732 1196 786 intimam
1223 771 1238 797 ,
1271 744 1335 784 ac
1367 729 1528 785 Verbi
1571 730 1758 784 aeterni
1797 730 2066 799 propriam

461 837 649 898 aperte
671 826 958 898 significat,
989 841 1149 896 quam
1181 824 1400 896 quidem
1430 825 1744 880 nativitatem
1786 823 2069 884 spiritalem

463 921 702 992 appellat
729 935 850 990 cap.
883 920 970 978 l5.
1003 929 1058 974 et
1087 919 1344 973 nativitati
1373 917 1573 972 carnali
1604 915 1847 987 opponit,
1879 931 2070 988 quam—

463 1029 569 1084 que
609 1012 1056 1084 inearcogitabilcm
1109 1013 1267 1082 plane
1311 1026 1433 1067 esse
1477 1011 1594 1081 ipso
1621 1009 1813 1074 capitis
1841 1011 1874 1065 8
1916 1010 2069 1065 initio

463 1108 674 1162 monuit
715 1123 728 1160 :
761 1104 902 1160 unde
929 1115 982 1158 et
1011 1103 1104 1160 lib.
1133 1120 1169 1158 ιι
1197 1117 1318 1166 cap.
1345 1102 1378 1158 8
1403 1119 1524 1158 eum
1554 1099 1883 1170 ineﬂabiliter
1908 1117 1937 1155 a
1969 1100 2070 1155 Pa-

465 1207 550 1254 tre
572 1207 820 1253 ceternum
861 1196 1099 1268 genitutn
1127 1195 1327 1266 prodit.
1362 1195 1532 1250 Porro
1563 1209 1626 1250 ex
1659 1208 1778 1264 cap.
1802 1193 1873 1248 25
1896 1193 1990 1247 lib.
2015 1207 2067 1246 tv

459 1289 812 1347 manifestum
869 1289 930 1343 fit
977 1288 1138 1342 Deum
1168 1288 1232 1342 de
1280 1287 1384 1342 Deo
1435 1287 1674 1341 habitum
1704 1303 1732 1340 a
1789 1285 2069 1341 Lactantio

459 1381 626 1448 hunc,
651 1398 811 1451 quem
855 1381 1142 1451 prolatione
1181 1381 1320 1434 vocis
1348 1396 1407 1434 ac
1443 1379 1653 1452 spiritus
1693 1379 1925 1449 generari
1966 1391 2067 1449 po-

461 1477 631 1531 tuisse
655 1475 903 1540 censuit;
935 1485 988 1531 et
1016 1489 1203 1528 vocem
1235 1487 1299 1528 ac
1329 1473 1576 1543 spiritum
1603 1471 1751 1525 illiilli
1784 1471 1852 1524 ab
1879 1486 1944 1524 eo
1968 1486 2066 1524 vo-

459 1576 641 1623 catum
674 1565 840 1636 liquet
862 1565 1128 1620 locutione
1153 1563 1564 1635 prophetarum,
1605 1564 1693 1634 qui
1724 1562 1972 1618 sermonis
2001 1577 2066 1617 ac

459 1661 672 1730 spiritus
695 1659 1004 1713 nominibus
1030 1655 1124 1712 Dei
1151 1656 1343 1711 Filium
1375 1656 1699 1710 indicarunt.
1725 1655 1909 1725 Itaque
1933 1653 2067 1708 nihil

2175 449 2334 504 licum
2357 448 2549 520 dogma
2579 449 2799 506 disertis
2825 451 3006 506 verbis
3043 451 3438 523 sententiisque
3475 453 3728 510 defendat
3760 498 3774 520 ,

2175 543 2297 596 utsi
2335 543 2420 598 cui
2451 543 2686 614 aliquam
2729 543 2801 598 ob
2850 542 3137 598 formulam
3185 559 3214 597 a
3272 542 3498 600 Petavio
3541 555 3773 600 notatam

2173 635 2417 691 videatur
2441 638 2677 692 sensisse
2701 678 2716 704 ,
2745 637 2985 691 divinum
3036 637 3275 692 Verbum
3309 647 3416 692 tum
3450 643 3596 710 foras
3629 657 3780 712 gene-

2173 729 2372 784 ratione
2389 729 2660 799 prodiisse,
2685 729 2888 796 quando
2928 730 3176 783 mundum
3202 732 3489 801 procreavit
3531 731 3695 798 Deus,
3725 743 3783 789 ut

2173 822 2314 877 idem
2335 823 2535 876 Auctor
2557 837 2621 877 ex
2652 821 2832 877 allatis
2860 823 2957 878 abs
2988 838 3048 878 se
3079 823 3315 878 testibus
3342 824 3584 894 colligit;
3613 826 3659 881 is
3687 835 3782 882 aut

2173 915 2438 970 Victorini
2465 916 2631 970 libros
2654 932 2757 970 non
2789 915 2999 985 legerit,
3031 925 3124 971 aut
3151 916 3197 971 si
3227 916 3371 988 legit,
3404 919 3606 987 sparsis
3626 935 3656 973 a
3679 918 3783 976 Pe-

2172 1008 2315 1063 tavio
2345 1007 2672 1078 prmjudiciis
2698 1008 2923 1063 fortasse
2952 1008 3245 1077 impeditus
3269 1050 3282 1073 ,
3314 1023 3420 1063 non
3450 1008 3785 1064 intellexerit

2174 1117 2306 1178 sane
2346 1101 2464 1170 ejus
2490 1102 2811 1156 sententiam
2836 1141 2850 1164 ,
2881 1116 3002 1172 qua:
3029 1101 3347 1157 clarissimis
3375 1102 3497 1157 aliis
3539 1104 3785 1157 testimo-

2173 1195 2278 1250 niis
2300 1193 2565 1264 explicata
2599 1194 2734 1249 satis
2756 1193 2987 1249 videtur.
3018 1194 3152 1250 Cum
3196 1195 3339 1250 enim
3369 1194 3780 1265 generationem

2173 1287 2340 1345 Verbi
2410 1298 2668 1344 :eternam
2741 1289 2984 1356 pluribus
3052 1289 3186 1344 locis
3257 1288 3617 1344 disertissime
3701 1290 3784 1343 fa-

2174 1392 2372 1447 teatur,
2397 1381 2508 1452 jam
2529 1382 2702 1437 sicubi
2727 1381 2968 1452 ejusdem
2993 1381 3154 1437 Verbi
3176 1381 3578 1452 generationem
3599 1380 3784 1454 [sevit]

2170 1478 2636 1548 manifestationem
2708 1477 2983 1548 appellat,
3061 1491 3157 1531 seu
3201 1476 3599 1530 declarationem
3645 1475 3786 1528 intus

2175 1571 2450 1640 potentiae,
2483 1570 2555 1624 ita
2589 1578 2644 1623 ut
2677 1567 2835 1623 Pater
2861 1570 2952 1637 sit,
2980 1570 3068 1639 qui
3098 1572 3258 1632 intus,
3284 1567 3480 1630 Filius,
3508 1569 3596 1637 qui
3618 1569 3748 1640 foris
3767 1608 3783 1634 ,

2173 1659 2337 1733 (qua:
2379 1660 2495 1716 fere
2539 1668 2665 1715 sunt
2696 1667 2898 1714 notata:
2932 1675 2960 1713 a
2992 1659 3213 1716 Petavio
3242 1659 3510 1730 formulze)
3540 1677 3554 1713 :
3601 1659 3683 1712 vel
3715 1657 3788 1714 de

457 1764 623 1817 vetat,
652 1752 777 1823 quin
803 1750 993 1805 vocalis
1019 1765 1234 1820 quoque
1270 1749 1486 1818 spiritus
1527 1749 1746 1804 nomine
1771 1789 1786 1812 ,
1829 1761 1937 1816 quo
1966 1747 2068 1802 Pe-
2098 1757 2147 1816 B
2173 1752 2364 1808 eadem
2401 1752 2753 1824 generatione
2783 1761 2984 1807 aeterna
3016 1751 3099 1806 htB
3129 1751 3380 1808 formula:
3414 1751 3787 1823 intelligantur

465 1845 641 1900 tavius
665 1860 850 1900 vocem
874 1851 1157 1899 sonantem
1178 1843 1410 1913 accepit,
1439 1842 1532 1896 Dei
1564 1841 1756 1896 Filium
1804 1841 1968 1896 Deum
1999 1839 2068 1896 de

465 1941 581 1996 Deo
607 1955 734 1995 vere
764 1938 1132 2009 intelligamus
1161 1939 1214 1992 in
1244 1937 1462 2004 scriptis
1511 1935 1769 1990 Lactantii
1789 1977 1804 2002 ,
1831 1949 1894 1989 ac
1925 1950 2062 2004 pra:-

464 2035 654 2091 sertim
684 2035 776 2090 lib.
805 2050 856 2088 tv
885 2049 1004 2103 cap.
1037 2033 1070 2088 8
1105 2043 1156 2087 et
1181 2033 1215 2086 9
1241 2072 1257 2097 ,
1287 2031 1375 2086 ubi
1397 2045 1527 2086 sane
1556 2031 1678 2085 huic
1723 2029 1887 2084 vocali
1915 2029 2070 2098 spiri-

463 2130 557 2195 tui,
595 2143 754 2198 quem
780 2127 941 2182 Pater
969 2143 1071 2181 non
1100 2135 1264 2193 utero,
1299 2125 1389 2180 sed
1418 2135 1582 2178 mente
1607 2132 1940 2192 conceperat,
1976 2121 2067 2177 Dei

460 2224 638 2280 Patris
666 2223 900 2295 effigiem,
933 2237 1030 2277 seu
1051 2221 1322 2292 imaginem
1375 2219 1561 2273 tribuit
1604 2233 1725 2273 cum
1783 2217 1950 2272 Paulo
1977 2257 1992 2282 ,
2015 2223 2072 2270 et

467 2318 884 2376 substantialem
908 2314 1126 2386 quidem
1167 2313 1456 2384 imaginem
1483 2353 1497 2376 ,
1551 2311 1754 2383 quippe
1795 2323 1915 2380 qua:
1941 2351 1954 2374 ,
1985 2308 2070 2363 in-

461 2411 600 2482 quit,
633 2410 844 2482 praprio
871 2425 1025 2463 sensu
1053 2423 1112 2461 ac
1139 2406 1396 2476 sapientia
1417 2405 1601 2476 vigeat,
1635 2401 1776 2474 quod
1801 2401 1853 2456 in
1885 2415 2069 2456 vocem

461 2514 752 2563 sonantem
775 2519 806 2559 a
838 2502 1058 2558 Petavio
1091 2499 1419 2556 intellectam
1443 2513 1550 2553 non
1576 2495 1739 2551 cadit.
1772 2494 2070 2564 Compara-

469 2599 544 2655 tio
581 2613 746 2670 porro
786 2596 880 2652 illa
906 2594 1138 2665 duplicis
1167 2592 1386 2647 humani
1413 2590 1656 2661 spiritus,
1686 2603 1915 2658 quorum
1939 2588 2074 2642 alte-

465 2709 586 2748 rum
639 2690 888 2746 homines
917 2703 948 2744 c
984 2687 1203 2744 naribus
1243 2686 1463 2740 tacitum
1513 2683 1787 2749 emittunt,
1844 2681 2071 2736 alterum

467 2799 535 2840 ex
559 2798 655 2838 ore
677 2797 800 2838 cum
847 2779 1075 2848 strepitu
1118 2777 1287 2833 edunt
1321 2817 1334 2840 ,
1386 2790 1508 2829 cum
1556 2773 1876 2843 loquuntur,
1931 2771 2076 2826 valet

467 2875 688 2946 quidem
719 2872 786 2928 ad
821 2870 1198 2941 explicandum
1230 2868 1521 2923 discrimen
1553 2865 1874 2920 aLactantio
1902 2865 2076 2918 inten-

465 2977 580 3024 tuin
612 2969 752 3022 inter
783 2965 1005 3036 spiritus
1025 2962 1318 3033 angelicas,
1356 2959 1449 3030 qui
1483 2968 1753 3027 tamquam
1799 2956 2020 3026 spiritus
2046 2970 2078 3010 e

465 3065 690 3123 naribus
719 3062 935 3128 ductus,
962 3075 1070 3116 non
1098 3057 1165 3113 ad
1188 3055 1514 3120 docendum,
1546 3053 1639 3109 sed
1667 3051 1733 3107 ad
1767 3051 2079 3108 ministran-

2174 1862 2401 1903 necesse
2421 1855 2527 1915 est,
2562 1847 2649 1902 vel
2677 1847 2748 1902 ita
2775 1857 2900 1901 sunt
2921 1847 2988 1902 de
3015 1856 3238 1902 externa
3263 1848 3618 1918 generatione
3643 1847 3788 1902 acci-

2171 1939 2420 2011 piendat,
2449 1949 2503 1994 ut
2529 1941 2808 2010 generatio
2832 1940 2948 1996 haec
2977 1939 3216 2017 exterior
3248 1939 3302 1994 in
3338 1951 3584 2010 tempore
3614 1983 3628 2010 ,
3660 1957 3784 2011 qua:

2174 2035 2540 2089 manifestatio
2579 2042 2666 2090 est
2689 2075 2704 2102 ,
2740 2033 3080 2105 generationi
3127 2033 3205 2088 illi
3248 2033 3452 2089 intima;
3482 2044 3538 2088 et
3567 2043 3787 2089 atteram

2182 2127 2318 2182 nihil
2340 2126 2638 2198 prmjudicii
2661 2139 2832 2183 creet.
2857 2127 3100 2198 Utroque
3123 2143 3255 2183 sane
3281 2127 3442 2182 modo
3468 2127 3705 2196 scriptor
3724 2127 3789 2182 il-

2176 2221 2227 2277 le
2252 2235 2346 2275 eas
2363 2219 2617 2275 formulas
2635 2220 2848 2289 accipit.
2883 2221 3063 2276 Primo
3090 2220 3249 2276 modo
3279 2222 3685 2292 generationem
3708 2221 3788 2276 iu-

2177 2322 2384 2368 ternam
2411 2322 2465 2368 et
2494 2323 2750 2368 :uternam
2790 2313 2949 2369 Verbi
2973 2313 3436 2384 manifestationem
3458 2326 3632 2381 vocat,
3658 2331 3788 2384 qna-

2178 2415 2334 2462 tenus
2358 2407 2498 2462 Deus
2527 2407 2714 2463 volens
2745 2408 3097 2478 semetipsum
3128 2408 3314 2464 videre
3343 2419 3395 2464 et
3427 2423 3779 2480 cognoscere,

2177 2499 2466 2571 imaginem
2490 2501 2568 2554 sui
2597 2499 2650 2555 in
2673 2515 2773 2570 qua
2799 2515 2860 2555 se
2879 2499 3110 2565 videret,
3134 2501 3338 2572 genuit,
3364 2509 3418 2555 et
3435 2499 3572 2556 hanc
3601 2501 3790 2572 imagi-

2181 2606 2336 2657 nem,
2362 2607 2483 2662 qua)
2503 2592 2684 2662 utique
2709 2591 2946 2647 Verbum
2979 2603 3058 2647 est
3080 2633 3094 2657 ,
3122 2593 3584 2660 manifestationem
3610 2601 3784 2656 vocat,

2185 2699 2413 2753 eamque
2430 2684 2557 2754 foris
2578 2701 2610 2738 a
2629 2683 2803 2750 Patre,
2831 2683 2882 2739 id
2908 2693 2992 2739 est
3012 2699 3040 2737 a
3066 2683 3227 2739 Patre
3243 2683 3548 2740 distinctam
3573 2683 3782 2752 habuit,

2184 2778 2260 2832 uti
2283 2795 2310 2831 a
2336 2779 2495 2833 Patre
2518 2778 2809 2833 distinctus
2834 2793 3066 2848 persona
3088 2777 3257 2834 Filius
3281 2787 3385 2843 est,
3412 2779 3540 2834 licet
3568 2793 3788 2848 semper

2183 2872 2234 2926 iu
2262 2872 2416 2926 Patre
2442 2871 2618 2926 fuerit.
2657 2871 2769 2926 Hoc
2807 2887 3064 2942 expresse
3102 2872 3260 2927 docet
3299 2871 3390 2926 lib.
3429 2887 3468 2939 ι,
3500 2885 3621 2941 pag.
3653 2870 3787 2934 269.

2183 2965 2285 3019 litt.
2322 2966 2384 3027 li,
2417 2974 2547 3020 tam.
2584 2981 2638 3020 IV
2685 2965 2937 3020 Biblioth.
2972 2963 3104 3032 PP.,
3135 2964 3267 3032 Deo,
3305 2979 3464 3036 quem
3493 2965 3646 3018 vitam
3674 2979 3792 3034 per-

2184 3060 2370 3127 fectam
2397 3058 2607 3124 definit,
2632 3059 2852 3125 volente,
2877 3058 3070 3128 inquit,
3094 3058 3268 3113 videre
3287 3067 3443 3112 semet
3468 3058 3659 3126 ipsum,
3684 3055 3786 3112 hoc

471 3157 599 3214 dum
631 3157 794 3212 tacite
816 3152 1018 3210 conditi
1042 3158 1189 3215 sunt,
1221 3158 1277 3204 et
1301 3146 1549 3218 spiritum
1580 3145 1768 3210 Verbi,
1793 3144 1906 3214 qui,
1940 3153 2074 3198 tam-
2106 3151 2153 3215 (3
2184 3162 2257 3205 est
2279 3191 2294 3218 ,
2333 3151 2625 3221 potentiam
2662 3166 2813 3205 suam
2837 3193 2852 3215 ,
2888 3151 3101 3206 Patrem
3127 3151 3340 3206 scilicet
3363 3150 3616 3218 (Patrem
3641 3148 3784 3204 enim

466 3267 627 3323 quam
652 3250 876 3320 spiritus
907 3262 974 3302 ex
1001 3262 1097 3300 ore
1128 3242 1381 3314 prodiens
1403 3283 1418 3303 .
1447 3240 1647 3296 docere
1697 3238 1947 3294 homines
1977 3237 2073 3292 de-

468 3344 630 3400 bebat
657 3359 668 3394 :
700 3353 754 3396 at
783 3341 836 3394 in
868 3337 1091 3410 reliquis
1122 3335 1254 3391 nihil
1298 3335 1480 3399 valet;
1529 3348 1704 3402 neque
1754 3331 1895 3386 enim
1924 3345 2076 3385 com-

467 3437 806 3506 parationem
837 3430 1132 3503 perfectam
1164 3439 1218 3483 et
1263 3427 1597 3497 adtequatam
1643 3425 1927 3480 instituere
1970 3424 2071 3479 ibi-

469 3527 594 3583 dem
629 3524 937 3581 Lactantius
959 3523 1160 3587 voluit;
1188 3520 1329 3575 unde
1353 3517 1566 3572 irrideri
1597 3517 1735 3572 hanc
1759 3518 1830 3573 ob
1851 3532 2073 3588 compa-

471 3619 741 3675 rationem
774 3633 803 3671 a
830 3615 1052 3672 Petavio
1081 3630 1186 3668 ιιοιι
1229 3612 1447 3668 debuit:
1485 3625 1658 3680 neque
1703 3625 1886 3663 sonum
1927 3625 2077 3663 voca-

474 3718 608 3780 lem,
640 3724 800 3781 quem
819 3723 882 3764 ea
903 3709 956 3764 in
985 3703 1392 3777 comparatione
1422 3701 1643 3757 adhibet
1669 3744 1683 3767 ,
1733 3703 1986 3756 transfert
2010 3701 2078 3757 ad

477 3804 740 3869 Verbum,
764 3812 1031 3873 quatenus
1081 3815 1111 3854 e
1143 3797 1318 3854 Patris
1366 3803 1548 3850 mente
1577 3794 1644 3849 ab
1675 3803 1881 3850 aeterno
1929 3795 2078 3864 geni-

476 3911 592 3957 tum
611 3899 732 3967 fuit,
763 3898 858 3954 sed
879 3913 939 3953 ea
958 3898 1177 3961 ratione,
1208 3893 1382 3965 inquit
1409 3933 1421 3955 ,
1457 3891 1578 3960 quia
1605 3905 1724 3946 voce
1763 3895 1874 3961 ejus
1897 3891 1965 3944 ad
1985 3907 2079 3963 po-

477 3996 660 4066 pulum
687 3992 854 4062 fuerat
905 4003 1113 4055 usurus;
1141 3987 1194 4042 id
1218 3997 1310 4053 est,
1333 3986 1470 4056 quod
1498 3982 1590 4048 ille
1622 3985 1862 4055 magister
1879 3988 2081 4055 futurus

478 4099 606 4143 esset
637 4086 886 4141 doctrina:
913 4082 1010 4138 Dei
1039 4091 1084 4138 et
1112 4083 1327 4138 coalestis
1349 4084 1526 4136 arcani
1555 4081 1623 4136 ad
1663 4079 1890 4134 homines
1917 4075 2083 4147 perfe-

481 4179 650 4247 rendi,
682 4177 826 4250 quod
857 4185 1066 4246 spectat
1090 4174 1156 4229 ad
1195 4175 1342 4230 illam
1373 4173 1675 4230 doctrinam
1703 4212 1718 4236 ,
1747 4184 1906 4240 quam
1949 4167 2081 4222 divi-

484 4289 616 4331 num
644 4272 883 4328 Verbum
909 4271 1142 4326 humana
1184 4267 1412 4324 subinde
1457 4275 1650 4322 natura
1693 4263 1936 4319 indutum
1982 4275 2082 4315 cx-

479 4367 685 4439 pressis
733 4367 955 4428 vocibus
984 4363 1224 4420 tradidit.
1261 4361 1367 4419 Sed
1407 4361 1474 4417 de
1515 4356 1883 4418 Antenicaznis
1912 4353 2082 4409 Patri-

475 4460 578 4516 bus
607 4458 890 4524 hactenus,
919 4471 1055 4527 quos
1076 4471 1197 4510 cum
1224 4454 1402 4511 eidem
1431 4469 1621 4511 omnes
1653 4449 1900 4507 formula:
1930 4447 2081 4502 insis-

2179 3245 2458 3313 potentiam
2485 3241 2813 3312 appellavit)
2865 3246 3004 3314 facta
3043 3253 3116 3298 est
3160 3244 3276 3313 ipsa
3324 3242 3672 3312 manifestatio
3702 3241 3788 3296 sui

2179 3337 2292 3408 (ubi
2323 3338 2791 3407 mcmifestationem
2819 3334 3185 3408 aperte'vocat
3207 3337 3480 3409 imaginem
3506 3334 3704 3402 Patris,
3731 3336 3782 3392 in

2180 3447 2285 3500 qua
2319 3433 2491 3486 Patris
2518 3431 2816 3487 substantia
2878 3431 3161 3487 manifesta
3223 3432 3280 3486 fit
3311 3431 3412 3501 ipsi
3452 3429 3634 3501 Patri)
3678 3446 3791 3500 qua:

2180 3525 2438 3594 generatio
2465 3533 2537 3578 est
2555 3534 2601 3577 et
2624 3524 2832 3591 dicitur,
2869 3533 2916 3578 et
2934 3525 3090 3595 juxta
3120 3525 3215 3577 hoc
3235 3523 3362 3594 foris
3377 3523 3790 3578 exsistens:om-

2182 3619 2262 3671 nis
2307 3619 2442 3671 enim
2488 3618 2864 3688 cognoscentia,
2917 3616 3195 3672 secundum
3243 3616 3382 3686 quod
3431 3614 3791 3686 cognoscentia

2180 3718 2274 3774 est,
2301 3707 2426 3777 foris
2457 3717 2530 3763 est
2564 3708 2627 3762 ab
2655 3709 2770 3775 illo,
2807 3709 2895 3780 qui
2922 3711 3065 3778 cupit
3094 3723 3401 3778 cognoscere
3428 3723 3446 3762 :
3473 3707 3600 3776 foris
3621 3717 3792 3762 autem

2183 3800 2297 3854 dico
2328 3802 2468 3855 sicut
2505 3803 2556 3854 in
2584 3802 2919 3872 inspectione,
2943 3801 3224 3856 secundum
3253 3800 3392 3869 quod
3415 3810 3490 3855 est
3511 3799 3683 3855 videre
3704 3817 3787 3854 se-

2185 3902 2282 3947 met
2312 3895 2503 3963 ipsum.
2549 3893 2798 3949 Intimam
2824 3911 2953 3966 ergo
2989 3903 3358 3967 mternauique
3383 3893 3524 3951 hanc
3545 3895 3793 3965 manifes-

2186 3987 2426 4042 tationem
2479 3998 2532 4042 et
2573 3989 2948 4059 generationem
2995 3991 3275 4061 agnoscit,
3324 3989 3464 4045 sicut
3505 3989 3695 4045 intima
3737 3996 3794 4047 et

2185 4092 2388 4137 aeterna
2439 4080 2538 4135 fuit
2583 4081 2758 4136 Patris
2789 4080 3027 4152 cognitio
3053 4123 3068 4150 ,
3113 4098 3220 4152 qua
3251 4097 3312 4137 se
3347 4083 3520 4152 ipsqu
3554 4081 3608 4136 in
3651 4080 3792 4137 Filio

2185 4173 2440 4243 cognovit
2466 4189 2478 4226 :
2502 4171 2645 4243 quod
2669 4173 2969 4230 luculenter
2989 4176 3184 4244 probat
3216 4173 3401 4229 multis
3427 4174 3480 4229 in
3508 4173 3644 4229 locis
3669 4183 3783 4230 tum

2187 4266 2490 4336 praesertim
2523 4265 2616 4320 lib.
2652 4281 2710 4332 ιι,
2743 4282 2867 4337 pag.
2896 4267 3026 4334 275,
3052 4267 3088 4320 f.
3117 4265 3173 4322 ld
3201 4267 3377 4337 ipsum
3407 4265 3577 4321 fusius
3599 4266 3795 4322 statuit

2189 4358 2284 4415 lib.
2314 4375 2391 4425 Ill,
2419 4374 2542 4430 pag.
2567 4358 2697 4422 275,
2725 4359 2825 4415 fet
2859 4375 2914 4430 g,
2945 4375 3012 4416 ex
3041 4375 3148 4430 quo
3179 4375 3244 4415 ex
3275 4374 3446 4430 pauca
3473 4359 3791 4416 transcribi-

2188 4467 2308 4506 mus
2336 4470 2348 4506 :
2383 4449 2732 4524 lntelligentia
2763 4453 2900 4523 quod
2936 4452 3177 4524 intelligit
3207 4452 3335 4522 foris
3365 4460 3458 4519 est,
3500 4461 3549 4508 et
3573 4451 3627 4506 id
3653 4451 3794 4522 quod

479 4562 657 4610 tentes
680 4551 896 4616 audisti,
923 4565 1083 4620 quam
1120 4548 1271 4604 Zeno
1307 4547 1586 4619 usurpavit
1616 4585 1630 4610 ,
1670 4544 1776 4599 duo
1814 4541 1931 4596 Ιιιυο
1971 4548 2080 4594 sta—
2109 4545 2159 4606 D
2185 4544 2423 4616 intelligit
2446 4546 2603 4600 intus.
2635 4543 2770 4600 Hinc
2803 4544 3046 4613 Patrem,
3077 4545 3170 4617 qui
3198 4545 3468 4616 intelligit.
3505 4545 3684 4616 posuit
3710 4546 3795 4600 in-

482 4656 595 4703 tuta
625 4643 912 4713 intelliges,
946 4643 1088 4698 hunc
1111 4658 1218 4696 non
1244 4656 1402 4706 nova,
1437 4638 1533 4695 sed
1577 4636 1745 4714 veteri
1784 4649 1940 4688 usum
1975 4631 2082 4686 for-

486 4741 654 4800 mula,
686 4751 848 4808 quam
870 4735 1080 4790 scilicet
1129 4749 1160 4788 a
1188 4742 1268 4788 tot
1288 4732 1537 4787 Patribus
1575 4729 1824 4784 traditam
1854 4738 2083 4795 accepe-

485 4841 591 4896 rat,
626 4830 678 4885 iu
707 4842 1003 4899 eorumque
1049 4826 1198 4880 libris
1228 4824 1529 4886 didicerat;
1568 4821 1690 4874 illos
1736 4829 1918 4874 autem
1974 4830 2079 4869 non

484 4939 604 4980 eam
631 4923 682 4978 in
705 4920 1028 4978 sententiam
1071 4917 1381 4972 adhibuisse
1427 4915 1564 4969 hanc
1603 4912 1890 4968 formulam
1924 4948 1939 4972 ,
1977 4922 2082 4979 qua

486 5016 702 5073 Arianis
735 5014 1111 5084 przecinerent,
1146 5017 1204 5062 ut
1233 5006 1556 5062 existimavit
1577 5005 1858 5070 Petavius,
1906 5001 2001 5057 sed
2030 5001 2085 5055 in

486 5123 606 5165 eam
639 5148 653 5172 ,
685 5121 790 5177 qua
818 5103 966 5158 Zeno
1003 5101 1325 5155 Arianorum
1361 5100 1700 5170 impugnator
1743 5095 2042 5151 acerrimus
2068 5134 2083 5158 ,

487 5201 634 5271 ipsos
657 5199 840 5268 legens
867 5196 1002 5250 adeo
1026 5204 1170 5248 recte
1193 5193 1570 5264 intelligendos
1593 5191 1796 5263 putavit
1823 5233 1837 5257 ,
1893 5199 1948 5243 ut
1997 5201 2086 5242 ea-

483 5293 608 5349 dem
641 5290 866 5347 formula
897 5289 998 5344 sibi
1048 5302 1260 5360 quoque
1305 5287 1561 5342 utendum
1609 5285 1738 5340 nihil
1769 5283 2088 5353 ambigeret.

491 5424 520 5496 §
548 5421 684 5479 Vlll.
710 5449 780 5462 —-
806 5417 1008 5473 Marius
1042 5415 1334 5472 Victorinus
1362 5433 1393 5470 a
1431 5414 1625 5470 Petavii
1662 5429 1880 5468 censura
1919 5412 2087 5467 vindi-

1195 5522 1360 5564 catus.

557 5657 634 5712 De
672 5651 840 5710 Mario
866 5650 1148 5709 Victorino
1175 5691 1192 5718 ,
1234 5650 1324 5721 qui
1374 5650 1428 5704 in
1451 5650 1628 5704 eadem
1657 5665 1764 5706 esse
1797 5667 1954 5707 causa
1981 5651 2084 5708 Pe-

482 5745 623 5807 tavio
653 5745 800 5804 visus
829 5753 935 5813 est,
980 5743 1108 5816 quid
1138 5743 1332 5803 attinet
1359 5740 1574 5814 dicere,
1602 5757 1725 5801 cum
1747 5743 1837 5803 ille
1859 5743 1994 5803 adeo
2013 5760 2080 5802 ex

2185 4646 2290 4704 tus,
2323 4637 2513 4692 Filium
2541 4647 2746 4704 autem,
2773 4653 2932 4710 quem
2964 4639 3232 4710 intelligit,
3270 4654 3366 4694 seu
3398 4640 3449 4693 in
3489 4654 3598 4710 quo
3627 4653 3686 4695 se
3713 4639 3795 4702 ip-

2185 4744 2304 4784 sum
2335 4731 2606 4798 intelligit,
2634 4734 2782 4800 forts.
2811 4731 2921 4787 Hac
2947 4732 3160 4787 ratione
3185 4739 3392 4786 motum
3425 4731 3712 4802 quemdam
3739 4733 3794 4788 in

2188 4821 2348 4878 Patre
2376 4823 2619 4893 agnoscit
2646 4825 2938 4879 interiorem
2973 4837 3028 4880 et
3058 4826 3113 4880 in
3152 4841 3206 4880 se
3229 4842 3549 4889 conversum,
3587 4841 3654 4882 ex
3685 4842 3795 4896 quo

2189 4917 2359 4973 Filius
2391 4927 2720 4987 generatur;
2763 4935 2923 4988 quem
2956 4919 3010 4974 in
3041 4934 3155 4974 rem
3190 4930 3512 4989 praesentem
3543 4921 3790 4988 esplicat

2189 5011 2298 5066 sic:
2335 5011 2549 5081 Semper
2575 5020 2739 5065 motus
2769 5029 2831 5067 ea:
2859 5012 3164 5080 substantia,
3195 5023 3244 5068 et
3280 5014 3335 5067 in
3363 5012 3671 5081 substantia,
3714 5015 3796 5069 vel

2188 5103 2355 5174 potius
2381 5102 2497 5170 ipsa
2523 5101 2849 5169 substantia;
2888 5105 2976 5174 qui
3009 5121 3123 5158 cum
3151 5105 3294 5170 foras
3325 5113 3560 5177 spectat,
3592 5103 3691 5158 hoc
3719 5113 3795 5160 est

2192 5205 2361 5248 autem
2387 5197 2530 5265 [oras
2557 5206 2806 5267 spectare,
2841 5205 3032 5250 motum
3061 5197 3138 5251 vel
3167 5197 3438 5252 motionem
3465 5213 3614 5264 esse;
3654 5198 3796 5266 quod

2161 5285 2358 5356 “ipsum
2387 5286 2482 5341 hoc
2521 5287 2656 5342 illud
2683 5298 2760 5344 est
2787 5306 2840 5343 se
2882 5289 3074 5357 videre,
3117 5306 3171 5344 se
3207 5290 3510 5363 intelligere,
3552 5305 3613 5343 ac
3647 5305 3798 5345 nosse

2191 5380 2318 5433 velle
2339 5396 2358 5434 :
2389 5397 2503 5434 cum
2525 5390 2696 5434 autem
2720 5397 2776 5435 se
2796 5381 2951 5448 videt,
2981 5385 3212 5454 geminus
3237 5382 3458 5447 exsistit,
3476 5393 3524 5436 et
3547 5383 3795 5454 intelligi-

2192 5480 2276 5524 tur
2315 5471 2509 5537 videns,
2539 5481 2585 5526 et
2610 5473 2748 5543 quod
2775 5474 2993 5541 videtur,
3026 5476 3134 5546 ipse
3155 5474 3244 5545 qui
3278 5471 3432 5538 videt,
3463 5472 3635 5542 ipsum
3655 5473 3796 5543 quod

2189 5565 2425 5620 videtur:
2451 5567 2572 5636 quia
2595 5583 2649 5622 se
2675 5567 2831 5633 videt,
2864 5566 2962 5622 hoc
2981 5578 3056 5622 est
3078 5569 3218 5639 foras
3251 5574 3514 5639 spectans,
3546 5565 3675 5634 foris
3698 5583 3794 5636 ge-

2190 5661 2356 5728 nitus,
2385 5661 2462 5715 vel
2488 5661 2757 5725 exsistens,
2781 5669 2836 5714 ut
2855 5661 2980 5730 quid
3006 5662 3073 5715 sit
3104 5661 3376 5732 intelligat.
3414 5657 3554 5732 Ergo
3587 5659 3632 5713 si
3663 5659 3795 5728 foris

2189 5762 2282 5824 est,
2309 5762 2356 5811 et
2383 5770 2425 5810 si
2470 5753 2689 5826 genitus,
2713 5753 2921 5812 Filius:
2950 5771 3109 5827 quem
3135 5763 3313 5811 tamen
3335 5753 3526 5810 eadem
3547 5768 3670 5810 cum
3691 5751 3793 5808 Pa~
