4242 6168
406 211 519 272 HS
1044 270 1056 279 ,
1442 218 1900 280 DISSERTA'I‘IO
1940 216 2006 288 11,

2117 219 2137 277 Β
2181 219 2239 278 S.
2284 223 2445 282 ΖΕΝ.
2492 226 2859 289 DOCTRINA.

406 341 493 389 tre
532 328 854 387 substantia
886 328 1178 402 prmditum
1220 332 1583 394 demonstrat.
1626 336 1781 396 Hunc
1823 336 2052 394 tandem
2082 346 2135 406 Α
2804 348 3048 413 CAPUT
3087 356 3148 415 η,

405 432 641 492 motum,
676 439 789 496 quo
814 423 984 481 Pater
1007 424 1206 481 Filium
1241 431 1450 500 genuit,
1484 434 1826 499 operationem
1870 440 1925 488 et
1960 445 2048 486 ac-

401 520 602 576 tionem
634 527 823 587 vocat,
861 528 921 576 et
960 518 1151 575 addit:
1188 520 1299 577 llic
1332 531 1535 594 partus,
1566 524 1649 579 hic
1678 526 1890 582 natalis.
1924 522 2047 580 Alia

404 614 658 687 ejusdem
695 614 920 686 generis
955 613 1100 684 plura
1145 614 1380 672 adferre
1421 633 1703 689 possemus
1742 619 2047 690 praesertim

404 723 475 765 ex
498 706 639 764 libro
663 722 742 772 tv,
777 721 902 777 pag.
935 706 1038 762 287
1061 715 1119 763 et
1144 704 1268 763 288
1296 725 1312 774 ;
1340 709 1433 765 sed
1463 709 1578 765 ιιερο
1600 712 1730 766 satis
1752 715 1863 767 visa
1888 719 2044 780 sunt,

402 812 468 860 ut
486 802 724 875 quisque
754 800 1030 871 intelligat.
1054 801 1545 873 manifestationem
1575 805 2041 877 operationemque,

395 912 507 970 qua
537 898 684 951 intus
711 893 876 949 Pater
896 933 913 960 ,
944 902 997 949 et
1023 891 1205 950 Filius
1243 895 1384 966 foris
1405 910 1526 952 esse
1559 896 1787 952 traditur
1808 940 1822 963 ,
1853 897 1922 955 ad
1950 912 2047 969 ge-

394 990 752 1046 nerationem
800 996 1054 1042 mternam
1095 986 1479 1059 intimamque
1523 989 1633 1045 Deo
1665 1005 1730 1045 ex
1779 989 2044 1046 Victorini

387 1081 678 1139 sententia
709 1076 1078 1135 referendam.
1110 1077 1319 1135 Altero
1359 1090 1539 1135 autem
1575 1080 1734 1136 modo
1763 1097 1883 1138 cum
1920 1099 2042 1135 ma-

384 1173 800 1245 nifestationem
839 1176 894 1225 et
935 1169 1199 1223 actionem
1245 1169 1392 1225 idem
1426 1170 1735 1227 Victorinus
1766 1174 1930 1228 refert
1953 1172 2040 1241 {ad

380 1286 574 1328 rerum
608 1267 979 1328 creationem,
1032 1263 1598 1321 animadvertendum
1641 1272 1745 1339 est,
1795 1281 1913 1320 eam
1955 1267 2032 1321 ita

376 1363 584 1422 referri
614 1403 630 1428 ,
663 1367 725 1415 ut
750 1356 919 1415 Filius
948 1354 1048 1410 Dei
1086 1355 1158 1411 ab
1185 1367 1398 1412 mterno
1449 1356 1612 1413 fuerit
1637 1360 1779 1433 λὸγος
1805 1360 2039 1415 omnium

372 1473 500 1533 quis
524 1464 738 1513 suntex
767 1452 860 1508 lib.
903 1463 944 1515 ι,
988 1462 1136 1520 pag.
1172 1448 1309 1517 260,
1342 1450 1397 1515 b,
1423 1451 1463 1518 f,
1487 1465 1609 1506 cum
1638 1452 1846 1508 scilicet
1873 1451 2015 1508 Patet

430 1549 559 1569 _-_2-
609 1548 782 1569 l'_-4-._..
828 1539 1089 1569 ,ΙΑηιηιεοῖι
1145 1539 1202 1569 ἶ.-
1244 1539 1458 1569 ιΤη-Ικη.
1505 1558 1609 1569 ...ιη
1658 1544 1789 1569 -..ιω
1858 1542 2007 1569 2.......2

2140 1484 2374 1569 cumque
2400 1473 2453 1528 in
2484 1473 2629 1530 hanc
2657 1491 2771 1531 rem
2800 1477 3020 1537 duriora
3047 1498 3365 1558 occurrunt,
3401 1491 3569 1549 facile

373 1549 566 1607 omnia
609 1548 785 1602 futura
825 1539 1099 1654 ἀθονςνίι
1129 1539 1203 1644 ,ίη
1244 1539 1460 1654 νεςδω
1505 1558 1610 1596 ηοη
1652 1544 1813 1654 inim.
1858 1542 2036 1654 ἰξιαυῑξ
2139 1539 2301 1632 liget:
2320 1562 2376 1619 In
2407 1564 2643 1621 concilio
2671 1565 2985 1627 Sardicensi
3009 1574 3077 1629 ad
3105 1539 3563 1648 compescendam

375 1657 506 1715 pag.
539 1638 675 1703 262,
705 1636 764 1704 h,
788 1634 928 1708 λόγος
955 1630 1178 1686 locutio
1198 1633 1437 1703 quatdam
1460 1642 1558 1699 est,
1591 1633 1683 1689 sed
1713 1637 1935 1704 potentia
1962 1652 2015 1689 at

2187 1630 2201 1632 ν
3148 1630 3159 1632 ἡ
3233 1630 3294 1648 τ-
3334 1630 3563 1638 ----__.--
3600 1630 3674 1651 ς..
3712 1630 3764 1643 ἡ.

2134 1668 2332 1709 norum
2382 1657 2698 1723 audaciam,
2748 1661 2838 1730 qui
2887 1662 3122 1723 Nietente
3177 1669 3304 1727 ﬁdei
3358 1672 3603 1735 formula
3652 1630 3764 1744 nr"

377 1734 676 1791 creandum
717 1724 908 1800 aliquid
938 1724 1308 1796 confabulans
1341 1727 1430 1794 iis,
1470 1726 1655 1797 quibus
1685 1731 1917 1797 futurum
1952 1745 2015 1785 εει

2134 1750 2398 1817 contenti,
2451 1765 2621 1806 novas
2668 1752 2898 1811 subinde
2942 1760 3360 1831 explicationes,
3414 1768 3728 1833 additiones

393 1846 532 1885 esse.
578 1824 719 1880 Vide
766 1837 818 1893 ι).
854 1818 981 1884 970.
1033 1818 1108 1925 do.
1136 1819 1276 1876 Hinc
1303 1831 1483 1925 autem
1517 1821 1715 1925 liiliutu
1748 1822 1921 1878 relate
1950 1824 2023 1880 ad
2133 1843 2614 1914 correctionesque
2633 1818 3165 1922 commentabaintur,

379 1930 683 1979 creaturas
728 1916 871 1991 λόγον
914 1922 971 1966 ει.
1006 1913 1366 2018 voluntatem“
1384 1913 1561 1969 Patris
1583 1912 1792 2018 ibidem
1828 1924 2020 2018 vptfat.
2129 1933 2275 2003 quod
2320 1936 2484 1991 refert
2521 1912 2579 1991 ὲ.
2624 1936 2958 1998 Athanasius
2988 1945 3040 2000 in
3072 1912 3218 2003 torno
3244 1912 3313 2005 ad

380 2029 557 2088 (ιιιεηι
579 2013 648 2067 ab
674 2013 956 2113 πίθτξξ-θί
977 2004 1151 2113 ¹¹¹¹ί¹ξξ
1174 2018 1297 2113 συξη
1325 2004 1487 2113 Pa"?
1513 2005 1835 2113 δυδείθηξίίθ
1858 2005 2025 2113 “iis?
2124 2029 2220 2098 qui
2254 2036 2528 2099 tamquam
2557 2031 2775 2087 concilii
2808 2033 3160 2094 Alexandrini
3188 2004 3742 2113 synodica

380 2104 608 2163 adserit
648 2115 775 2172 pag.
814 2096 941 2163 263,
992 2111 1046 2149 a.
1098 2094 1345 2152 Tandem
1382 2097 1698 2152 voluntatem
1743 2096 1887 2157 hanc
1925 2097 2015 2155 Dei

419 2209 431 2213 -
481 2207 525 2213 -,
568 2204 815 2213 ._A_..-..-
849 2203 1174 2213 .._.._....--_...
1218 2187 1380 2213 .-.ιλιι
1430 2188 1481 2213 2..
1534 2198 1795 2213 --ι-.---..-
1840 2199 1994 2213 μΑΑ---

2132 2094 2400 2188 Quamvis,
2432 2120 2610 2192 inquit
2635 2140 2783 2180 num.
2815 2126 2869 2193 5,
2903 2144 3023 2202 pag.
3057 2094 3745 2213 ῖγεζῖιᾶιῖνὶξᾶιῖᾦῖξῖξὶαξ

383 2207 539 2254 stato
567 2204 818 2262 tempore
847 2203 1177 2259 progressam
1218 2187 1384 2243 tradit
1428 2188 1483 2244 in
1529 2198 1797 2243 actuosam
1836 2199 2015 2261 poten-

411 2296 425 2303 -
849 2298 957 2303 ---η
991 2282 1203 2303 μευ--.
1237 2282 1283 2303 ,η
1918 2299 2015 2303 __,_

2127 2187 2263 2282 rint,
2289 2226 2345 2270 ut
2375 2187 2612 2286 quadam
2635 2217 2697 2272 de
2719 2220 2823 2290 ﬁde
2846 2187 3743 2303 scriberentur,quodaliquid-lili-

383 2296 542 2358 tiam,
574 2286 812 2348 ibidem,
843 2298 962 2339 cum
989 2282 1206 2339 scilicet
1233 2282 1285 2337 in
1312 2280 1634 2351 e/fectionem
1663 2297 1874 2350 eorum,
1908 2299 2026 2354 quae
2128 2280 2285 2363 σα.ηά
2322 2280 2521 2378 δυλιοάο
2550 2280 2762 2377 deme},
2802 2322 2954 2384 atque
2988 2317 3045 2371 id
3081 2280 3309 2376 οὺιίξιϐλε
3337 2280 3514 2377 ωηαᾶ
3550 2335 3740 2381 “me”

386 2394 539 2449 sunt,
564 2392 858 2453 progressa
887 2386 971 2433 est
999 2392 1051 2446 p.
1084 2376 1216 2445 9.66,
1262 2391 1312 2432 e.
1357 2377 1476 2446 Qua
1506 2377 1559 2432 in
1586 2393 1645 2434 re
1675 2392 1798 2435 cum
1830 2380 2013 2436 mani-

2126 2401 2361 2470 fuerint;
2410 2401 2637 2471 synodus
2681 2413 2851 2461 tamen
2898 2408 3135 2466 Sardica:
3172 2421 3351 2468 coacta
3383 2431 3493 2470 rem
3526 2418 3740 2489 indigne

388 2477 656 2534 festam!"
691 2471 849 2528 "Obis
880 2471 948 2525 Sil
977 2469 1217 2526 Verbum
1245 2511 1262 2538 ν
1307 2469 2020 2575 Ῑξωολξιίιηίίξθδίδίῖονυεθυ
2126 2469 2287 2558 tulit,
2331 2469 2641 2564 sancivitque
2667 2536 2683 2562 ,
2739 2507 2798 2551 ut
2838 2500 3037 2555 nullum
3081 2504 3216 2558 ultra
3263 2507 3326 2559 de
3364 2493 3471 2575 ﬁde

386 2568 710 2644 apparentia
736 2608 751 2632 ,
788 2565 874 2676 uti
906 2572 1109 2676 vocat:
1159 2565 1401 2669 exterior
1421 2563 1937 2676 .ViCIfll‘iﬂlfanalaliS
1965 2574 2021 2622 εί
2121 2588 2455 2657 rescriptum,
2493 2563 2583 2645 sed
2602 2593 2860 2663 sufﬁceret
2891 2596 3020 2667 ﬁdes
3048 2614 3080 2651 a
3109 2563 3580 2658 Patr-ibus'Nictete
3608 2620 3734 2676 pro-

390 2660 687 2735 generatio
717 2656 966 2729 qumdam
993 2656 1250 2713 habetur:
1287 2656 1460 2728 inquit
1484 2656 1631 2713 enim
1665 2656 1758 2711 lib.
1791 2673 1864 2722 tv,
1889 2672 2012 2730 pag.

2121 2656 2380 2751 mulgata,
2421 2681 2609 2755 quippe
2628 2656 2743 2753 qua:
2769 2687 2822 2741 in
2853 2656 2997 2743 nullo
3023 2691 3282 2762 deﬁceret,
3319 2694 3410 2747 sed
3435 2656 3588 2764 plena
3608 2656 3728 2767 ’ῥεέ-

384 2754 521 2819 284,
545 2753 578 2806 d
606 2769 620 2805 :
648 2749 973 2820 Apparentia
992 2765 1109 2804 vero
1135 2748 1197 2803 ab
1221 2750 1438 2804 occultis
1460 2760 1607 2803 ortus
1638 2758 1735 2817 est,
1759 2759 1807 2805 et
1832 2750 1896 2805 ab
1921 2767 2013 2806 oc-

2119 2773 2252 2827 tatis
2276 2783 2438 2844 esset;
2461 2784 2759 2849 statuitque,
2780 2797 2843 2836 ne
2854 2783 3018 2838 altera
3048 2748 3282 2841 ederetur
3300 2789 3424 2859 ﬁdei
3435 2748 3727 2859 'profesisio,

387 2848 551 2902 cultis
581 2854 747 2911 ortus,
771 2853 830 2949 ἐι
864 2844 1053 2899 natalis
1076 2852 1168 2948 est,
1198 2852 1258 2950 ἐι
1294 2847 1405 2951 eius
1428 2843 1638 2908 natalis,
1669 2845 1759 2914 qui
1783 2854 1833 2899 et
1861 2854 2009 2951 ante-
2115 2880 2181 2919 ηε
2207 2882 2331 2937 qua:
2360 2866 2552 2924 Nicaeae
2587 2843 2777 2944 scripta
2817 2875 3006 2945 fuerat,
3038 2843 3340 2950 imperfecta

383 2956 552 3014 quam
590 2940 666 2995 sic
703 2938 950 3002 oriretur,
981 2937 1254 3003 exstiterit,
1290 2936 1381 2991 ubi
1408 2951 1667 3006 expresse
1695 2939 2001 3008 generatio-

2117 2972 2298 3029 neque
2310 2961 2511 3016 occasio
2537 2963 2600 3016 iis
2629 2962 2856 3031 daretur,
2882 2967 2971 3038 qui
2990 2982 3122 3041 stepe
3150 2986 3362 3025 numero
3381 2972 3444 3027 de
3466 2973 3570 3041 ﬁde
3593 2975 3719 3037 scri-

385 3048 521 3090 nem
587 3029 1014 3102 metaphorieam
1070 3028 1250 3085 Verbo
1310 3029 1499 3083 tribuit
1550 3030 1602 3082 in
1661 3029 1774 3099 ipsa
1825 3046 2007 3087 rerum

2117 3028 2242 3107 bere
2283 3071 2344 3109 ac
2383 3055 2600 3125 deﬁnire
2648 3059 2845 3115 volunt.
2888 3028 2958 3116 λι
2990 3028 3090 3117 hac
3119 3065 3372 3120 cautione
3402 3028 3478 3121 ab.
3507 3069 3723 3124 Arianis

385 3125 706 3189 creatione;
745 3132 794 3179 ετ
838 3132 1110 3230 “diffluat”
1142 3123 1491 3230 Slfnoriremrs
1528 3121 1781 3228 ῖιάίτῐηθιτ
1828 3124 2005 3195 ipsum
2034 3133 2080 3197 C
2114 3121 2469 3219 contempta,
2500 3149 2552 3205 in
2593 3164 2661 3205 eo
2687 3152 2928 3222 quotidie
2952 3152 3325 3221 laborabatur.
3360 3166 3418 3212 ut
3439 3121 3724 3230 quoqnis;

395 3220 470 3276 ab
518 3228 722 3275 aeterno
767 3217 1046 3325 exslilisse
1085 3232 1150 3323 εξ
1196 3216 1291 3325 ἱξξῦ
1330 3215 1680 3325 εθηεξναιξρηθ
1718 3227 2009 3325 aeterni“
2111 3239 2239 3309 quis
2266 3215 2394 3299 suas
2423 3256 2604 3317 partes
2631 3247 2715 3319 (in
2747 3262 2882 3318 quas
2910 3249 3008 3317 ipsi
3041 3250 3182 3306 inter
3227 3266 3286 3306 se
3317 3215 3531 3325 quoque
3563 3215 3719 3311 erant

388 3315 624 3418 ῖηιίῐῐηιι⁸
647 3313 723 3418 fle
749 3326 854 3384 qua
886 3311 943 3417 ίῐξ
970 3310 1343 3418 ξυρετῖοςῖιξξξε
1372 3309 1507 3399 satis
1526 3309 1735 3418 fliam.“
1762 3320 1866 3367 ⁸³³·
1895 3310 2005 3418 δέ’
2111 3331 2315 3408 divisi)
2357 3309 2578 3410 augeret
2601 3383 2618 3409 ,
2638 3309 3130 3414 ‘simplicioresque
3173 3309 3487 3418 deciperet}
3535 3309 3712 3406 varias

386 3408 508 3479 gari
534 3404 753 3477 quidem
777 3404 963 3477 nequit
985 3403 1102 3461 haec
1131 3402 1386 3460 subtilius
1408 3384 1465 3458 Et
1490 3402 1776 3459 obscurius
1802 3405 2005 3477 scripta

2118 3384 2312 3408 __----,
2357 3384 2618 3410 κυεην,
2660 3384 3130 3414 -....,,..ι.ν..,.,ι,..υ
3173 3384 3487 3418 usurum,
3543 3384 3712 3406 mm

2117 3423 2304 3481 ederet
2327 3428 2479 3497 ﬁdes,
2516 3444 2609 3486 seu
2639 3440 2886 3488 tractatus
2906 3432 3052 3503 ﬁdei,
3085 3434 3139 3489 in
3170 3436 3366 3506 quibus
3392 3452 3543 3493 suam
3570 3441 3720 3511 quis-

389 3515 419 3554 a
448 3497 734 3555 Victorino
757 3540 773 3567 ,
806 3506 969 3568 atque
1011 3511 1077 3553 ex
1109 3494 1425 3551 dialectices
1446 3535 1462 3561 ,
1496 3493 1548 3549 in
1576 3510 1680 3566 qua
1708 3496 2006 3567 plurimum

2117 3530 2218 3587 que
2254 3522 2578 3578 sententiam
2618 3534 2673 3579 et
2712 3539 2955 3582 errorem
2992 3524 3180 3583 multis
3218 3493 3718 3588 ratiocinationibus

395 3591 774 3649 delectabatur
796 3632 813 3659 ,
845 3590 1044 3660 regulis
1071 3588 1316 3683 derivata
1343 3585 1455 3683 τ-ίίξ
1478 3586 1621 3657 (ιιιοά
1651 3589 1702 3683 in
1730 3604 1796 3645 00
1821 3604 2008 3683 τερνθ·
2111 3585 2166 3665 et
2190 3615 2531 3683 argumentis
2560 3625 2840 3675 statueret.

394 3683 590 3739 hendit
626 3682 685 3738 S.
725 3681 1115 3755 Hieronymus:
1166 3678 1264 3735 sed
1310 3678 1457 3734 aliud
1498 3687 1583 3734 est
1621 3680 2003 3739 obscuritatem
2186 3678 2389 3761 ῃεῆηηη
2439 3708 2788 3765 formularum
2830 3720 2883 3767 ει
2934 3712 3127 3769 horum
3167 3721 3488 3772 tractatuum
3532 3717 3717 3772 mum-

3713 267 3819 323 ιη

2156 500 2260 549 οιό
2281 501 2525 545 CONSILIO
2548 506 2594 546 s.
2618 507 2755 548 zeuo
2776 511 2846 551 os
2877 514 3113 561 aereum
3144 520 3289 562 FlLlI
3314 524 3410 572 om
3432 533 3813 590 ρεηητωη

2229 595 2377 636 usus
2404 595 2739 640 somnumnon
2758 601 3026 659 nussum,
3043 611 3316 661 quosque
3329 620 3478 670 sum
3493 634 3811 680 "manus

2227 689 2298 729 ΕΤ
2325 690 2462 738 QUAS
2486 691 2763 735 FORMULAS
2793 696 3355 755 REPHREBENDERIT.

2227 818 2609 927 Difficultatem
2661 829 3097 927 non-modicam
3153 838 3498 927 quibusdam
3545 854 3795 927 injiciunt

2152 927 2257 968 non
2283 914 2451 1013 nullre
2481 917 2762 1013 sententia:
2791 919 2846 1013 in
2880 931 3044 981 tract.
3082 929 3109 982 1
3149 925 3227 982 de
3265 933 3415 1005 Fide,
3448 914 3646 1013 quibtis
3674 942 3795 1012 pri-

2148 1018 2239 1059 mo
2268 1005 2528 1077 adspectu
2561 1009 2771 1066 videtur
2797 1011 2858 1068 S.
2884 1014 3036 1072 Zeno
3060 1026 3119 1073 et
3152 1016 3290 1081 ﬁdei
3313 1005 3791 1090 didascaliam‘ne-

2147 1113 2307 1202 gare,
2340 1108 2395 1156 et
2425 1102 2829 1172 reprehendere
2859 1124 2965 1166 nec
2994 1128 3105 1169 non
3142 1114 3463 1193 impugnare
3492 1127 3629 1183 illos
3651 1168 3667 1191 ,
3698 1134 3796 1204 qui

2146 1189 2202 1246 in
2254 1195 2569 1291 tractatibus
2620 1196 2779 1252 (idem
2836 1214 3161 1272 exponunt,
3218 1189 3380 1282 atque
3428 1189 3797 1291 argumcn-tis—

2145 1284 2488 1342 confirmant.
2519 1286 2627 1343 Sed
2659 1289 2703 1343 si
2732 1292 2855 1361 quis
2883 1293 2944 1350 S.
2979 1296 3219 1355 Zenonis
3246 1284 3524 1375 mentem:
3559 1324 3649 1366 ac
3679 1284 3795 1382 ira:

2142 1385 2319 1434 elatus
2349 1379 2466 1485 ejus
2486 1381 2764 1488 scribendi
2792 1388 3138 1488 occasionem
3166 1395 3335 1462 probe
3359 1399 3596 1462 calleat.
3646 1379 3806 1488 quas-

392 3775 825 3847 dialecticenque
852 3776 906 3831 in
949 3774 1069 3845 ejus
1113 3772 1273 3828 libris
1317 3772 1579 3826 adversus
1608 3772 1841 3829 Arianos
1881 3790 2007 3846 per-

390 3873 682 3943 stringere,
731 3869 877 3926 aliud
923 3868 1186 3926 obscuras
1227 3865 1488 3936 quasdam
1541 3865 1709 3936 ipsius
1744 3866 2008 3926 formulas

390 3965 687 4021 deﬂectere
718 3964 770 4019 in
801 3963 1125 4019 sententiam
1152 4002 1189 4035 ,ι
1211 3974 1373 4032 quam
1416 3957 1795 4015 disertissimis
1825 3960 2006 4019 verbis

391 4056 488 4113 ille
516 4050 645 4110 totis
670 4063 899 4121 quatuor
930 4053 1123 4110 iisdem
1152 4052 1305 4107 libris
1332 4051 1613 4122 impugnat
1638 4093 1653 4115 ,
1695 4052 1837 4122 quod
1872 4053 2001 4110 fecit

395 4149 617 4214 Petam,
652 4157 710 4201 ut
740 4162 806 4202 ne
837 4146 904 4201 de
932 4145 1380 4215 interpretatione
1404 4143 1728 4215 cogitaverit
1756 4146 1997 4215 quidem.

394 4238 566 4294 Vides
592 4238 834 4303 interim,
889 4235 1104 4309 [xcvttt]
1158 4236 1330 4291 lector
1355 4235 1580 4305 optime,
1626 4249 1729 4305 qua
1756 4237 2006 4293 cautione

395 4329 729 4387 versandum
762 4330 831 4385 sit
874 4328 929 4383 in
977 4329 1324 4400 antiquorum
1356 4325 1721 4382 voluminibus
1748 4367 1761 4389 ,
1803 4342 1871 4382 ne
1896 4344 2002 4399 qua

394 4423 656 4478 fallamur
683 4422 922 4492 ipsorum
955 4421 1229 4476 locutione
1250 4462 1266 4487 ,
1309 4434 1467 4490 quam
1498 4433 1566 4473 ex
1602 4426 1785 4473 nostra
1814 4419 2000 4489 vulga-

2112 3792 2408 3865 plieitatem
2439 3814 2503 3856 ac
2541 3817 2773 3873 pugnam
2815 3807 3075 3875 praeclare
3103 3807 3345 3880 depingit
3372 3823 3587 3867 coaevus
3615 3825 3712 3865 au-

2110 3897 2229 3944 ctor
2255 3889 2315 3946 S.
2351 3892 2586 3950 llilarius
2614 3895 2707 3952 lib.
2736 3913 2774 3952 tt
2811 3896 2878 3952 ad
2908 3897 3285 3958 Constantium
3317 3917 3467 3958 num.
3493 3903 3549 3969 4,
3580 3919 3685 3976 pag

2109 3980 2236 4047 545,
2279 3984 2369 4039 ubi
2413 3994 2698 4057 postquam
2747 3990 3036 4046 affirmavit
3076 3978 3330 4062 Arianos,
3378 3993 3505 4051 dum
3548 3995 3708 4052 ﬁdem

2108 4074 2378 4145 requisili,
2422 4094 2517 4131 sua
2545 4079 2793 4144 scribunt,
2822 4091 2871 4136 et
2912 4082 3038 4136 dum
3074 4100 3191 4153 quia
3219 4084 3317 4140 Dei
3349 4094 3490 4155 sunt,
3522 4087 3712 4156 praedi-

2109 4176 2246 4235 cant,
2274 4169 2449 4225 orbem
2473 4181 2720 4227 atternum
2751 4177 2941 4231 erroris
2972 4186 3018 4231 et
3052 4177 3313 4233 redeuntis
3339 4179 3392 4233 in
3427 4195 3483 4233 se
3509 4197 3711 4250 semper

2107 4262 2401 4317 certaminis
2441 4263 2831 4321 circumtulisse.
2879 4266 2990 4324 Sub
3035 4264 3187 4339 cujus
3226 4271 3542 4325 necessitatis
3576 4282 3709 4326 tam-
3776 4266 3788 4277 “

2105 4369 2256 4424 quam
2278 4352 2604 4423 improbabili
2623 4357 2908 4425 occasione,
2930 4358 3212 4414 scribenda:
3228 4371 3378 4430 atque
3401 4361 3709 4419 innovandw

2106 4444 2229 4513 ﬁdei
2265 4444 2449 4501 exinde
2485 4463 2610 4501 usus
2647 4449 2875 4506 inolevit.
2921 4451 3022 4519 Qui
3054 4462 3324 4524 postquam
3369 4470 3499 4510 nova
3536 4457 3707 4526 potius

395 4519 517 4574 rive
560 4516 828 4571 sententia
870 4513 1243 4585 explicandam
1294 4521 1580 4582 putemus,
1631 4526 1753 4566 eum
1787 4512 1863 4566 illi
1894 4527 1999 4567 non

2117 4537 2257 4605 rapit
2286 4536 2525 4601 condere,
2552 4555 2703 4609 quam
2723 4550 2930 4613 accepta
2959 4544 3218 4611 retinere;
3245 4562 3335 4601 nec
3369 4556 3592 4602 veterata
3618 4548 3709 4603 de-

392 4624 690 4679 numquam
715 4609 872 4661 alium
898 4608 978 4662 vel
1003 4606 1103 4661 arvi
1126 4605 1206 4661 vel
1232 4606 1436 4661 schola:
1466 4604 1693 4675 alicujus
1722 4606 1997 4677 propriam

395 4704 446 4757 ei
475 4699 737 4757 locutioni
763 4699 1091 4769 subjecerint
1117 4715 1131 4765 ;
1164 4698 1213 4752 id
1243 4696 1384 4769 quod
1410 4707 1540 4753 tum-
1565 4697 1865 4766 praesertim
1906 4713 2000 4754 su-

393 4791 595 4861 spicari
632 4806 732 4862 par
767 4801 871 4857 est,
901 4805 1023 4845 cum
1052 4805 1120 4845 ex
1146 4789 1301 4845 obvia
1333 4789 1693 4860 explicatione
1722 4789 2000 4861 indignum

394 4882 600 4956 aliquid
632 4883 860 4946 eruitur,
892 4881 1035 4954 quod
1068 4883 1120 4937 in
1152 4896 1397 4938 errorem
1431 4890 1485 4937 et
1515 4881 1749 4938 dedeCus
1778 4882 1993 4952 sapien-

396 4978 752 5038 tissimorum.
788 4978 871 5032 vel
903 4977 1071 5032 etiam
1104 4976 1571 5031 sanctissimorum
1601 4974 1880 5031 hominum
1909 4991 1998 5034 ce-

394 5072 513 5126 dat.
546 5070 657 5127 lloc
683 5071 946 5142 principio
976 5085 1075 5126 nos
1102 5069 1162 5126 S.
1192 5069 1464 5126 Zenonem
1489 5112 1503 5135 ,
1536 5084 1697 5142 quem
1731 5071 1785 5126 in
1816 5071 1996 5140 perni-

397 5163 537 5219 ciosi
567 5164 786 5218 nimium
816 5163 1020 5218 erroris
1043 5162 1403 5232 suspicionem
1430 5160 1745 5216 devocatum
1770 5175 1799 5215 a
1831 5161 1994 5217 Peta-

395 5256 492 5308 vio
538 5252 866 5323 legeramus,
913 5252 1237 5309 accuratiori
1279 5252 1531 5308 examine
1578 5251 1994 5323 pervolventes,

392 5344 689 5416 genuinam
708 5330 824 5414 etiis
844 5344 1169 5400 sententiam
1195 5343 1327 5399 satis
1348 5343 1599 5399 eduxisse
1620 5351 1674 5398 et
1695 5343 1996 5413 explicasse

395 5440 562 5497 nobis
586 5439 829 5495 videmur
856 5481 870 5503 ,
897 5453 1023 5510 qua:
1052 5436 1120 5492 ad
1148 5436 1621 5492 Antenictenorum
1653 5451 1869 5507 quoque
1899 5436 1998 5492 Pa-

394 5543 545 5592 trum
573 5532 943 5606 Victorinique
979 5531 1242 5588 vindicias
1281 5531 1674 5602 comparandas
1714 5544 1821 5587 nou
1849 5531 1999 5588 nihi-

392 5626 512 5684 lum
542 5625 796 5683 contulit.

986 5725 1437 5782 MM

2109 4630 2292 4701 fendit,
2323 4647 2414 4685 nec
2442 4631 2682 4687 innovata
2712 4634 2936 4704 ﬁrmavit
2960 4651 2978 4689 :
3004 4644 3051 4690 et
3078 4640 3217 4708 facta
3246 4649 3319 4692 est
3353 4640 3483 4710 ﬁdes
3508 4650 3706 4712 τεηψο-

2107 4739 2247 4788 rum,
2297 4724 2467 4797 potius
2504 4741 2657 4797 quam
2704 4724 3122 4799 Evangeliorunt,
3160 4729 3282 4783 dum
3319 4741 3369 4785 et
3421 4735 3705 4787 secundum

2106 4832 2268 4871 annos
2297 4814 2602 4871 describitur
2622 4860 2636 4884 ,
2680 4827 2729 4873 et
2757 4819 3038 4874 secundum
3062 4822 3433 4892 confessionem
3456 4822 3703 4895 baptismi

2107 4925 2207 4964 non
2240 4917 2459 4965 tenetur.
2495 4909 2854 4967 Periculosum
2892 4914 3035 4969 nobis
3069 4914 3349 4969 admodum
3375 4924 3525 4987 atque
3551 4918 3706 4971 etiam

2098 5002 2384 5057 miserabile
2407 5011 2499 5065 est,
2527 5012 2597 5057 tot
2628 5020 2765 5059 nunc
2790 5006 2920 5075 ﬁdes
2943 5006 3200 5074 exsistere,
3235 5016 3355 5077 quot
3379 5007 3707 5076 voluntates;

2099 5102 2148 5147 et
2174 5102 2242 5148 tot
2270 5093 2413 5148 nobis
2446 5094 2706 5150 doctrinas
2757 5112 2884 5162 esse,
2917 5107 3038 5167 quot
3083 5114 3294 5165 mores;
3333 5109 3379 5155 et
3420 5108 3491 5154 tot
3518 5116 3706 5157 causas

2102 5186 2541 5256 blasphemiarum
2567 5187 2847 5258 pullulare,
2890 5198 3011 5259 quot
3046 5191 3171 5245 vitia
3196 5201 3317 5245 sunt
3341 5208 3361 5246 :
3392 5201 3498 5246 tum
3519 5202 3608 5247 aut
3630 5194 3705 5249 ita

2101 5277 2230 5347 ﬁdes
2258 5277 2572 5348 scribuntur,
2604 5289 2663 5335 ut
2681 5281 2933 5348 volumus,
2958 5292 3045 5337 aut
3065 5283 3159 5345 ita.
3182 5292 3236 5337 ut
3258 5285 3518 5349 nolumus,
3546 5285 3703 5341 intel-

2106 5371 2353 5444 liguntur.
2376 5370 2544 5445 [XCIX]
2580 5372 2643 5427 Et
2660 5389 2797 5439 cum,
2821 5374 3102 5429 secundum
3121 5391 3281 5430 unum
3297 5375 3458 5431 Deum
3479 5386 3529 5432 et
3542 5393 3704 5432 unum

2107 5462 2390 5521 Dominum
2420 5473 2467 5520 et
2488 5482 2648 5521 unum
2678 5467 2951 5537 baptisma,
2974 5469 3130 5523 etiam
3156 5469 3285 5539 ﬁdes
3318 5486 3423 5524 una
3447 5470 3533 5535 sit,
3561 5486 3706 5525 exce-

2107 5559 2275 5614 dintus
2297 5558 2363 5613 ab
2387 5575 2447 5614 ea
2463 5558 2587 5629 ﬁde,
2608 5576 2722 5632 qua:
2745 5562 2860 5616 sola
2890 5570 2963 5616 est
2987 5577 3005 5615 :
3042 5570 3089 5616 et
3112 5562 3235 5616 dum
3261 5563 3436 5631 plures
3459 5564 3608 5631 ﬁunt,
3635 5561 3705 5615 ad

2108 5651 2163 5707 id
2183 5661 2442 5726 coeperunt
2473 5669 2599 5720 esse,
2632 5669 2697 5707 ne
2724 5654 2834 5709 ulla
2859 5654 2964 5719 sit;
3006 5661 3065 5708 et
3094 5669 3237 5709 nutu.
3279 5653 3341 5723 Β,
3376 5652 3465 5708 ubi
3492 5660 3705 5731 contra.

2110 5744 2401 5803 dictionum
2418 5746 2665 5817 exempla
2688 5745 2933 5815 subiicit:
2954 5743 3155 5800 Conscii
3175 5742 3311 5802 enim
3333 5736 3497 5812 nobis,
3513 5741 3709 5815 inquit,
