4242 6168
452 283 559 341 115

1752 242 1753 245 γ
1830 277 2378 338 PROLEGOMENA.

3659 292 3761 349 116

449 405 665 459 invicem
694 421 873 459 sumus
902 444 916 469 ,
965 412 1078 473 post
1109 399 1293 455 nicteni
1320 406 1590 453 conventus
1615 397 1890 467 synodum,
1921 394 2052 450 nihil
2078 392 2133 458 Α
2157 415 2217 452 ac
2256 398 2380 469 ﬁdei
2407 401 2673 458 smeularis
2699 419 2873 459 amore
2890 406 3162 478 jactantite
3189 421 3463 473 accensus,
3507 412 3765 465 nascentis

453 499 601 554 aliud
623 516 776 570 quam
802 497 959 568 ﬁdem
977 495 1147 549 scribi.
1175 493 1314 547 Dum
1336 493 1389 547 in
1418 489 1579 546 verbis
1609 506 1785 564 pugna
1807 497 1904 556 est,
1932 488 2055 543 dum

454 589 520 643 de
548 588 852 644 novitatibus
875 586 1087 658 quaestio
1107 595 1201 651 est,
1227 585 1349 639 dum
1370 585 1434 639 de
1456 583 1706 656 ambiguis
1735 581 1934 636 occasio
1957 590 2054 646 est,

456 686 579 741 dum
606 686 670 740 de
689 684 983 739 auctoribus
1013 683 1220 751 querela
1246 692 1342 749 est,
1367 681 1496 737 dum
1516 681 1578 735 de
1597 680 1780 735 studiis
1802 689 2056 733 certamen

457 786 553 843 est,
592 778 717 832 dum
752 778 806 831 in
842 792 1090 831 consensu
1123 775 1395 846 di/ﬁcultas
1434 782 1530 837 est,
1572 771 1699 827 dum
1738 770 1869 826 alter
1911 770 2059 825 alteri

458 870 733 924 anathema
760 884 870 924 esse
896 870 1046 938 carpit
1069 884 1087 923 :
1116 883 1277 940 prope
1292 869 1409 940 jam
1433 881 1578 920 nemo
1606 856 1800 919 Christi
1831 872 1924 918 est.
1959 859 2056 916 ln-

457 972 594 1018 certo
615 963 750 1019 enim
774 963 1128 1018 doctrinarum
1153 970 1301 1015 vento
1321 975 1567 1030 vagamur
1589 974 1608 1012 :
1636 967 1684 1013 et
1703 965 1794 1011 aut
1819 955 1943 1011 dum
1966 957 2061 1010 do:-

458 1054 654 1119 cenius,
685 1054 1045 1126 perturbamus
1068 1068 1088 1119 ,'
1115 1063 1204 1108 aut
1225 1052 1349 1107 dum
1369 1051 1631 1117 docemur,
1656 1065 1908 1105 erramus.
1937 1048 2061 1104 Jam

460 1163 579 1203 vero
603 1149 825 1220 proximi
846 1149 973 1203 anni
994 1147 1144 1217 ﬁdes,
1166 1147 1290 1217 quid
1310 1148 1426 1218 jam
1454 1146 1518 1198 de
1545 1144 1899 1199 immutatione
1927 1145 1981 1197 in
2008 1159 2061 1198 se

464 1242 642 1298 habet?
662 1243 923 1312 Primum,
946 1260 1060 1314 qua:
1078 1243 1382 1298 homousion
1403 1241 1631 1296 decernit
1652 1240 1829 1295 taceri:
1852 1255 2065 1310 sequens

463 1352 691 1404 rursum,
717 1351 832 1406 qua:
860 1336 1161 1389 homousion
1190 1331 1444 1397 decernit,
1469 1343 1518 1388 et
1539 1329 1789 1402 praedicat
1812 1345 1830 1385 :
1857 1332 2065 1385 tertium

465 1429 727 1500 deinceps,
767 1444 881 1499 qua
918 1428 1083 1484 asiam
1120 1427 1422 1495 simpliciter
1457 1443 1491 1480 ιι
1535 1424 1775 1480 Patribus
1812 1438 2065 1495 praesum-

466 1529 630 1591 ptam,
670 1537 761 1588 per
784 1520 1156 1593 indulgentiam
1186 1528 1429 1574 excusat:
1464 1527 1778 1589 postremum
1803 1524 2064 1588 quartum,

465 1630 582 1686 qua:
604 1629 706 1667 non
726 1621 953 1675 excusat,
986 1611 1076 1665 sed
1101 1609 1425 1665 condemnat.
1467 1607 1538 1663 Et
1570 1615 1691 1679 post
1714 1622 1881 1679 pauca
1910 1624 1922 1659 :
1962 1607 2071 1662 An-

463 1726 597 1766 uuas
622 1718 774 1778 atque
796 1714 1080 1761 menstruas
1108 1704 1269 1777 (adeo
1292 1703 1604 1774 frequenter
1626 1701 1990 1767 mutabantur,
2015 1710 2072 1756 et

2159 487 2260 545 Dei
2300 490 2362 544 de
2410 488 2515 547 Deo
2556 493 2887 567 Spiritusque
2923 497 3088 551 sancti
3118 497 3523 554 inaestimabilem
3567 500 3767 557 incom-

2161 580 2650 655 prehensibilemque
2691 587 2973 643 divinitatis
3000 591 3423 661 perpetuitatem,
3455 595 3580 665 jure
3613 592 3725 661 ipso
3745 636 3760 662 ,

2159 690 2261 744 quo
2286 691 2347 730 ex
2370 693 2424 730 se
2450 687 2538 744 est,
2572 680 2886 750 argumentis
2915 697 3116 753 cogere,
3139 682 3457 751 examinare,
3485 685 3671 751 metiri,
3705 703 3764 740 ac

2161 767 2448 823 discernere
2477 786 2625 839 posse
2654 772 3012 840 prwsumebat.
3038 771 3181 829 .lluic
3219 760 3370 845 ergo,
3403 774 3529 832 licet
3564 777 3764 835 fortas-

2161 856 2238 914 sis
2265 873 2371 915 non
2404 861 2541 917 mala
2574 870 2755 920 mente
2787 863 2926 920 hanc
2950 865 3376 935 diSputationem
3406 870 3627 941 aggredi
3658 854 3777 929 vel?

2163 949 2258 1018 let,
2291 959 2349 1005 ut
2380 953 2448 1007 ab
2476 951 2645 1010 hocce
2672 955 2891 1011 curioso
2920 957 3102 1012 studio
3130 969 3418 1028 avocaret,
3469 963 3775 1031 periculum.

2161 1043 2428 1114 ejusmodi
2469 1046 2888 1119 disputationum
2919 1062 3045 1107 ante
3081 1053 3270 1108 oculos
3313 1054 3494 1126 posuit
3530 1066 3627 1114 :et
3667 1058 3768 1116 hac

2165 1140 2450 1197 occasione
2472 1150 2736 1198 tractatus
2763 1142 2889 1198 ﬁdei
2916 1186 2931 1212 ,
2963 1145 3056 1215 qui
3099 1145 3368 1203 sin’rilibus
3395 1149 3771 1208 ratiocinatio-

2166 1234 2326 1290 nibus
2356 1234 2424 1289 ab
2452 1234 2668 1291 Arionis
2697 1236 2754 1292 in
2790 1236 2907 1293 dies
2933 1237 3257 1305 edebantur,
3290 1241 3342 1296 in
3386 1241 3644 1299 invidiam
3673 1260 3770 1300 vo-

2166 1334 2290 1393 cat;
2323 1327 2520 1397 quippe
2549 1329 2640 1399 qui
2673 1328 2831 1384 ﬁdem
2856 1371 2870 1393 ,
2918 1346 3077 1403 quam
3115 1330 3486 1401 explicandam
3526 1343 3581 1390 et
3610 1351 3773 1408 argu-

2169 1420 2368 1476 mentis
2397 1422 2824 1478 conﬁrmandam
2862 1424 2964 1480 sibi
3003 1434 3368 1495 sumpserant,
3408 1426 3692 1486 discidisse
3720 1439 3777 1485 ct

2170 1509 2507 1567 destruxisee
2547 1513 3027 1571 convincebantur.
3073 1516 3130 1571 ln
3173 1515 3312 1572 hanc
3349 1533 3464 1574 rem
3501 1519 3779 1575 credulita-

2172 1612 2293 1672 tem,
2334 1620 2430 1661 seu
2468 1604 2628 1662 fidem
2659 1607 2958 1678 simplicem
2987 1626 3099 1680 pra:
3132 1610 3317 1667 subtili
3348 1611 3595 1671 doctrina
3623 1630 3778 1670 com-

2176 1695 2425 1761 mendat.
2459 1698 2603 1768 quod
2638 1715 2700 1756 ea
2732 1716 2835 1757 una
2866 1703 3157 1758 universim
3188 1704 3491 1762 necessaria
3528 1708 3630 1777 sit,
3665 1711 3780 1766 haec

469 1816 627 1857 novae
671 1798 902 1855 subinde
947 1794 1283 1865 edebantur)
1326 1795 1389 1849 de
1426 1792 1539 1849 Deo
1567 1794 1695 1863 ﬁdes
1727 1794 2066 1861 decernimus,
2103 1790 2151 1855 B
2176 1801 2355 1847 autem
2390 1795 2826 1865 praesumptionis
2857 1804 2912 1852 et
2943 1797 3165 1867 periculi
3194 1798 3374 1870 plena;
3409 1800 3553 1857 unde
3580 1801 3657 1857 ait
3684 1821 3782 1858 nu-

468 1894 683 1948 decretis
721 1893 1042 1961 panitemus,
1090 1890 1389 1958 ptenitentes
1436 1886 1787 1957 defendimus,
1836 1887 2076 1958 defensos

472 1986 967 2044 anathematizamus
992 2001 1011 2050 ;
1050 1992 1139 2037 aut
1165 1983 1218 2036 in
1247 1983 1436 2036 nostris
1478 1982 1669 2046 aliena,
1700 1990 1789 2034 aut
1821 1981 1875 2034 in
1896 1981 2078 2035 alienis

469 2088 648 2134 nostra
674 2077 1020 2141 damnamus;
1062 2084 1107 2129 et
1137 2072 1428 2127 mordentes
1467 2073 1701 2135 invicem,
1722 2073 1839 2143 jam
1864 2087 2065 2126 assum-q

475 2174 552 2245 pti
578 2187 757 2225 sumus
791 2171 856 2225 ab
884 2170 1123 2224 invicem.
1175 2169 1340 2222 Erant
1367 2169 1563 2237 quippe
1593 2169 1771 2237 plures
1800 2165 1921 2221 ﬁdei
1966 2166 2076 2221 lor-

475 2265 661 2330 mular,
703 2272 814 2318 tum
861 2261 1030 2316 variis
1064 2260 1391 2316 Arianorum
1434 2271 1488 2314 et
1525 2257 1987 2314 Semiarianorum
2022 2259 2076 2313 in

480 2356 706 2430 synodis
735 2355 929 2423 editas,
973 2366 1082 2410 tum
1125 2369 1244 2423 quae
1290 2368 1318 2407 a
1363 2352 1680 2427 quibusdam
1712 2352 1983 2425 episcopis
2023 2355 2077 2411 in

477 2463 592 2505 sua:
618 2457 781 2503 seetse
811 2446 1180 2503 defensionem
1210 2443 1710 2517 promulgabantur.
1745 2444 1872 2501 llaec
1900 2445 2083 2517 itaque

478 2551 604 2596 sunt
626 2540 703 2594 illi
718 2538 867 2594 utulti
889 2546 1157 2606 tractatus,
1183 2537 1357 2591 multa:
1376 2535 1528 2605 ﬁdes,
1546 2545 1595 2589 et
1616 2536 1823 2605 quidem
1844 2535 2077 2605 novella,

475 2645 523 2689 et
549 2635 657 2688 litis
683 2632 857 2686 labore
880 2641 924 2686 et
951 2630 1128 2702 favore
1146 2631 1374 2694 nutritor.
1404 2644 1539 2702 quas
1569 2629 1628 2687 S.
1661 2629 1812 2687 Zeno
1840 2645 2084 2688 comme-

485 2735 663 2782 morat
707 2735 957 2783 tractat.t
987 2725 1079 2781 lib.
1111 2740 1149 2792 ι,
1174 2740 1324 2781 num.
1359 2725 1413 2779 '5.

554 2819 613 2874 ln
640 2818 723 2873 bis
748 2828 931 2874 autem
962 2827 1163 2888 quanta
1183 2818 1477 2873 subtilitate
1509 2816 1733 2887 ingenii,
1770 2826 2085 2891 quantaque

483 2910 1012 2982 argumentationum
1052 2909 1107 2966 vi
1144 2919 1425 2966 uterentur
1464 2910 1704 2965 haeretici
1733 2925 1930 2983 magno
1960 2927 2083 2967 cum

483 3002 782 3074 legentium
826 3001 1097 3071 periculo,
1142 3012 1289 3073 patet
1328 3019 1399 3059 ex
1434 3002 1712 3058 Athanasii
1750 3003 1979 3074 epistola
2018 3003 2085 3059 ad

484 3102 784 3170 Episcopus
809 3098 1033 3172 [Egypti
1067 3109 1121 3155 et
1146 3099 1331 3172 Libya:
1366 3115 1488 3172 pag.
1521 3099 1628 3155 278
1650 3143 1664 3164 ,
1697 3115 1844 3155 num.
1878 3100 1913 3155 8
1934 3143 1949 3168 ,
1994 3099 2086 3155 ubi

2180 1898 2319 1938 mer.
2352 1883 2377 1937 1
2410 1903 2423 1939 :
2457 1884 2939 1958 Manifestissimum
2970 1898 3110 1954 puto,
3139 1890 3292 1944 nimis
3317 1900 3486 1946 astuto
3526 1909 3635 1949 esse
3660 1894 3783 1948 sim-

2180 1976 2365 2045 plicem
2405 1978 2669 2032 meliorem
2711 1996 2730 2035 :
2773 1983 2893 2049 quia
2939 1982 3439 2051 simplexpmnibus
3479 1984 3579 2041 Dei
3622 1989 3788 2044 verbis

2181 2068 2486 2138 simpliciter
2512 2069 2713 2139 credit;
2740 2082 2938 2128 astutus
2971 2083 3140 2129 autem
3171 2075 3330 2131 nimia
3356 2076 3612 2149 sapientia
3646 2081 3785 2151 infa-

2184 2167 2394 2228 tuatus,
2437 2162 2853 2233 inquisitionibus
2894 2167 3036 2220 vanis
3078 2179 3235 2222 semet
3276 2168 3447 2240 ipsum
3488 2174 3781 2243 confundit.

2182 2251 2301 2308 Non
2331 2255 2513 2326 itaque
2539 2253 2842 2327 simplicem
2888 2258 3242 2317 didascaliam
3277 2262 3399 2319 ﬁdei
3428 2261 3485 2320 S.
3509 2263 3655 2321 Zeno
3683 2265 3786 2322 hoc

2184 2342 2305 2400 loco
2334 2344 2717 2416 reprehendit,
2752 2365 2912 2420 quam
2958 2367 3064 2407 non
3097 2363 3256 2424 negat
3295 2356 3693 2425 necessariam,
3730 2366 3788 2415 ut

2183 2437 2306 2507 quis
2332 2437 2504 2505 sciat,
2533 2439 2794 2510 quidquid
2820 2441 3044 2499 credere
3068 2443 3265 2511 debet;
3296 2446 3389 2501 sed
3413 2457 3635 2519 argutas
3661 2448 3787 2507 lidei

2185 2525 2602 2600 disputationes,
2623 2550 2756 2605 quas
2776 2544 2948 2602 vocat,
2969 2552 3069 2593 seu
3092 2538 3315 2594 nitnium
3340 2541 3391 2595 in
3413 2539 3514 2596 lide
3545 2540 3623 2616 [ο]
3661 2559 3787 2600 acu-

2186 2635 2334 2690 men,
2363 2624 2751 2691 curiositatem,
2778 2627 3209 2701 dialecticenque
3234 2630 3481 2703 pluribus
3514 2635 3785 2704 pernicio-

2187 2728 2301 2769 sam
2333 2715 2487 2773 unice
2517 2719 2845 2777 condemnat
2870 2738 2883 2776 :
2916 2721 3214 2794 Disputatio
3240 2726 3405 2792 enim,
3438 2727 3613 2799 inquit
3642 2746 3696 2785 n.
3725 2730 3785 2797 2,

2186 2809 2319 2863 sicut
2346 2810 2528 2865 excolit
2556 2810 2710 2880 ﬁdem
2730 2832 2748 2881 ;
2770 2815 2864 2880 ita,
2892 2818 2939 2870 si
2969 2829 3169 2873 versuta
3195 2820 3293 2884 sit,
3323 2820 3554 2874 eradicat
3584 2822 3744 2894 ﬁdem
3771 2866 3788 2891 ,

2189 2910 2246 2956 ut
2269 2901 2325 2956 in
2352 2901 2675 2959 Arianorum
2698 2906 3155 2977 diSputationihus
3172 2920 3332 2983 atque
3351 2913 3667 2970 tracmtibus
3694 2933 3789 2971 ex-

2189 2995 2449 3064 perientia
2480 2997 2727 3054 docehat.
2770 2999 2953 3072 Itaque
2992 3003 3187 3059 similia
3208 3049 3223 3073 ,
3254 3018 3317 3060 ac
3345 3005 3435 3061 alii
3465 3006 3680 3079 Patres,
3726 3009 3785 3067 S.

2190 3085 2340 3143 Zeno
2372 3088 2588 3145 tradidit
2615 3091 2729 3146 sive
2754 3092 2857 3148 hoc
2880 3110 3135 3153 sermone
3157 3098 3181 3153 1
3209 3096 3272 3153 de
3296 3096 3450 3166 Fide,
3473 3117 3632 3171 quem
3664 3102 3793 3159 bac-

483 3192 783 3250 eatholicos
812 3193 878 3247 ab
906 3191 1171 3263 ejusmodi
1198 3192 1524 3262 scriptorum
1551 3191 1784 3247 lectione
1812 3191 2090 3248 deterrere
2117 3177 2164 3242 C
2197 3193 2353 3238 tenus
2378 3188 2724 3242 commentati
2751 3203 2958 3252 sumus,
2992 3189 3105 3247 sive
3136 3190 3287 3259 alibi,
3321 3198 3375 3248 et
3400 3194 3644 3266 pluribus
3672 3199 3793 3268 qni-

485 3296 713 3342 conatur
750 3285 834 3340 bis
874 3285 1054 3340 verbis
1081 3301 1095 3339 :
1139 3282 1282 3338 Nam
1308 3284 1511 3340 etiamsi
1533 3299 1680 3338 voces
1711 3301 1776 3338 ea:
1800 3283 2091 3356 Scripturis

486 3388 804 3440 mutuentur,
829 3376 1102 3432 scribentes
1132 3375 1468 3433 nihilominus
1496 3377 1748 3445 repellite,
1773 3379 1888 3432 licet
1914 3378 2088 3432 ortho-

487 3473 640 3527 doxa:
666 3471 788 3542 ﬁdei
818 3470 968 3526 verba
1008 3470 1344 3541 protulerint,
1386 3487 1477 3524 nec
1520 3470 1592 3525 sic
1629 3470 1887 3539 loquentes
1925 3471 2091 3524 velitts

484 3563 767 3619 attendere.
814 3561 923 3615 Nec
965 3563 1120 3616 etiam
1162 3572 1303 3615 recta
1339 3571 1504 3617 mente
1532 3561 1830 3631 loquuntur,
1875 3562 1965 3616 sed
2008 3563 2090 3615 his

488 3654 655 3709 verbis
684 3653 817 3708 velut
849 3655 1016 3708 ovium
1058 3652 1193 3723 pelle
1229 3653 1429 3720 induti,
1470 3653 1610 3707 intus
1640 3653 1815 3707 cadent
1846 3670 1906 3707 ac
1935 3654 2093 3709 Arius

486 3747 831 3801 sentiunt.....
861 3743 1045 3817 Itaque
1078 3745 1122 3800 si
1147 3760 1263 3816 quas
1286 3745 1580 3810 scriberent,
1609 3760 1671 3800 ea
1697 3746 1972 3800 scriberent
2001 3762 2089 3801 or-

492 3838 705 3893 thodoxi
726 3879 740 3903 ,
762 3846 819 3891 ut
854 3853 1072 3908 magnus
1097 3835 1310 3901 Hosius,
1351 3846 1456 3893 etc.
1492 3836 1654 3905 (alios
1681 3837 1975 3892 catholicos
2008 3852 2094 3890 rc-

488 3929 869 4003 censet).......
904 3933 961 3985 Si
995 3930 1075 3986 illi
1104 3929 1338 4004 (Ariani)
1372 3931 1453 3985 his
1478 3929 1808 4005 (catholicis)
1829 3938 1993 3984 essent
2020 3929 2092 3983 si-

488 4027 658 4091 miles,
695 4026 869 4081 nullus
897 4028 1129 4098 profecto
1150 4025 1201 4079 in
1222 4024 1431 4080 illorum
1454 4024 1659 4095 scriptis
1681 4034 1811 4080 esset
1841 4024 2096 4093 suspicio-

489 4117 572 4173 nis
596 4118 739 4173 locus
763 4133 782 4173 :
811 4117 1030 4186 simplex
1049 4118 1186 4172 enim
1205 4134 1268 4172 ac
1295 4117 1574 4172 candidum
1600 4126 1678 4172 est
1707 4117 1931 4172 virorum
1955 4118 2094 4188 Apo-

488 4212 793 4266 stolicorum
820 4212 1104 4284 ingenium.
1139 4211 1206 4286 lit
1230 4224 1458 4266 numero
1479 4210 1513 4267 9
1545 4226 1560 4264 :
1596 4210 1733 4278 Quia
1757 4225 1874 4265 vero
1903 4212 2098 4281 scripta

488 4314 724 4361 auctores
740 4321 826 4361 eos
846 4305 1050 4374 habent,
1073 4305 1160 4377 qui
1178 4321 1271 4377 pro
1292 4303 1668 4377 propugnanda
1689 4304 1897 4360 haeresis
1939 4320 2097 4359 causa

487 4399 721 4455 mercede
756 4408 876 4455 sunt
919 4398 1329 4458 conducti.......
1360 4397 1709 4471 evigilandum
1740 4405 1788 4452 et
1815 4397 2095 4452 cavendum

486 4505 584 4561 est,
616 4499 920 4566 fratres..."
949 4511 1014 4550 ne
1039 4510 1139 4567 qua
1167 4498 1312 4567 fraus
1341 4509 1405 4548 ex
1431 4494 1699 4549 verborum
1728 4493 1983 4565 elegantia
2007 4509 2088 4547 as-

2192 3272 2316 3329 dcm
2360 3275 2411 3330 in
2451 3277 2619 3340 locis,
2658 3294 2777 3350 qua:
2802 3295 3123 3338 enumerare
3162 3281 3320 3340 nimis
3351 3297 3493 3342 esset
3537 3287 3787 3360 longum;

2192 3380 2313 3420 cum
2339 3367 2541 3423 scilicet
2573 3367 2896 3431 Arianorum
2932 3372 3178 3443 petulans
3205 3375 3479 3446 ingenium
3509 3393 3788 3444 coercere,

2193 3466 2249 3513 et
2277 3458 2496 3514 nimiam
2527 3476 2849 3519 arcanorum
2880 3465 3001 3521 ﬁdei
3031 3465 3524 3539 investigandorum
3557 3470 3787 3528 curio-i-

2197 3561 2359 3607 tatem
2398 3554 2693 3624 reprimere
2725 3556 2983 3620 studens,
3025 3558 3355 3617 credendum
3403 3562 3625 3633 quidem
3667 3580 3792 3622 esse

2194 3643 2395 3714 docuit,
2429 3647 2687 3719 quidquid
2730 3650 2797 3706 de
2842 3651 2963 3707 Filii
3010 3653 3291 3711 nativitate
3323 3656 3582 3724 traditur;
3617 3667 3673 3712 at
3706 3676 3794 3712 ar-

2193 3744 2658 3811 gumentationibus
2696 3747 2839 3801 vanis
2874 3749 3077 3818 Opinari
3118 3750 3263 3817 velle,
3299 3769 3401 3806 non
3431 3754 3667 3820 colentis,
3702 3754 3794 3809 srd

2148 3867 2161 3873 -
2195 3832 2449 3891 dementis
2495 3854 2601 3892 esse
2640 3838 2949 3896 afﬁrmavit.
2995 3842 3127 3900 Vide
3168 3852 3323 3901 tract.
3372 3846 3405 3903 8
3438 3845 3534 3902 lib.
3575 3862 3647 3915 ιι,
3694 3866 3794 3905 nu-

2195 3941 2349 3982 mero
2378 3930 2429 3983 1.

2267 4023 2420 4090 Quod
2453 4023 2495 4079 si
2527 4022 2586 4080 S.
2615 4024 2764 4082 Zeno
2791 4034 2947 4082 tract.
2981 4027 3107 4085 ﬁdei
3134 4044 3163 4083 a
3193 4029 3477 4088 catholicis
3505 4032 3668 4089 etiam
3699 4032 3796 4088 bo-

2195 4115 2430 4171 minibus
2460 4117 2624 4173 scribi
2658 4118 2976 4175 adversatus
3000 4136 3126 4177 vere
3154 4120 3267 4191 iuit,
3315 4123 3442 4180 iecit
3462 4166 3478 4193 ,
3507 4122 3652 4196 quod
3688 4142 3796 4180 cm-

2197 4206 2300 4264 teri
2327 4208 2701 4266 Occidentales
2733 4210 3007 4268 faciebant
3030 4214 3271 4285 episc0pi
3297 4257 3313 4282 ,
3345 4216 3434 4287 qui
3473 4216 3698 4287 proinde
3727 4218 3797 4274 de

2196 4298 2561 4357 Orientalibus
2589 4316 2696 4357 non
2728 4304 2865 4359 bene
2893 4305 3242 4374 sentiebant,
3274 4321 3396 4362 cum
3431 4306 3498 4363 de
3527 4306 3653 4364 ﬁdei
3686 4309 3796 4363 ior-

2197 4394 2357 4451 mulis
2379 4410 2473 4450 seu
2498 4397 2812 4454 tractatibus
2840 4414 2937 4468 per
2964 4398 3185 4455 eosdem
3212 4399 3371 4455 editis
3395 4400 3636 4457 auditum
3669 4399 3792 4458 fuit.

2197 4485 2335 4543 llinc
2361 4487 2419 4545 S.
2457 4487 2693 4545 llilarius
2724 4497 2780 4545 ut
2808 4489 3107 4547 catholicos
3132 4490 3442 4550 Orientales
3470 4493 3796 4552 Occidenta-

489 4562 719 4658 muague
753 4587 967 4657 oriatur.
997 4562 1145 4642 Hanc
1167 4562 1498 4643 Arianorum
1536 4588 1587 4641 in
1620 4586 1781 4641 rebus
1806 4562 1934 4641 ﬁdei
1970 4602 2091 4658 per-
2114 4562 2169 4624 D
2196 4574 2339 4636 libus
2373 4595 2436 4635 ea
2461 4580 2529 4636 de
2560 4598 2618 4638 re
2645 4580 2935 4654 indignatis
2959 4583 3299 4653 conciliaret,
3338 4600 3525 4642 eorum
3557 4596 3794 4644 mentem

488 4695 679 4753 peram
711 4678 1206 4750 philosophantium
1237 4679 1590 4734 calliditatem
1621 4677 1713 4733 alii
1745 4694 1959 4749 quoque
1990 4678 2092 4734 Pa-

490 4783 603 4830 tres
629 4781 918 4829 testantur.
953 4772 1083 4829 Vide
1108 4772 1256 4844 plura
1289 4772 1535 4843 Gregorii
1562 4772 1828 4843 Nyssmni,
1862 4771 2091 4827 Nazian-

466 4867 635 4935 ‘zeni,
667 4866 871 4928 Basilii.
909 4865 1215 4937 Epiphanii,
1247 4864 1511 4929 Faustini,
1541 4862 1752 4937 Cyrilll,
1778 4871 1833 4920 et
1858 4865 2089 4921 Ambro-

490 4959 558 5016 sii
606 4960 914 5015 testimonia
959 4976 988 5013 a
1040 4960 1256 5015 Petavio
1302 4959 1529 5016 collecta
1581 4960 1634 5015 in
1684 4958 2091 5032 Prolegomenis

490 5065 612 5120 cap.
651 5051 721 5120 '5,
754 5066 783 5106 a
816 5067 965 5106 num.
999 5052 1053 5108 5.
1097 5050 1245 5107 lianc
1276 5066 1410 5107 vero
1445 5050 1793 5123 sopbistiCam
1825 5053 2092 5111 callidita-

492 5149 602 5198 tem
646 5154 699 5200 et
744 5144 1035 5200 humanam
1078 5154 1519 5217 argumentorum
1574 5145 2043 5203 ratiocinationem
2074 5189 2089 5215 ,

489 5248 613 5305 qua:
650 5236 882 5291 Arianos
928 5238 983 5292 in
1030 5244 1105 5293 tet
1145 5251 1361 5294 errores
1390 5237 1797 5310 sententiasque
1824 5237 2091 5297 distraxe-

490 5333 593 5392 rat,
631 5337 818 5396 utpote
846 5327 1067 5398 periculi
1107 5329 1322 5401 plenam
1355 5327 1604 5385 catholiei
1635 5329 1823 5386 Patres
1856 5331 2089 5386 maxime

488 5419 798 5490 fugiendam
854 5430 1110 5491 putarunt
1158 5439 1175 5480 :
1226 5432 1282 5478 et
1334 5421 1459 5477 hinc
1505 5421 1615 5492 jam
1664 5430 1833 5493 patet,
1875 5422 2005 5493 quid
2033 5421 2087 5478 in

489 5526 651 5568 causa
701 5510 897 5578 fuerit,
940 5527 1042 5569 eor
1075 5513 1129 5571 S.
1174 5511 1321 5568 Zeno
1359 5511 1483 5568 ﬁdei
1529 5520 1785 5570 tractatus
1816 5513 1934 5569 ﬁeri
1965 5529 2091 5585 pro-

488 5598 723 5663 hiberet.
763 5604 950 5662 Frater
988 5606 1112 5677 ille,
1152 5624 1313 5678 quem
1357 5615 1587 5663 tractatu
1623 5610 1648 5664 1
1683 5607 1993 5680 alloquitur,
2043 5609 2093 5666 is

490 5709 633 5766 erat,
669 5698 760 5770 qui
790 5701 959 5771 ipsum
989 5700 1183 5771 fontem
1211 5701 1493 5756 divinitatis
1522 5699 1894 5785 philosOphicis
1921 5703 2094 5772 argu-

487 5795 671 5849 mentis
695 5795 972 5853 earhaurire
993 5796 1297 5873 conabatur,
1334 5812 1478 5853 num.
1510 5798 1573 5857 5:
1597 5796 1684 5875 qui
1706 5794 1797 5857 sub
1827 5811 1952 5853 sono
1972 5794 2097 5867 legis

2198 4674 2596 4745 consiliumque
2632 4692 2696 4731 ex
2727 4676 3055 4733 necessitate
3095 4693 3326 4750 purgare
3365 4679 3569 4736 studuit
3610 4680 3664 4736 in
3694 4682 3792 4739 lib.

2198 4763 2266 4821 de
2294 4766 2525 4839 Synodis
2565 4768 2631 4823 ad
2662 4769 2950 4839 episcopos
2980 4770 3166 4827 Gallim
3197 4787 3346 4826 num.
3377 4772 3448 4829 65
3479 4791 3491 4827 :
3524 4772 3675 4829 Nihil
3699 4793 3798 4830 au-

2196 4872 2295 4919 tem
2317 4866 2506 4918 mirunt
2536 4862 2698 4918 videri
2723 4863 2861 4919 vobis
2887 4864 3050 4931 debet,
3081 4861 3293 4920 Fratres
3321 4865 3631 4933 charissimi,
3656 4872 3798 4939 quod

2196 4965 2301 5011 tam
2332 4960 2624 5027 frequenter
2647 4957 2834 5026 exponi
2871 4956 2998 5028 ﬁdes
3032 4968 3211 5029 etepr
3239 4967 3359 5014 sunt
3389 4976 3409 5014 :
3443 4963 3797 5017 necessitatem

2196 5048 2329 5103 hanc
2357 5052 2504 5120 [uror
2532 5047 2798 5104 haereticus
2828 5050 3064 5120 imponit.
3097 5050 3165 5106 Et
3195 5067 3318 5107 mox
3355 5071 3370 5107 :
3404 5053 3568 5125 Atque
3596 5053 3797 5109 utinam

2193 5142 2392 5211 penitus
2429 5140 2718 5195 nescirent!
2756 5157 2873 5196 cum
2907 5143 3211 5214 procliviore
3239 5144 3371 5198 enim
3402 5145 3550 5199 venia
3584 5144 3799 5217 ignora-

2190 5241 2320 5300 rent,
2358 5249 2510 5302 quam
2538 5232 2894 5289 obtrectarent.
2933 5231 3042 5289 Sed
3075 5234 3267 5290 horum
3297 5233 3676 5307 Episcoporum
3701 5237 3799 5291 do—

2193 5323 2274 5379 lor
2294 5341 2348 5379 se
2376 5326 2511 5380 intra
2532 5325 2792 5380 silentium
2812 5334 2918 5382 'non
2940 5327 3203 5382 continens
3228 5369 3243 5395 ,
3267 5328 3515 5393 unitatem
3546 5328 3669 5399 ﬁdei
3698 5331 3797 5385 hu-

2185 5421 2281 5493 jus
2314 5420 2528 5490 qua’rit,
2563 5437 2677 5492 qua:
2701 5421 2816 5492 jam
2848 5419 3047 5492 pridem
3070 5438 3159 5491 per
3187 5419 3317 5476 alios
3343 5422 3537 5490 amisit.
3574 5422 3794 5480 Interim

2195 5518 2376 5567 tamen
2406 5511 2554 5582 ipsos
2584 5510 2892 5569 Gallicanos
2929 5512 3216 5585 episcopos
3252 5500 3631 5585 commendat,
3660 5527 3796 5571 tam-

2197 5617 2356 5672 quam
2398 5602 2570 5657 beatos
2603 5604 2657 5657 in
2688 5602 2908 5659 Domino
2937 5613 2985 5658 et
3015 5604 3289 5676 gloriosos,
3332 5605 3441 5676 qui,
3462 5606 3567 5674 ,ait,
3595 5608 3798 5679 perfec-

2200 5701 2302 5747 tant
2348 5704 2501 5764 atque
2535 5694 2886 5765 Apostolicam
2925 5694 3081 5765 ﬁdem
3122 5698 3445 5753 conscientia:
3475 5699 3799 5770 professione

2199 5790 2495 5856 retinentes,
2524 5787 2840 5863 conscriptas
2865 5787 2993 5863 ﬁdes
3023 5789 3122 5846 huc
3148 5807 3308 5870 usque
3325 5792 3532 5848 nescitis
3564 5791 3798 5864 :quibus
