4242 6168
369 234 478 291 ΗῚ
1351 210 1823 270 DlSSERTATIO
1865 209 1938 275 ll,
1989 203 2087 261 DE
2127 204 2188 260 S.
2233 203 2394 261 ZEN.
2433 202 2819 261 DUCTRINA.
3719 222 3833 278 “8

367 344 612 404 Zenonis
639 354 802 397 mens
820 332 1266 395 Occidentalibus
1287 331 1631 395 communis,
1656 338 1717 384 et
1740 328 1848 398 ipsi
1875 324 2053 381 etiam
2087 325 2134 382 Λ
2164 320 2321 392 longa
2353 322 2722 378 excusatione
2751 325 3132 397 arripiendam
3161 333 3357 400 duxit;
3386 332 3516 403 quis
3537 333 3652 405 jam
3690 339 3827 401 hinc

369 439 585 499 Hilario
628 450 730 507 pro
758 429 1128 491 Orientalibus
1165 425 1469 483 disserenti
1513 419 1929 480 commendata
1959 431 2058 474 co-
2166 431 2272 496 non
2298 415 2596 486 pervideat,
2629 431 2758 486 quo
2779 416 2914 487 jure
2943 422 3000 478 S.
3032 424 3175 482 Zeno
3201 426 3442 483 fratrem
3476 441 3588 484 non
3618 447 3686 489 ea
3718 439 3827 493 uti-

370 534 682 607 gnoscimr.
1599 606 1609 607 7
1669 602 1691 607 Α
2020 600 2030 607 ⁸
2166 522 2272 607 que
2303 507 2654 575 necessitate,
2717 523 2827 578 qua
2873 512 3106 571 Hilarius
3127 517 3519 587 premebatur,
3549 524 3648 580 sed
3677 530 3795 584 sola

453 573 660 680 hrum
693 615 1001 690 displicebit
1029 613 1287 675 fortasse,
1332 607 1485 678 quod
1527 606 1633 662 sub
1657 602 1856 658 ﬁnem
1887 611 1956 656 tr.
1993 600 2062 657 de
2164 573 2238 654 uti
2258 608 2526 690 apparet,
2557 573 2900 659 curiositate
2927 606 2994 660 ad
3027 573 3442 677 disputandum
3479 573 3820 689 ξ

466 663 660 680 ενι-η..
694 663 1000 690 ...υτ-η----
1029 663 1287 675 ----_---,
1350 663 1364 678 ,
2303 663 2352 670 __
2513 663 2520 665 _
3112 663 3126 677 _
3484 663 3776 676 “nn”.

381 718 516 773 Fide
543 715 872 780 inculcatur,
904 708 989 765 ubi
1014 723 1122 764 non
1148 703 1321 762 modo
1351 702 1681 757 universam
1715 695 2058 752 divinorum
2161 691 2227 746 ab
2253 689 2351 745 hac
2375 690 2675 760 scriptione
2711 691 2997 751 deterrere
3025 705 3080 752 et
3104 707 3389 755 avertere
3428 715 3658 765 conatus
3683 723 3766 768 est

381 757 405 773 ι
437 757 515 773 ...υ
543 757 872 780 ................,
906 757 989 765 η-
1014 757 1122 764 η---
1255 757 1308 759 η
2490 757 2503 760 -

378 811 774 885 mysteriorum
803 803 1268 873 investigationem
1298 795 1913 885 disputationemque,
1956 789 2056 885 sed
2157 800 2262 840 non
2293 783 2437 856 quod
2461 799 2591 842 vere
2616 785 2898 844 inlicitum
2921 800 3131 859 putaret
3168 790 3241 846 de
3286 757 3810 864 ntysteriisun-iv'in};

378 908 554 977 ipsam
589 903 793 974 pariter
827 897 1039 954 illorum
1074 893 1337 948 adversus
1384 877 2054 977 haereticosudefensio-
2153 891 2282 932 sana
2314 878 2583 933 sententia
2609 877 2909 947 disserere,
2953 881 3046 936 sed
3083 883 3229 951 quod
3267 888 3614 952 quotidiano
3644 897 3802 952 Aria-

378 966 509 1054 ncm
540 966 850 1063 improbare
877 986 1108 1044 videtur.
1136 983 1415 1052 Disputare
1447 977 1657 1032 devita.
1699 966 1892 1042 Negat
1910 990 2046 1044 quo-
2149 987 2339 1027 norum
2369 971 2750 1042 experimento
2779 973 3029 1040 edoctus,
3073 989 3138 1028 ex
3176 974 3528 1045 hujusmodi
3555 988 3794 1059 disputa.

377 1093 505 1144 dum
535 1062 692 1140 modo
716 1083 879 1138 Deum
902 1123 916 1148 ,
953 1078 1178 1148 quisquis
1207 1073 1395 1130 adserit
1431 1070 1459 1142 (
1489 1071 1551 1126 id
1579 1077 1662 1125 est
1700 1062 1950 1122 vindicat
1987 1080 2044 1123 et
2147 1063 2382 1120 tionibus
2411 1064 2685 1120 haereseos
2711 1065 3055 1140 incurrendze
3089 1065 3428 1135 periculum
3455 1076 3784 1145 immineret;

378 1176 656 1248 defendit)
685 1175 844 1228 Deum
871 1189 888 1228 :
913 1170 1140 1240 defensio
1170 1168 1303 1222 enint
1329 1178 1437 1218 non
1471 1162 1584 1216 nisi
1610 1157 1868 1215 imbecilli
1895 1176 2037 1230 prte-
2142 1164 2283 1233 quod
2321 1179 2482 1218 nemo
2513 1163 2750 1232 prudens
2781 1180 2849 1218 tte
2877 1162 3009 1217 dum
3040 1178 3148 1216 non
3183 1167 3648 1240 reprehenderit,
3683 1175 3780 1227 sed

375 1282 573 1329 statur.
601 1269 804 1324 Verum
845 1265 933 1320 hic
978 1277 1086 1319 non
1114 1262 1274 1316 aliam
1303 1255 1706 1313 defensionem
1733 1254 2035 1325 reprehen-
2137 1257 2612 1313 commendatione
2653 1256 2833 1326 potius
2871 1255 3093 1325 dignum
3136 1255 3392 1325 putarit,
3441 1262 3533 1316 vel
3578 1277 3638 1316 ea
3688 1278 3776 1316 ra-

375 1369 496 1430 dit,
536 1376 706 1434 quam
736 1374 853 1430 qua:
882 1356 1283 1429 philosophicis
1315 1349 1676 1422 argumentis
1706 1348 1758 1402 itt
1797 1348 2032 1403 Ariano-
2136 1353 2304 1420 tione,
2327 1366 2490 1423 quam
2521 1349 2662 1404 idem
2690 1349 2746 1405 S.
2777 1348 2928 1405 Zeno
2952 1347 3374 1416 suggeritnum.
3403 1350 3463 1414 5,
3492 1351 3563 1404 sit
3577 1352 3773 1422 quippe

378 1472 506 1514 rum
541 1453 808 1510 rationem
839 1451 926 1504 hic
955 1449 1127 1503 frater
1151 1446 1371 1518 aggredi
1405 1443 1642 1501 volebat
1675 1455 1836 1496 :eam
1871 1455 2024 1506 vero,
2131 1447 2292 1499 tutius
2321 1443 2617 1514 imperitum
2648 1441 2834 1504 uideri,
2875 1453 3033 1511 quam
3071 1453 3178 1492 esse
3212 1438 3566 1511 sacrilegum.
3608 1442 3766 1510 Quod

374 1567 504 1626 quae
552 1541 1062 1605 ratiocinationibus
1109 1540 1328 1596 omissis
1381 1549 1596 1606 totum.
1625 1534 1898 1605 ingenium
1955 1532 2024 1588 ad
2130 1539 2346 1610 quidem
2389 1536 2674 1592 consilium
2703 1535 2865 1590 etiam
2899 1541 3024 1603 post
3063 1529 3349 1584 Zenonem
3396 1531 3598 1588 harum
3628 1549 3768 1605 quo.

375 1640 758 1702 vindicandam
800 1635 1005 1700 ﬁdem,
1055 1641 1113 1689 et
1156 1632 1555 1688 auctoritatem
1608 1640 1818 1684 sacram
1849 1624 2025 1694 6X|)ii-
2129 1648 2235 1703 que
2279 1633 2330 1686 in
2374 1631 2607 1702 partium
2657 1625 2946 1697 Episcopis
2995 1621 3324 1694 priestitisse
3365 1627 3763 1693 cognoscimus

372 1739 611 1799 caudam
659 1728 1017 1790 transferebat
1043 1767 1060 1792 ,
1108 1739 1462 1798 nequaquam
1496 1717 1845 1792 reprobavit;
1895 1733 2020 1772 nam
2051 1728 2102 1789 Β
2130 1739 2252 1780 cum
2284 1740 2348 1780 ex
2393 1722 2597 1787 multiS,
2630 1729 2742 1774 tum
2773 1715 3080 1789 praesertim
3113 1728 3181 1767 ex
3209 1712 3269 1768 S.
3299 1711 3642 1786 Gaudentio,
3667 1720 3762 1789 qui

372 1851 528 1894 num.
557 1832 614 1899 5,
645 1830 758 1886 ait:
786 1824 850 1880 Si
885 1821 1127 1894 peritiam
1159 1820 1289 1892 legis
1323 1814 1612 1872 ostendere
1639 1811 1805 1882 cupis,
1839 1808 2022 1863 lectio-
2129 1817 2288 1887 paulo
2328 1823 2450 1886 post
2493 1813 2731 1868 Zenonis
2771 1811 2984 1866 obitum
3028 1803 3338 1860 Brixianam
3369 1809 3524 1863 rexit
3554 1809 3753 1868 Eccle-

372 1947 505 1988 nunt
539 1925 715 1984 nubila
740 1921 1033 1975 disserena.
1075 1914 1216 1970 Doce
1246 1929 1376 1968 eam
1402 1909 1505 1965 sibi
1535 1924 1639 1963 non
1663 1919 1770 1960 esse
1808 1913 2035 1986 contra-g
2129 1914 2264 1969 siam
2294 1931 2308 1967 ε
2340 1915 2384 1968 is
2415 1911 2582 1978 enim,
2618 1925 2784 1965 εει-ιη,
2813 1909 2902 1975 μ’
2927 1919 3054 1977 pag,
3090 1901 3215 1967 169,
3243 1901 3366 1958 ιιωο
3397 1907 3608 1978 πτερω
3636 1911 3766 1966 Νη,

369 2029 535 2082 riam.
572 2019 706 2076 Doce
724 2013 920 2080 omnia,
948 2025 1066 2080 qua:
1091 2010 1250 2077 canit,
1289 2022 1416 2061 esse
1446 1999 1726 2058 credenda.
1756 1997 1854 2052 Uni
1885 2013 2026 2054 auc-
2130 2011 2246 2081 quit
2271 2028 2284 2064 ε
2312 2007 2529 2064 Credere
2552 2007 2720 2077 itaque
2751 2019 2846 2057 nos
2871 2006 3075 2072 oportet
3101 2011 3206 2050 non
3235 1995 3396 2051 aliter
3427 2017 3539 2056 esse
3560 2001 3753 2071 Deum,

374 2117 592 2177 toritati
624 2125 787 2169 sacrae
813 2107 870 2162 in
907 2104 1248 2171 tractatibus,
1278 2114 1433 2170 quos
1464 2096 1683 2169 probat,
1720 2091 1887 2146 voluit
1931 2092 2021 2148 itt-

2133 2119 2284 2174 quam
2315 2118 2369 2156 se
2391 2102 2502 2171 ipse
2523 2098 2733 2172 proprio
2755 2109 2991 2152 sermone
3018 2090 3258 2145 reuelauit
3279 2107 3393 2148 esse
3417 2096 3756 2154 credendum.

372 2210 540 2277 sisti;
586 2215 642 2263 et
677 2202 844 2258 solum
878 2196 1190 2270 repudiavit
1229 2191 1726 2251 ratiocinationem
1773 2184 2021 2254 pliiloso-
2130 2197 2299 2251 Facta
2328 2204 2529 2265 quoque
2563 2197 2675 2267 ejus
2703 2208 2804 2245 non
2845 2189 3090 2245 debemus
3126 2183 3304 2239 rebelli
3345 2190 3545 2257 spiritu
3582 2193 3758 2247 discn-

376 2305 601 2378 plticam
636 2294 842 2353 Ατῖδηίδ
878 2293 1166 2356 “suillam.
1198 2304 1262 2344 80
1298 2299 1564 2342 errorum
1599 2281 1839 2378 "finem;
1870 2294 2019 2378 (1311‘,
2130 2303 2270 2359 tere,
2313 2292 2404 2347 sed
2445 2291 2585 2358 ﬁdeli
2625 2288 2800 2343 studio
2843 2283 3132 2347 admirari;
3177 2283 3425 2352 quoniam
3465 2297 3636 2342 rectus
3679 2297 3756 2342 οδε

377 2409 438 2455 ιιι
471 2394 666 2453 eadem
698 2390 751 2444 in
807 2401 974 2442 causa
1003 2387 1214 2440 notavit
1239 2379 1579 2438 Ambrosius
1610 2373 1710 2429 lib.
1748 2387 1765 2426 ι
1790 2372 1852 2425 de
1882 2369 2023 2427 Fide
2127 2403 2296 2440 sermo
2329 2384 2579 2448 Domini,-
2610 2391 2655 2436 et
2686 2380 2859 2434 omnia
2881 2393 3038 2445 opera
3058 2376 3174 2446 ejus
3200 2374 3252 2453 in
3281 2375 3504 2444 ﬁdem.
3534 2379 3757 2436 Desinao

374 2447 607 2559 eapffi,
642 2495 790 2537 num.
821 2479 894 2534 Η
918 2520 932 2544 ,
967 2494 1072 2532 non
1099 2471 1408 2530 adstruendi
1436 2472 1538 2524 vim
1565 2466 1751 2532 habet,
1789 2463 1878 2520 sed
1910 2474 2022 2518 stu-

2133 2498 2246 2534 mus
2281 2497 2403 2551 ergo
2436 2479 2539 2548 fide
2579 2474 2810 2546 neglecta
2851 2447 3234 2526 contumeliosis
3259 2473 3629 2538 questionibus
3668 2475 3751 2528 di-

373 2587 528 2640 dium
558 2573 882 2632 destruendi.
922 2571 1080 2638 Quod
1117 2571 1162 2624 si
1201 2568 1265 2622 ad
1297 2566 1643 2620 Arianorum
1691 2559 1796 2614 tela
1828 2567 2020 2614 retun-
2126 2575 2302 2628 vinum
2353 2570 2569 2642 ρηιδανε
2611 2566 2929 2635 mysterium
2981 2563 3038 2619 δ,
3090 2561 3286 2617 petrus
3325 2562 3699 2637 Chrysologus
3725 2609 3743 2635 ,

373 2674 557 2733 denda
589 2667 1004 2727 ratiocinatione
1030 2663 1209 2733 aliqua
1231 2659 1506 2716 subtiliori
1537 2661 1620 2714 uti
1658 2668 1802 2724 opus
1831 2663 2015 2722 esset;
2125 2665 2418 2719 Ravennas
2451 2658 2930 2728 archiepiscopus,
2970 2670 3211 2712 sermon.
3244 2653 3314 2709 62
3345 2655 3416 2711 de
3447 2657 3742 2728 Symbolo,

376 2773 466 2826 hic
506 2778 718 2837 quoque
778 2761 836 2816 S.
879 2759 1154 2814 Zenonem
1216 2754 1440 2809 minime
1479 2750 1902 2808 adsentientem
1947 2763 2014 2803 es
2123 2756 2358 2810 Adtende
2386 2754 2566 2816 homo,
2601 2749 2812 2819 inquit,
2854 2765 2953 2820 qua
2987 2747 3273 2802 reuerentia
3312 2747 3403 2800 tibi
3445 2748 3578 2817 ﬁdes
3613 2752 3743 2804 insi-

373 2859 605 2935 ρετὶουιί
635 2865 781 2912 mei“
811 2852 1181 2910 inveniremus
1215 2865 1227 2901 ³
1266 2862 1425 2918 ίιυοιη
1457 2860 1610 2903 sane
1654 2851 1870 2899 malum
1908 2841 2013 2910 iPSi
2122 2859 2317 2904 nuntur
2345 2857 2394 2902 et
2431 2844 2682 2908 traditur;
2709 2843 2833 2896 audi
2863 2840 3095 2907 Patrem,
3127 2848 3182 2893 ut
3209 2840 3424 2904 sentias,
3457 2841 3738 2913 intelligas,

375 2957 586 3014 ""3in
613 2953 888 3008 Ῐικυδευῐη
919 2946 1161 3002 Videmus
1186 2984 1200 3009 ν
1233 2957 1353 2997 Cum
1382 2954 1445 2994 ea
1475 2937 1847 2996 lleCCSSilale
1875 2933 2011 2989 δυσί
2119 2943 2301 2996 credas
2319 2955 2340 3005 ;
2367 2956 2475 2993 non
2515 2935 2759 2991 discutias
2799 2934 3034 2989 Filium:
3064 2943 3112 2988 et
3147 2933 3266 3004 quia
3297 2944 3368 2986 est
3405 2934 3742 3000 conﬁtearis;
3813 2925 3816 2928 ’

375 3061 500 3115 tus,
540 3046 678 3100 inter
721 3038 1102 3099 Occidentales
1142 3035 1347 3107 primus
1387 3031 1570 3085 libros
1621 3029 1703 3085 de
1743 3026 2012 3082 Trinitate
2054 3112 2081 3115 ᾧ
2119 3053 2222 3091 non
2253 3035 2393 3090 unde
2424 3042 2475 3087 et
2506 3031 2713 3103 quando
2743 3042 2790 3086 et
2817 3028 3074 3101 quomodo
3100 3027 3188 3093 sit,
3227 3026 3532 3080 temerarius
3564 3026 3740 3095 inqui.

376 3139 714 3198 concinnare
753 3145 980 3190 coacws
1016 3137 1119 3186 εει·
1156 3121 1534 3194 compellimur
1559 3164 1575 3188 ν
1615 3119 1802 3191 inqu“
1833 3118 1928 3173 ΠΙ)-
1970 3134 2009 3174 ll
2038 3112 2084 3176 Ο
2117 3147 2222 3185 ras.
2255 3129 2418 3183 Plura
2461 3126 2711 3195 ejusdem
2749 3122 2967 3196 generis
3017 3127 3339 3184 occurrunt,
3377 3133 3498 3189 quae
3537 3117 3742 3174 referre

382 3236 453 3291 de
482 3235 661 3299 Trin.,
685 3245 838 3286 num.
861 3226 921 3292 ‘2,
945 3223 1305 3280 hereticorum
1334 3213 1821 3285 blasphemantium
1847 3212 2004 3279 vitiis,
2117 3237 2217 3277 nec
2248 3226 2436 3285 vacat,
2482 3234 2588 3275 nec
2625 3233 2762 3290 opus
2790 3227 2904 3282 est,
2947 3229 3068 3270 cum
3099 3212 3230 3268 satis
3257 3227 3321 3267 ex
3363 3210 3526 3267 dictis
3554 3208 3732 3266 Zeno-

385 3328 590 3383 inlicita
619 3341 768 3398 agere
788 3364 804 3390 ,
842 3321 1012 3376 ardua
1038 3314 1288 3372 scandere
1311 3353 1326 3377 ,
1355 3306 1651 3375 ineffabilia
1684 3307 1891 3377 eloqui,
1922 3307 2009 3361 in-

2136 3315 2278 3370 tiana
2306 3312 2581 3368 sententia
2615 3309 2884 3383 explicata
2913 3315 2967 3363 et
2996 3305 3260 3362 vindicata
3289 3303 3559 3360 videatur.

393 3436 638 3477 concessa
681 3430 1016 3490 praesumere.
1063 3410 1132 3465 Et
1180 3421 1298 3461 cum
1335 3402 1448 3458 sola
1492 3400 1598 3469 ﬁde
1635 3402 1858 3471 expleri,
1901 3416 2015 3472 qua:

395 3438 638 3477 concessa
681 3438 1016 3490 prwsumerc.
1063 3438 1132 3465 sat
1180 3438 1298 3461 ιιυιι
1335 3438 1448 3458 cvm
1492 3438 1597 3469 l'“°
1635 3438 1858 3471 νωνινιον
1901 3438 2013 3472 Ψπιν
2758 3441 2986 3500 CAPUT
3027 3438 3095 3496 ιιι

395 3525 656 3589 prwcepla
685 3522 824 3580 sunt,
855 3515 1115 3582 Oporteret
1135 3547 1150 3571 ,
1185 3502 1406 3557 adorare
1435 3498 1675 3554 uidelicet
1706 3508 1752 3554 et
1782 3503 2016 3556 venerari
3104 3482 3116 3494 ο
3164 3551 3176 3560 -

400 3567 701 3589 r'""r“**
810 3567 823 3580 .
891 3567 901 3582 .
1138 3567 1146 3571 -

400 3629 521 3666 cum
557 3628 614 3666 eo
647 3609 869 3675 Filium,
901 3613 1077 3659 sancto
1107 3596 1616 3672 Spirituabundare;
1637 3597 1872 3668 cogimur
1908 3613 2016 3652 ser—
2163 3578 2346 3619 “Rm
2386 3575 2606 3618 “Noms
2647 3577 2717 3618 DE
2757 3572 3148 3616 'Nc‘mn'o“
3183 3567 3390 3612 cuius"
3430 3567 3695 3610 mnu”:

2742 3667 3122 3710 νιΝιιιοΑΝΤωι.

403 3707 573 3759 manis
616 3704 777 3758 nostri
821 3700 1165 3755 humilitatem
1213 3692 1282 3747 ad
1326 3709 1421 3757 ea,
1477 3705 1596 3760 quae
1645 3690 2022 3746 inenarrabilia

409 3805 562 3863 sunt,
594 3797 866 3851 extendere
887 3835 903 3861 ,
936 3802 983 3847 et
1010 3792 1064 3845 in
1094 3788 1280 3844 vitium
1304 3785 1424 3837 vitio
1451 3791 1772 3837 coarctamur
1802 3784 1971 3838 alieno
2004 3799 2023 3838 :

408 3904 465 3947 ut
486 3907 602 3963 qua
631 3889 880 3944 contineri
910 3886 1164 3956 religione
1195 3879 1445 3934 mentium
1476 3879 1846 3946 oportuissent,
1890 3893 2025 3932 nunc

411 3986 466 4038 in
501 3981 786 4053 periculum
817 3978 1028 4033 humani
1059 3973 1248 4046 eloquii
1279 3973 1629 4042 proferantur.
1657 3969 1723 4023 Et
1753 3984 1907 4024 num.
1943 3970 1976 4023 5
2009 3987 2023 4025 :

401 4075 623 4131 'Horum
660 4076 814 4145 igitur
855 4071 1137 4141 inﬁdelitas
1181 4067 1236 4120 in
1277 4077 1466 4132 anceps
1509 4077 1602 4114 nos
1640 4078 1700 4115 ac
1743 4063 2027 4134 periculum

415 4169 699 4241 protrahit,
726 4178 784 4222 ut
811 4183 1013 4222 necesse
1042 4165 1107 4219 sit
1135 4162 1200 4216 de
1244 4159 1399 4214 tantis
1427 4174 1486 4210 ac
1512 4166 1615 4210 tam
1641 4159 1919 4214 reconditis
1939 4176 2024 4214 re-

417 4269 512 4319 bus
533 4262 732 4332 aliquid
759 4262 893 4315 ultra
923 4258 1286 4332 praescriptum
1313 4249 1512 4305 caeleste
1535 4253 1883 4320 proferre.....
1917 4250 2025 4306 Im-

414 4373 651 4412 mensum
694 4367 768 4410 est
804 4322 994 4422 autem,
1039 4322 1177 4423 quod
1226 4347 1468 4416 exigitur,
1519 4343 2026 4414 incomprehensibile
2128 4336 2282 4400 dixit;
2309 4348 2428 4404 quae
2458 4331 2662 4385 locutio
2691 4329 2896 4384 idcirco
2925 4324 3368 4397 reprehenditur,
3399 4323 3542 4394 quod
3566 4322 3730 4376 homi-

418 4461 533 4517 est,
570 4449 708 4519 quod
739 4448 986 4510 nudetur,
1027 4453 1082 4498 ut
1131 4443 1271 4496 ultra
1304 4437 1696 4508 pra-ﬁnitionem
1733 4437 1825 4491 Dei
1855 4455 2021 4492 sermo
2130 4430 2209 4482 ηἱδ
2251 4425 2468 4480 nomine
2505 4439 2610 4477 ηοη
2648 4431 2756 4476 iam
2781 4430 2996 4486 natura:
3030 4432 3468 4489 quam-Persona
3497 4417 3728 4471 humana

419 4544 485 4597 de
513 4541 628 4596 Deo
660 4542 744 4595 sit.
783 4537 967 4592 Posuit
1011 4546 1212 4590 natura:
1252 4531 1460 4585 nomina
1495 4526 1736 4593 Patrem,
1790 4527 1984 4582 Filium
2007 4571 2019 4594 ,
2052 4511 2105 4570 D
2129 4517 2513 4592 comprehendi
2542 4517 2700 4583 solet,
2728 4531 2890 4585 quam
2922 4520 3248 4583 postremam
3277 4529 3307 4567 a
3338 4513 3522 4568 divino
3556 4511 3729 4566 Verbo

420 4639 687 4710 Spiritum
723 4643 973 4688 sanctum.
1012 4629 1173 4683 Extra
1202 4623 1605 4698 signiﬁcantium
1635 4611 1882 4676 sermonis
1913 4603 2021 4687 est,
2133 4615 2471 4683 adsumptam
2512 4623 2672 4665 nemo
2694 4649 2709 4676 ,
2745 4609 2851 4664 nisi
2894 4605 3250 4662 Nestorianus
3293 4606 3548 4660 afﬁrmat.
3599 4604 3731 4660 Huic

2199 3776 2330 3855 Quia
2369 3772 2436 3828 de
2465 3781 2669 3826 aeterna
2696 3772 2864 3826 divini
2896 3769 3062 3826 Verbi
3085 3765 3442 3840 generatione
3480 3761 3728 3820 duriores

2131 3871 2260 3926 visae
2287 3876 2411 3922 sunt
2447 3864 2686 3919 Zenonis
2714 3863 2994 3929 formulai,
3034 3861 3210 3931 capite
3249 3858 3421 3930 primo
3447 3855 3731 3926 explicata:

2133 3963 2287 4019 nobis
2317 3971 2443 4015 sunt
2483 3975 2496 4012 :
2533 3975 2678 4014 nunc
2717 3974 2840 4029 qua:
2878 3957 2944 4011 ad
2984 3953 3336 4026 temporalem
3366 3951 3609 4023 ejusdem
3642 3965 3733 4020 ge-

2132 4055 2468 4111 nerationem
2513 4051 2819 4121 pertinent,
2861 4047 3216 4118 explananda:
3251 4053 3566 4117 supersunt.
3598 4042 3734 4098 Tres

2131 4161 2309 4206 autem
2341 4147 2425 4203 hae
2454 4145 2571 4202 fere
2591 4154 2739 4200 sunt.
2767 4144 2950 4199 Prima
2976 4157 3097 4196 cum
3128 4141 3221 4195 Dei
3253 4139 3448 4195 Filium
3481 4137 3729 4205 induisse,

2129 4242 2434 4314 suscepisse,
2465 4248 2710 4312 gestasse,
2745 4236 2828 4292 vel
2851 4234 3207 4306 adsumpsisse
3247 4233 3503 4286 hominem
3528 4229 3729 4302 pluries

421 4743 572 4789 extra
611 4744 794 4783 sensus
829 4725 1160 4780 intentionem
1189 4764 1203 4785 ,
1245 4729 1391 4774 extra
1428 4714 1778 4784 intelligentia:
1807 4730 2022 4784 concep-

425 4827 618 4880 tionem
650 4820 894 4894 quidquid
929 4818 1064 4872 ultra
1103 4816 1349 4888 quwritur
1382 4827 1525 4866 :non
1564 4810 1882 4874 enuntiatur,
1922 4824 2026 4862 non

423 4921 722 4994 attingitur,
763 4933 863 4971 non
905 4923 1122 4970 tenetur.
1185 4909 1458 4964 Verborum
1509 4903 1906 4974 signiﬁcantium
1952 4902 2026 4955 rei

425 5017 598 5087 ipsius
632 5021 827 5066 natura
873 5007 1144 5073 consumit,
1186 5018 1361 5058 sensus
1410 4998 1885 5070 contemplationem
1927 4996 2022 5048 im-

429 5104 773 5180 perspicabile
802 5103 971 5156 lumen
1001 5099 1243 5160 obcwcat,
1275 5091 1625 5162 intelligentiw
1666 5089 2024 5160 capacitatem,

429 5198 681 5273 quidquid
703 5199 804 5267 ﬁne
836 5195 980 5250 nullo
1011 5191 1314 5253 continetur,
1343 5183 1557 5241 excedit.
1590 5182 1696 5236 Sed
1726 5191 1818 5235 n‘os
1849 5195 2024 5234 neces-

429 5294 605 5349 sitatis
629 5292 782 5365 ltujus
810 5289 872 5342 ab
894 5303 970 5352 eo,
1003 5285 1090 5356 qui
1120 5285 1226 5337 haec
1264 5279 1436 5333 omnia
1456 5285 1548 5340 est,
1581 5273 1678 5347 [et]
1710 5274 1904 5327 veniam
1935 5273 2028 5326 de-

431 5395 736 5460 precantes,
776 5381 1102 5442 audebimus,
1144 5388 1453 5446 qutcremus,
1503 5367 1784 5437 loquentur.
1828 5365 1885 5422 Si
1927 5364 2030 5421 hac

433 5458 738 5549 scriptione
767 5491 826 5531 se
859 5472 1090 5530 Hilarius
1116 5483 1228 5523 rem
1255 5465 1504 5518 inlicitam
1544 5476 1693 5532 agere
1713 5501 1728 5526 ,
1767 5458 1819 5512 in
1851 5458 2028 5512 vitium

433 5584 652 5629 cantare
678 5613 692 5637 ,
727 5571 780 5624 in
809 5582 996 5636 anceps
1034 5571 1080 5616 et
1117 5557 1394 5631 periculum
1434 5551 1666 5624 protrahi
1703 5549 2025 5616 confitetur;

433 5677 492 5725 et
538 5661 911 5722 ecclesiastica
961 5657 1086 5712 licet
1130 5651 1450 5708 necessitate
1490 5655 1860 5717 premeretur,
1911 5660 2030 5698 cam

442 5758 804 5824 nihilominus
828 5767 933 5811 non
963 5752 1084 5810 sine
1114 5746 1258 5810 venia
1280 5738 1624 5814 deprecanda,
1654 5752 1756 5794 nec
1783 5739 1901 5794 sine
1925 5748 2031 5794 tam

2132 4710 2342 4765 videtur
2387 4704 2647 4761 accedere
2689 4703 2790 4756 alia
2826 4699 3058 4756 formula
3087 4715 3152 4754 ex
3187 4707 3416 4754 tractatu
3449 4696 3519 4752 16
3552 4696 3646 4750 lib.
3677 4713 3726 4764 ι,

2133 4817 2281 4856 num.
2324 4799 2413 4865 M,
2455 4796 2544 4852 ubi
2578 4809 2809 4866 persona:
2849 4791 3069 4846 hominis
3107 4790 3311 4845 mentio
3341 4789 3438 4844 ﬁt:
3472 4788 3730 4844 Dominus

2129 4912 2194 4950 ea:
2240 4910 2458 4966 persona
2503 4890 2766 4955 hominis,
2813 4901 2962 4957 quem
3005 4883 3384 4953 adsumpserat.
3433 4883 3620 4939 Altera
3663 4898 3730 4937 ex

2133 4998 2289 5045 tract.
2319 4986 2352 5042 6
2377 4987 2470 5040 lib.
2503 5000 2558 5050 ll,
2600 4999 2654 5036 n.
2699 4983 2751 5047 l,
2785 4995 2907 5036 cum
2946 4978 3039 5034 Dei
3067 4975 3265 5030 Filium
3309 4976 3562 5030 hominem
3603 4975 3731 5029 mis-

2131 5092 2238 5135 tum
2269 5085 2453 5141 vocat,
2498 5090 2560 5129 ac
2601 5073 2644 5127 si
2682 5072 2861 5126 divina
2891 5079 2944 5125 et
2981 5067 3215 5122 humana
3247 5077 3439 5122 natura
3479 5067 3533 5121 in
3565 5082 3730 5122 unum

2133 5173 2350 5228 mistutn
2384 5167 2709 5230 coaluerint,
2734 5179 2853 5234 qua:
2883 5160 3202 5232 Eutychetis
3229 5159 3456 5216 haeresis
3481 5157 3600 5214 fuit.
3630 5159 3732 5216 Cui

2135 5263 2394 5320 locutioni
2435 5258 2642 5315 accedit
2683 5257 2773 5311 illa
2806 5264 2961 5310 tract.
3003 5254 3036 5310 8
3065 5251 3306 5325 ejusdem
3345 5252 3437 5307 lib.
3473 5267 3533 5317 ll,
3565 5267 3620 5307 n.
3650 5254 3686 5308 2
3715 5273 3730 5310 ;

2139 5355 2328 5412 Mistus
2358 5355 2526 5424 itaque
2557 5352 2793 5404 humanm
2822 5349 2964 5401 carni
2992 5361 3045 5399 se
3071 5344 3218 5414 ﬁngit
3247 5343 3514 5412 infantem.
3549 5343 3732 5399 Tertia

2136 5467 2198 5507 ex
2237 5455 2463 5504 tractatu
2492 5445 2528 5498 2
2563 5442 2657 5497 lib.
2697 5456 2734 5506 t,
2770 5455 2919 5495 num.
2950 5439 3004 5503 9,
3040 5451 3164 5494 cum
3192 5435 3366 5492 Deum
3394 5435 3448 5490 in
3475 5436 3731 5489 hominem

2137 5543 2450 5597 demulatum
2476 5539 2678 5592 Auctor
2715 5533 2912 5598 tradit,
2942 5538 3185 5586 et.tract.
3217 5529 3314 5596 12,
3345 5530 3398 5583 in
3423 5528 3627 5581 homine
3650 5527 3733 5579 in-

2139 5635 2356 5698 clusum,
2393 5648 2486 5687 seu
2517 5630 2571 5682 in
2600 5634 2886 5699 tegumenta
2911 5623 3084 5678 carnis
3105 5621 3386 5688 inclusum,
3420 5628 3472 5672 ut
3507 5625 3662 5670 tract.
3695 5615 3729 5670 9

2143 5729 2385 5798 ejusdem
2419 5724 2540 5782 libri
2574 5719 2812 5792 loquitur
2844 5733 2996 5774 num.
3030 5716 3082 5769 1.
3112 5715 3216 5771 Sed
3246 5712 3372 5769 duae
3397 5710 3602 5782 priores
3629 5710 3740 5762 lor-
