4242 6168
451 246 560 303 H9

1816 245 2326 305 PROLEGOMENA
2342 292 2354 304 .

3654 247 3761 306 ΗΜ»

452 367 633 435 mulae,
671 367 716 423 si
754 368 929 440 rigide
955 365 1285 440 accipiendae
1311 375 1458 436 sunt,
1491 368 1929 423 contratlictorire
1970 368 2052 423 in-
2080 372 2129 431 A
2159 372 2443 442 perspicue
2482 371 2806 445 adsumptum
2854 372 3110 427 hominem
3156 372 3224 427 de
3270 370 3383 427 sola
3420 381 3612 428 natura
3660 372 3763 427 ltit-

452 462 762 531 veniuntur,
795 471 852 518 et
875 462 1161 519 contrariis
1188 460 1348 533 plane
1380 460 1683 518 hteresibus
1709 461 2053 519 Nestoriana:

455 564 510 612 et
540 556 887 629 Eutychiana:
913 557 1109 611 favent.
1145 555 1260 611 Hoc
1289 566 1470 611 autem
1498 555 1671 624 ipsum
1696 556 1828 610 satis
1859 554 2053 620 innuit,

455 651 564 707 alio
592 652 753 719 plane
790 667 954 707 sensu
982 694 997 717 ,
1037 667 1197 718 quam
1239 666 1397 719 quem
1438 649 1605 704 verba
1635 649 1805 720 rigide
1834 656 2067 718 accepta,

455 743 701 800 referunt
727 787 741 809 ,
774 742 1154 813 pronuntiatas
1182 741 1370 798 fuisse.
1406 740 1459 796 Id
1490 754 1654 812 porro
1682 740 2055 810 antiquitatem

458 841 628 893 nostri
656 837 953 903 Scriptoris
979 837 1212 893 maxime
1235 835 1421 891 statuit
1451 856 1462 889 :
1493 850 1615 892 cum
1647 833 1887 890 nondum
1917 833 2060 889 natis

456 933 661 988 sscculo
706 932 753 989 γ
787 931 1029 989 Nesmrii
1056 941 1111 987 et
1145 929 1463 1003 Eutychetis
1500 929 1830 996 bmresibtis,
1864 928 2059 999 quibus

455 1026 566 1081 illte
594 1025 841 1081 formulae
863 1025 1116 1081 videntur
1138 1023 1338 1089 favere,
1364 1023 1536 1079 sancti
1563 1022 1755 1077 Patres
1784 1021 1949 1076 tutius
1976 1021 2057 1075 lo-

457 1131 756 1192 querentur
790 1120 953 1192 (quod
998 1135 1165 1191 saepe,
1204 1119 1308 1173 alia
1328 1117 1457 1175 iicet
1486 1118 1796 1183 occasione,
1828 1118 2056 1187 August.

462 1212 737 1285 advertit)
786 1224 843 1268 ut
895 1213 963 1268 de
1002 1212 1257 1267 haeretico
1301 1226 1486 1272 sensu.
1519 1211 1609 1281 qui
1638 1211 1846 1266 eisdem
1877 1220 2062 1277 p05tea

459 1305 741 1376 subjectus
771 1304 888 1366 fuit,
908 1320 975 1360 ne
991 1305 1292 1377 cogitarent
1318 1302 1438 1376 [ett]
1455 1303 1673 1374 quidem
1701 1319 1713 1355 :
1738 1300 1883 1356 unde
1904 1299 2066 1355 modo
2108 1286 2111 1289 ’

462 1398 567 1454 bac
595 1442 609 1465 ,
643 1398 804 1454 modo
846 1398 934 1453 illa
965 1398 1066 1453 etsi
1111 1397 1381 1453 contraria
1430 1394 1664 1451 formula
1715 1393 1938 1449 liberius
1962 1435 1978 1460 ,
2011 1393 2064 1448 in

467 1491 795 1547 catholicum
830 1501 1008 1547 tamen
1040 1490 1402 1561 eamdemque
1432 1504 1653 1545 sensum
1684 1488 1991 1544 utebantur.

535 1583 713 1640 Prima
758 1583 961 1639 locutio
997 1583 1253 1637 hominem
1298 1582 1620 1651 adsumpsit,
1644 1580 1894 1650 suscepit,
1935 1588 2067 1647 etc.,

464 1679 643 1733 solum
675 1686 798 1749 post
829 1676 1138 1732 Nestorium
1166 1675 1464 1746 displicuit,
1491 1689 1612 1729 cum
1635 1683 1789 1728 antea
1813 1688 1843 1726 a
1869 1671 2072 1726 sanctis

2161 478 2317 519 mana
2350 463 2642 531 intellexit,
2671 474 2726 519 ut
2758 465 2972 521 unicam
3004 480 3293 538 personam
3327 465 3381 521 in
3411 463 3631 523 Christo
3660 482 3759 522 cx-

2160 556 2364 611 stitisse
2403 556 2608 614 diserte
2637 556 2874 613 adserat.
2906 558 3061 626 Quod
3091 573 3220 614 vero
3259 558 3407 615 Zeno
3436 560 3515 615 ait
3538 576 3604 615 ea:
3645 577 3760 631 per-

2161 664 2287 701 sona
2317 648 2539 703 hominis
2561 692 2575 715 ,
2608 663 2796 704 vocem
2828 665 3075 720 persona:
3121 666 3226 706 non
3258 651 3591 708 scholastica
3617 694 3632 718 ,
3669 653 3763 708 sed

2160 742 2368 813 vulgari
2395 757 2557 797 sensu
2591 741 2799 798 Latinis
2828 745 2999 798 sacris
3031 742 3405 814 Scriptoribns
3445 745 3645 800 usitato
3672 760 3764 801 ac-

2162 833 2308 904 cepit
2337 848 2432 902 pro
2453 848 2540 899 eo,
2570 834 2715 905 quod
2738 834 2845 890 dici
2869 835 3004 890 alias
3032 836 3170 891 solet
3199 837 3278 890 uti
3301 837 3474 904 homo,
3500 852 3596 893 seu
3626 850 3730 893 tam
3744 856 3771 881 ι·

2164 944 2317 997 quant
2344 928 2515 993 homo,
2538 927 2681 999 quod
2710 928 2832 983 aliis
2858 928 3086 984 aliorum
3113 929 3337 984 Patrum
3364 929 3628 1001 exemplis
3651 940 3763 986 sta-

2169 1020 2370 1075 tuimus
2397 1018 2585 1075 adnot.
2615 1021 2685 1076 75
2712 1019 2766 1075 in
2796 1029 2949 1075 tract.
2985 1021 3052 1076 16
3078 1021 3174 1077 lib.
3207 1038 3247 1076 1.

2242 1112 2423 1168 Altera
2447 1123 2627 1169 autem
2659 1113 2886 1169 formula
2918 1114 3210 1169 mixtionem
3235 1115 3570 1186 exprimens,
3593 1115 3766 1171 Patri-

2171 1205 2269 1261 bus
2298 1214 2423 1259 ante
2450 1205 2726 1278 Eutychen
2759 1204 3013 1275 frequens
3041 1214 3148 1273 est;
3180 1205 3427 1278 adeoque
3458 1207 3512 1261 in
3541 1221 3605 1262 ea
3634 1206 3769 1262 nihil

2172 1296 2446 1352 haereseos
2488 1297 2999 1367 deprehenderunt,
3046 1308 3103 1352 ut
3124 1299 3472 1369 Augustinus
3509 1314 3597 1370 ep.
3642 1299 3767 1366 137,

2173 1389 2244 1445 al.
2274 1390 2307 1445 5
2330 1432 2344 1454 ,
2388 1405 2537 1445 num.
2570 1392 2630 1445 H
2664 1434 2678 1457 ,
2712 1390 2877 1447 Verbi
2923 1392 3354 1449 incarnationem
3392 1391 3620 1449 deﬁnire
3663 1408 3771 1448 non

2175 1481 2433 1538 dubitarit
2473 1503 2485 1537 :
2531 1482 2747 1538 Mistum
2788 1482 2890 1539 Dei
2935 1494 2983 1540 et
3022 1486 3261 1540 hominis.
3310 1484 3566 1541 Miscendi
3592 1496 3773 1542 autem

2174 1574 2401 1629 verbum
2450 1573 2556 1631 hoc
2602 1574 2735 1641 loco,
2768 1576 2966 1631 divina:
3017 1575 3375 1648 humanmque
3416 1588 3622 1633 natura:
3668 1592 3775 1633 non

2177 1666 2547 1723 confusionem
2575 1710 2591 1733 ,
2622 1668 2715 1723 sed
2748 1668 3003 1724 unionem
3030 1678 3061 1733 ,’
3090 1684 3187 1724 seu
3226 1669 3664 1736 conjunctionem
3702 1671 3780 1725 si-

470 1770 722 1825 Patribus
771 1779 922 1825 recto
963 1783 1124 1823 sensu
1156 1767 1506 1823 adhiberetur
1530 1809 1545 1834 ,
1581 1777 1637 1820 ut
1686 1764 2067 1819 animadvertit
2100 1754 2392 1833 B'guiticat
2414 1762 2466 1816 in
2493 1776 2723 1831 persona
2748 1761 2933 1825 Verbi;
2960 1762 3105 1817 unde
3128 1763 3462 1833 Augustinus
3484 1765 3780 1835 proposita:

469 1861 788 1934 Agobardus
828 1862 1090 1917 adversus
1120 1858 1380 1925 Felicem,
1400 1875 1550 1914 num.
1580 1856 1614 1911 8
1642 1876 1655 1911 :
1702 1857 1921 1911 Videtur
1942 1857 2071 1910 mihi

468 1956 626 2009 etiam
654 1964 821 2009 vestra
859 1953 1089 2008 charitas
1120 1951 1447 2007 admouenda
1483 1951 1547 2005 de
1583 1951 1708 2016 hoc,
1752 1949 1890 2019 quod
1917 1946 2072 2002 Felir

470 2050 762 2119 frequenter
790 2047 978 2119 gaudet
1010 2048 1177 2100 dicere
1205 2046 1460 2099 hominem
1502 2044 1831 2116 adsumptum
1860 2030 2072 2115 oel'for-

470 2155 611 2193 mam
641 2139 791 2193 servi.
840 2136 1166 2208 Quamquam
1194 2137 1328 2192 enim
1360 2145 1406 2191 et
1445 2138 1528 2208 pie
1554 2135 1657 2190 dici
1683 2137 1853 2205 potuit
1876 2176 1891 2196 ,
1921 2135 2073 2189 sicuti

456 2244 522 2297 ,et
553 2233 965 2305 frequentissime
986 2232 1181 2286 dictant
1211 2248 1243 2285 a
1271 2229 1477 2286 Sanctis
1504 2227 1747 2283 Patribus
1771 2229 2025 2283 invenitur
2055 2243 2074 2282 :

473 2336 645 2382 tamen
670 2325 1104 2379 considerandum
1134 2332 1227 2385 est,
1256 2317 1391 2392 quod
1427 2323 1481 2376 in
1518 2319 1762 2377 Nestorio
1793 2320 1902 2375 htec
1924 2319 2075 2374 verba

473 2418 664 2474 nostris
702 2416 1082 2472 disoticueruut
1114 2431 1133 2469 :
1161 2415 1306 2486 quod
1337 2430 1467 2469 sane
1495 2416 1843 2469 verissimum
1873 2422 1958 2468 est
1981 2455 1996 2476 ,
2029 2411 2076 2467 si

471 2510 811 2565 Victorinum
843 2508 1103 2579 excipias,
1123 2508 1214 2578 qui
1242 2518 1371 2562 ante
1395 2506 1626 2562 Nestorii
1649 2513 1889 2570 :ctatem,
1913 2504 2010 2559 lib.
2040 2518 2075 2557 ιι

478 2599 739 2656 adversus
768 2600 953 2655 Arium
982 2615 1101 2672 pag.
1129 2599 1259 2667 272,
1294 2608 1426 2654 tom.
1457 2613 1511 2653 tv
1537 2597 1676 2653 Bibl.
1706 2596 1812 2652 PP.
1848 2595 2076 2660 novissi-

481 2706 586 2746 mae
620 2690 877 2746 editionis
916 2691 1190 2762 Lugdun.,
1226 2706 1335 2747 non
1375 2689 1632 2745 hominem
1653 2732 1667 2755 ,
1693 2688 1788 2744 sed
1812 2704 2019 2742 carnem
2047 2702 2078 2741 a

482 2783 663 2840 Verbo
713 2785 1056 2854 adsumptam
1111 2783 1218 2840 dici
1272 2784 1463 2838 voluit.
1512 2785 1782 2838 Caeterum
1827 2782 2081 2851 antiquos

482 2877 698 2944 Patres,
729 2879 821 2947 qui
853 2878 1043 2934 eadem
1081 2877 1311 2932 formula
1338 2876 1605 2932 catholice
1636 2876 1716 2931 usi
1744 2885 1888 2940 sunt,
1922 2875 1968 2930 si
1994 2889 2082 2929 re-

479 2982 708 3024 censere
731 2983 920 3023 omnes
959 2969 1244 3034 vellemus,
1295 2969 1455 3024 nimis
1486 2976 1633 3023 esset
1670 2967 1911 3037 longum.
1937 2965 2082 3021 Satis

479 3061 555 3116 sit
596 3061 841 3117 indicare
872 3061 1266 3118 Tertullianum
1295 3106 1311 3133 ,
1345 3062 1688 3116 Lactantium
1718 3101 1731 3125 ,
1773 3059 2034 3115 Hilarium
2066 3100 2080 3123 ,

2181 1855 2379 1911 ibidem
2418 1857 2705 1927 quarstioui
2737 1900 2752 1923 ,
2792 1857 3046 1927 quomodo
3082 1854 3227 1911 Deus
3272 1857 3462 1911 homini
3508 1857 3781 1925 permistus

2175 1948 2243 2003 sit
2273 1950 2412 2019 (hac
2435 1951 2578 2005 enim
2609 1965 2741 2005 voce
2768 1951 2935 2005 utitur
2960 1951 2979 2022 )
3006 1961 3289 2022 postquam
3317 1953 3468 2023 prius
3501 1951 3781 2022 respondit

2178 2057 2274 2113 per
2293 2043 2452 2097 aliam
2480 2043 2858 2113 qiitcstinnem,
2889 2044 3144 2112 quomodo
3174 2046 3449 2100 misceatur
3469 2046 3643 2099 animo
3665 2062 3782 2100 cor-

2180 2136 2316 2205 pori,
2355 2119 2533 2191 eidem
2575 2136 2973 2207 comparationi
3007 2137 3266 2192 insistens
3304 2136 3517 2206 reponit
3543 2137 3782 2192 secundo

2181 2228 2259 2283 sic
2294 2247 2307 2281 ε
2341 2226 2489 2282 Sicut
2513 2228 2566 2282 in
2593 2230 2792 2284 unitate
2817 2245 3051 2300 personte
3078 2231 3254 2284 anima
3281 2230 3457 2284 unitur
3478 2231 3701 2300 corpori,
3728 2238 3784 2284 ut

2180 2321 2334 2376 homo
2361 2323 2426 2376 sit
2452 2337 2470 2386 ;
2508 2322 2582 2377 ita
2609 2323 2663 2377 in
2698 2323 2898 2377 unitate
2931 2339 3166 2394 persona:
3189 2320 3330 2382 Deus
3359 2323 3536 2377 unitur
3565 2322 3780 2389 homini,

2183 2423 2241 2469 ut
2269 2413 2507 2469 Christus
2538 2415 2608 2469 sit
2629 2432 2647 2469 :
2681 2415 2772 2469 tibi
2798 2416 3012 2471 unieudi
3055 2417 3278 2472 verbum
3313 2431 3413 2487 pro
3437 2431 3524 2483 eo,
3554 2416 3697 2487 quod
3728 2417 3809 2472 in’

2183 2508 2486 2577 quaestione
2536 2508 2871 2578 propositum
2929 2509 3123 2575 fuerat,
3176 2509 3445 2574 miscendi,
3495 2509 3784 2580 supposuit

2184 2609 2462 2673 tamquam
2494 2618 2659 2656 unum
2691 2612 2746 2657 et
2766 2602 2909 2658 idem
2937 2620 2950 2655 :
2986 2608 3042 2657 et
3072 2600 3199 2656 dein
3232 2611 3435 2664 monet,
3469 2601 3572 2656 hoc
3602 2601 3786 2657 audito

2186 2697 2406 2751 nomine
2427 2694 2764 2751 recedendum
2794 2712 2826 2749 a
2854 2694 3224 2750 consuetudine
3252 2680 3543 2764 corporum,
3569 2709 3671 2763 qua
3696 2709 3785 2747 so-

2186 2788 2287 2844 lent
2312 2789 2414 2844 duo
2435 2791 2660 2856 liquores
2690 2791 2764 2844 ita
2799 2790 3139 2855 commisceri,
3176 2797 3232 2843 ut
3260 2798 3435 2842 neuter
3461 2798 3626 2841 servet
3652 2787 3788 2841 inte-

2186 2882 2423 2951 gritatem
2451 2897 2600 2935 suam
2623 2921 2638 2947 ,
2670 2890 2776 2937 etc.
2807 2880 3073 2951 Leporius
3099 2881 3152 2935 in
3185 2879 3366 2935 libello
3394 2877 3789 2934 Enieudationis

2190 2973 2629 3043 conjunctionem
2666 2972 2807 3028 hanc
2838 2973 3101 3029 miscendi
3125 2971 3290 3028 verbo
3319 2969 3678 3042 signiﬁcatam
3707 2969 3791 3025 in-

2190 3068 2461 3137 telligens,
2496 3067 2650 3122 Novit
2674 3069 2833 3134 enim,
2855 3066 3047 3138 inquit,
3071 3067 3182 3120 sine
3212 3065 3542 3131 corruptione
3561 3064 3787 3128 misceri,

486 3153 876 3227 Hieronymum
905 3196 920 3219 ,
976 3150 1335 3222 Augustinum
1372 3196 1388 3223 ,
1430 3161 1506 3215 et,
1535 3153 1679 3224 quod
1725 3152 1896 3223 pluris
1955 3162 2038 3209 est
2062 3192 2077 3217 ν
2112 3148 2159 3210 C
2191 3170 2239 3215 et
2265 3169 2432 3215 tamen
2459 3162 2513 3215 in
2542 3161 2755 3216 veritate
2784 3162 3007 3215 misceri.
3042 3160 3244 3216 Eodem
3267 3158 3433 3215 verbo
3457 3158 3509 3213 in
3538 3158 3787 3215 eamdem

483 3247 659 3316 ipsum
688 3262 907 3317 quoque
937 3244 994 3304 S.
1023 3248 1263 3303 Leonem
1286 3290 1299 3312 ,
1337 3247 1427 3319 qui
1456 3248 1755 3302 acerrimus
1792 3247 1917 3302 licet
1945 3246 2081 3302 Nes-

486 3339 716 3393 toriante
746 3339 972 3393 hmresis
1003 3341 1345 3410 impugnator
1364 3381 1379 3406 ,
1409 3355 1664 3395 sermone
1701 3348 1883 3395 tamen
1913 3340 1983 3396 9h
2014 3339 2083 3396 de

482 3429 751 3500 Transtig.
776 3420 908 3499 cap.
927 3429 986 3496 ἓ,
1018 3431 1240 3502 suscepti
1270 3432 1513 3494 hominis,
1543 3438 1599 3485 et
1625 3446 1792 3486 serm.
1825 3431 1896 3485 55
1926 3447 2019 3486 seu
2047 3429 2082 3484 4

487 3522 556 3577 de
586 3522 886 3593 Epiphania
920 3523 1095 3576 unitas
1126 3523 1328 3576 homini
1356 3523 1595 3593 scripsit.
1630 3522 1871 3578 Hominis
1900 3532 2079 3578 autem

487 3617 709 3672 nomine
744 3614 799 3670 bi
829 3632 1015 3672 omnes
1043 3615 1230 3672 Patres
1260 3624 1519 3680 naturam,
1553 3632 1658 3672 nou
1689 3632 1960 3685 personam
1991 3616 2085 3669 ho-

480 3709 639 3763 minis
667 3717 1014 3778 acceperunt.
1063 3707 1197 3762 Hinc
1238 3707 1296 3765 S.
1336 3707 1670 3778 Augustinus
1714 3707 1783 3763 de
1816 3707 2079 3763 Praedest.

486 3800 807 3857 Sanctorum
850 3815 997 3856 num.
1032 3802 1123 3866 51,
1167 3814 1451 3873 postquam
1497 3811 1790 3870 susceptum
1826 3800 2082 3855 hominem

486 3892 647 3960 dixit,
677 3894 827 3948 addit
855 3908 978 3949 mox
1010 3905 1295 3965 susceptam
1332 3903 1571 3949 naturam
1607 3894 1851 3947 hominis.
1883 3893 2083 3947 Simili-

486 3997 571 4043 ter
600 3987 857 4054 Hilarius,
889 3988 982 4058 qui
1021 3988 1072 4042 iu
1104 4002 1225 4057 cap.
1255 3989 1289 4043 5
1315 3987 1547 4043 Mattltzei
1571 4029 1587 4055 ,
1622 4003 1771 4042 num.
1803 3986 1839 4041 2
1861 4028 1876 4053 ,
1908 3987 2083 4042 homi-

485 4097 635 4147 nem,
674 4097 824 4150 quem
860 4080 1251 4151 adsumpserat,
1282 4081 1527 4150 scripsit;
1565 4081 1615 4133 in
1651 4080 1783 4148 psal.
1828 4095 1949 4147 va,
1987 4097 2085 4134 nu-

486 4189 625 4231 mer.
662 4175 760 4242 12,
800 4176 1089 4245 adsumptio
1133 4190 1196 4229 ea:
1231 4174 1444 4246 Virgine
1486 4176 1657 4229 carnis
1702 4185 1985 4240 naturam;
2031 4175 2082 4228 in

488 4284 576 4341 ps.
607 4285 791 4334 cxxrv,
828 4285 979 4325 num.
1020 4268 1057 4322 4
1082 4311 1097 4337 ,
1129 4269 1540 4340 adsumptionem
1572 4268 1743 4322 carnis
1772 4276 2002 4333 nostris;
2033 4275 2090 4321 ct

488 4362 545 4417 in
570 4377 690 4433 cap.
725 4378 778 4417 tv
804 4361 1019 4425 Matth.,
1038 4377 1187 4416 num.
1215 4362 1303 4428 14,
1330 4361 1592 4417 materiem
1618 4360 1881 4432 adsumpti
1906 4375 2086 4431 corpo-

489 4458 563 4510 ris
603 4467 885 4512 memorat.
916 4456 1064 4511 Zeno
1090 4458 1293 4527 pariter
1321 4463 1479 4510 tract.
1514 4456 1548 4511 8
1582 4454 1676 4510 lib.
1711 4471 1777 4522 ιι,
1822 4468 1970 4508 num.
2012 4452 2048 4507 2
2072 4493 2086 4518 ,

490 4546 546 4602 in
575 4547 683 4602 fine
707 4551 781 4602 ait
825 4568 838 4603 :
871 4546 1090 4603 Carnem
1118 4548 1235 4603 ideo
1265 4549 1508 4619 dignatus
1538 4556 1611 4601 est
1646 4548 1879 4601 induere.
1911 4543 2088 4600 Caste—

488 4656 609 4697 rum
649 4640 929 4714 adsumpti,
965 4641 1049 4697 vel
1076 4642 1300 4714 suscepti
1327 4641 1549 4695 hominis
1583 4640 1783 4694 locutio
1812 4654 1878 4693 eo
1908 4639 2086 4693 minus

491 4733 548 4789 in
595 4735 832 4805 antiquis
873 4735 1354 4805 reprehendenda,
1403 4733 1546 4803 quod
1596 4733 1650 4787 in
1700 4732 2091 4803 posterioribus

2190 3254 2516 3309 sententiam
2558 3254 2642 3308 usi
2676 3254 2824 3310 fuere
2850 3254 3108 3319 lrctueus,
3139 3253 3523 3318 Tcrtullianus,
3557 3251 3789 3323 Cypria-

2193 3362 2315 3412 nus,
2343 3347 2629 3412 Firmicus,
2669 3347 2926 3416 llilarius,
2950 3357 3026 3415 et,
3056 3356 3116 3403 ut
3145 3348 3420 3403 mittamus
3439 3354 3691 3413 caeteros,
3723 3346 3784 3400 S.

2190 3439 2300 3494 Leo
2313 3439 2634 3512 Eutychetis
2651 3440 2954 3508 damnatur,
2973 3454 3137 3496 serm.
3157 3439 3250 3506 22,
3266 3438 3333 3495 de
3345 3437 3524 3495 Nativ.
3544 3439 3789 3509 '5,cap.l;

2193 3531 2262 3586 Ut
2297 3543 2494 3587 natura:
2530 3532 2680 3586 alteri
2719 3533 2882 3586 altera
2907 3534 3242 3599 misceretur;
3285 3543 3339 3587 et
3378 3546 3545 3587 serm.
3588 3530 3679 3593 53,
3723 3528 3791 3584 de

2189 3622 2385 3692 Epiuh.
2412 3621 2468 3686 4,
2522 3637 2641 3692 cap.
2668 3624 2701 3678 4
2730 3643 2743 3678 :
2773 3615 2993 3679 Natura:
3010 3626 3182 3679 carnis
3201 3622 3489 3689 iinmislus;
3536 3635 3636 3677 nec
3680 3635 3791 3676 non

2189 3712 2327 3788 [cui]
2354 3713 2579 3785 Vigilius
2601 3714 2696 3770 lib.
2726 3730 2743 3769 ι
2771 3726 2956 3775 contra
2985 3714 3263 3787 Eutychen
3290 3713 3464 3769 adhuc
3490 3724 3609 3784 post
3630 3712 3790 3783 hujus

2192 3804 2418 3862 haeresis
2459 3815 2639 3861 ortum
2664 3850 2679 3873 ,
2711 3821 2743 3860 a
2770 3821 2874 3876 qua
2917 3806 3019 3861 hoc
3058 3802 3312 3861 mistionis
3342 3821 3541 3861 nomen
3582 3805 3685 3859 alia
3715 3805 3790 3860 si-

2191 3897 2540 3969 gnificatione
2567 3909 2846 3970 acreptum
2888 3899 3028 3954 male
3056 3899 3244 3954 audire
3280 3909 3542 3969 cmperat.
3570 3899 3792 3971 PerSpi~

2190 4004 2290 4046 cue
2334 3999 2512 4045 autem
2555 3989 2706 4045 Zeno
2756 3989 3064 4047 mistionem
3095 4005 3193 4062 pro
3228 3992 3636 4062 conjunctione.
3665 4005 3789 4062 qua:

2194 4093 2400 4137 naturae
2427 4082 2626 4137 divinm
2655 4091 2711 4137 et
2743 4082 2991 4138 humana:
3016 4083 3381 4154 integritatem
3406 4098 3512 4138 non
3538 4082 3784 4150 lrederet,

2191 4175 2466 4245 accepisse
2501 4183 2639 4245 patet
2671 4176 2755 4231 vel
2784 4191 2848 4232 ex
2881 4177 3002 4245 ipso
3030 4184 3183 4232 tract.
3217 4178 3251 4232 8
3283 4177 3376 4232 lib.
3406 4193 3464 4240 ιι,
3503 4193 3657 4232 ιιιιιιι.
3704 4178 3739 4231 2
3765 4216 3785 4244 ,

2191 4267 2279 4322 ubi
2301 4268 2509 4320 mistum
2540 4265 2755 4335 quidem
2785 4268 3033 4323 humanm
3063 4268 3212 4324 carui
3246 4269 3336 4323 Dei
3368 4268 3567 4324 Filium
3604 4268 3786 4335 tradit,

2193 4360 2288 4413 sed
2320 4361 2387 4413 ita
2426 4366 2485 4413 ttt
2516 4359 2719 4431 integra
2758 4370 2904 4415 esset
2950 4369 3174 4431 utraque
3212 4368 3400 4415 natura
3433 4377 3446 4416 :
3486 4361 3790 4433 Ibidemque

2193 4451 2357 4516 salvo,
2387 4451 2579 4522 inquit,
2605 4452 2742 4519 quod
2766 4461 2896 4517 erat,
2923 4453 3198 4507 meditatur
3222 4469 3332 4508 esse
3356 4455 3493 4525 quod
3519 4471 3621 4508 non
3644 4464 3749 4508 erat
3767 4471 3787 4507 :

2194 4544 2391 4612 quibus
2419 4544 2613 4598 similia
2645 4544 2808 4598 habet
2828 4552 2983 4599 tract.
3015 4545 3071 4611 9,
3111 4560 3263 4599 num.
3286 4544 3342 4606 2.
3368 4553 3424 4600 et
3456 4556 3612 4600 tract.
3643 4546 3699 4611 7,
3731 4547 3783 4600 in

2194 4638 2318 4693 fine.
2352 4635 2625 4692 Christum
2670 4652 2836 4709 porro
2872 4639 3126 4693 hominem
3172 4639 3383 4694 mistum
3422 4648 3611 4709 aperte
3652 4639 3788 4694 dixit

2195 4738 2350 4785 tract.
2385 4727 2418 4783 6
2451 4728 2540 4784 lib.
2586 4744 2647 4794 ιι,
2687 4744 2833 4783 num.
2871 4730 2922 4794 l,
2979 4744 3045 4785 eo
3077 4731 3327 4799 consilio,
3369 4740 3430 4786 ut
3464 4746 3564 4787 nec
3592 4746 3788 4803 purum

489 4825 745 4882 Nestorio
777 4829 952 4883 adhuc
977 4844 1043 4883 eo
1071 4839 1256 4894 recto,
1289 4842 1396 4898 quo
1425 4827 1688 4889 diximus,
1735 4841 1899 4882 sensu
1926 4841 2081 4897 usur-
2114 4852 2165 4912 Ι)
2196 4821 2465 4876 hominem
2492 4862 2505 4884 ,
2553 4836 2653 4876 nec
2695 4821 2860 4875 Deum
2908 4837 3099 4892 purum
3142 4822 3327 4895 (quod
3367 4822 3491 4879 duae
3532 4823 3788 4879 volebant

490 4928 614 4989 pata
657 4921 932 4975 invenitur
960 4920 1012 4975 in
1037 4919 1166 4989 ipsis
1195 4934 1409 4990 quoque
1442 4917 1567 4973 fidei
1597 4916 1865 4984 formulis,
1899 4919 1971 4972 uti
2000 4928 2085 4974 est
2120 4911 2131 4999 ς
2193 4911 2430 4967 haereses
2458 4911 2653 4967 ibidem
2700 4922 2897 4968 notatae
2920 4912 2960 4985 ),
2993 4914 3086 4970 sed
3133 4930 3198 4971 ex
3250 4924 3458 4971 naturae
3502 4916 3785 4987 utriusque

492 5012 581 5066 illa
613 5026 641 5064 a
697 5011 940 5067 Martene
988 5009 1131 5066 edita
1174 5020 1308 5064 tum.
1351 5026 1368 5065 ι
1413 5010 1481 5066 de
1510 5009 1695 5080 Antiq.
1731 5009 1939 5065 Eccles.
1973 5009 2079 5065 Rit.

491 5118 615 5175 pag.
650 5103 780 5166 165.
815 5105 867 5158 in
900 5104 1112 5175 Hymno
1142 5102 1213 5157 Te
1241 5102 1434 5167 Deum,
1461 5103 1550 5173 qui
1582 5102 1873 5160 Ambrosio
1896 5116 1951 5159 et
1978 5104 2087 5158 Att-

488 5195 709 5264 gustino
735 5193 896 5262 vulgo
928 5193 1210 5255 tribuitur.
1262 5203 1316 5249 et
1355 5194 1497 5263 apud
1538 5195 1722 5264 plures
1749 5196 2043 5267 scriptores
2063 5237 2077 5261 ,

486 5286 563 5339 uti
598 5294 765 5354 patet,
794 5284 880 5339 vel
910 5299 974 5341 ex
1003 5300 1110 5341 uno
1138 5284 1374 5341 Facundi
1408 5287 1812 5343 Hermianensis
1841 5289 2084 5344 testimo-

486 5376 579 5430 nio
606 5377 682 5430 sic
713 5376 1000 5431 scribentis
1032 5376 1125 5433 lib.
1159 5394 1209 5432 ix
1241 5394 1405 5449 prope
1438 5380 1598 5435 tinem
1621 5398 1633 5433 :
1654 5380 1864 5450 Antiqui
1895 5379 2084 5433 Docto-

484 5481 568 5520 res
588 5466 849 5533 ditcerunt,
881 5467 1124 5539 quoniam
1154 5466 1292 5524 Deus
1320 5469 1547 5524 Verbum
1573 5471 1638 5523 sit
1660 5470 2015 5539 principaliter
2036 5479 2084 5524 et

483 5559 765 5618 secundum
795 5561 1064 5615 essentiam
1093 5563 1389 5633 unigenitus
1421 5560 1589 5617 Filius
1615 5560 1716 5615 Dei
1747 5580 1763 5615 :
1788 5561 1939 5616 homo
1965 5577 2085 5616 vero

481 5651 787 5719 adsumptus
816 5670 877 5708 ea:
903 5654 1098 5708 unitate
1125 5656 1239 5725 eius
1262 5670 1492 5728 persona:
1510 5656 1726 5727 accepit,
1758 5663 1814 5707 ut
1843 5654 2085 5726 unigeni-

473 5752 556 5799 tns
582 5742 755 5800 Filius
778 5760 982 5818 semper
1017 5756 1170 5815 esset,
1201 5757 1251 5803 et
1276 5747 1530 5803 diceretur
1565 5762 1585 5801 :
1622 5746 1674 5800 in
1717 5745 1916 5816 quibus
1947 5744 2084 5802 adeo

2191 5003 2571 5073 conjunctione
2612 5006 2968 5072 compesitum
3020 5006 3313 5077 quoddam,
3366 5021 3460 5061 seu
3513 5018 3591 5074 ut,
3642 5007 3786 5079 quod

2192 5093 2502 5149 Lactantius
2528 5095 2604 5149 ait
2639 5096 2733 5151 lib.
2760 5110 2833 5159 tv,
2867 5111 2988 5167 cap.
3026 5079 3116 5159 i3.
3146 5108 3191 5152 et
3235 5098 3401 5152 Deum
3432 5100 3590 5171 fuisse
3618 5109 3665 5153 et
3695 5101 3788 5153 ho-

2190 5192 2381 5245 minem
2402 5205 2465 5243 ea;
2494 5204 2708 5263 utroque
2733 5208 2913 5264 genere
2941 5192 3240 5264 permistum
3270 5192 3491 5248 doceret
3516 5192 3612 5266 (ea:
3640 5202 3788 5248 utro-

2192 5295 2513 5355 que‘genere
2546 5292 2836 5337 concretum
2873 5282 3084 5339 dixerat
3121 5283 3423 5357 Cyprianus
3454 5284 3548 5340 lib.
3582 5300 3618 5340 ιι
3647 5284 3786 5340 Tes-

2195 5377 2337 5440 tim.,
2368 5392 2487 5446 cap.
2518 5374 2631 5448 10),
2664 5378 2842 5447 inquo
2871 5378 3087 5449 egregia
3112 5378 3395 5433 catholicae
3427 5375 3550 5432 lidci
3578 5377 3785 5448 profes-

2190 5470 2273 5525 sio
2297 5471 2621 5525 continetur.

2263 5560 2427 5616 Tertii
2478 5563 2691 5632 generis
2733 5561 3013 5629 formulas,
3061 5562 3283 5632 singulm
3316 5561 3444 5617 licet
3490 5560 3781 5632 separatim

2190 5653 2519 5708 duriusculos
2546 5653 2754 5722 sibique
2796 5654 3024 5708 invicem
3069 5654 3408 5725 aliquatenus
3435 5638 3785 5739 adversantes

2189 5744 2474 5801 videantur
2498 5785 2514 5811 ,
2557 5760 2677 5800 cum
2735 5752 2910 5800 tamen
2956 5744 3278 5820 profeSsioni
3312 5756 3454 5802 nunc
3481 5744 3781 5817 espOsitze,
