4242 6168
333 252 430 307 Hi

1282 254 1739 314 DISSERTATIO
1775 256 1843 327 ll,
1892 260 1983 317 DE
2024 261 2082 318 ς.
2128 260 2287 317 ΖΕΝ.
2336 260 2716 324 llOCTRlNA.

3592 284 3692 338 1‘32

334 380 440 437 qua
468 367 662 422 saluum
682 367 736 421 in
775 367 1153 425 incarnatione
1182 369 1523 440 declaratur,
1552 371 1691 443 quod
1719 386 1848 441 erat,
1888 392 1955 433 ex
1985 388 2041 448 Α
2066 380 2164 435 lib.
2201 394 2261 434 lit
2285 378 2494 437 Strom.
2517 425 2532 448 ,
2562 400 2683 458 pag.
2714 386 2819 445 466
2838 432 2852 456 ,
2880 389 2974 445 tibi
3020 390 3346 465 impugnans
3370 396 3687 454 Cassianum

335 462 571 518 auctoris
596 472 777 518 mente
809 463 957 520 haud
984 464 1182 535 opponi
1223 464 1481 523 dicendae
1528 466 1668 530 sint;
1714 482 1782 524 eo
1825 483 1963 527 sane

338 564 584 625 spectare
615 565 896 624 nequeunt
922 600 938 623 ,
985 568 1042 612 ut
1088 567 1357 614 mutatam
1407 560 1461 615 in
1503 559 1794 616 humanam
1828 563 1963 619 insi-

339 658 506 703 nuent
535 648 767 703 divinam
818 658 1091 711 naturam.
1120 666 1244 721 qua:
1272 663 1363 707 est
1403 653 1754 709 immutabilis
1774 697 1790 722 ,
1814 667 1869 712 et
1891 674 1961 714 ex

341 738 462 810 ipso
481 740 692 796 Zenone
712 743 879 809 salva,
905 742 960 797 id
976 752 1061 798 est
1089 743 1327 813 integra,
1351 747 1959 812 exstitit,necinclusam

344 833 489 889 illam
534 834 584 889 in
633 835 870 900 homine,
901 851 1062 908 quam
1092 837 1324 894 mundus
1354 841 1633 911 mundique
1661 859 1766 897 non
1820 848 1958 915 capit

341 926 811 998 magnitudo,idem
838 928 959 999 ipse
989 938 1217 985 testatur
1243 938 1390 987 trac.
1416 934 1449 989 9
1488 934 1583 990 lib.
1614 950 1681 1001 tt,
1716 952 1867 994 nunt.
1900 941 1952 996 1.

342 1022 427 1078 Εο
457 1024 617 1094 igitur
643 1026 818 1081 Sultltll
850 1028 1152 1096 pertinent,
1183 1036 1247 1084 ut
1271 1029 1374 1086 Dei
1405 1031 1602 1089 Filium
1629 1049 1756 1090 vere
1781 1034 1957 1092 botni-

341 1131 468 1171 nem
502 1115 698 1174 factum
738 1117 1108 1189 intelligamus
1128 1161 1142 1185 ,
1166 1116 1414 1191 'perinde
1442 1139 1505 1179 ac
1526 1126 1569 1181 si
1599 1142 1764 1197 purus
1792 1128 1955 1184 homo

344 1210 521 1264 videri
557 1211 759 1280 possit;
795 1211 983 1267 abdita
1023 1218 1261 1284 quodam
1291 1217 1457 1272 modo
1496 1219 1549 1273 in
1589 1221 1760 1275 carnis
1812 1230 1954 1294 tegu-

342 1314 520 1358 menta
540 1302 717 1358 divina
741 1304 830 1359 illa
857 1306 1168 1375 majestate,
1201 1323 1392 1378 quam,
1421 1320 1476 1365 ut
1502 1319 1568 1366 tr.
1600 1313 1631 1367 5
1654 1312 1774 1368 libri
1807 1314 1954 1385 ejus-

341 1392 741 1459 deminsiuuat,
774 1413 876 1450 non
899 1407 1066 1468 potest
1092 1400 1274 1453 mundi
1303 1402 1453 1457 istius
1484 1404 1806 1461 ntediocritas
1834 1424 1951 1462 sus-

339 1486 528 1541 tinere.
561 1486 674 1542 Hoc
700 1488 891 1545 eodem
914 1505 1083 1545 sensu
1135 1492 1382 1549 divinum
1414 1494 1643 1553 Verbum
1666 1498 1951 1555 breviatum

336 1579 555 1634 vocavit
601 1594 721 1634 cum
744 1582 1011 1651 Apostolo
1055 1583 1223 1639 Paulo
1244 1599 1367 1656 cap.
1401 1603 1453 1642 ιι
1473 1587 1537 1642 ad
1562 1588 1718 1645 llom.
1751 1607 1801 1644 ν.
1844 1592 1946 1647 28ε

336 1667 421 1722 Tu
451 1685 569 1723 eum
596 1670 869 1725 breviatum
899 1673 1169 1745 paulisper
1190 1675 1255 1728 ab
1284 1679 1570 1749 majestatis
1606 1697 1713 1734 sua:
1735 1682 1949 1738 immen-

2067 473 2363 546 quemdam
2396 475 2675 536 Valentini
2706 482 3042 554 discipulum
3070 496 3123 542 et
3154 488 3463 547 Docitarunt
3485 491 3688 565 princi-

2068 582 2224 638 pem,
2273 570 2684 643 nounullosque
2710 576 2847 631 alios
2872 578 3054 634 eidem
3079 578 3276 639 haeresi
3304 583 3574 649 addictos,
3597 582 3689 652 qui

2064 677 2189 717 cum
2222 661 2457 719 Tatiano
2485 670 2703 738 nuptias
2733 670 3070 728 damnabant
3096 715 3110 740 ,
3144 676 3260 732 luce
3300 680 3505 748 scripta
3553 676 3683 734 reli-

2063 756 2185 826 quit
2216 774 2231 811 :
2260 754 2469 811 Certum
2492 769 2570 815 est
2592 760 2870 817 Dominum
2896 781 3098 836 quoque
3127 768 3413 824 renisse....
3451 768 3521 823 ad
3547 784 3636 824 eos
3659 810 3676 837 ,

2062 849 2152 918 qui
2180 848 2416 905 sensibus
2440 866 2535 906 seu
2557 855 2951 925 cogitationibus
2998 857 3360 914 aberraverunt
3384 900 3400 924 ,
3455 860 3525 915 ad
3552 876 3675 928 nos,

2060 940 2297 1011 inquam,
2328 943 2461 997 venit
2493 944 2745 1000 Servatur
2766 963 2784 1001 :
2806 964 2920 1017 qua:
2934 949 3136 1019 quidem
3158 966 3221 1005 ea:
3262 962 3443 1006 nostra
3469 952 3522 1004 in
3544 968 3679 1025 pra:-

2060 1034 2222 1104 ceptis
2252 1033 2598 1091 inobedientia
2634 1050 2879 1112 corrupta
2905 1050 3044 1106 sunt,
3070 1042 3192 1096 dum
3221 1043 3375 1097 nimis
3420 1043 3572 1098 auide
3596 1059 3678 1100 vo-

2060 1124 2312 1195 luptatem
2333 1144 2773 1200 persequerentur,
2797 1148 2916 1186 cum
2941 1134 3161 1204 forsitan
3173 1135 3530 1204 prolaplastus
3554 1154 3675 1191 nos-

2058 1225 2136 1270 ter
2165 1227 2365 1288 tempus
2403 1221 2751 1289 praevenisset,
2793 1233 2840 1277 et
2869 1240 2971 1277 non
2999 1225 3053 1277 iu
3092 1235 3319 1293 tempore
3354 1226 3674 1283 matrintonii

2055 1311 2277 1381 gratiam
2291 1314 2637 1385 appetivisset,
2670 1324 2718 1368 et
2738 1318 3021 1372 aberrasset
3046 1333 3065 1371 :
3093 1318 3331 1387 etpaqu
3360 1328 3508 1388 post,
3519 1335 3663 1396 pag.

2054 1401 2164 1458 470
2194 1423 2208 1459 :
2240 1402 2376 1472 Etsi,
2404 1407 2603 1476 inqttit,
2636 1423 2751 1461 cum
2771 1424 2834 1463 ea.
2862 1409 3025 1462 brutis
3060 1409 3412 1464 animantibus
3433 1410 3668 1466 insidiosi

2054 1495 2259 1549 consilii
2286 1496 2534 1550 rationem
2558 1489 2770 1568 cepisset
2793 1515 3022 1568 serpens,
3049 1509 3099 1553 et
3131 1501 3488 1569 persuasisset,
3523 1502 3664 1557 dicat

2054 1586 2221 1641 Adam
2236 1589 2513 1644 adsensum
2536 1606 2644 1646 esse
2666 1606 2781 1645 cum
2801 1591 2911 1647 Eva
2927 1595 3295 1666 conjunctioni,
3316 1610 3499 1665 nempe
3526 1597 3665 1666 quod

2054 1680 2151 1733 liae
2177 1689 2366 1734 natura
2395 1683 2530 1736 alias
2556 1684 2633 1737 usi
2662 1699 2765 1737 non
2787 1696 2948 1738 essent
2968 1684 3302 1756 protoplasti,
3326 1696 3501 1742 utnon
3527 1689 3663 1744 nulli

336 1762 492 1817 sitate
520 1766 841 1837 peregrinari
887 1768 1091 1832 fecisti,
1126 1777 1289 1824 tract.
1316 1770 1354 1824 2
1407 1772 1496 1827 lib.
1524 1788 1574 1837 ι,
1620 1790 1767 1857 num.
1793 1777 1846 1833 9.
1885 1780 1947 1835 Et
1978 1783 2027 1843 Β
2053 1773 2381 1839 existimant;
2407 1792 2590 1830 rursus
2619 1776 2907 1831 maledictis
2935 1778 3210 1833 incessitur
3231 1782 3441 1847 creatio,
3472 1790 3528 1835 ut
3547 1798 3663 1853 qua:

332 1865 495 1912 tract.
529 1857 565 1911 8
611 1856 706 1912 lib.
730 1874 783 1923 tt,
812 1875 961 1913 nutu.
992 1860 1027 1914 2
1055 1859 1175 1916 :Dei
1204 1859 1378 1918 Filius
1399 1875 1623 1937 temmre
1646 1856 1941 1941 constituto,

332 1950 665 2005 dissimulata
686 1952 890 2007 interim
905 1958 1195 2027 majestate,
1217 1955 1280 2009 ab
1297 1957 1514 2014 tet/terea
1527 1962 1646 2016 sede
1658 1966 1944 2034 profectus,

328 2045 385 2099 in
412 2044 796 2114 prredestinata:
842 2045 1069 2117 Virginis
1107 2049 1298 2119 templo
1346 2051 1542 2108 sibimet
1571 2064 1744 2110 castra
1790 2067 1947 2112 meta-

329 2149 442 2202 tur,
474 2139 662 2210 quibus
702 2140 919 2196 latenter
942 2141 1240 2213 infunditur
1260 2144 1313 2197 in
1335 2144 1593 2203 hominem
1617 2150 1912 2221 gigniturus
1928 2194 1944 2219 ,

328 2232 630 2303 ibidemque
675 2232 855 2301 salvo,
904 2234 1040 2305 quod
1067 2244 1201 2299 erat,
1244 2238 1521 2293 meditatur
1545 2257 1650 2296 esse
1684 2242 1947 2314 quodnon

328 2334 442 2379 erat
473 2340 494 2378 :
523 2340 646 2395 quae
667 2325 806 2382 adeo
826 2336 953 2381 sunt
979 2337 1189 2398 aperta,
1216 2339 1276 2383 ut
1305 2329 1439 2386 nihil
1470 2333 1701 2404 amplius
1744 2333 1947 2392 addere

328 2433 563 2476 necesse
589 2420 682 2475 sit.

972 2562 1199 2621 CAPUT
1238 2562 1327 2620 IV.

470 2698 541 2738 DE
572 2696 807 2738 PBIORUI
828 2697 1119 2737 ‘PABENTUII
1149 2696 1385 2739 PECCATO
1432 2698 1557 2748 QUID
1586 2702 1801 2743 AUCTOR

969 2792 1309 2836 TRADIDERI'I'.

406 2889 676 2946 Sanctum
722 2888 999 2945 Zenonem
1027 2906 1145 2947 cum
1178 2895 1450 2951 communi
1476 2895 1695 2952 Patrum
1726 2910 1945 2952 sentcn-

335 2984 443 3051 tia,
478 3000 602 3055 qua:
648 2983 874 3040 litterali
915 2981 1186 3041 Geneseos
1241 2988 1673 3059 interpretationi
1717 3004 1943 3061 prorsus

334 3076 618 3140 convenit,
639 3076 882 3144 priorum
903 3089 1174 3146 parentum
1206 3091 1492 3152 peccatum
1523 3082 1573 3136 in
1607 3097 1701 3137 esu
1735 3082 1941 3137 fructus

2054 1867 2274 1920 rationis
2313 1870 2607 1934 expertium
2637 1870 2983 1924 animantium
3012 1881 3198 1926 natura
3226 1870 3457 1928 homines
3488 1874 3665 1947 fecerit

2050 1961 2433 2029 imbecilliores,
2453 1979 2581 2034 quos
2617 1966 2878 2019 consecuti
2905 1975 3043 2031 sunt,
3066 1967 3154 2036 qui
3176 1982 3207 2020 a
3228 1964 3339 2021 Deo
3367 1968 3519 2038 primi
3548 1968 3663 2039 for-

2053 2054 2177 2107 mati
2214 2057 2376 2125 fuere.
2410 2055 2511 2110 Sin
2538 2067 2712 2111 autem
2739 2066 2927 2111 natura
2953 2057 3162 2129 quidem
3191 2074 3297 2123 eos,
3323 2060 3452 2113 sicut
3482 2060 3658 2127 bruta,

2052 2145 2264 2199 deduxit
2302 2147 2369 2201 ad
2408 2142 2643 2217 filiorum
2681 2150 3122 2220 procreationem;
3166 2152 3287 2206 moti
3329 2163 3499 2206 autem
3538 2162 3663 2209 sunt

2052 2237 2221 2304 citius,
2251 2255 2405 2311 quant
2421 2241 2882 2317 oportuit,fraude
2909 2240 3126 2308 inducti,
3159 2260 3275 2296 cum
3296 2242 3463 2298 adhuc
3493 2254 3661 2299 essent

2042 2332 2507 2403 juvenes;justum
2549 2336 2761 2400 quidem
2806 2343 2879 2389 est
2915 2332 3014 2389 Dei
3043 2335 3307 2405 judicium
3336 2336 3390 2390 in
3434 2338 3661 2407 eos,qui

2052 2444 2156 2481 non
2197 2438 2565 2497 easpectarunt
2608 2430 2947 2484 voluntatem.
2997 2432 3163 2486 Docet
3199 2430 3381 2499 itaque
3401 2428 3662 2486 Clemens

2050 2535 2119 2575 cx
2162 2536 2267 2575 non
2294 2521 2608 2589 nullorum,
2632 2535 2773 2591 quos
2814 2522 2933 2576 sine
2964 2523 3198 2592 propriis
3230 2523 3539 2578 nominibus
3558 2538 3663 2594 ap-

2051 2613 2557 2685 pellat,seutentia,
2581 2614 2758 2669 Adam
2790 2621 2846 2668 et
2876 2615 3037 2668 liram
3068 2615 3121 2670 in
3154 2631 3220 2671 eo
3245 2617 3663 2687 pecasse,quod

2053 2705 2218 2760 nimis
2263 2704 2421 2761 avide
2465 2707 2800 2776 voluptatem
2833 2714 3177 2777 appetentes.
3222 2724 3323 2763 non
3348 2710 3661 2765 voluntatem

2049 2798 2316 2865 divinam,
2339 2813 2445 2868 qua
2463 2798 2781 2869 conjunctio
2799 2799 3206 2869 praeciperetur,
3225 2788 3659 2870 exspectasSent,

2050 2892 2147 2949 sed
2179 2894 2331 2949 citius
2359 2908 2514 2963 quam
2534 2896 2764 2964 oportuit
2790 2894 3105 2948 matrimonii
3134 2899 3355 2967 gratiam
3380 2897 3660 2966 appetivis-

2049 2993 2177 3039 sent.
2210 2983 2332 3038 Non
2358 2983 2511 3051 nulli,
2534 2984 2626 3055 qui
2651 2982 2788 3039 banc
2812 2985 3140 3040 sententiam
3174 2987 3504 3058 ingererent,
3528 2988 3656 3059 ipsi,

2049 3091 2188 3149 quos
2234 3076 2451 3139 refellit,
2504 3077 2646 3131 forte
2698 3074 2918 3130 fuerunt
2952 3079 3231 3145 htcretici;
3280 3093 3433 3149 quos.
3472 3089 3654 3137 tatneu

333 3169 492 3224 vetiti
521 3169 825 3224 collocasse
853 3169 1023 3239 palam
1046 3182 1125 3226 est
1146 3188 1209 3228 es
1236 3183 1394 3229 tract.
1447 3174 1481 3229 6
1514 3174 1606 3230 lib.
1642 3192 1679 3241 ι,
1708 3191 1857 3229 num.
1882 3175 1937 3239 5,
1969 3177 2015 3240 ο
2052 3171 2152 3225 bac
2201 3170 2258 3225 in
2298 3185 2357 3225 re
2383 3182 2491 3224 non
2530 3167 2757 3223 omnino
2795 3168 3004 3239 rejicit,
3038 3171 3136 3225 sed
3186 3187 3282 3242 per
3328 3171 3656 3242 particulam

333 3263 429 3318 ubi
460 3261 634 3316 Adam
666 3276 831 3315 sacra:
879 3260 1075 3317 arboris
1104 3282 1310 3341 pomum
1344 3267 1479 3321 male
1508 3266 1656 3321 dulce
1694 3265 1944 3322 delibasse

332 3354 629 3431 afﬁrmavit
657 3371 671 3406 :
702 3363 759 3409 et
789 3353 1037 3409 similiter
1056 3370 1177 3412 cum
1208 3360 1258 3412 in
1293 3365 1451 3414 tract.
1488 3358 1555 3415 15
1606 3357 1851 3427 ejusdem
1877 3358 1941 3412 li-

335 3450 423 3504 bri
454 3465 550 3520 per
577 3450 740 3504 letale
764 3448 992 3518 lignum,
1022 3450 1161 3519 quod
1177 3453 1288 3505 sola
1316 3451 1504 3506 mulier
1532 3450 1765 3522 contigit.
1797 3463 1944 3505 mor-

330 3553 447 3599 tem
476 3544 528 3597 in
557 3543 731 3598 Adam
760 3552 815 3597 et
848 3543 900 3596 in
933 3541 1095 3598 Evam
1125 3544 1403 3601 derivasse
1428 3544 1603 3610 docet,
1640 3544 1783 3600 idem
1812 3558 1940 3599 cou-

334 3639 543 3692 lirmat.
598 3638 670 3692 At
712 3635 818 3691 boc
864 3635 1049 3691 eodem
1088 3646 1241 3695 tract.
1268 3641 1366 3708 l5,
1401 3655 1550 3695 num.
1594 3639 1657 3706 5,
1686 3653 1940 3711 peccasse

335 3729 514 3786 Adam
555 3730 761 3784 indicat
789 3743 887 3798 per
913 3729 1081 3795 virile,
1121 3732 1260 3803 quod
1302 3731 1732 3798 circumciditur,
1766 3746 1940 3786 tnem-

331 3822 496 3878 brum
526 3838 540 3888 ;
571 3821 742 3876 Adam
768 3822 926 3887 enim,
963 3822 1149 3893 inquit,
1181 3842 1297 3880 cum
1327 3826 1586 3881 inlicitum
1609 3842 1820 3897 pomum
1846 3826 1942 3880 hoc

333 3917 565 3972 membro
609 3916 886 3988 decerpsit,
932 3917 1007 3970 sic
1041 3918 1092 3972 in
1124 3936 1281 3989 genus
1311 3926 1595 3974 humanum
1626 3924 1718 3994 jus
1763 3921 1942 3973 mortis

330 4010 587 4083 induxit;
632 4020 685 4065 et
734 4008 1083 4064 Hebrtcornm
1124 4014 1320 4083 pupula
1347 4013 1815 4069 circumcisionetn
1862 4012 1941 4068 id-

330 4103 486 4157 circo
516 4109 846 4172 praeceptam
877 4101 1090 4168 subdit,
1121 4115 1178 4158 nt
1205 4106 1376 4160 locum
1413 4105 1704 4160 matriculis
1751 4106 1939 4176 culpm,

329 4194 393 4251 id
420 4204 507 4250 est
528 4193 837 4265 originalis,
870 4210 986 4247 cum
1025 4194 1226 4251 denotat
1251 4239 1265 4262 ,
1294 4199 1448 4251 etiam
1477 4197 1585 4251 alia
1612 4198 1831 4252 crimina
1857 4201 1943 4268 fu-

328 4287 526 4359 gienda
543 4295 845 4358 cognoscat.
875 4285 930 4340 Id
965 4286 1134 4357 ipsum
1165 4290 1406 4359 pressius
1451 4290 1676 4361 exponit
1695 4298 1852 4345 tract.
1883 4292 1940 4354 2,

327 4395 489 4436 num.
519 4383 572 4445 8,
606 4392 731 4434 cnnt
771 4378 840 4434 de
881 4379 1133 4448 cupitline
1161 4382 1407 4453 loquens,
1442 4382 1563 4445 Hic,
1589 4383 1781 4450 inquit,
1813 4382 1945 4451 faci-

328 4476 430 4530 bus
442 4476 556 4529 suis
577 4472 705 4528 Eva!
726 4482 902 4543 pectus
922 4473 1177 4540 incendit;
1196 4477 1391 4547 quibus
1414 4475 1593 4531 verbis
1609 4475 1740 4530 satis
1758 4485 1943 4544 aperte

326 4573 539 4636 innttit,
569 4572 815 4640 priorum
847 4581 1131 4640 parentum
1161 4572 1374 4642 culpam
1423 4573 1476 4626 in
1527 4586 1775 4627 venerea:
1811 4587 1943 4628 con-

318 4665 636 4736 iunctionis
666 4665 947 4734 voluptate
973 4665 1130 4721 sitam
1160 4667 1335 4722 fuisse.
1377 4682 1441 4722 ac
1470 4668 1514 4722 si
1542 4667 1741 4736 lignum
1765 4676 1818 4722 et
1844 4682 1939 4736 po-

327 4773 488 4813 mum
523 4799 538 4819 ,
570 4756 717 4827 quod
747 4758 882 4828 ipsis
910 4768 945 4808 a
965 4756 1076 4811 Deo
1104 4758 1324 4813 vetitum
1352 4768 1455 4826 est,
1486 4757 1648 4814 fuerit
1677 4760 1789 4830 ipsa
1814 4772 1938 4812 con-

321 4851 567 4922 junctio.
599 4863 764 4919 quam
796 4848 877 4903 illi
923 4858 1110 4902 contra
1140 4850 1366 4904 vetitum
1399 4849 1797 4920 praecipientes,
1825 4864 1947 4921 pec-

323 4943 517 4999 carint
541 4944 803 5011 graviter,
835 4948 890 4995 et
918 4954 1081 4995 omne
1118 4955 1286 5010 genus
1333 4943 1627 4996 humanum
1660 4942 1713 4996 in
1755 4956 1945 5012 pecca-

328 5047 458 5091 tum
488 5034 825 5089 induxerint.
865 5031 979 5087 Hoc
998 5042 1178 5089 autem
1200 5049 1359 5104 quam
1379 5046 1477 5090 eta
1498 5035 1714 5090 litterali
1738 5036 1936 5091 Genes.

326 5142 535 5191 sensu,
561 5136 615 5181 ct
639 5143 671 5182 a
705 5127 928 5181 Patrum
969 5123 1099 5198 [etv]
1121 5127 1563 5196 interpretatione
1589 5128 1657 5183 sit
1680 5127 1939 5196 alienum,

328 5235 515 5277 nemo
540 5236 641 5275 non
682 5220 836 5274 videt
868 5236 882 5273 :
914 5218 1079 5289 idque
1106 5226 1254 5275 tanto
1283 5221 1452 5290 magis
1480 5221 1743 5275 absonum
1772 5220 1941 5276 videri

323 5312 538 5374 debet.
564 5320 766 5382 quanto
793 5320 881 5367 est
905 5320 1135 5379 certum,
1172 5312 1629 5383 concupiscentite
1654 5312 1856 5367 carnali
1888 5312 1941 5367 in

324 5404 602 5481 paradiso
632 5405 876 5462 terrestri
908 5406 1114 5460 nullum
1145 5404 1307 5460 fuisse
1335 5405 1509 5461 locum
1536 5447 1552 5472 ,
1604 5414 1661 5459 ιιι
1701 5404 1945 5476 pluribus

320 5504 387 5560 in
444 5498 605 5555 libris
649 5499 915 5555 adversus
945 5498 1259 5568 Pelagianos
1288 5498 1620 5570 Augustinus
1642 5498 1943 5554 luculenter

320 5598 703 5653 demonstrat.
726 5592 855 5648 Haec
883 5608 1006 5647 cum
1041 5608 1141 5647 nos
1165 5594 1347 5648 animo
1373 5594 1730 5660 volveremus,
1766 5591 1941 5649 Zeno-

318 5689 527 5747 nianm
555 5687 842 5739 sentcntiae
882 5684 1150 5756 originem
1197 5685 1534 5755 indagaturi,
1576 5685 1940 5754 comperimus

318 5772 531 5833 simile
552 5776 824 5843 quidpiam
852 5776 958 5845 legi
980 5777 1120 5843 apud
1144 5776 1479 5833 Clementem
1513 5776 1934 5839 Alexandrinum

2052 3262 2272 3333 forsitan
2313 3259 2561 3316 eamdem
2606 3261 2933 3314 sententiam
2989 3277 3152 3331 posse
3181 3261 3397 3317 defendi
3424 3278 3531 3318 non
3562 3263 3657 3319 ab—

2050 3356 2189 3418 nuit,
2214 3364 2272 3411 et
2303 3354 2479 3410 solum
2511 3353 2646 3408 nihil
2686 3353 2883 3408 exinde
2914 3355 3096 3425 colligi
3144 3371 3303 3426 posse
3332 3358 3654 3429 contendit,

2049 3448 2193 3505 unde
2219 3450 2295 3504 illi
2327 3448 2541 3520 nuptias
2584 3446 2755 3501 malas
2784 3461 2906 3503 esse
2931 3450 3278 3504 convincant.
3315 3450 3465 3507 Unde
3495 3466 3657 3521 porro

2048 3542 2164 3598 sive
2214 3542 2314 3609 illi,
2365 3543 2481 3597 sive
2509 3540 2764 3595 Cletnens
2814 3540 2954 3595 lianc
2982 3545 3313 3598 sententiam
3350 3545 3655 3616 collegerit,

2046 3636 2287 3707 ignotum
2323 3635 2481 3706 plane
2506 3644 2618 3699 est;
2651 3642 2705 3687 at
2730 3648 2795 3689 ex
2824 3634 2963 3689 libro
2993 3635 3173 3707 aliquo
3204 3639 3538 3708 apocrypha,
3569 3640 3689 3694 vel.

2048 3733 2229 3801 potius
2267 3746 2333 3785 ex
2387 3728 2740 3784 Hebraeorum
2797 3728 3159 3797 quorumdam
3207 3732 3657 3800 interpretatione

2047 3820 2357 3877 dimanasse
2386 3820 2623 3887 videtur,
2656 3833 2793 3889 quos
2835 3819 3055 3889 quidem
3104 3822 3371 3878 indicatos
3403 3833 3653 3893 putamus

2056 3929 2085 3967 ιι
2116 3913 2301 3985 Moyse
2348 3911 2623 3983 Barreplta
2659 3912 2798 3982 Syro
2827 3912 3120 3983 episeopo,
3150 3929 3271 3968 eum
3296 3925 3451 3985 parte
3480 3918 3652 3985 prima

2045 4007 2418 4064 Cotnmentar.
2450 4006 2514 4061 de
2541 4007 2641 4061 situ
2687 4004 2929 4059 Paradisi
2970 4021 3089 4078 cap.
3122 4006 3212 4071 l9,
3248 4024 3367 4079 pag.
3403 4008 3507 4064 Atii
3568 4019 3650 4065 to-

2047 4101 2121 4156 mi
2172 4116 2284 4155 xvu
2336 4099 2592 4154 Bibliotlt.
2643 4097 2744 4152 PP.
2778 4098 3031 4154 editionis
3068 4097 3471 4170 Lugdunensis,
3533 4101 3651 4158 lucc

2045 4193 2236 4249 scribit
2267 4213 2278 4247 :
2316 4192 2451 4247 Sunt
2485 4193 2713 4261 quidam,
2740 4191 2829 4261 qui
2855 4193 3142 4247 existiment
3171 4210 3272 4247 non
3307 4194 3468 4261 fuisse
3490 4195 3647 4249 arbo-

2046 4302 2151 4339 rem
2166 4284 2238 4345 id.
2266 4284 2329 4338 de
2349 4300 2448 4353 quo
2468 4282 2692 4355 gustavit
2718 4281 2903 4347 Adam,
2928 4284 3018 4337 sed
3039 4300 3304 4339 venereum
3326 4285 3643 4356 amplexum,

2046 4395 2145 4449 quo
2175 4394 2289 4430 cum
2316 4392 2477 4430 uxore
2520 4375 2608 4429 ille
2652 4390 2840 4445 corpus
2878 4376 3176 4431 miscuit...
3205 4392 3364 4446 neque
3391 4375 3536 4432 aliud
3564 4394 3647 4431 ro-

2049 4471 2205 4525 luisse
2236 4470 2365 4522 illud
2406 4477 2734 4541 prazceptum,
2772 4482 2835 4520 ne
2862 4468 3025 4521 edatis
3055 4469 3117 4522 de
3146 4469 3239 4522 illa
3266 4466 3467 4533 arbore,
3491 4485 3648 4541 quant

1971 4570 2020 4630 ι)
2048 4580 2148 4617 non
2175 4562 2387 4626 coeatis,
2427 4562 2517 4616 sed
2543 4568 2717 4615 sancte
2743 4567 2789 4612 et
2829 4559 3018 4631 absque
3042 4562 3183 4615 omni
3213 4576 3391 4615 venere
3419 4562 3598 4615 vivatis
3623 4601 3641 4626 ,

2044 4668 2091 4712 et
2117 4673 2214 4727 quo
2237 4656 2320 4709 die
2340 4656 2404 4709 de
2425 4654 2515 4708 illa
2544 4652 2770 4718 ederitis,
2796 4664 2962 4708 ntorte
2986 4654 3291 4719 moriemini,
3311 4655 3365 4707 id
3386 4670 3517 4719 esse,
3539 4671 3639 4725 quo

2047 4754 2129 4808 die
2155 4766 2375 4823 corpora
2403 4747 2699 4803 miscebitis.
2735 4747 2868 4802 lluic
2910 4761 3042 4802 sane
3072 4746 3508 4817 interpretationi
3537 4762 3644 4801 non

2048 4848 2226 4902 nullos
2262 4845 2588 4917 posterioris
2614 4860 2830 4915 quoque
2866 4845 3042 4899 :etatis
3073 4844 3347 4899 Rabbiuos
3375 4842 3651 4914 subscrip-

2049 4940 2186 4995 sisse
2216 4941 2351 4995 satis
2392 4940 2697 5008 colligimus
2722 4952 2791 4993 ex
2828 4938 3053 5009 Dialngo
3078 4939 3113 4993 ὅ
3165 4939 3227 4992 de
3266 4936 3471 5004 Amore,
3502 4936 3645 4992 circa

2051 5033 2310 5099 medium,
2341 5048 2498 5104 quem
2532 5032 2644 5087 Leo
2668 5031 2927 5086 Hebraeus
2950 5020 3270 5086 Mutinensis
3296 5030 3497 5085 stre.qu
3527 5042 3642 5096 xrt,

2045 5124 2227 5181 italice
2270 5125 2458 5180 edidit.
2512 5124 2581 5181 Ut
2612 5133 2790 5178 autem
2841 5139 2905 5178 ex
2936 5123 3283 5179 Hebrazorum
3330 5121 3523 5190 libris,
3556 5132 3648 5177 aut

2045 5226 2193 5274 certe
2210 5233 2273 5272 ex
2302 5218 2651 5273 Hebraeorum
2677 5214 2727 5270 id
2753 5215 3015 5286 temporis
3032 5216 3289 5271 sensibus
3312 5216 3451 5270 lianc
3477 5214 3644 5269 inter-

2050 5310 2406 5381 pretationem
2430 5308 2499 5364 ab
2524 5310 2762 5365 Auctore
2784 5316 2969 5363 nostro
2998 5306 3281 5363 deductam
3311 5306 3646 5377 probabilius

2046 5404 2375 5475 iudicemus,
2408 5402 2532 5457 illud
2572 5401 2786 5469 suadet,
2818 5401 2960 5472 quod
3009 5399 3099 5454 ille
3151 5410 3305 5455 tract.
3345 5399 3408 5454 t5
3449 5399 3543 5453 lib.
3604 5413 3641 5460 ι,

2049 5499 2113 5554 de
2137 5497 2538 5554 Circumcisione
2577 5497 2843 5552 adversus
2886 5494 3143 5549 llebrmos
3182 5493 3447 5555 disserat,
3482 5499 3536 5543 et
3579 5504 3643 5543 ex

2048 5594 2352 5663 praecipua,
2387 5601 2441 5645 Ill
2476 5590 2707 5653 videtur,
2760 5591 2998 5649 ipsorum
3050 5584 3323 5640 sententia
3367 5578 3643 5635 circumci-

2043 5686 2253 5743 sionem
2285 5684 2578 5757 explodet‘e
2610 5687 2831 5737 nitatur.
2864 5678 3121 5751 Equidem
3150 5676 3195 5730 si
3224 5690 3345 5735 non
3374 5673 3636 5757 alienam,

2040 5778 2135 5835 sed
2183 5792 2332 5834 suam
2360 5754 2452 5833 ltic
2498 5773 2810 5847 protulisset
2857 5768 3213 5832 sententiam,
3270 5766 3376 5837 qui
3417 5765 3570 5813 tract.
3604 5754 3639 5808 6
