4242 6168
540 306 643 365 ιξδ

1936 306 2472 369 PRULEGOMENA.

3744 314 3847 371 124

537 430 631 486 lib.
660 445 708 499 t,
745 430 1003 501 num._3,
1053 428 1302 501 vulgatae,
1337 437 1396 484 ut
1439 427 1592 486 initio
1618 428 1962 492 monuimus.
2011 426 2137 484 sub-
2160 430 2211 491 Α
2243 437 2397 483 tract.
2454 430 2480 484 l
2520 428 2615 485 lib.
2652 446 2692 496 ι,
2723 430 2789 485 de
2818 428 2949 485 Fide
2970 444 3078 485 non
3107 427 3234 484 illud
3259 428 3639 500 qua‘rebatur,
3663 441 3844 488 utrnnt

539 494 849 593 seuth
888 494 1259 594 e'tpllcatibni,
1288 494 1404 595 qua
1429 522 1602 579 Adam
1622 540 1785 580 sacra:
1813 523 2011 579 arboris
2033 539 2135 595 pou

538 630 678 672 mum
688 616 830 671 mle
842 608 993 672 huc
1003 616 1255 672 delibasse
1269 617 1521 673 traditur?
1541 618 1629 687 qui
1647 615 1835 673 eodem
1857 626 2011 673 tract.
2064 617 2133 673 i5

537 707 637 764 lib.
662 720 701 775 t,
724 716 877 763 ltum.
922 707 1190 775 io,'ietafe
1221 710 1419 781 lignum
1448 726 1482 764 a
1531 710 1645 765 sola
1672 710 1886 765 muliere
1930 718 2130 765 tactum

537 799 904 871 prodidisset,
932 803 980 857 si
1010 802 1067 858 in
1110 803 1298 869 vetita,
1344 803 1416 857 uti
1450 802 1734 875 putabatur
1757 846 1772 871 ,
1803 804 2133 860 matrimonii

534 893 919 963 conjunctione
944 892 1158 965 utrique
1186 895 1387 966 lignum
1414 903 1467 952 et
1515 910 1735 965 pomum
1771 896 2078 967 attigissent
2102 896 2129 951 ἲ

535 987 1049 1059 Itaque'pro'pteres
1107 989 1207 1044 hac
1254 989 1705 1059 interpretatione
1750 990 1807 1047 S.
1854 990 2128 1049 Zenonem

534 1092 687 1136 usum
731 1082 854 1138 esse
898 1082 1054 1139 nobis
1080 1083 1341 1140 credibile
1363 1092 1477 1149 est,
1520 1095 1580 1141 ut
1623 1084 1881 1143 Hebrreos
1912 1087 2129 1157 propria

533 1184 722 1229 eorum
755 1175 1039 1247 hypothesi
1065 1174 1259 1232 fortius
1284 1178 1649 1235 convinceret.
1674 1178 1809 1235 Cum
1833 1196 1964 1236 vero
1990 1180 2130 1236 banc

532 1266 779 1323 eamdem
804 1269 1127 1324 sententiam
1153 1269 1346 1325 innuat
1371 1280 1542 1340 tract.,
1577 1272 1613 1326 2
1639 1272 1734 1329 lib.
1763 1287 1813 1340 t,
1830 1274 1921 1329 ubi
1950 1283 2129 1330 tamen

536 1361 799 1439 adversus
845 1361 1103 1417 Hebraos
1136 1362 1269 1418 nihil
1314 1368 1427 1429 est‘;
1457 1364 1596 1422 hanc
1647 1368 1971 1423 sententiam
2022 1381 2131 1424 non

536 1458 741 1509 tantum
776 1453 1124 1511 Hebrtnorunt
1145 1501 1160 1525 ,
1206 1457 1302 1513 sed
1337 1458 1639 1530 aliquorum
1670 1462 1832 1519 etiam
1860 1461 2126 1519 Christia-

534 1542 724 1601 nor‘ilm
753 1548 1025 1617 propriam
1049 1548 1172 1604 licet
1198 1564 1515 1620 agnoscere,
1548 1555 1617 1608 ita
1641 1564 1697 1609 ut
1724 1555 1779 1610 S.
1810 1555 1963 1612 Zeno
1987 1559 2127 1615 hanc

534 1638 1048 1709 prmtermilrendam
1090 1655 1198 1696 non
1248 1642 1494 1712 duxerit,
1547 1646 1637 1700 ubi
1688 1647 1756 1704 de
1807 1652 2125 1719 perniciosis

534 1730 754 1788 venere!
776 1726 978 1811 amoris
1001 1732 1282 1791 effectibus
1306 1752 1615 1796 sermonem
1641 1738 1973 1814 instituerat,
2001 1745 2127 1804 licet

532 1823 648 1897 ipse
670 1822 828 1882 aliam
858 1826 1149 1900 veramque
1171 1831 1496 1889 sententiam
1524 1846 1871 1908 sequeretur.

1102 1965 1211 2041 [ον]
1250 1968 1478 2028 CAPUT
1516 1971 1581 2027 v.

570 2092 716 2141 ριυιι
757 2094 933 2136 ποτε
971 2096 1043 2137 DE
1080 2098 1264 2141 DIVINA
1302 2101 1503 2143 GBA’I‘IA
1542 2103 1590 2143 8.
1632 2103 1772 2146 ιιςΝο
1799 2104 2076 2149 θιιιεειιιτ.

603 2192 717 2251 Hoc
746 2194 1079 2268 praecipuum
1106 2208 1267 2271 caput
1308 2210 1412 2270 est,
1462 2203 1513 2259 in
1562 2219 1671 2275 quo
1715 2220 1837 2263 cum
1884 2207 1941 2264 S.
1976 2207 2125 2265 Zeno

525 2288 724 2345 alicubi
775 2286 1085 2348 duriuscule
1129 2293 1341 2351 locutus
1390 2296 1670 2354 videretur
1716 2299 1802 2368 iis,
1832 2299 1924 2372 qui
1955 2300 2125 2357 Vero-

528 2380 753 2439 nenseni
782 2380 1076 2479 etutlonem
1104 2398 1382 2458 curarunt,
1416 2406 1533 2447 eam
1561 2392 1663 2448 sibi
1684 2392 1952 2450 licentiam
1976 2409 2125 2452 sum-

529 2480 709 2545 pse‘re,
741 2482 794 2530 at
820 2476 928 2532 nun
959 2476 1124 2534 nullis
1151 2480 1330 2536 verbis
1358 2481 1409 2537 in
1460 2490 1663 2539 textum
1712 2485 1954 2555 insertis,
2005 2490 2125 2561 qui:

525 2569 625 2627 bus
652 2572 953 2630 catholicus
976 2590 1168 2633 sensus
1201 2581 1519 2651 perSpicuus
1558 2581 1875 2652 referretur,
1917 2588 2121 2660 aliquot

526 2660 643 2719 icca
672 2664 1004 2733 emollirent,
1033 2682 1129 2725 seu
1156 2671 1508 2742 explicarent,
1542 2677 1993 2746 quemadmodum
2027 2696 2124 2751 per

526 2750 716 2813 eadem
750 2769 995 2830 tempora
1026 2764 1203 2818 cvenlt
1231 2762 1491 2821 Romanis
1516 2767 1574 2823 S.
1598 2770 1872 2825 Ambrosii
1900 2750 2122 2828 editori-

525 2850 891 2921 btts,quosilli
908 2853 961 2909 in
982 2856 1288 2927 exemplum
1306 2858 1410 2914 sibi
1443 2863 1791 2930 proposuisse
1832 2864 1886 2919 in
1928 2864 2124 2936 praefa-J

524 2945 670 3000 tinne
687 2945 940 3002 fatentur.
974 2946 1196 3004 Durlora
1218 2951 1271 3006 in
1303 2951 1489 3019 primis
1509 2953 1620 3009 visa
1648 2963 1772 3011 sunt
1801 2956 1887 3012 illa
1908 2967 2062 3014 tract.
2088 2961 2112 3016 l

525 3035 625 3093 lib.-
651 3034 713 3106 t,’
736 3055 888 3095 num.
925 3042 979 3107 l,
1009 3041 1094 3097 ubi
1114 3042 1236 3099 iidei
1258 3054 1504 3100 naturam
1532 3045 1688 3101 talem
1711 3056 1765 3103 et
1782 3058 1980 3105 tantam
1998 3062 2122 3107 esse

523 3136 770 3196 testatur,
801 3138 857 3187 ut
883 3134 1155 3201 um'cuique
1180 3134 1377 3191 homini
1404 3153 1506 3193 non
1529 3138 1591 3192 ab
1612 3139 1716 3195 alio
1742 3143 2113 3211 commodatur,

2238 520 2372 576 tides
2417 534 2481 575 es
2527 522 2721 593 gratia,
2757 537 2823 577 an
2854 536 2921 578 ex
2969 522 3245 577 voluntate
3289 522 3382 589 sit,
3423 536 3525 578 nec
3569 537 3638 578 ne
3681 538 3844 596 :qute

2234 613 2465 684 qumstio
2496 613 2698 670 Zenoni
2730 626 2798 670 ne
2826 616 3143 671 inmentem
3166 614 3385 684 quidem
3403 615 3573 683 venit,
3596 623 3652 671 et
3672 618 3842 675 multo

2236 717 2359 777 post
2383 722 2413 761 a
2448 707 2750 779 Pelagianis
2777 710 3005 765 excitata
3034 708 3159 764 iuit.
3188 707 3247 763 in
3280 708 3512 764 Arianos
3558 715 3668 764 tota
3717 718 3837 768 erat

2234 799 2405 855 sancti
2437 798 2713 857 Antistitis
2736 803 3034 868 contentio,
3068 801 3161 873 qui
3200 801 3360 856 fidem
3387 802 3551 856 variis
3601 806 3835 859 tractati-

2236 893 2336 949 bus
2381 901 2436 948 et
2479 897 2812 965 argumentis
2859 896 3234 967 exponendam
3294 896 3420 962 rati,
3467 896 3606 953 adeo
3654 899 3705 953 in
3768 900 3837 955 iis

2234 987 2600 1057 lueubrandis,
2636 989 2880 1059 edendis,
2916 989 3268 1062 lrgendisquc
3303 990 3637 1060 laborabant,
3681 1008 3745 1048 ae
3785 992 3837 1049 si

2233 1081 2438 1153 absque
2462 1082 2564 1138 hoc
2590 1083 2771 1139 studio
2795 1084 3007 1155 concipi
3037 1085 3170 1140 ildes
3200 1098 3306 1139 non
3337 1096 3542 1155 posset.
3574 1085 3683 1141 Hos
3702 1100 3836 1157 ergo

2236 1184 2297 1231 ut
2326 1174 2602 1233 rcl‘elleret
2629 1177 2687 1234 S.
2720 1178 2886 1245 Zeno,
2924 1177 3083 1234 tidem
3108 1178 3312 1233 homini
3353 1195 3455 1232 non
3484 1178 3548 1232 ab
3588 1176 3695 1231 alio
3725 1179 3837 1233 uti-

2232 1282 2337 1338 que
2362 1267 2581 1324 homine
2610 1284 2704 1340 per
2732 1279 2988 1325 tractatus
3012 1278 3342 1326 mentoratos
3364 1270 3704 1335 commodari,
3736 1270 3830 1325 sed

2236 1360 2349 1430 ejus
2379 1374 2444 1414 ex
2474 1362 2734 1415 retortate
2777 1364 2918 1416 nasci
2949 1361 3181 1432 prodidit
3229 1381 3244 1420 :
3295 1363 3489 1433 quibus
3536 1377 3701 1417 unum
3733 1364 3837 1417 im-

2234 1453 2460 1522 probum
2489 1464 2544 1509 et
2591 1450 2954 1524 periculosum
3002 1467 3325 1513 tractatuum
3371 1457 3608 1513 studium
3648 1459 3835 1513 exclu-

2231 1544 2363 1601 dere
2405 1562 2559 1603 mens
2599 1547 2675 1603 illi
2724 1558 2776 1604 et
2814 1550 3099 1605 consilium
3133 1551 3253 1619 fuit,
3285 1559 3342 1605 ut
3370 1562 3434 1606 es
3467 1564 3721 1607 sermone
3747 1566 3838 1605 rc-

2232 1640 2378 1711 Ιὶιμιο
2410 1643 2604 1712 quucl;
2648 1642 2780 1699 nihil
2810 1659 2941 1699 vero
2980 1653 3167 1700 contra
3207 1646 3395 1716 gratia:
3442 1646 3830 1701 necessitatem

2230 1738 2401 1792 voluit
2442 1737 2733 1795 affirmare.
2782 1739 2884 1807 Qui
2930 1740 3184 1796 nimirum
3227 1741 3559 1795 voluntatem
3619 1739 3830 1809 laudat,

2156 1828 2203 1891 Β
2231 1846 2350 1901 quas
2395 1830 2461 1887 ad
2510 1831 2667 1887 fidem
2713 1832 3125 1903 concipiendam
3173 1847 3305 1889 sane
3350 1833 3660 1901 concurrit,
3725 1846 3835 1889 non

2232 1918 2459 1995 proinde
2489 1927 2714 1996 gratiam
2744 1926 3032 1983 excludere
3056 1926 3380 1997 iudicandus
3422 1937 3536 1994 est;
3560 1928 3712 1982 sicut
3736 1928 3835 1997 qui

2230 2018 2458 2087 gratiam
2500 2017 2755 2085 adstruit,
2804 2034 2908 2075 non
2959 2019 3162 2075 idcirco
3206 2021 3535 2075 voluntatem
3566 2018 3827 2075 excludit.

2233 2106 2417 2162 Solam
2440 2118 2621 2164 autem
2648 2110 3001 2177 voluntatem,
3053 2125 3158 2166 non
3190 2125 3318 2166 vero
3358 2112 3586 2183 gratiam
3617 2125 3833 2167 memo-

2233 2200 2370 2254 ratit
2399 2200 2457 2255 S.
2503 2198 2669 2268 Zeno,
2719 2201 2867 2273 quod
2917 2202 3059 2258 nulla
3108 2210 3219 2258 tum
3250 2211 3396 2259 esset
3428 2202 3532 2259 hoc
3559 2216 3626 2258 ex
3654 2204 3833 2272 capite

2230 2293 2484 2363 quaestio,
2514 2309 2673 2349 error
2704 2297 2902 2361 nullus,
2930 2294 3086 2365 cujus
3112 2310 3176 2351 ex
3211 2294 3450 2366 periequ
3483 2304 3690 2351 tantum
3708 2295 3833 2351 acui

2230 2388 2371 2442 solet
2394 2389 2628 2454 animus,
2657 2398 2715 2444 ut
2744 2389 2798 2444 in
2845 2388 3136 2445 scribendo
3164 2403 3228 2443 ac
3254 2386 3529 2460 loquendo
3556 2390 3828 2444 cautiores

2229 2479 2419 2535 simus.
2460 2478 2668 2536 Similis
2712 2490 2795 2536 est
2839 2480 3215 2551 interpretatio
3246 2481 3388 2536 tertii
3422 2480 3740 2547 testimonii,
3774 2481 3831 2535 in

2230 2590 2339 2645 quo
2370 2574 2476 2628 vita
2508 2575 2702 2629 anima:
2732 2590 2761 2629 a
2803 2575 3078 2635 nobismet
3102 2575 3237 2646 ipsis
3267 2585 3575 2645 comparata
3606 2575 3829 2646 perinde

2227 2668 2450 2737 dicitur,
2483 2683 2547 2724 ac
2594 2669 2756 2724 iidem
2784 2684 2847 2723 ex
2893 2680 3077 2724 nostra
3109 2669 3385 2725 voluntate
3422 2683 3544 2724 esse
3574 2669 3826 2739 superius

2227 2761 2357 2817 dixit
2390 2780 2402 2816 :
2437 2771 2492 2816 et
2517 2761 2656 2817 idem
2685 2771 2769 2817 est
2794 2760 2862 2818 de
2889 2762 3203 2819 testimonio
3233 2762 3491 2829 secundo,
3541 2778 3649 2833 quo
3691 2763 3827 2820 iides

2225 2870 2305 2906 res
2339 2855 2559 2908 maxime
2590 2856 2799 2925 propria
2821 2863 2997 2909 nostra
3018 2871 3125 2910 esse
3144 2846 3461 2911 afﬁrmatur.
3488 2856 3827 2926 Quamquam

2231 2950 2319 3003 hic
2365 2962 2593 3004 nostram
2622 2948 2780 3015 dixit,
2823 2959 2882 3003 ut
2906 2950 3090 3005 aliena
3114 2959 3449 3021 opponeret;
3474 2947 3656 3003 subdit
3678 2949 3826 3005 enim

2223 3040 2400 3099 statim
2437 3060 2451 3098 :
2505 3042 2672 3115 Igitur
2711 3044 2756 3097 si
2796 3053 2984 3109 nostra
3013 3053 3112 3110 est,
3154 3057 3408 3099 servemus
3456 3051 3511 3097 stt
3560 3055 3828 3110 nostram;

2222 3144 2277 3191 at
2306 3139 2431 3209 jure
2473 3152 2733 3207 speremus
2759 3136 2968 3204 aliena;
3001 3136 3146 3207 quod
3172 3136 3240 3193 ad
3265 3137 3695 3193 controversiam
3743 3136 3817 3197 de

521 3222 613 3276 sed
643 3225 755 3296 ejus
786 3241 849 3281 ea:
873 3225 1135 3284 voluntate
1160 3240 1442 3297 nascatur;
1469 3232 1663 3302 quibus
1701 3248 1822 3289 cum
1854 3236 2113 3293 voluntati
2145 3225 2191 3289 C
2221 3233 2392 3301 gratia
2425 3229 2557 3285 nihil
2586 3228 2842 3301 pertinet.
2890 3230 3158 3285 Caeterum
3208 3229 3301 3285 alii
3350 3244 3566 3301 quoque
3606 3228 3822 3295 Patres,

525 3314 693 3370 totum
734 3318 1013 3374 videretur
1038 3320 1293 3389 tribuere,
1326 3331 1384 3378 ut
1414 3336 1482 3379 ne
1506 3320 1738 3381 divinant
1766 3330 1991 3399 gratiam
2022 3329 2118 3386 ad.i

519 3419 774 3479 strueret,
809 3413 861 3468 in
891 3413 1127 3471 editione
1172 3415 1476 3473 Veronensi
1512 3419 1834 3490 impressum
1870 3400 1966 3479 iuit
1989 3426 2071 3482 sic
2098 3444 2112 3480 :

522 3515 577 3559 ut
604 3502 878 3578 unicuique
904 3509 1098 3563 homini
1120 3527 1223 3565 non
1252 3509 1313 3564 ab
1343 3512 1469 3578 alio,
1498 3512 1587 3567 sed
1608 3512 1719 3585 ejus
1746 3532 1808 3570 ea:
1831 3517 2117 3585 voluntate,

521 3599 857 3679 prteveniente
884 3598 1113 3672 Spiritus
1139 3603 1303 3679 sancti
1331 3603 1671 3674 inspiratione
1694 3617 1845 3675 atque
1865 3608 1978 3679 ejus
2020 3610 2116 3663 ad-

513 3678 737 3762 jutorio,
782 3706 1042 3747 nascatur.
1097 3678 1360 3750 Similiter
1399 3703 1557 3751 tract.
1610 3697 1646 3752 2
1692 3678 1936 3771 ejusdem
1968 3700 2110 3769 libri,

523 3797 671 3836 nunt.
700 3782 757 3849 3,
788 3783 880 3839 illa
907 3786 1179 3841 sententia
1209 3804 1223 3841 :
1268 3783 1430 3842 Fides
1460 3789 1629 3858 itaque
1666 3792 1746 3847 vel
1773 3793 1993 3849 maxime
2034 3810 2116 3850 res

520 3872 733 3946 propria
762 3884 937 3933 nostra
967 3888 1060 3946 est,
1110 3882 1408 3953 suttplettda
1448 3882 1559 3940 visa
1588 3895 1673 3940 est
1702 3886 1753 3941 in
1780 3887 1969 3943 eadem
2002 3890 2118 3944 edi-

521 3970 666 4025 tione
698 3970 800 4026 ltoc
831 3972 992 4027 modo
1024 3990 1037 4027 :
1072 3970 1231 4030 Fides
1254 3974 1424 4046 itaque
1452 3974 1647 4031 donum
1668 3974 1767 4033 Dei
1794 3979 1873 4034 vel
1898 3981 2117 4036 maxime

518 4072 600 4116 res
627 4064 845 4133 propria
869 4075 1045 4120 nostra
1075 4076 1166 4121 est.
1198 4067 1438 4124 Tandem
1480 4076 1641 4125 tract.
1699 4071 1768 4126 12
1809 4072 1930 4127 libri
1972 4074 2117 4143 ejus-

518 4150 664 4220 dem,
698 4166 857 4211 num.
900 4157 955 4224 4,
990 4156 1256 4228 duplicem
1299 4160 1461 4215 vitam
1491 4160 1829 4234 distinguens
1868 4166 2114 4236 curporis

517 4252 573 4299 et
601 4246 765 4300 animi
792 4263 805 4301 :
835 4246 1009 4315 Hanc,
1038 4246 1232 4321 inquit,
1262 4262 1354 4307 nos
1377 4252 1519 4309 nobis
1547 4255 1647 4325 ipsi
1674 4255 1773 4311 liae
1797 4257 1852 4311 in
1881 4257 1982 4313 vita
2024 4274 2116 4330 per

515 4336 674 4409 fidem
720 4342 856 4395 sacri
884 4341 1042 4411 fontis
1086 4345 1197 4399 sivo
1225 4344 1291 4399 de
1327 4347 1527 4419 gurgite
1564 4364 1964 4422 comparamus:
1993 4366 2114 4423 qua:

514 4440 639 4490 cum‘
681 4435 1001 4492 timereutur
1043 4440 1379 4511 accipienda,
1409 4450 1467 4497 ut
1507 4444 1681 4514 gra‘tia
1724 4444 1967 4511 exclusa,
2002 4454 2113 4501 tota

510 4524 914 4597 jttstificationis
944 4532 1024 4587 vis
1069 4535 1225 4591 nobis
1274 4537 1621 4606 tribueretur,
1673 4540 1815 4595 edita
1863 4536 2113 4595 similiter

2220 3324 2466 3394 quiante
2498 3321 2781 3393 Pelagiana
2815 3330 3058 3393 tempora
3108 3319 3361 3389 ﬂoruere,
3412 3336 3533 3377 cum
3582 3320 3823 3376 nondum

2181 3441 2191 3450 ι
2220 3433 2284 3472 ex
2317 3417 2552 3472 hostium
2608 3415 2791 3472 furore
2818 3416 3080 3472 admoniti
3112 3416 3360 3483 fuissent,
3406 3423 3465 3471 ut
3507 3416 3717 3471 cautius
3747 3414 3829 3470 lo-

2219 3514 2530 3581 querentur,
2566 3508 2771 3564 similes
2803 3508 3078 3576 formulas,
3109 3520 3166 3564 ut
3198 3506 3684 3579 ttotavit,August.,
3717 3522 3825 3563 non

2221 3620 2513 3675 numquam
2547 3613 2880 3674 usurparunt
2919 3622 2932 3658 :
2993 3618 3117 3673 qua:
3159 3616 3283 3657 cum
3325 3600 3490 3656 solius
3533 3600 3827 3656 voluntatis

2219 3694 2587 3762 meminerint,
2624 3694 2692 3749 ad
2730 3693 3146 3750 contundendos
3176 3692 3309 3768 [αισι]
3336 3691 3553 3765 quidem
3604 3693 3825 3749 literati-

2219 3801 2314 3843 cos
2346 3794 2621 3859 nequeunt
2649 3789 2920 3853 converti,
2964 3799 3020 3843 at
3046 3803 3169 3844 cum
3201 3788 3427 3858 gratiam
3456 3802 3563 3842 non
3587 3785 3825 3859 proinde

2219 3879 2553 3946 excludant,
2580 3879 2769 3935 iisdem
2801 3879 2984 3935 favere
3013 3895 3119 3935 non
3153 3887 3398 3951 possunt.
3426 3876 3604 3946 Quid?
3629 3876 3825 3935 Nonne

2220 3982 2272 4027 et
2308 3973 2421 4043 ipse
2449 3972 2780 4044 Augustinus
2803 3972 2870 4027 de
2902 3987 2962 4028 se
2994 3974 3112 4044 ipso
3146 3982 3390 4039 testatur,
3422 3988 3503 4036 se,
3530 3981 3823 4043 antequam

2223 4064 2511 4136 Pelagiana
2538 4066 2766 4121 heresis
2807 4073 3141 4136 erumperet,
3187 4066 3298 4136 pari
3339 4062 3612 4121 locutione
3640 4078 3820 4132 usum,

2218 4174 2340 4228 qua:
2368 4170 2504 4213 sano
2529 4158 2746 4228 quidem
2778 4171 2942 4214 sensu
2972 4159 3143 4229 accipi
3176 4165 3405 4227 poterat,
3437 4155 3534 4212 sed
3561 4171 3686 4212 cum
3719 4154 3824 4211 Pe-

2218 4250 2444 4323 lagianis
2476 4252 2669 4306 similia
2701 4251 2849 4323 loqui
2891 4249 3212 4308 videbatur?
3256 4249 3392 4307 Hinc
3431 4264 3554 4306 cum
3585 4252 3638 4305 in
3670 4264 3823 4305 eam-

2216 4343 2341 4399 dent
2389 4346 2715 4401 locutionem
2764 4345 2820 4401 in
2887 4342 3325 4416 Expositionibus
3370 4343 3625 4414 Epistolas
3666 4341 3822 4419 Ρειυι

2215 4441 2281 4496 ad
2313 4442 2591 4499 Romanos
2636 4443 2945 4513 scripsisset
2984 4457 2997 4494 :
3035 4441 3185 4507 Quod
3230 4456 3354 4512 ergo
3397 4439 3677 4506 credimus,
3719 4454 3820 4492 tto-

2216 4538 2376 4591 itrum
2421 4545 2516 4603 est,
2568 4546 2623 4593 et
2671 4546 2903 4591 nostrum
2928 4543 3002 4590 est
3024 4534 3239 4589 credere
3271 4544 3317 4588 et
3343 4533 3501 4599 uelle;
3533 4540 3655 4587 nata
3684 4531 3819 4586 sub-

513 4619 666 4677 fuere
710 4638 833 4680 cum
883 4622 1179 4693 additione,
1225 4647 1319 4685 nos
1344 4631 1487 4686 nobis
1524 4631 1625 4701 ipsi
1657 4629 1765 4687 Deo
1811 4641 2040 4687 movente
2066 4641 2112 4688 et
2137 4612 2193 4672 Β
2219 4630 2344 4685 inde
2370 4629 2785 4700 Pelagianorum
2812 4626 3033 4695 haeresi,
3079 4627 3165 4682 cui
3210 4626 3377 4683 hasce
3407 4625 3706 4680 locutiones
3734 4623 3819 4678 τις

514 4714 884 4789 adjuvante....
926 4735 1304 4791 comparamus.
1347 4718 1454 4777 Sed
1497 4723 1579 4777 his
1618 4722 2109 4792 entendationibus,

512 4826 633 4881 qua:
677 4811 978 4869 catholicos
1027 4813 1081 4881 in
1128 4815 1380 4871 invidiam
1411 4818 1605 4871 vocant
1631 4816 1799 4889 (smpe
1824 4817 1969 4873 enim
2015 4817 2115 4873 ali-

512 4906 647 4977 quas
679 4905 729 4962 id
754 4910 969 4979 generis
1014 4908 1409 4975 correctiones,
1455 4910 1649 4980 quibus
1697 4912 1849 4981 pauci
1894 4911 2109 4982 quidam

514 4995 750 5058 editores
818 5017 956 5057 vano
1004 5004 1151 5058 metu
1206 5002 1568 5069 indulserunt,
1622 5002 1905 5061 haereticos
1955 5007 2111 5063 nobis

512 5093 909 5165 exprobrantes
931 5093 1184 5159 vidimus,
1218 5109 1281 5150 ac
1308 5096 1351 5150 si
1381 5095 1598 5153 Patrum
1641 5113 1805 5171 opera
1840 5099 2112 5173 corrupis-

511 5201 694 5243 setnus
738 5205 751 5241 :
797 5182 945 5258 quod
983 5188 1263 5244 catholica:
1295 5190 1508 5246 veritati
1554 5200 1749 5264 magno
1796 5194 2110 5265 pra'judicio

512 5277 680 5347 fuit);
732 5276 838 5342 his,
868 5277 1109 5349 inquam,
1141 5282 1572 5338 correctionibus
1613 5285 1744 5339 nihil
1789 5300 1926 5356 Opus
1969 5294 2105 5353 erat,

511 5383 634 5422 cum
665 5370 797 5429 satis
825 5384 891 5424 ex
930 5370 1253 5441 quaestione,
1285 5389 1406 5445 qua:
1451 5375 1502 5430 id
1540 5378 1798 5447 temporis
1824 5379 2103 5448 agebatur,

511 5458 627 5514 haec
658 5459 796 5527 loca,
834 5466 889 5516 tit
915 5460 1048 5517 nihil
1076 5464 1266 5535 gratia}
1285 5462 1494 5535 'obsint,
1524 5468 1808 5525 commode
1833 5468 2108 5539 explicen-

512 5568 632 5628 tur,
674 5557 795 5615 aliis
829 5570 1011 5616 autem
1043 5577 1107 5618 ex
1144 5561 1279 5619 locis
1326 5558 1475 5619 Zeno
1521 5579 1582 5621 se
1622 5570 1771 5622 recte
1819 5564 1887 5622 de
1934 5565 2106 5638 gratia

507 5653 830 5711 sentientem
862 5651 1077 5728 prodat.
1804 5668 1811 5673 ‘

516 5796 521 5803 .
575 5749 760 5817 Itaque
787 5747 1023 5819 primum
1058 5748 1448 5827 testimonium,
1478 5767 1587 5827 quo
1630 5765 1791 5809 sensu
1842 5750 2108 5823 prolatum

498 5846 590 5913 sit,
621 5858 687 5899 ex
711 5845 1037 5916 quastione,
1064 5859 1186 5925 quae
1216 5857 1327 5905 tum
1371 5851 1653 5921 agebatur,
1695 5840 1914 5923 patebit.
1946 5846 2027 5909 Eo
2053 5847 2111 5907 in

2217 4730 2345 4779 vere
2372 4723 2594 4793 iudicari
2627 4732 2897 4793 poterant,
2930 4719 3028 4777 bas
3057 4734 3179 4776 cuin
3211 4722 3392 4775 minus
3413 4731 3560 4775 recte
3587 4718 3819 4787 scriptas

2216 4815 2448 4871 afﬁrmat
2491 4815 2585 4870 lib.
2638 4830 2653 4870 t
2702 4814 2943 4869 Retract.
2992 4828 3114 4886 cap.
3161 4811 3253 4879 23,
3289 4821 3399 4867 tum
3441 4824 3568 4867 vero
3611 4809 3818 4866 ibidem

2217 4918 2390 4977 notat,
2421 4908 2640 4965 easdem
2672 4921 2831 4979 posse
2858 4915 3008 4964 recte
3033 4906 3288 4978 explicari
3317 4912 3372 4960 et
3399 4903 3658 4974 intelligi;
3691 4918 3817 4963 nam

2215 5006 2271 5058 et
2312 5004 2538 5058 credere
2584 5009 2641 5057 et
2672 5001 2922 5071 operari,
2955 5008 3014 5055 tit
3049 5001 3125 5055 ait
3170 5012 3320 5053 num.
3347 4997 3404 5062 2,
3431 5005 3702 5065 utrumque
3723 5011 3820 5049 no-

2218 5104 2382 5150 strum
2411 5104 2503 5161 est,
2545 5104 2753 5166 propter
2790 5095 3063 5150 arbitrium
3103 5092 3416 5157 uoluntatis;
3461 5098 3507 5144 et
3549 5099 3821 5159 utrutnqtte

2220 5192 2394 5244 tamen
2423 5187 2603 5242 datum
2620 5198 2692 5243 est
2718 5202 2807 5260 per
2834 5188 3074 5259 spiritum
3106 5186 3228 5258 ﬁdei
3256 5193 3302 5239 et
3325 5183 3593 5238 rharitatis
3615 5198 3635 5248 ,'
3665 5192 3721 5237 et
3751 5199 3813 5237 tt.

2219 5278 2291 5337 5:
2328 5279 2513 5336 Verum
2542 5290 2616 5336 est
2642 5281 2867 5351 quidem,
2898 5281 2991 5335 sed
3015 5278 3190 5334 eadem
3221 5278 3399 5349 regula
3414 5288 3433 5340 ,'
3474 5283 3522 5329 et
3549 5285 3818 5343 utrumque

2216 5373 2381 5445 ipsius
2411 5383 2506 5443 est,
2539 5376 2659 5445 quia
2680 5376 2790 5446 ipse
2816 5380 3075 5447 praeparat
3103 5372 3409 5427 uoluntatem
3429 5385 3448 5436 ;
3471 5380 3517 5423 et
3545 5377 3817 5434 utrumque

2216 5476 2464 5534 nostrum,
2489 5471 2611 5540 quia
2636 5485 2736 5523 non
2767 5469 2828 5537 [it
2858 5468 2957 5522 nisi
2976 5467 3256 5522 uolentibus
3279 5463 3443 5519 nobis.

2289 5563 2344 5619 ln
2375 5567 2516 5618 hanc
2542 5570 2721 5618 autem
2750 5554 3014 5616 rationem
3046 5574 3167 5616 cum
3205 5564 3433 5613 caeteros
3461 5555 3672 5619 Patres,
3700 5561 3815 5608 tum

2216 5674 2347 5715 vero
2397 5659 2560 5716 etiam
2604 5656 2659 5714 S.
2709 5657 2984 5713 Zenonem
3050 5653 3344 5710 voluntatis
3403 5651 3654 5706 humanae
3704 5648 3815 5702 vim

2218 5752 2651 5819 commendasse,
2679 5767 2748 5808 ex
2775 5749 2895 5807 aliis
2918 5750 3073 5817 locis,
3105 5750 3301 5820 quibus
3331 5747 3504 5820 gratia
3534 5758 3817 5801 commen-

2223 5844 2383 5907 datur
2414 5857 2468 5908 et
2495 5848 2804 5925 praefertur,
2833 5845 3178 5907 manifestum
3206 5854 3307 5905 est.
3339 5842 3665 5902 Praeclarum
3682 5852 3816 5899 sane
