4242 6168
378 363 483 420 125

1343 355 1807 419 DISSERTATIO
1846 348 1910 421 ΙΙ,
1955 355 2044 411 DE
2084 355 2144 412 S.
2191 356 2346 414 ΖΕΝ.
2400 354 2771 415 DOCTRIN.\.

3644 365 3745 422 1‘26

381 477 540 545 illud,
587 474 734 548 quod
788 474 992 546 legitur
1041 482 1202 530 tract.
1234 474 1267 529 6
1300 475 1396 531 lib.
1428 493 1468 543 ι,
1524 474 1628 531 sub
1675 473 1860 540 linem,
1910 469 1998 526 ubi
2030 468 2078 534 A
2112 472 2289 529 libero
2306 474 2403 530 Dci
2426 473 2622 532 timore
2643 474 2857 533 dixerat
2880 478 3180 550 pauloante
3210 499 3222 535 :
3248 481 3351 550 Qui
3377 482 3636 541 voluntate
3653 502 3748 543 sua

381 580 668 646 postquam
701 578 901 625 auctor
949 569 1184 640 plurium
1226 569 1545 625 Sanctorum
1577 566 1797 640 egregia
1842 580 2005 636 opera

379 664 807 730 commendavit,
844 664 1030 719 omnia
1063 662 1161 718 Dei
1184 663 1349 731 dono,
1382 663 1433 719 id
1456 672 1541 719 est
1575 661 1780 718 divina:
1819 660 2007 733 gratim

381 757 666 817 referenda
700 758 998 830 perspicue
1044 756 1334 812 conﬁtetur
1380 755 1464 811 his
1513 754 1698 812 verbis
1747 771 1760 806 :
1817 751 2008 807 Omnes

383 857 590 913 omnino
629 858 931 917 memorati,
982 870 1258 921 omnesque
1303 853 1476 923 felices
1506 856 1618 925 ejus
1673 850 1819 923 (Dei)
1870 851 2009 906 dono

381 957 503 1005 sunt
546 946 705 1004 tales.
738 946 848 1003 Sed
883 945 1395 1018 praestantissimum
1439 947 1710 1011 omnium,
1759 953 1813 1000 et
1861 944 2010 1001 mille

383 1041 720 1098 testimoniis
766 1038 1103 1111 aequivaiens
1146 1045 1231 1094 est
1272 1037 1401 1094 illud
1430 1054 1495 1094 ex
1526 1037 1721 1094 eodem
1759 1037 1874 1107 ipso
1900 1047 2009 1090 tra-

383 1142 530 1190 ctatu
582 1133 609 1188 1
666 1132 762 1188 lib.
797 1149 835 1198 l,
866 1130 959 1188 ubi
990 1130 1256 1187 voluntati
1287 1140 1465 1185 ortum
1500 1129 1622 1186 lidci
1651 1127 1898 1184 attribuit
1926 1126 2011 1183 bis

378 1224 563 1281 verbis
593 1238 747 1279 num.
783 1225 809 1280 1
847 1241 860 1278 :
890 1223 1013 1278 Non
1039 1221 1133 1277 sub
1182 1222 1314 1295 lege,
1350 1224 1542 1296 inquit,
1571 1222 1661 1278 sed
1701 1220 1798 1277 sub
1844 1222 2013 1293 gratia

376 1332 583 1379 sumus,
633 1331 755 1387 qua:
795 1332 890 1370 nos
920 1315 1139 1387 diligere
1188 1314 1378 1385 Deum,
1414 1333 1473 1372 ac
1500 1316 1592 1372 soli
1623 1316 1702 1370 illi
1724 1316 1913 1369 servire
1957 1315 2014 1372 in

373 1416 710 1462 sacramento
757 1407 917 1461 semel
945 1406 1159 1462 credita:
1197 1408 1367 1464 unicae
1396 1406 1668 1463 Trinitatis
1715 1424 1819 1462 non
1847 1424 2011 1480 argu-

372 1502 587 1566 mentis,
622 1516 728 1554 non
759 1500 1082 1566 necessitate,
1127 1500 1219 1555 sed
1244 1502 1512 1557 voluntate
1554 1501 1835 1572 compellit.
1869 1500 2013 1571 Quot

380 1593 579 1660 verba,
610 1590 1019 1646 totsententiae.
1044 1591 1158 1648 lioc
1188 1596 1503 1651 testimonio
1524 1606 1578 1651 et
1608 1594 1770 1651 [idem
1795 1605 1849 1650 et
1874 1595 2008 1652 cba-

370 1690 594 1744 ritatem
642 1693 702 1741 et
748 1686 1002 1739 universa
1052 1684 1359 1744 Christiana
1410 1706 1603 1759 opera,
1655 1689 1851 1759 quibus
1886 1690 2009 1759 Deo

372 1781 680 1845 servimus,
705 1776 1121 1848 complectitur;
1154 1789 1208 1835 et
1238 1779 1353 1837 inec
1382 1783 1564 1838 omnia
1588 1783 1775 1854 gratiae
1800 1783 2005 1852 tribuit,

2113 586 2170 625 se
2193 571 2373 642 parit,
2405 569 2460 627 ul
2484 580 2571 626 est
2597 571 2743 629 nulla
2777 571 2934 647 [cvn]
2976 575 3027 629 vi
3065 585 3296 633 externa
3326 579 3567 650 cogitur,
3602 581 3747 639 trulla

2116 664 2448 719 necessitate
2481 664 2849 733 compellitur.
2883 666 3147 724 Similiter
3174 684 3308 739 ergo
3334 685 3457 726 cum
3497 671 3655 727 iidem
3682 689 3748 729 ea:

2114 754 2385 811 voluntate
2429 757 2577 812 nasci
2609 756 2818 821 docuit,
2870 757 3036 815 libere
3082 761 3323 833 genitam
3374 762 3532 819 unice
3579 765 3748 820 voluit

2117 847 2371 914 innuero,
2403 850 2535 920 quin
2582 861 2874 920 propterea
2903 854 2970 906 ad
3010 855 3244 922 gratiam
3287 856 3613 928 negantiam,
3647 857 3745 915 sed

2117 942 2301 1016 potius
2326 943 2394 1000 ad
2423 943 2776 1000 statuendam
2808 946 3018 1003 arbitrii
3067 947 3382 1007 libertatem
3433 951 3552 1023 ejus
3592 953 3744 1010 testi-

2118 1037 2361 1093 monium
2387 1035 2602 1093 traduci
2636 1038 2835 1111 possit.

2752 1177 2985 1237 CAPUT-
3020 1180 3111 1239 Vi.

2230 1307 2337 1348 ΝΟΜ
2377 1306 2424 1349 Β.
2468 1306 2613 1349 ZENO
2654 1309 2726 1349 DE
2769 1310 2891 1350 FIDE
2929 1312 3033 1350 νει.
3071 1311 3381 1354 CHARITATE
3419 1311 3655 1361 L‘lQUENS

2758 1401 3105 1442 EXCESSERI'I'.

2192 1499 2297 1554 Alii
2334 1508 2442 1556 tres
2475 1506 2751 1558 tractatus
2778 1511 3016 1569 exstant,
3046 1502 3098 1558 in
3128 1503 3326 1575 quibus
3353 1518 3495 1560 nunc
3520 1504 3587 1561 de
3614 1504 3741 1573 lide,

2117 1606 2263 1647 nunc
2301 1590 2368 1646 de
2399 1589 2676 1648 charitate
2709 1591 3024 1650 duriuscule
3046 1593 3337 1664 scripsisse
3366 1595 3512 1652 visus
3551 1604 3656 1663 est,
3686 1606 3742 1655 et

2115 1686 2386 1742 contraria
2425 1685 2599 1742 ferme
2647 1688 2955 1754 sententia;
2984 1703 3106 1759 quae
3149 1688 3268 1744 loca
3305 1705 3372 1745 ne
3398 1691 3739 1749 occasionem

2114 1777 2322 1833 erroris
2362 1776 2658 1845 afferrent,
2704 1779 3053 1835 Veronenses
3094 1780 3349 1836 Edilores
3391 1782 3473 1838 vel
3522 1784 3742 1839 mutatis

369 1889 496 1946 qum
528 1871 647 1927 haec
679 1881 945 1941 praestare
992 1871 1320 1928 voluntatem
1352 1876 1650 1946 compellit.
1685 1873 1796 1931 Hoc
1823 1886 2005 1933 autem
2039 1880 2087 1943 Β
2117 1871 2201 1926 vel
2250 1870 2445 1925 additis
2496 1871 2756 1928 terminis
2821 1873 3147 1944 explicanda
3210 1874 3503 1933 duxerunt.
3552 1875 3741 1934 Fidem

370 1965 544 2021 verbo
573 1962 861 2035 compellit,
895 1977 961 2018 ne
994 1962 1213 2019 nimium
1249 1968 1441 2036 gratiae
1494 1969 1751 2025 tribuere
1795 1969 2007 2025 videre-

369 2066 481 2122 tur,
513 2071 577 2111 ac
603 2056 647 2109 si
677 2054 1002 2109 necessitate
1027 2053 1193 2120 illata,
1212 2056 1522 2115 libertatem
1556 2059 1865 2116 voluntatis
1891 2059 2009 2114 adi-

368 2160 574 2213 meret,
625 2144 917 2216 eXplicavit
962 2161 1021 2202 se
1048 2162 1108 2202 se
1148 2147 1437 2221 inquiens:
1486 2171 1603 2209 non
1662 2156 2008 2225 argumentis,

368 2259 480 2297 non
513 2238 841 2307 necessitate,
874 2238 963 2294 sed
990 2239 1242 2296 voluntate
1268 2246 1575 2317 compellit;
1638 2247 1848 2321 quibus
1880 2246 2008 2302 insi-

369 2343 576 2393 nuatur
626 2332 818 2404 gratia:
881 2329 1136 2401 efﬁcacia,
1198 2344 1249 2390 et
1295 2335 1452 2392 simul
1497 2340 1761 2398 libertas
1808 2340 2010 2397 intacta

375 2429 733 2499 relinquitur.
783 2424 917 2481 Cum
964 2442 1123 2497 porro
1167 2428 1351 2484 eodem
1398 2440 1646 2490 tractatu
1700 2435 1772 2491 de
1814 2433 1920 2492 lide
1943 2450 2007 2492 ex

374 2522 665 2598 proposito
713 2521 785 2577 sit
829 2536 1030 2589 sermo,
1078 2518 1181 2578 hoc
1224 2537 1431 2593 quoque
1477 2528 1839 2594 testimonio,
1884 2543 2007 2585 cum

375 2626 690 2692 argumenta
718 2626 769 2672 et
794 2615 1147 2671 necessitatem
1162 2614 1471 2679 excludens,
1489 2619 1824 2675 uoluntatem
1853 2620 2009 2677 adsc-

376 2713 475 2779 rit,
526 2708 595 2765 de
642 2707 749 2765 [ide
798 2708 1135 2780 potissimum
1183 2707 1440 2780 loquitur,
1492 2725 1661 2781 quam
1708 2729 1817 2769 non
1850 2729 2010 2786 argu-

377 2805 606 2872 mentis,
642 2803 695 2859 id
721 2811 807 2858 eSt
837 2816 945 2858 non
985 2802 1213 2870 ratione,
1241 2818 1347 2857 non
1378 2803 1625 2872 scientia,
1655 2821 1782 2877 quae
1814 2824 2006 2864 neces-

382 2900 606 2956 sitatem
641 2898 865 2965 inferat,
899 2896 996 2952 sed
1028 2896 1292 2952 voluntate
1331 2896 1706 2968 excipiendam
1754 2901 2009 2974 intelligit

383 2993 585 3049 eodem
631 2992 794 3063 plane
833 3004 1023 3055 sensu,
1070 3004 1177 3061 quo
1207 2989 1359 3044 initio
1403 2989 1615 3045 dixerat
1642 3007 1763 3048 eam
1805 3010 1907 3050 non
1945 2996 2010 3051 ab

384 3088 498 3143 alio
521 3101 621 3158 per
643 3095 967 3156 argumenta
998 3080 1334 3147 commodari,
1362 3083 1451 3137 sed
1476 3099 1539 3138 ea:
1566 3085 1825 3141 voluntate
1844 3092 2005 3145 nasci.

386 3181 528 3236 Cum
573 3194 705 3248 ergo
734 3192 859 3248 qua:
890 3175 1223 3230 voluntatem
1253 3174 1319 3230 ad
1351 3174 1511 3231 (idem
1548 3177 1681 3232 citra
1716 3183 2010 3238 necessita-

2114 1962 2295 2034 primo
2326 1961 2537 2018 duobus
2567 1966 2894 2022 tractatibus
2924 1966 3000 2022 ita
3021 1966 3218 2022 extulit
3241 1967 3438 2037 solam,
3464 1985 3528 2026 ac
3553 1972 3596 2026 si
3626 1971 3742 2027 sola

2112 2054 2178 2108 ad
2203 2054 2427 2109 salutem
2462 2055 2598 2110 satis
2644 2068 2833 2112 esset:
2886 2073 3012 2114 nam
3063 2068 3224 2114 tract.
3279 2061 3366 2115 ιιι.
3417 2062 3508 2117 lib.
3560 2078 3618 2130 ιι,
3670 2064 3741 2120 de

2112 2148 2386 2205 Abraham
2411 2166 2561 2205 num.
2591 2151 2651 2217 2,
2693 2151 2844 2220 Sola,
2882 2153 3081 2224 inquit,
3123 2154 3258 2224 ﬁdes
3290 2157 3643 2228 prtcfereuda;
3685 2169 3741 2213 et

2116 2251 2272 2298 tract.
2308 2242 2398 2310 55,
2422 2256 2483 2297 ac
2510 2244 2558 2299 si
2603 2245 2722 2299 sola
2774 2246 3056 2303 sulliceret
3095 2246 3162 2301 ad
3195 2247 3581 2307 beatitudinem
3610 2267 3741 2307 cou-

2112 2334 2464 2405 sequeudam,
2496 2333 2714 2392 addidit
2741 2358 2752 2391 :
2785 2338 3054 2405 Quantum
3074 2339 3189 2407 quis
3212 2340 3510 2411 crediderit,
3539 2334 3738 2407 tantum

2114 2427 2442 2483 beatitudinis
2489 2437 2536 2483 et
2569 2428 2804 2486 habebit.
2855 2430 3099 2501 Utroque
3129 2432 3253 2488 loco
3299 2434 3548 2493 Editores
3585 2437 3739 2493 addi-

2116 2522 2320 2578 tiouem
2352 2522 2660 2589 inseruere,
2703 2539 2809 2596 qua
2839 2539 3008 2591 opera
3035 2540 3256 2598 quoque
3284 2534 3587 2591 necessaria
3616 2547 3740 2589 esse

2113 2614 2535 2685 explicarentur,
2586 2616 2781 2687 sicque
2831 2616 3232 2687 intelligeretur
3276 2620 3409 2679 fides
3453 2624 3540 2678 illa
3592 2625 3733 2693 viva,

2112 2723 2256 2780 quin,
2290 2717 2344 2761 ιιι
2369 2707 2445 2762 ait
2469 2708 2791 2779 Apostolus,
2822 2726 2912 2782 per
2939 2709 3249 2767 claaritatem
3270 2726 3556 2785 operatur:
3589 2719 3731 2775 unde

2113 2801 2343 2874 primum
2387 2808 2594 2856 textum
2645 2802 2730 2857 sic
2771 2800 2996 2859 edidere
3025 2820 3037 2856 :
3069 2801 3201 2859 Sola
3228 2807 3357 2877 ﬁdes
3386 2813 3727 2882 prtefereuda,

2112 2894 2168 2951 id
2199 2903 2272 2949 est
2301 2893 2540 2967 aperibus
2569 2906 2797 2959 ornata;
2825 2895 2995 2966 qualis
3023 2895 3119 2967 fuit
3134 2896 3359 2954 Abralne
3382 2915 3403 2954 :
3432 2903 3728 2958 secundum

2112 2998 2292 3044 autem
2325 2985 2403 3042 sic
2427 3005 2440 3041 :
2474 2984 2748 3054 Quantum
2766 2987 2879 3058 quis
2901 2985 3198 3056 crediderit,
3223 3000 3269 3045 et
3288 3003 3528 3064 operatus
3550 2996 3728 3067 fuerit,

2102 3092 2313 3163 tantum
2352 3080 2687 3136 beatitudinis
2735 3091 2785 3134 et
2830 3078 3054 3135 habebit.
3103 3080 3359 3140 Miramur
3400 3096 3579 3142 autem
3617 3104 3724 3143 non

2114 3175 2385 3231 addidisse
2429 3176 2591 3230 etiam
2638 3174 2847 3246 aliquid
2914 3183 3069 3230 tract.
3123 3176 3183 3230 51
3240 3178 3335 3231 lib.
3378 3195 3439 3247 ιι,
3484 3181 3572 3235 ubi
3606 3183 3724 3238 soli

388 3286 503 3331 lem
533 3283 588 3330 et
628 3273 873 3328 rationes
918 3269 1220 3340 compellit,
1253 3283 1282 3323 a
1312 3267 1373 3325 8.
1403 3268 1623 3326 Zenone
1648 3286 1770 3328 esse
1800 3272 2011 3332 dicatur
2036 3278 2081 3341 ρ
2117 3269 2240 3325 lidei
2283 3268 2468 3342 gratia:
2516 3278 2873 3340 augmentum
2933 3267 3140 3323 Auctor
3183 3270 3395 3328 videtur
3442 3273 3720 3332 tribuere:

385 3368 597 3437 gratia;
627 3364 682 3419 in
716 3361 969 3419 eamdem
1003 3360 1163 3433 plane
1190 3362 1511 3417 sententiam
1558 3363 1763 3433 primus
1792 3382 2010 3440 quoque

388 3468 579 3513 textus
628 3452 1078 3524 interpretandus
1108 3458 1211 3516 est,
1255 3461 1312 3506 ut
1343 3467 1411 3508 ne
1441 3453 1609 3525 gratia
1640 3453 1845 3510 idcirco
1875 3473 2013 3528 prm-

388 3550 650 3607 tcrmissa
695 3548 976 3612 credatur,
1009 3560 1076 3601 ac
1117 3545 1159 3599 si
1208 3543 1352 3600 illam
1383 3544 1442 3601 S.
1474 3545 1618 3601 Zeno
1648 3554 2008 3607 necessariam

393 3661 504 3719 non
535 3641 845 3717 agnoverit,
879 3640 976 3696 sed
1008 3636 1155 3711 quod
1186 3639 1329 3693 illam
1358 3639 1607 3712 ingerere
1630 3655 1766 3711 opus
1793 3656 2011 3716 semper

390 3755 505 3795 non
538 3738 659 3801 luit,
695 3744 751 3790 ut
780 3733 907 3789 aliis
936 3747 1155 3804 quoque
1182 3729 1431 3788 Patribus
1460 3732 1673 3809 accidit.

471 3830 749 3887 Addemus
774 3827 940 3885 etiam
973 3825 1143 3892 aliud,
1170 3822 1311 3896 quod
1337 3842 1440 3881 non
1472 3826 1604 3882 levis
1635 3827 1866 3884 fortasse
1895 3844 2013 3886 mo-

394 3925 572 3982 menti
628 3920 935 3978 habebitur.
966 3918 1103 3975 Cum
1132 3916 1191 3974 S.
1222 3917 1540 3991 Episcopus,
1576 3919 1745 3975 sieubi
1776 3921 2012 3978 antithe-

390 4019 555 4076 sibus
602 4017 791 4084 utitur,
823 4014 1141 4070 voluntatem
1192 4014 1477 4068 necessitati
1504 4027 1721 4083 semper
1749 4026 2006 4086 apponat,

392 4114 717 4167 voluntatem
743 4123 843 4181 pro
868 4107 1105 4162 libertate
1132 4106 1406 4176 accepisse
1435 4105 1665 4172 videtur,
1696 4107 1767 4161 ita
1811 4117 1870 4163 ut
1914 4125 1979 4180 pe
1997 4141 2010 4150 -

395 4221 501 4262 nes
548 4205 725 4275 ipsum
760 4201 903 4257 idem
942 4201 1016 4256 sit
1063 4198 1343 4269 voluntate,
1377 4217 1481 4254 non
1509 4199 1828 4270 necessitate,
1860 4217 1924 4258 ac
1948 4203 2014 4258 li-

397 4298 541 4363 bere,
574 4312 676 4349 non
703 4292 1010 4349 necessario.
1048 4290 1255 4348 Practer
1275 4291 1455 4348 locum
1486 4309 1630 4349 nunc
1658 4309 1832 4366 nuper
1872 4297 2011 4354 alla-

395 4400 517 4445 tum
577 4402 643 4444 es
702 4404 851 4442 num.
887 4386 910 4442 1
946 4395 1104 4442 tract.
1135 4380 1159 4440 1
1191 4384 1258 4440 de
1283 4382 1437 4453 Fide,
1466 4387 1557 4443 ubi
1603 4390 1655 4444 in
1702 4388 1843 4446 banc
1888 4406 2014 4447 sen-

398 4484 629 4540 tentiam
680 4481 848 4553 gratia
899 4480 967 4538 ad
1031 4479 1197 4536 ﬁdem
1246 4483 1575 4553 compellere
1626 4484 1854 4540 traditur
1909 4501 2013 4543 non

398 4574 730 4639 necessitate,
759 4574 849 4628 sed
874 4573 1154 4642 voluntate,
1188 4583 1418 4631 tractatu
1451 4578 1482 4633 8
1507 4575 1598 4631 lib.
1633 4591 1672 4643 ι,
1702 4576 1767 4632 de
1786 4577 2010 4648 Tintore,

2119 3361 2221 3430 Qui
2252 3361 2369 3432 plus
2392 3358 2690 3424 crediderit,
2729 3360 3032 3416 nobiliorem
3056 3377 3110 3414 se
3135 3361 3245 3431 ipse
3269 3365 3551 3434 praestabit.

2188 3452 2244 3510 Si
2280 3468 2439 3525 porro
2469 3452 2618 3509 hisce
2650 3453 2702 3507 in
2752 3453 2887 3510 locis
2933 3452 3095 3508 ﬁdem
3135 3454 3278 3510 Zeno
3306 3458 3530 3513 nimium
3564 3467 3719 3514 extu-

2116 3548 2244 3604 lisse
2284 3545 2453 3602 videri
2503 3555 2702 3618 potest,
2751 3563 2817 3604 ac
2865 3550 2909 3603 si
2934 3550 3070 3624 ⁸εοια
3102 3549 3210 3604 vim
3248 3551 3441 3607 salutis
3491 3550 3717 3618 habeat;

2120 3640 2387 3698 centu-aria
2423 3640 2582 3712 plane
2609 3642 2821 3699 ratione
2845 3653 2998 3698 tract.
3034 3644 3069 3698 2
3100 3644 3194 3698 lib.
3222 3660 3262 3713 ι,
3293 3644 3614 3701 charitatem
3648 3646 3717 3701 ita

2116 3735 2294 3802 eliert,
2314 3747 2366 3789 ut
2388 3753 2493 3790 non
2520 3736 2694 3791 solum
2717 3753 2816 3793 nec
2843 3736 2999 3793 iidem
3024 3752 3125 3793 nec
3146 3752 3295 3809 Spem
3319 3739 3436 3794 sine
3457 3741 3718 3795 charitate

2103 3824 2405 3901 ‘quidquam
2460 3843 2620 3898 posse
2648 3827 2885 3884 allii-met
2913 3829 3088 3903 (quod
3122 3842 3268 3885 recte
3298 3830 3401 3885 dici
3433 3831 3715 3901 potuisset,

2114 3933 2384 3993 quatenus
2416 3918 2523 3978 illa!
2548 3922 2593 3977 si
2637 3919 2905 3978 charitate
2936 3938 3041 3978 non
3087 3932 3372 3989 ornentur,
3395 3923 3462 3979 ad
3490 3924 3715 3980 salutem

2116 4014 2255 4070 nihil
2285 4013 2621 4082 conferunt),
2637 4014 2730 4070 sed
2745 4016 2909 4071 etiam
2933 4025 3076 4071 stare
3099 4026 3355 4085 utrasque
3378 4032 3712 4089 nequaquam

2116 4122 2279 4178 posse
2307 4108 2424 4163 sine
2448 4106 2535 4161 illa
2564 4106 2647 4163 bis
2679 4109 3012 4177 Pronuntiet,
3039 4105 3106 4161 de
3132 4106 3235 4163 lide
3262 4117 3316 4163 et
3345 4122 3444 4178 spe
3471 4109 3718 4180 inquiens

2117 4216 2270 4256 num.
2304 4200 2331 4257 1
2363 4219 2375 4256 :
2413 4200 2610 4269 Quibus
2639 4201 2683 4255 si
2704 4200 2921 4274 deneges
2948 4200 3269 4269 charitatem,
3301 4212 3526 4273 utra'que
3555 4218 3720 4257 cessa-

2118 4295 2283 4359 bunt;
2310 4302 2362 4351 et
2384 4309 2530 4349 num.
2563 4293 2598 4350 ὅ
2630 4311 2643 4348 :
2679 4292 2921 4365 Utra’que
2942 4312 3043 4348 nou
3081 4294 3307 4349 stabunt.
3346 4295 3592 4350 Editores
3620 4311 3716 4347 au-

2117 4397 2223 4442 tetn
2273 4376 2618 4443 Veronenses
2667 4386 2909 4441 liberiori
2939 4401 3098 4443 manu
3123 4402 3218 4456 pro
3248 4387 3514 4441 cessabunt
3545 4386 3717 4457 primo

2115 4478 2237 4535 loco
2262 4483 2666 4548 supposuerunt
2692 4476 2897 4531 inutiles
2924 4487 3094 4544 erant,
3128 4487 3183 4533 et
3216 4491 3310 4547 pro
3360 4493 3463 4532 non
3507 4476 3712 4533 stabunt

2114 4572 2356 4627 secundo
2383 4571 2502 4625 loco
2531 4570 2799 4642 scripsere
2826 4586 2930 4625 non
2969 4570 3274 4641 proderunt.
3306 4569 3412 4627 Sed
3458 4569 3573 4628 haec
3606 4581 3713 4628 tam

396 4682 559 4723 num.
585 4666 639 4730 1,
674 4662 810 4721 duos
840 4665 1062 4721 timores
1088 4664 1447 4737 distinguens,
1498 4668 1747 4738 alterum,
1778 4669 1869 4743 qui
1917 4686 2013 4726 na-
2037 4672 2089 4734 Ι)
2116 4663 2287 4720 libera
2312 4662 2597 4719 Editorum
2626 4664 2914 4729 correctio,
2949 4662 3034 4719 vel
3059 4663 3262 4720 additio
3290 4662 3563 4720 Zenonem
3607 4681 3712 4720 non

401 4759 566 4814 turali
609 4758 656 4813 vi
692 4757 999 4814 necessario
1038 4757 1305 4814 excitatur
1330 4757 1400 4815 ob
1428 4775 1511 4826 ea,
1547 4776 1665 4831 qum
1694 4762 2007 4833 impendent

399 4850 673 4924 pericula,
705 4858 953 4918 mortem,
996 4861 1128 4919 etc.,
1158 4850 1414 4919 alterum,
1445 4852 1533 4923 qui
1566 4853 1659 4909 Dei
1694 4854 1855 4910 timor
1899 4864 2005 4924 est,

398 4954 461 5001 et
493 4958 602 4999 non
645 4944 698 4998 in
743 4941 1084 5015 trepidatione
1132 4942 1386 5009 naturali,
1434 4942 1528 4999 sed
1558 4946 1612 4999 in
1641 4944 1895 5003 doctrinae
1916 4965 2005 5004 ra-

400 5038 550 5093 tione
598 5037 766 5093 libere
806 5051 835 5092 a
883 5034 1037 5091 nobis
1076 5034 1398 5108 concipitur,
1430 5034 1577 5093 illum
1618 5041 2005 5111 necessarium,

400 5132 556 5187 hunc
585 5144 717 5184 vero
747 5127 974 5184 liberum
1004 5128 1422 5198 signiﬁcaturus,
1458 5126 1549 5184 his
1576 5129 1756 5186 verbis
1803 5132 2004 5201 utitur;

400 5224 481 5280 de
510 5223 686 5291 primo
708 5220 924 5293 quidem
956 5237 1102 5275 num.
1130 5220 1196 5274 2:
1224 5217 1350 5275 Non
1392 5218 1691 5288 devotionis,
1723 5221 1811 5276 sed
1836 5239 2009 5279 neces-

398 5316 583 5372 sitatis
612 5324 681 5368 est
707 5312 843 5384 quod
873 5314 1111 5380 timetur;
1141 5312 1208 5367 de
1237 5307 1477 5368 secundo
1503 5322 1691 5368 autem
1730 5329 1877 5368 num.
1927 5316 2009 5370 nl-

402 5406 595 5465 timo:
627 5406 726 5473 Qui
749 5407 889 5462 timet
917 5416 1045 5475 arte,
1077 5422 1176 5461 non
1218 5421 1364 5472 casu,
1396 5404 1672 5489 uoluntate,
1706 5423 1807 5461 non
1837 5424 2009 5465 neces-

398 5506 599 5569 sitate;
645 5499 733 5556 ubi
773 5500 1057 5572 perspicue
1083 5498 1316 5555 voluntas
1346 5514 1445 5573 pro
1491 5516 1551 5554 ea
1590 5500 1839 5571 libertate,
1885 5519 2006 5573 quae

401 5595 708 5651 necessitati
765 5593 1036 5649 contraria
1099 5602 1206 5661 est,
1250 5591 1532 5665 accipitur.
1582 5590 1650 5651 Et
1692 5594 2004 5656 voluntatem

399 5702 544 5746 sane
572 5700 673 5758 pro
698 5684 926 5739 libertate
963 5685 1159 5739 Auctor
1193 5684 1316 5753 jure
1342 5682 1616 5754 accepisse
1641 5687 2004 5758 cognoscitur,

405 5789 685 5855 quatenus
707 5788 833 5851 quae
852 5776 1018 5833 libera
1047 5784 1192 5844 sunt,
1222 5792 1283 5832 ea
1313 5791 1377 5831 es
1412 5775 1691 5845 ipsiusmet
1718 5778 2008 5837 voluntatis

403 5884 568 5937 metu
596 5882 892 5933 nascuntur
917 5890 929 5930 :
958 5869 1099 5931 unde
1121 5868 1186 5929 ad
1215 5866 1266 5929 id
1294 5864 1703 5943 signiﬁcandum
1731 5871 1798 5932 de
1817 5872 2006 5937 eodem

2113 4754 2372 4824 vindicat,
2418 4755 2514 4812 sed
2545 4758 2726 4827 potius
2756 4765 2995 4824 accusat,
3046 4772 3107 4809 ac
3148 4758 3192 4811 si
3232 4756 3382 4812 illum
3412 4759 3530 4812 sine
3557 4756 3712 4812 addi-

2116 4851 2376 4915 tionibus,
2400 4850 2488 4906 vel
2523 4850 2865 4907 correctione
2894 4865 3106 4921 aequam
3153 4851 3206 4906 in
3252 4852 3575 4907 sententiam
3621 4866 3717 4907 ex-

2114 4945 2317 5016 plicare
2348 4959 2454 4999 non
2505 4944 2695 5011 liceat;
2744 4944 2905 5015 idque
2935 4944 3226 5009 haereticis.
3274 4944 3471 5016 quibus
3497 4946 3714 5003 errandi

2115 5037 2457 5092 occasionem
2486 5037 2767 5108 subripere
2800 5036 3048 5093 Editores
3079 5047 3354 5109 putarunt,
3389 5039 3708 5096 criminandi

2110 5143 2297 5183 ansam
2325 5128 2585 5183 adversus
2618 5144 2715 5184 nos
2747 5129 3036 5185 maximam
3086 5130 3257 5197 dedit,
3304 5145 3367 5185 ac
3411 5132 3457 5187 si
3500 5130 3711 5199 Patres,

2108 5237 2245 5294 quos
2285 5222 2585 5277 contrarios
2617 5222 2769 5278 nobis
2799 5223 3086 5290 sentimus,
3135 5224 3378 5281 studiose
3407 5228 3711 5299 corruperi-

2110 5328 2250 5383 mus,
2278 5328 2345 5369 ne
2375 5313 2629 5370 contrarii
2657 5314 2810 5370 nobis
2836 5314 3172 5371 viderentur.
3208 5315 3393 5385 itaque
3425 5317 3526 5373 alia
3572 5318 3711 5374 ratio

2108 5404 2365 5472 ineunda,
2396 5421 2501 5476 qua
2522 5405 2580 5462 S.
2615 5405 2761 5462 Zeno
2789 5423 2886 5478 per
2914 5421 2974 5464 se
3001 5408 3178 5480 ipsum
3217 5408 3351 5464 satis
3389 5410 3710 5483 explicetur.
3776 5423 3781 5429 ‘

2110 5497 2295 5555 Primo
2322 5506 2501 5555 autem
2550 5498 2665 5555 haec
2697 5498 2811 5572 ipsa
2858 5515 3127 5573 apparens
3158 5502 3550 5562 sententiarum
3594 5501 3710 5573 ejus

2116 5606 2316 5664 pugna,
2347 5592 2433 5666 qui
2459 5592 2619 5649 modo
2649 5594 2794 5662 ﬁdei,
2816 5595 2978 5651 modo
3008 5584 3260 5652 charitati
3280 5595 3441 5653 nimis
3473 5592 3710 5653 tribuere

2116 5684 2354 5755 videtur,
2413 5687 2543 5742 satis
2572 5697 2893 5761 argumento
2921 5703 3046 5746 esse
3074 5686 3258 5753 debet,
3309 5704 3412 5745 nec
3442 5688 3584 5759 lidei,
3610 5699 3714 5740 nec

2122 5767 2375 5849 charitati
2414 5781 2464 5838 id
2507 5781 2646 5851 dari,
2678 5782 2820 5855 quod
2853 5783 3032 5869 primo
3076 5781 3332 5859 adspectu
3357 5782 3593 5851 videtur,
3621 5776 3716 5855 sed

2122 5872 2272 5935 innui
2300 5876 2443 5937 aliud
2471 5876 2768 5954 quidpiam,
2794 5885 2851 5934 ut
2876 5892 2943 5935 ne
2965 5877 3321 5937 contradictio
3342 5873 3473 5935 inde
3517 5871 3719 5943 redeat.
