4242 6168
506 263 610 324 127

1884 273 2422 335 PROLEGOMENA.

3703 291 3809 349 1‘23

575 381 744 438 Porro
765 391 823 438 ut
843 381 911 438 de
935 382 1040 441 ﬁde
1071 384 1300 455 primum
1325 384 1592 457 dicamus,
1623 402 1746 444 cum
1778 403 1842 444 ex
1878 399 2034 445 tract.
2073 393 2106 444 ‘5
2135 409 2187 468 Α
2211 394 2340 460 sint,
2371 396 2573 452 Auctor
2596 399 2728 454 satis
2773 399 2920 456 novit
2949 410 3002 458 ct
3034 399 3216 458 docuit
3251 418 3318 460 ex
3348 404 3536 473 Paulo,
3569 422 3717 463 num.
3752 408 3809 475 6,

500 470 598 528 lib.
630 489 670 541 ι,
694 489 750 531 ιι.
770 473 826 537 4,
855 483 1062 530 certum
1094 484 1197 541 est,
1230 475 1294 530 iis
1324 476 1497 532 solum
1522 478 1941 535 immortalitatis
1972 495 2109 551 prce-

500 565 668 620 mium
697 580 726 618 a
753 565 971 621 Zenone
1002 567 1246 634 attribui,
1277 569 1366 639 qui
1395 585 1577 624 veram
1603 571 1866 642 justitiam
1901 572 2104 639 colunt,

500 658 825 729 obtritisque
851 660 1036 714 smculi
1087 662 1474 733 voluptatibus,
1499 663 1595 718 Dei
1637 676 1890 738 pra'cepla
1939 678 2110 722 custo-

503 750 649 805 diunt
683 766 700 805 :
733 763 842 806 tum
894 769 959 807 ex
1008 762 1162 808 tract.
1233 756 1253 808 1
1315 755 1556 825 ejusdem
1607 757 1728 813 libri
1778 759 1951 829 palam
2003 770 2105 826 est,

506 841 784 899 Zenonem
811 859 915 899 non
943 845 1102 900 aliam
1134 845 1291 902 ﬁdem
1319 849 1478 903 saluti
1504 859 1719 905 a-tcruae
1747 851 1932 906 utilem
1961 867 2107 907 com-

503 938 782 1006 mendare,
829 952 998 1010 quam
1038 958 1157 1011 qua:
1188 957 1286 1012 per
1312 944 1634 999 charitatcm
1667 954 1955 1015 Operatur;
1986 962 2108 1016 per-

500 1031 689 1098 Spicue
728 1032 872 1087 enim
906 1050 1056 1091 num.
1089 1035 1142 1095 2.
1175 1034 1243 1091 de
1276 1036 1380 1090 ﬁde
1411 1035 1658 1106 loquens,
1704 1054 1817 1101 eos,
1852 1040 1939 1110 qui
1987 1041 2107 1097 sine

507 1123 764 1191 Operibus
797 1125 1168 1192 inveniuntur,
1199 1142 1228 1179 a
1262 1127 1364 1180 ﬁde
1393 1127 1676 1183 damnatos
1700 1138 1959 1185 teSIatur:
2008 1131 2107 1199 Qui

506 1217 574 1269 ad
619 1234 692 1282 se,
726 1216 921 1288 inquit,
957 1219 1007 1274 id
1031 1230 1112 1275 est
1143 1221 1209 1274 ad
1255 1220 1438 1284 ﬁdem,
1483 1225 1710 1287 veniunt,
1740 1227 2108 1297 professionem

507 1309 832 1365 credulitatis
863 1311 925 1365 ab
956 1315 1026 1366 eis
1057 1314 1219 1367 solam
1243 1314 1380 1379 ideo,
1406 1317 1528 1385 quia
1559 1334 1732 1371 eorum
1755 1319 1910 1387 ﬁdem
1937 1319 2109 1373 videre

502 1419 604 1456 non
635 1415 818 1473 potest,
848 1407 1005 1476 exigit
1030 1423 1047 1458 :
1075 1423 1229 1474 quam
1257 1409 1302 1462 si
1330 1409 1504 1463 abesse
1545 1427 1610 1464 ex
1657 1411 1883 1466 moribus
1927 1412 2108 1484 depre-

502 1493 758 1563 henderit,
794 1497 964 1570 [cvm]
997 1503 1292 1572 confestim,
1338 1511 1392 1555 ut
1434 1503 1708 1573 perﬁdum,
1757 1507 1907 1572 punit
1948 1507 2104 1573 irata,

501 1605 649 1659 quem
696 1591 906 1659 docuit;
951 1603 1005 1648 et
1030 1596 1191 1664 paulo
1221 1607 1339 1666 post
1369 1597 1561 1653 eodem
1591 1616 1739 1654 num.
1771 1599 1930 1657 ﬁdem
1958 1601 2102 1657 illam

501 1685 866 1750 Commendat,
895 1703 1015 1758 quae
1039 1703 1147 1744 non
1176 1706 1338 1760 opera
1364 1703 1586 1748 externa
1608 1695 1802 1762 solum,
1826 1696 1919 1752 sed
1943 1699 2104 1753 etiam

504 1778 852 1833 conscientiae
883 1781 1110 1837 interna:
1141 1785 1459 1841 munditiem
1493 1799 1714 1857 prmstat
1741 1806 1753 1843 ε
1799 1788 1960 1844 Fides
1982 1807 2102 1845 con-

2209 1799 2309 1835 non
2339 1795 2490 1847 stent,
2517 1794 2730 1852 cessent,
2761 1788 3050 1841 moriantur

502 1871 768 1924 scientiam
814 1873 1113 1929 medullitus
1148 1877 1385 1942 mundat,
1435 1897 1498 1934 ne
1542 1880 1668 1950 quid
1715 1885 1883 1936 reatui
1915 1883 1994 1938 vel
2022 1885 2106 1938 in-

503 1962 757 2016 trinsecus
796 1964 997 2020 debeat.
1055 1967 1332 2024 Videndus
1374 1971 1616 2041 ejusdem
1662 1983 1919 2030 tractatus
1960 1975 2104 2043 linis,

502 2055 590 2109 ubi
635 2071 715 2123 se,
761 2059 975 2128 quoties
1003 2057 1163 2114 ﬁdem
1192 2065 1556 2128 commendat,
1585 2080 1703 2120 eam
1727 2067 2106 2122 commendare

499 2162 717 2220 semper
752 2151 1012 2219 insinuat,
1041 2169 1144 2223 qua
1166 2157 1289 2226 quis
1321 2154 1430 2211 Deo
1451 2157 1674 2228 ﬁdeliter
1712 2162 1885 2226 seruit,
1915 2162 1966 2215 in
1993 2162 2104 2230 ipso

498 2242 612 2295 solo
634 2242 878 2311 fiduciam
909 2247 1075 2316 gerit;
1106 2263 1230 2302 nam
1261 2265 1293 2302 a
1317 2250 1567 2318 ﬁdelitate
1593 2263 1639 2306 et
1665 2253 1878 2323 fiducia,
1910 2255 2101 2326 inquit,

497 2333 705 2403 ﬁdelem
748 2353 801 2391 se
857 2342 1029 2393 vocari
1074 2353 1380 2412 cognoscat.,
1416 2343 1600 2416 Itaque
1643 2347 1687 2400 si
1734 2345 1948 2402 lidclem
1979 2361 2101 2402 eum

496 2447 626 2487 vere
665 2449 728 2489 ac
775 2435 1010 2506 perfecte
1057 2437 1238 2507 habet,
1289 2441 1379 2512 qui
1424 2441 1642 2512 ﬁducia,
1694 2443 1746 2499 id
1773 2453 1856 2501 est
1902 2460 2020 2514 spe,
2050 2457 2103 2501 et

494 2526 765 2596 ﬁdelitate,
817 2531 972 2601 idest
1015 2531 1160 2587 ﬁdeli
1215 2535 1588 2592 mandatorum
1634 2539 1997 2607 observantia,
2045 2555 2104 2596 se

497 2618 713 2676 ﬁdelem
758 2635 1012 2694 prd-stat;
1046 2642 1167 2682 eam
1198 2629 1360 2682 solam
1391 2631 1546 2700 ﬁdem
1577 2633 1762 2702 utique
1811 2633 1992 2689 laudat
2039 2649 2103 2689 ac

496 2714 734 2783 przelert,
785 2733 906 2788 quze
951 2735 979 2773 a
1015 2719 1207 2776 ﬁducia
1239 2737 1332 2777 seu
1383 2739 1500 2795 spe,
1533 2736 1587 2781 et
1615 2742 1642 2779 a
1697 2727 1956 2783 ﬁdelitate
2005 2744 2100 2784 seu

497 2808 754 2876 Operibus
785 2811 1056 2880 disjuucta
1094 2829 1198 2868 non
1226 2825 1308 2869 est
1339 2834 1351 2868 :
1387 2826 1442 2872 et
1497 2817 1621 2872 hinc
1652 2835 1783 2873 sane
1831 2829 1989 2874 tract.
2039 2821 2104 2874 15

498 2901 595 2954 lib.
631 2917 667 2965 ι,
717 2918 864 2956 num.
917 2904 1003 2972 11,
1046 2905 1210 2958 solam
1255 2907 1629 2963 observantiam
1679 2913 1956 2966 voluntatis
2005 2911 2103 2965 Dei

499 3011 610 3049 esse
648 2994 870 3065 ﬁdeliter
892 2997 1170 3052 viventibus
1203 3003 1538 3055 necessariam
1576 3003 1933 3060 disertissime
1958 3003 2103 3058 al’lir-

499 3098 630 3144 mat.
662 3087 930 3144 Craterum
957 3100 1110 3146 tract.
1141 3092 1174 3145 Ξ
1205 3092 1296 3147 lib.
1327 3110 1364 3160 ι,
1397 3110 1544 3148 ηιιιιι.
1573 3095 1608 3150 ’1
1629 3137 1641 3159 ,
1675 3095 1952 3151 charitatis
1989 3097 2103 3151 elo-

2213 502 2316 558 qua
2347 487 2535 545 eadem
2563 491 2773 548 ratione
2818 492 2885 548 de
2931 494 3046 563 spei
3097 493 3345 551 laudibus
3367 496 3666 565 disserens,
3701 515 3808 556 non

2213 582 2425 652 negavit
2466 599 2562 652 spe
2606 583 2890 641 deﬁciente
2937 585 3096 642 ﬁdem
3125 604 3232 642 non
3279 605 3440 660 posse
3487 592 3805 662 subsistere,

2210 673 2305 728 sed
2339 675 2517 730 utilem
2549 676 2680 731 nihil
2711 693 2853 744 esse,
2883 687 2939 732 et
2959 678 3046 734 vix
3079 679 3306 748 reperiri
3337 697 3496 750 posse
3526 682 3578 738 in
3607 699 3694 751 eo,
3719 685 3810 755 qui

2214 769 2521 824 mercodem
2549 772 2735 825 :etcrui
2769 773 2976 842 przemii
3001 774 3198 828 nullam
3230 773 3345 831 fore
3373 776 3594 833 conﬁdit
3628 797 3641 833 :
3687 795 3812 836 nam

2210 858 2335 928 quid
2381 858 2729 929 Christianus,
2778 863 2950 934 inquit
2999 879 3148 919 num.
3181 867 3234 930 1,
3275 868 3389 937 spei
3433 870 3812 926 necessitatem

2209 952 2680 1023 cmnprohaturus.
2714 957 2875 1010 credit
2903 957 2956 1010 in
2978 955 3261 1025 Christum,
3292 963 3336 1015 si
3380 964 3687 1033 promissum
3712 965 3812 1020 sibi

2210 1044 2272 1097 ab
2301 1061 2358 1097 eo
2384 1055 2641 1116 perpetua:
2678 1047 2939 1116 felicitatis
2987 1059 3182 1122 tempus
3221 1067 3324 1105 non
3367 1054 3524 1108 credit
3556 1072 3662 1110 esse
3689 1073 3812 1112 vett-

2211 1137 2425 1190 turum?
2454 1135 2597 1208 Lege
2636 1155 2756 1210 qua:
2805 1140 3000 1195 ibidem
3033 1153 3356 1212 sequuntur,
3398 1145 3484 1200 ubi
3533 1147 3808 1206 Zenonem

2209 1227 2277 1282 de
2310 1227 2410 1282 hac
2438 1245 2534 1298 spe
2564 1231 2754 1285 :eterni
2785 1232 3016 1302 praemii,
3046 1235 3188 1303 quod
3222 1251 3319 1305 per
3342 1237 3498 1294 ﬁdem
3529 1242 3811 1310 cognosci-

2213 1328 2318 1385 tur,
2351 1319 2658 1390 loquentem
2691 1322 2930 1390 pluribus
2961 1324 3224 1379 iuvenies.
3276 1327 3406 1396 Qum
3439 1331 3812 1400 interpretatio

2209 1412 2535 1472 Zenonianae
2567 1417 2763 1471 mentis
2793 1418 2838 1470 si
2883 1429 3028 1472 recte
3053 1425 3320 1487 teneatur,
3351 1423 3451 1476 alia
3483 1423 3647 1478 multa
3681 1426 3814 1480 sub-

2208 1507 2334 1562 inde
2381 1507 2691 1563 obscuriora
2743 1509 2901 1566 facile
2950 1511 3330 1583 intelligemus.
3401 1515 3601 1571 Deinde
3647 1517 3812 1575 aliam

2209 1599 2496 1662 rationem.
2528 1616 2650 1671 quae
2679 1601 2730 1655 in
2753 1601 2987 1656 Zenonis
3013 1608 3338 1660 sententiam
3366 1608 3673 1677 aequissima
3702 1620 3808 1679 est,

2205 1689 2404 1746 afferre
2431 1706 2736 1760 possumus,
2756 1710 2852 1748 cur
2873 1696 2989 1750 sine
3012 1695 3271 1751 cbaritatc
3294 1714 3420 1768 spes
3446 1713 3496 1754 et
3524 1699 3660 1756 ﬁdes
3691 1717 3813 1758 vere

3101 1805 3118 1842 :
3166 1790 3414 1845 erunibus
3459 1793 3604 1848 enim
3664 1795 3812 1851 hisce

2214 1876 2395 1931 verbis
2428 1877 2515 1932 ille
2544 1878 2730 1932 utitur.
2758 1878 2892 1933 Cum
2922 1881 3277 1936 scilicetnihil
3304 1884 3616 1941 sineamore
3641 1887 3691 1941 in
3713 1886 3809 1942 ho-

2213 1971 2376 2025 minis
2403 1971 2584 2026 animo
2613 1973 2911 2031 subsistere
2932 1985 3125 2046 queat;
3153 1977 3394 2046 profecto
3415 1979 3547 2035 ﬁdes
3574 1989 3631 2036 et
3661 1997 3806 2052 spes,

2210 2063 2254 2116 si
2286 2077 2394 2118 non
2425 2080 2696 2131 amentur,
2723 2083 2824 2120 non
2851 2075 3089 2136 poterunt
3115 2078 3284 2134 stare;
3311 2085 3375 2126 ac
3421 2071 3646 2141 proinde
3689 2074 3808 2130 sine

2210 2154 2356 2206 omni
2406 2169 2588 2210 amore
2632 2157 2897 2212 cessabunt
2925 2168 3087 2230 atque
3139 2162 3456 2216 morientur:
3490 2164 3649 2219 sicuti
3679 2180 3808 2222 sane

2210 2247 2408 2312 sistent,
2443 2249 2624 2319 utique
2668 2262 2938 2320 amantur,
2967 2263 3022 2307 et
3065 2255 3240 2322 aliqua
3290 2270 3503 2327 semper
3547 2257 3599 2313 in
3644 2260 3808 2316 corde

2209 2337 2444 2395 charitas
2475 2355 2569 2396 seu
2616 2357 2770 2398 amor
2816 2353 2919 2400 est.
2945 2346 3116 2415 Quam
3148 2348 3200 2402 in
3235 2352 3558 2405 sententiam
3588 2351 3646 2408 S.
3683 2355 3811 2408 Amo

2210 2429 2450 2499 brosius,
2479 2447 2645 2489 serm.
2677 2437 2710 2490 9
2740 2437 2791 2492 in
2823 2437 3017 2507 psalm.
3041 2454 3226 2507 cxvnt,
3260 2457 3407 2496 num.
3439 2443 3474 2497 5
3505 2460 3518 2496 :
3553 2443 3681 2512 Quis
3709 2456 3804 2512 est,

2211 2523 2407 2593 inquit,
2435 2528 2524 2594 qui
2549 2539 2742 2600 sperat,
2768 2530 2870 2584 nisi
2891 2532 2996 2602 qui,
3031 2534 3170 2604 quod
3198 2545 3394 2604 sperat,
3425 2545 3568 2606 aptat
3597 2549 3644 2591 et
3684 2540 3807 2592 dili-

2207 2615 2308 2687 git?
2337 2616 2445 2671 Hac
2469 2634 2628 2687 porro
2651 2631 2851 2685 mente,
2877 2623 2976 2677 hac
3001 2626 3221 2680 notione
3249 2625 3524 2684 Zenonem
3548 2629 3807 2698 locutum,

2209 2708 2279 2760 ita
2322 2718 2380 2762 ut
2409 2709 2686 2768 charitatis
2730 2717 2946 2772 nomine
2979 2733 3082 2772 non
3121 2718 3268 2774 illam
3302 2720 3488 2776 stricte
3519 2727 3806 2794 acceperit,

2208 2816 2311 2869 qua
2345 2802 2584 2873 diligitur
2632 2807 2769 2862 Deus
2817 2809 2900 2863 vel
2955 2813 3250 2880 proximus,
3293 2812 3387 2868 sed
3440 2813 3598 2868 aliam
3653 2815 3812 2886 longe

2209 2891 2370 2948 latius
2396 2906 2691 2966 patentem,
2723 2915 2826 2968 qua
2878 2917 2977 2956 nos
3009 2904 3294 2973 quidlibet,
3343 2916 3397 2960 et
3445 2907 3613 2976 ipsam
3646 2909 3812 2962 etiam

2211 2983 2371 3040 ﬁdem
2406 3003 2469 3042 ac
2499 3003 2647 3057 Spem
2701 2993 3050 3063 suscipimus,
3097 3007 3150 3052 et
3183 3013 3428 3052 amamus
3453 2998 3810 3070 aliquatenus,

2207 3076 2334 3132 dum
2385 3082 2742 3152 suscipimus;
2788 3086 2896 3140 imo
2949 3087 3193 3144 latiorem
3226 3100 3483 3158 praeterea
3517 3091 3686 3146 multo
3709 3135 3723 3158 ,
3754 3103 3814 3148 ut

499 3180 643 3250 gium
693 3180 960 3246 scribens,
1011 3183 1148 3238 hanc
1190 3184 1264 3238 ita
1318 3185 1468 3239 rebus
1509 3187 1758 3242 universis
1805 3187 2100 3259 prarditam,

2212 3187 2392 3228 rerum
2418 3175 2604 3243 etiam,
2635 3193 2754 3248 qum
2787 3179 2987 3234 nullius
3018 3181 3128 3236 veri
3158 3182 3359 3236 amoris
3403 3197 3634 3252 capaces
3661 3195 3807 3252 sunt,

500 3288 594 3329 seu
623 3275 894 3343 praslatatn
917 3275 1172 3340 al‘ﬁrmat,
1191 3279 1322 3332 utsit
1344 3280 1594 3345 omnium,
1617 3288 1738 3351 jure
1765 3282 1902 3351 ipso,
1928 3283 2106 3353 regina

502 3367 817 3440 (divinarum
849 3370 1078 3422 omnium
1109 3374 1354 3426 virtutum
1398 3374 1735 3429 substantiam
1763 3386 1918 3431 vocat
1947 3377 2105 3446 paulo

504 3468 625 3528 post
657 3474 802 3512 num.
837 3458 918 3528 5),
973 3463 1115 3530 quod
1143 3462 1212 3518 de
1253 3464 1357 3517 ﬁde
1386 3465 1491 3519 dici
1541 3480 1646 3520 non
1695 3467 1868 3538 potuit
1916 3467 1968 3522 in
2001 3475 2107 3522 tra-

505 3559 652 3606 ctatu
704 3550 771 3606 de
803 3552 1099 3620 Abraham,
1147 3555 1248 3609 nisi
1301 3556 1460 3612 ﬁdem
1495 3556 1565 3612 ibi
1615 3574 1732 3613 eam
1783 3561 2102 3631 accepisset,

507 3663 627 3716 qua:
657 3647 922 3703 eharitate
951 3649 1309 3720 circumsepta
1325 3662 1406 3706 est
1434 3660 1594 3721 atque
1613 3655 1824 3708 vestita.
1848 3653 2108 3710 Similiter
2147 3662 2153 3668 '

507 3740 668 3808 igitur
709 3740 778 3796 de
827 3743 927 3796 hac
959 3742 1160 3810 pariter
1190 3742 1293 3797 ﬁde
1342 3743 1582 3813 loquitur
1609 3754 1764 3800 tract.
1817 3745 1883 3800 16
1938 3745 2029 3800 lib.
2067 3763 2103 3812 l,

512 3849 660 3889 num.
695 3833 782 3896 12,
816 3849 936 3889 cuin
970 3851 1122 3888 mera:
1146 3835 1270 3906 ﬁdei
1297 3836 1582 3892 victoriam
1617 3839 1820 3902 tribuit,
1852 3839 1935 3894 vel
1968 3856 2104 3910 prer-

508 3929 688 3992 mium,
722 3928 796 3982 uti
829 3937 984 3983 tract.
1020 3928 1076 3994 2,
1103 3946 1251 3984 nutu.
1281 3929 1337 3993 2,
1379 3931 1518 3985 unde
1551 3941 1706 3986 tract.
1747 3933 1833 4000 12,
1865 3949 2013 3986 num.
2049 3933 2104 3998 4,

511 4035 571 4074 ca
627 4021 742 4092 ipsa
790 4021 842 4075 in
876 4023 1117 4092 periodo,
1149 4024 1237 4077 ubi
1271 4026 1423 4077 vitam
1451 4042 1542 4094 per
1569 4025 1722 4094 ﬁdem
1757 4037 2107 4095 comparatam

512 4122 757 4180 testatur,
789 4113 856 4168 de
890 4115 994 4170 lide
1025 4131 1145 4170 cum
1179 4116 1433 4185 operibus
1459 4118 1750 4186 conjuncta
1803 4117 1854 4173 id
1883 4118 2108 4188 cupiens

509 4205 761 4276 intelligi,
794 4204 933 4260 hanc
955 4207 1072 4276 ejus
1104 4206 1229 4262 dicti
1265 4208 1526 4262 rationem
1556 4208 1804 4278 subjicit:
1847 4210 1965 4278 quia
1995 4211 2107 4263 ani-

509 4312 642 4362 mus,
671 4297 761 4366 qui
788 4297 961 4351 vicerit
985 4299 1254 4364 mundum,
1281 4300 1603 4370 agnoscendo
1632 4317 1692 4354 ac
1712 4301 1963 4355 servando
1985 4302 2103 4356 reli-

507 4389 710 4460 gionem
752 4405 921 4444 veram
960 4406 1230 4462 veramque
1261 4392 1544 4465 justitiam.
1587 4393 1983 4446 immortalitatis
2022 4410 2102 4447 ne-

507 4497 646 4535 cesse
675 4491 747 4535 est
775 4499 867 4551 pro
900 4483 1091 4538 iaboris
1121 4486 1202 4539 sui
1229 4502 1435 4540 munere
1458 4485 1734 4540 immortali
1782 4487 2100 4541 beatitudine

507 4574 829 4644 perfruatur.

577 4664 730 4733 Quod
750 4681 877 4721 vero
907 4673 1066 4723 tract.
1089 4668 1296 4734 21ih.t,
1321 4670 1638 4726 charitatem
1659 4670 1884 4725 nimium
1909 4669 2103 4727 efferre

505 4757 740 4825 videtur,
767 4771 1030 4830 quatenus
1060 4765 1177 4817 sine
1209 4762 1296 4816 illa
1328 4771 1554 4818 caeteras
1586 4764 1834 4827 virtutes,
1865 4779 1929 4818 ac
1961 4779 2099 4834 pra:-

507 4851 663 4920 cipue
693 4855 849 4910 tidem
883 4867 935 4910 et
967 4871 1120 4926 spem
1167 4872 1385 4918 cessare,
1439 4857 1519 4911 vel
1570 4873 1671 4910 non
1716 4867 1852 4911 stare
1901 4860 2104 4912 Auctor

509 4947 842 5018 pronuntiat,
895 4947 1093 5014 duplici
1152 4948 1506 5018 responsione
1552 4948 1874 5020 explicatur.
1924 4949 2103 5004 Primo

507 5049 752 5110 utrmque,
804 5039 856 5095 id
882 5052 963 5096 est
993 5039 1126 5096 ﬁdes
1152 5053 1204 5095 et
1235 5055 1381 5110 Spes,
1413 5043 1697 5109 cessabunt,
1733 5059 1760 5095 a
1788 5043 2004 5098 Zenone
2025 5044 2106 5097 di-

507 5142 651 5186 ctum
701 5141 867 5203 patet,
913 5150 1018 5188 non
1067 5135 1207 5205 quod
1242 5136 1417 5205 perire
1468 5149 1684 5204 semper
1717 5135 1834 5190 illas
1883 5137 2100 5205 putarit,

508 5225 553 5279 si
581 5225 816 5281 charitas
859 5229 1037 5294 aheat,
1057 5227 1151 5283 sed
1184 5228 1346 5298 quod,
1372 5228 1639 5284 charitate
1659 5229 1968 5295 deﬁciente,
1997 5244 2101 5283 non

509 5332 799 5388 numquam
829 5319 934 5373 illa.-
980 5318 1258 5385 deﬁciunt,
1289 5321 1363 5373 uti
1414 5323 1604 5390 prohat
1631 5320 1730 5374 hoc
1760 5319 1950 5374 eodem
1997 5329 2105 5374 tra-

507 5421 675 5479 ctatu,
706 5430 854 5469 num.
887 5415 1234 5485 6,proposito
1273 5415 1426 5470 Iuda:
1455 5416 1724 5487 exemplo,
1757 5417 1846 5486 qui
1874 5426 1920 5470 et
1941 5433 2099 5487 spem,

507 5515 553 5562 et
580 5505 736 5578 ﬁdem
763 5507 1011 5578 perdidit,
1040 5493 1157 5578 quia
1171 5509 1396 5562 charitas
1419 5510 1469 5562 in
1487 5510 1594 5581 ipso
1617 5525 1715 5562 non
1738 5495 1946 5563 mansit.
1967 5509 2102 5565 Vide

503 5615 624 5670 qua:
670 5599 723 5653 in
772 5599 1019 5655 eamdem
1063 5617 1173 5655 rem
1207 5601 1400 5657 ibidem
1427 5602 1806 5672 Subjiciuntur,
1852 5619 1996 5657 num.
2043 5602 2098 5658 4.

504 5690 772 5747 Czeterum
797 5705 958 5764 posse
981 5690 1160 5759 ﬁdem,
1197 5708 1356 5764 posse
1385 5695 1520 5751 alias
1537 5696 1764 5750 virtutes
1790 5697 1907 5750 sine
1928 5695 2105 5751 chari-

497 5789 610 5836 tate
639 5784 964 5847 consistere,
1018 5785 1085 5839 ita
1119 5789 1297 5842 tamen
1345 5794 1400 5839 ut
1446 5788 1511 5844 ad
1545 5786 1774 5841 salutem
1804 5784 1934 5841 nihil
1981 5783 2104 5856 pro;

2212 3267 2639 3338 metaphoricum
2673 3272 2958 3342 quemdam
2991 3290 3228 3330 amorem
3276 3279 3686 3347 complectatur,
3721 3294 3815 3348 pa-

2213 3360 2316 3414 lam
2345 3363 2682 3419 ostendimus
2709 3380 2776 3420 ex
2818 3365 3012 3421 eodem
3046 3376 3271 3422 tractatu
3302 3369 3620 3439 incipientes
3647 3385 3677 3424 a
3709 3382 3814 3426 tes-

2213 3452 2459 3517 timonio,
2489 3456 2630 3525 quod
2660 3458 3031 3513 dilticultatem
3077 3474 3183 3514 non
3213 3460 3385 3515 levem
3418 3461 3535 3516 sine
3564 3462 3662 3516 hac
3687 3461 3815 3517 cha-

2217 3547 2394 3602 ritatis
2426 3551 2690 3619 pra-cipua
2727 3550 2944 3606 notione
2976 3551 3239 3622 injiceret.
3283 3551 3478 3608 Scribit
3501 3569 3630 3624 ergo
3661 3571 3812 3609 num.

2208 3641 2244 3695 4
2271 3658 2283 3693 :
2316 3639 2473 3697 Fides
2500 3660 2778 3714 paucorum
2797 3655 2893 3711 est,
2919 3645 3146 3699 charitas
3167 3648 3412 3702 omnium.
3450 3646 3605 3702 Hunc
3637 3649 3812 3703 locum

2213 3748 2334 3787 cuin
2385 3734 2451 3789 de
2498 3735 2760 3792 cbaritatc
2822 3736 3124 3792 Christiana
3152 3739 3542 3809 _accipiendum
3573 3749 3816 3811 putasset

2212 3825 2461 3896 Sparav.,
2517 3827 2894 3899 corrigendum
2943 3829 3114 3897 duxit,
3160 3841 3217 3885 ut
3263 3832 3536 3887 contrario
3585 3848 3812 3903 prorsus

2211 3938 2371 3977 sensu
2395 3925 2661 3993 legeretur
2681 3943 2691 3977 :
2728 3923 2886 3978 Fides
2906 3927 3130 3979 omnium
3156 3935 3250 3992 est,
3267 3926 3490 3981 charitas
3506 3944 3814 3997 paucorum;

2212 4031 2335 4071 nam
2377 4017 2678 4071 Christiana
2719 4018 2955 4073 charitas
3008 4019 3060 4073 in
3110 4022 3450 4090 paucioribus
3497 4031 3600 4085 est,
3651 4037 3812 4092 quam
3872 4024 3882 4032 ’

2213 4106 2367 4164 ﬁdes.
2399 4110 2505 4166 Sed
2537 4120 2896 4182 praeterquam
2923 4113 3065 4183 quod
3098 4113 3229 4186 [δικ]
3267 4113 3402 4170 ﬁdes
3449 4115 3675 4170 omnium
3705 4115 3814 4171 dici

2213 4219 2318 4258 non
2355 4206 2543 4273 potuit,
2577 4220 2698 4259 cum
2743 4222 2848 4259 non
2895 4222 3086 4262 omnes
3127 4206 3485 4262 Christianam
3534 4206 3695 4261 ﬁdem
3731 4219 3813 4262 te-

2213 4305 2412 4361 neant;
2457 4296 2601 4351 Zeno
2631 4307 2810 4353 autem
2841 4297 2911 4353 de
2939 4299 3206 4355 universis
3263 4299 3572 4355 hominibus
3621 4300 3810 4370 loqua-

2215 4396 2319 4453 tur,
2349 4397 2407 4442 ul
2436 4405 2503 4444 ne
2533 4389 2601 4444 de
2632 4391 2761 4445 solis
2789 4391 3110 4446 Christianis
3137 4406 3196 4448 sc
3231 4391 3374 4463 loqui
3407 4393 3484 4448 vel
3514 4410 3620 4448 uno
3644 4395 3811 4449 verbo

2215 4480 2549 4548 subindicet;
2600 4482 2723 4538 huic
2772 4483 3138 4539 emendationi
3191 4486 3323 4540 nulli
3376 4475 3614 4554 codices,
3649 4487 3814 4544 nulla:

2131 4576 2181 4634 D
2207 4575 2470 4632 editiones
2497 4576 2880 4647 suﬁ‘ragantur.
2916 4577 3098 4648 Itaque
3130 4578 3232 4632 alia
3274 4579 3496 4634 notione
3537 4580 3813 4636 Zenonem

2211 4670 2495 4724 verissime
2526 4669 2764 4724 locutum
2799 4679 3067 4738 putamus,
3103 4671 3246 4741 quod
3277 4672 3566 4728 vereﬁdes
3592 4673 3643 4727 in
3679 4688 3814 4742 pau-

2209 4763 2287 4817 cis
2319 4765 2410 4826 sit,
2441 4763 2564 4831 quia
2595 4761 2884 4816 Christiani
2919 4766 3070 4833 panci
3109 4773 3236 4818 sunt
3283 4780 3391 4834 prre
3437 4767 3648 4820 caeteris
3694 4766 3817 4821 inﬁ-

2207 4855 2448 4919 delibus,
2501 4855 2592 4924 qui
2646 4855 2767 4909 licet
2830 4854 2936 4910 ﬁde
2983 4864 3228 4923 careant,
3258 4857 3577 4914 charitatem
3628 4871 3812 4916 tamen

2210 4949 2444 5018 aliquam
2473 4949 2694 5015 habent,
2730 4963 2852 5003 cum
2887 4966 3047 5005 nemo
3083 4952 3201 5006 sine
3247 4952 3430 5022 aliquo
3473 4969 3660 5008 amore
3689 4968 3816 5010 esse

2211 5046 2418 5115 possit;
2453 5043 2593 5100 unde
2623 5054 2676 5099 et
2719 5044 2919 5101 Gentes
2959 5061 3018 5101 se
3067 5061 3124 5102 se
3176 5046 3408 5102 invicem
3454 5048 3700 5118 diligere,
3749 5064 3814 5103 ac

2212 5135 2533 5191 benefacere
2562 5136 2807 5206 pluribus
2839 5137 3106 5208 leguntur.
3141 5137 3257 5192 Non
3301 5139 3480 5209 itaque
3525 5139 3665 5209 apud
3704 5138 3812 5195 Ze-

2211 5245 2406 5284 nonem
2438 5229 2505 5284 de
2533 5244 2656 5283 vera
2687 5239 2741 5283 et
2765 5227 3068 5284 Christiana
3097 5230 3357 5285 charitate
3374 5246 3553 5285 sermo
3581 5242 3684 5294 est,
3714 5231 3812 5286 scd

2211 5321 2279 5378 de
2305 5323 2568 5378 charitate
2597 5338 2693 5393 pro
2712 5336 2896 5377 amore
2909 5321 3089 5392 aliquo
3110 5322 3372 5378 latissime
3390 5331 3624 5394 sumpta.
3650 5323 3813 5394 Equi-

2213 5415 2336 5470 dem
2370 5415 2420 5469 id
2469 5415 2706 5469 notionis
2754 5415 2806 5468 in
2853 5415 3103 5469 Auctoris
3148 5427 3329 5470 mente
3367 5415 3653 5481 insedisse,
3683 5417 3810 5470 dum

2213 5509 2331 5565 hate
2362 5509 2643 5575 scriberet,
2675 5508 2802 5564 illud
2843 5509 3004 5580 plane
3030 5511 3326 5578 convincit,
3359 5511 3502 5582 quod
3526 5510 3814 5566 charitatis

2210 5603 2397 5658 laudes
2437 5601 2605 5655 fusius
2646 5602 3012 5670 expositurus,
3057 5617 3216 5672 quam
3251 5603 3356 5658 late
3397 5618 3459 5658 ea
3495 5613 3670 5673 pateat
3713 5617 3809 5656 os-

2214 5698 2406 5762 tendit,
2436 5705 2492 5751 et
2526 5696 2792 5749 charitatis
2816 5695 3033 5752 nomine
3051 5696 3247 5767 ultique
3275 5706 3456 5763 utens,
3488 5698 3660 5767 primo
3690 5698 3812 5766 qni-

2211 5790 2334 5846 dem
2365 5790 2482 5844 illas
2523 5787 2640 5857 ejus
2676 5785 2830 5843 dotes
2859 5784 3223 5856 commendat,
3255 5806 3377 5854 qure
3418 5789 3471 5846 lu
3499 5788 3806 5847 Christiana
