4242 6168
366 261 472 319 121)

1328 260 1898 333 DlSSERTATlO'lI,
1943 264 2033 322 DE
2072 265 2128 325 s.
2172 264 2323 324 ZEN.
2367 258 2740 327 nummus:

3614 274 3720 334 150

365 382 630 438 charitate
662 378 904 443 cniteut.
937 388 994 435 st
1042 366 1170 436 dein
1218 395 1313 438 eas
1343 397 1564 453 quoque
1593 382 1837 453 subjicit,
1883 398 2005 453 quae
2035 389 2083 448 Α
2113 394 2350 452 moveat,
2383 400 2507 440 cum
2547 386 2600 441 id
2645 400 2749 440 non
2795 381 3100 451 nuptiarum
3148 377 3470 439 earumdem
3509 389 3726 463 culpam

364 474 608 533 omnium
650 475 932 546 gentium,
994 473 1105 529 imo
1159 476 1324 530 etiam
1371 486 1427 532 et
1469 477 1772 533 belluarum
1811 491 1877 530 ac
1925 476 2003 531 iu-

365 567 704 628 sensibilium
721 569 936 639 pariter
960 584 1141 625 rerum
1165 569 1423 626 cltaritati
1441 571 1654 627 cuidam
1674 580 2001 641 congruunt;

370 664 513 721 unde
529 678 683 719 num.
702 663 761 731 5,
790 673 1225 719 commemorata
1245 664 1479 736 quadam
1498 665 1781 722 charitatis
1794 666 1999 734 specie,

368 776 489 833 qua:
518 757 652 830 ipsis
686 757 1014 825 elementis,
1046 759 1175 813 dum
1226 758 1367 813 inter
1408 773 1469 815 se
1515 774 1577 815 se
1621 758 1998 825 continentur,

369 858 549 912 inesse
574 852 916 924 concipitur,
948 852 1227 908 concludit
1258 852 1358 909 hac
1389 854 1629 923 generali
1678 855 1950 909 sententia
1983 871 1995 907 :

370 946 526 1004 Nihil
550 956 627 1002 est
646 962 891 1017 prorsus,
925 946 1064 1017 quod
1089 946 1200 1000 sine
1223 944 1323 999 hac
1349 946 1599 1001 charitate
1615 955 1849 1017 gratum,
1888 946 2000 1001 sine

364 1042 463 1096 hac
508 1041 817 1110 paciﬁcum,
842 1038 956 1094 sine
983 1039 1079 1093 hac
1106 1037 1278 1108 ﬁdele,
1303 1039 1415 1094 sine
1444 1037 1541 1093 hac
1579 1053 1853 1103 securum,
1884 1038 1998 1094 sine

363 1135 466 1190 hac
495 1134 817 1208 gloriamur,
861 1131 974 1186 sine
996 1130 1095 1185 hac
1127 1129 1236 1185 Dea
1258 1133 1526 1204 junctum,
1574 1130 1685 1185 sine
1704 1127 1805 1182 hac
1830 1130 1995 1199 possit

361 1244 477 1285 esse
525 1231 847 1300 perfectum.
896 1222 1032 1279 Hinc
1066 1223 1245 1292 itaque
1274 1222 1620 1292 cognoscitur
1648 1229 1850 1294 quanta
1876 1220 1992 1277 cir-

360 1317 789 1389 cumspectione
868 1314 924 1369 iu
1000 1312 1331 1384 explicandis
1387 1313 1623 1384 antiquis
1696 1312 1990 1383 Scriptori-

363 1414 467 1471 bus
499 1409 777 1468 utendum
828 1409 922 1475 sit,
976 1423 1044 1464 ne
1089 1406 1227 1463 forte
1278 1422 1473 1463 vocum
1520 1408 1814 1475 notiones,
1865 1424 1988 1479 qua)

361 1507 571 1564 nostris
640 1503 985 1573 temporibus
1049 1502 1314 1567 obtinent,
1369 1502 1422 1557 in
1474 1502 1713 1572 ipsorum
1767 1516 1987 1572 quaque

357 1612 615 1668 tempora
652 1596 1079 1661 transferentes,
1107 1610 1171 1651 ex
1202 1596 1375 1665 iisque
1401 1611 1590 1652 eorum
1618 1611 1781 1651 voces
1812 1595 1985 1651 inter-

360 1690 667 1764 pretandas
712 1687 1047 1759 iudicantes,
1098 1702 1309 1744 errasse
1330 1687 1474 1755 illos,
1525 1687 1612 1742 vel
1656 1687 1982 1759 scripturam

359 1784 616 1841 codicum
649 1790 996 1851 corruptam,
1027 1795 1091 1835 ac
1120 1795 1187 1835 ex
1224 1788 1411 1835 nostra
1439 1794 1538 1834 usu
1567 1778 1825 1850 loquendi
1855 1794 1981 1834 cor-
2013 1776 2063 1837 B
2089 1772 2307 1827 ciosum
2340 1780 2465 1827 sunt
2492 1775 2836 1839 adulterium
2857 1806 2882 1855 ,-
2932 1794 3008 1851 ai;
3045 1804 3188 1860 enim

359 1876 653 1948 rigcndam
689 1883 966 1944 putemus.
998 1870 1185 1942 itaque
1215 1872 1258 1926 si
1287 1872 1605 1927 charitatem
1629 1878 1737 1926 tam
1782 1871 1891 1926 late
1924 1870 1982 1927 S.

358 1972 512 2029 Zeno
549 1969 790 2041 accepit,
821 1976 880 2021 ut
909 1979 1309 2038 quemcumque
1337 1980 1577 2021 amorem
1601 1964 1795 2020 belluis
1819 1965 1984 2020 etiam

357 2075 417 2122 et
461 2061 786 2120 inanimatis
829 2058 998 2115 rebus
1054 2072 1398 2114 communem
1452 2056 1806 2128 intelligeret;
1862 2057 1989 2128 jure

358 2161 490 2216 sine
529 2156 801 2213 cltaritate
828 2150 1066 2210 deﬁcere
1090 2152 1224 2207 alias
1263 2151 1508 2217 virtutes,
1551 2150 1689 2206 idest
1718 2150 1879 2206 tidem
1924 2165 1990 2206 ac

359 2268 547 2326 spem,
592 2249 917 2315 afﬁrmavit,
968 2261 1106 2319 quas
1146 2250 1264 2304 sine
1307 2245 1491 2317 aliqua
1521 2244 1756 2316 ipsarum
1800 2260 1991 2302 amore

361 2362 471 2403 nec
502 2343 745 2414 suscipi,
781 2356 882 2396 nec
909 2339 1082 2395 foveri
1110 2353 1269 2408 posse
1296 2336 1643 2394 manifestum
1667 2345 1779 2404 est;
1806 2338 1858 2392 in
1881 2352 1991 2409 qua

364 2437 662 2497 cbaritatis
697 2435 923 2491 notione
948 2433 1007 2490 S.
1039 2432 1187 2488 Zeno
1205 2448 1324 2488 cum
1348 2433 1405 2489 S.
1436 2430 1723 2487 Ambrosio
1739 2430 1993 2487 similiter

363 2535 627 2605 laqueus,
659 2529 867 2586 nullam
892 2526 1102 2584 erroris
1133 2535 1314 2581 notam
1341 2527 1617 2583 incurrere
1645 2534 1838 2596 potest.

1004 2660 1239 2719 CAPUT
1282 2661 1390 2717 Vll.

449 2797 526 2838 DE
564 2792 821 2836 SECUNDIS
857 2791 1098 2842 NUP’I‘IIS,
1132 2792 1198 2831 ΕΤ
1238 2791 1306 2831 DE
1345 2788 1775 2831 CENSTIANOBUH
1813 2789 1919 2831 οωι

810 2894 819 2898 ”
877 2884 1218 2927 INFIDELIBUS
1254 2883 1525 2925 GONJUGIO.

447 2987 605 3044 Inter
629 2999 868 3053 errores,
900 2998 1045 3056 quos
1074 2982 1143 3038 ad
1173 2981 1567 3054 infringendam
1590 3024 1606 3047 ,
1640 2982 1683 3036 si
1715 2981 1828 3037 ﬁeri
1870 2996 1999 3053 pos-

376 3087 511 3148 set,
542 3078 642 3135 SS.
690 3076 911 3132 Patrum
943 3075 1353 3140 auctoritatem,
1393 3073 1857 3131 lleterodoxornm
1889 3090 1997 3129 non

378 3173 524 3230 nulli
556 3187 621 3228 ex
671 3171 917 3242 ipsorum
966 3167 1190 3239 scriptis
1238 3166 1609 3239 agglomerare
1656 3175 1711 3223 et
1762 3166 2000 3236 obiicere
2027 3168 2073 3230 C
2106 3171 2286 3242 Opera
2314 3174 2371 3231 S.
2405 3174 2690 3238 Athanasii
2717 3226 2731 3248 ,
2759 3166 2888 3258 quin

379 3265 629 3330 student,
664 3263 754 3320 ille
783 3274 867 3321 cst
897 3280 1008 3319 nun
1057 3261 1319 3318 minimus
1340 3304 1355 3328 ,
1383 3262 1527 3333 quod
1557 3278 1585 3315 a
1616 3261 1888 3317 nonnullis
1917 3278 2010 3319 se~

380 3356 607 3422 cauda),
637 3366 693 3411 et
721 3355 891 3411 multo
918 3354 1115 3425 magis,
1147 3364 1382 3423 quat-tte,
1412 3361 1467 3408 et
1502 3353 1708 3424 plures,
1739 3354 2005 3410 successi-

384 3470 472 3509 va:
500 3453 654 3519 licet,
678 3451 881 3521 nuptize
921 3448 1095 3505 veluti
1115 3446 1428 3503 criminosa:
1457 3446 1669 3503 traduci
1700 3448 2006 3504 rideantur.

386 3549 545 3604 Inter
589 3544 688 3600 bos
734 3553 913 3599 autem
972 3541 1166 3597 Patres
1216 3554 1363 3595 cum.
1405 3537 1461 3595 S.
1505 3540 1653 3595 Zeno
1691 3540 1743 3595 in
1784 3540 2006 3597 easdem

383 3641 593 3696 acriter
627 3635 964 3709 pererraverit
1002 3642 1235 3689 tractatu
1293 3633 1591 3702 praesertim
1625 3633 1658 3688 ὅ
1708 3633 1799 3689 lib.
1835 3650 1871 3699 ι,
1902 3634 2006 3689 hu-

380 3732 551 3805 jusce
600 3729 795 3797 capitis
846 3726 1105 3783 vindicia:
1158 3725 1641 3796 praetermittenda:
1694 3726 1849 3782 nobis
1895 3742 2001 3783 non

388 3831 527 3879 sunt
571 3839 585 3874 :
621 3833 758 3878 cum
813 3818 1160 3891 potissimum
1188 3812 1261 3872 ex
1293 3814 1591 3873 rationibus
1634 3817 1701 3873 ab
1729 3834 1795 3874 eo
1825 3817 2004 3874 allatis

387 3914 599 3987 aliquid
650 3914 772 3968 novi
820 3911 1005 3968 afferri
1061 3910 1269 3982 possit,
1328 3906 1468 3963 unde
1525 3924 1713 3964 sanum
1747 3925 1852 3967 non
1896 3919 2001 3966 tam

389 4010 537 4079 ejus,
572 4022 731 4077 quam
772 4014 1095 4060 exterarum
1123 4015 1341 4073 quoque
1367 3998 1584 4055 Patrum
1613 4002 1916 4069 consilium,
1940 4018 2004 4059 ac

390 4100 532 4156 satis
562 4113 731 4171 requa:
781 4095 1034 4153 vindicia:
1083 4093 1436 4166 colligantur,
1478 4093 1670 4164 quibus
1699 4109 1888 4150 omnes
1916 4110 2005 4150 ac-

389 4195 703 4266 quiescant,
730 4190 824 4263 qui
852 4206 962 4246 non
992 4187 1348 4261 przejudicato
1370 4186 1426 4242 in
1457 4185 1641 4243 Patres
1664 4190 1847 4244 animo
1869 4229 1883 4253 ,
1908 4188 2002 4244 sed

390 4286 612 4343 ratione
645 4284 931 4340 ducantur.
963 4280 1166 4338 Verum
1222 4288 1280 4335 ut
1317 4278 1387 4335 de
1432 4289 1616 4336 nostro
1666 4283 1900 4339 Auctore
1949 4281 2002 4338 in

392 4381 595 4455 primis
618 4395 684 4436 ac
704 4374 975 4451 praecipue
1004 4374 1252 4432 dicamus
1277 4416 1293 4443 ,
1328 4372 1422 4429 hic
1446 4387 1566 4429 cum
1600 4383 1753 4432 tract.
1782 4376 1837 4443 5,
1874 4390 2004 4432 cun-

389 4472 686 4531 tinentiam
712 4468 1197 4528 commendandam
1229 4466 1335 4522 sibi
1367 4465 1729 4536 sumpsisset;
1760 4477 2005 4525 contem-

2112 488 2342 545 spectet,
2373 479 2467 534 sed
2501 475 2907 535 incontinentiae
2938 470 3244 537 defectum,
3277 474 3371 544 qui
3416 491 3541 541 cum
3588 486 3734 560 ejus-

2111 569 2257 624 modi
2288 571 2596 641 nuptiarum
2630 583 2790 626 causa
2822 582 2944 623 esse
2975 565 3305 637 plerumque
3334 572 3515 637 soleat
3541 625 3556 651 ,
3612 598 3737 642 eas-

2108 663 2235 719 dem
2263 682 2369 721 non
2394 666 2620 721 omnino
2646 676 2809 720 sanas
2833 660 3046 717 reddit:
3071 677 3185 735 qua
3218 662 3391 725 etiam
3421 684 3642 741 ratione
3663 676 3755 736 vel

2109 756 2297 827 prima:
2344 762 2566 830 nuptiae,
2601 757 2646 812 si
2674 755 2747 811 ob
2774 753 3198 812 incontinentiae
3248 769 3575 834 remedium‘
3604 789 3767 836 assu-

2105 858 2344 918 mantur,
2367 850 2580 905 del‘cctu
2606 847 2794 915 aliqua
2822 860 3051 914 prorsus
3080 864 3207 903 non
3239 865 3466 935 vacant,
3487 882 3546 928 ut
3572 872 3637 933 s.
3663 871 3781 930 Au-

2102 944 2355 1011 gustinus
2398 960 2465 1001 ex
2505 941 2660 997 Pauli
2711 938 2966 1010 epistolis
3015 943 3220 1013 palam
3254 963 3570 1028 gmwincu.
3636 963 3798 1027 Nm“

2100 1033 2284 1142 itaque
2336 1038 2605 1092 adversus
2659 1030 2938 1137 secundas
2982 1039 3234 1110 nuptias
3279 1049 3343 1111 δ,
3371 1058 3521 1124 Zeno
3561 1065 3812 1142 inger“,

2100 1128 2244 1196 quod
2269 1146 2378 1186 non
2407 1140 2597 1185 sanam
2628 1126 2971 1184 sententiam
2998 1134 3345 1207 contine“.

2174 1220 2231 1277 ln
2272 1222 2379 1279 hoc
2423 1218 2523 1275 alii
2551 1216 2780 1287 aliquot
2819 1216 3012 1282 Patres
3042 1227 3268 1294 durius
3302 1249 3474 1308 ,ηυηο
3504 1252 3684 1310 loculi
3723 1251 3815 1306 i,,_

2097 1316 2579 1421 veniuuturinam
2604 1309 3014 1421 Alliemguras
3041 1324 3099 1381 in
3131 1324 3452 1405 Legatione
3479 1364 3578 1421 pro
3602 1343 3822 1405 Chris-

2096 1405 2486 1512 tinnistpatlio
2515 1410 2642 1512 ante
2702 1404 2915 1512 linem,
2972 1404 3271 1494 postquam
3325 1436 3394 1496 de
3449 1404 3569 1498 sine
3618 1444 3830 1512 aetatis

2090 1496 2437 1556 Christianis
2462 1495 2676 1611 tradit:
2725 1496 2869 1571 Vel,
2898 1520 2950 1565 ut
2971 1525 3123 1575 natus
3148 1535 3229 1579 est
3262 1495 3641 1611 unusquisque
3689 1495 3775 1602 na

2626 1590 2637 1601 ,
2809 1596 2823 1607 ·
2856 1569 2874 1611 -_
3049 1569 3121 1575 νην
3149 1569 3227 1579 π-
3263 1569 3641 1611 uuuoqusoquc
3691 1569 3840 1614 ιιυδ,

2090 1597 2251 1683 trum,
2283 1598 2490 1683 manet,
2521 1591 2599 1683 uel
2620 1608 2679 1645 in
2705 1607 2903 1683 ttmcrs
2933 1613 3162 1683 nuptiis;
3194 1625 3379 1683 subdit
3403 1632 3715 1683 adversus
3748 1663 3818 1683 ιη

2088 1681 2320 1736 cuudas
2351 1697 2383 1735 a
2412 1678 2771 1739 Chrisﬁanis
2829 1678 3038 1759 alienas
3071 1724 3083 1760 :

2092 2253 2301 2311 aequus
2355 2246 2634 2340 secundis
2681 2258 2883 2325 nuptiis
2931 2281 3039 2324 non
3074 2276 3242 2332 nullis
3271 2282 3419 2340 visus

2512 2337 2527 2347 .
3333 2337 3343 2339 τ
3394 2337 3413 2340 -
3455 2337 3534 2346 ---
3568 2337 3631 2355 υ,
3658 2337 3770 2364 με,

2316 2337 2685 2452 ςρυηηξιὲἓχ¹¹¹
2708 2344 3051 2452 αἰηηωτθδη
3087 2380 3138 2422 c.
3186 2370 3283 2438 l9.
3317 2382 3582 2451 scriptum
3639 2396 3770 2452 reli-

2096 2425 2218 2495 (ιυῑι
2258 2442 2272 2478 τ
2328 2422 2703 2544 δαξιανὶεατῖω
2746 2441 2826 2498 illi
2848 2422 3283 2533 prwvaricatrici:
3303 2422 3762 2544 qumlinulzzolng

2098 2534 2203 2573 non
2232 2523 2456 2584 mansit,
2490 2523 2601 2632 εἶά
2622 2530 2879 2598 fornicata
2911 2556 2989 2599 est
3016 2552 3193 2609 multis
3234 2523 3432 2632 nuptiis

2099 2625 2326 2681 peram;
2360 2626 2492 2666 nam
2533 2614 2608 2673 de
2634 2620 2978 2693 Samaritana
3011 2640 3104 2697 illa
3132 2609 3470 2722 Evangrelic'a’
3629 2609 3755 2726 2::

2102 2719 2194 2815 mo
2212 2715 2318 2769 est,
2339 2720 2466 2812 quae
2489 2720 2612 2815 non
2643 2718 2825 2788 plures
2853 2736 3189 2795 successivas
3218 2715 3431 2815 nuptias
3454 2715 3608 2812 inivit

2357 2800 2369 2812 .
2545 2806 2556 2818 .
2855 2822 2868 2835 .
3293 2798 3317 2815 τ
3334 2798 3430 2804 --η
3650 2798 3691 2817 υ.

2102 2798 2674 2918 ῗξυὶῗῗζιξῗεῇῗιῖηυι
2706 2814 2895 2918 habuit
2937 2841 3171 2897 quorum
3201 2839 3404 2898 nemini
3430 2862 3691 2918 nupserat

2305 2892 2317 2904 '
2954 2892 2972 2897 -
3252 2892 3259 2893 ί
3282 2892 3404 2898 νίν-η·
3430 2892 3691 2918 --υιιυνιιη
3724 2896 3741 2921 ,

2101 2892 2584 3010 fil-iﬁl'fludﬁﬁon
2607 2911 2880 3010 secundas
2900 2918 2985 2973 vel
3030 2923 3359 2996 multiplices
3413 2942 3628 3010 nuptias
3660 2945 3737 3002 ibi

2106 2987 2465 3094 reprehendit
2490 2999 2644 3094 ,Πεοά
2698 3006 2980 3066 mulierem
3032 2987 3264 3083 plurium
3306 2987 3729 3094 fornicationis-tit.

2107 3095 2256 3187 :eant
2291 3082 2725 3187 ilicet-Auctor,
2780 3113 2974 3168 quaest.
3126 3112 3192 3168 ad
3219 3082 3732 3187 Antiochum-Vinici

2309 3201 2690 3290 iw???“
2717 3226 2731 3248 ο
2759 3201 3000 3290 ψηξιίιυθ
3029 3201 3243 3270 Ρτίοτθε
3269 3209 3390 3278 eius
3419 3216 3565 3272 viros
3592 3221 3729 3290 legi-

2114 3270 2279 3369 timos
2303 3276 2478 3369 putet.
2530 3270 2683 3328 Adde
2724 3280 2869 3347 quod
2901 3299 3000 3354 pro
3028 3294 3224 3363 nuptiis
3252 3270 3343 3354 alii
3392 3270 3724 3367 codices'iwe-
3778 3308 3785 3317 ’

2110 3365 2244 3459 quin
2296 3365 2500 3430 impiis,
2547 3376 2653 3459 quo
2712 3373 2886 3441 magis
2926 3380 3102 3437 multo
3141 3384 3437 3449 difﬁcultas
3485 3365 3727 3459 eliditur.

2110 3449 2472 3550 Athenagorae
2489 3455 2708 3550 propius
2733 3465 3025 3527 conciuere
3050 3474 3267 3535 videtur
3292 3449 3733 3550 Clemens

2110 3538 2369 3642 audrinus
2394 3582 2409 3609 ,
2453 3543 2542 3642 qui
2568 3544 2662 3642 lib.
2718 3566 2757 3607 tt
2788 3553 3076 3632 Stromat.,
3108 3583 3229 3639 pag.
3257 3538 3730 3641 421v

2109 3634 2338 3738 monium
2378 3643 2487 3738 est,
2513 3634 2687 3707 inquit
2710 3682 2724 3705 ,
2754 3646 2946 3716 prima,
2979 3665 3027 3707 et
3053 3663 3340 3718 secundant
3365 3667 3529 3738 legent
3558 3675 3654 3730 viri
3672 3634 3728 3733 et

2108 3724 2341 3779 mulieris
2363 3729 2698 3840 funiuttctia;
2731 3746 2787 3792 et
2813 3739 2906 3797 lib.
2943 3760 3022 3815 nt,
3052 3764 3173 3822 pag.
3193 3755 3301 3812 457
3325 3775 3337 3811 :
3361 3724 3727 3840 Unusquisque

2106 3829 2334 3925 nostrum
2355 3819 2543 3892 habet,
2567 3826 2612 3879 si
2637 3828 2777 3894 velit,
2808 3846 3112 3902 potestatem
3125 3819 3347 3905 umorem
3376 3819 3726 3925 legiltittcvtjlit:

2107 3911 2272 3978 cendi,
2306 3913 2357 4015 in
2382 3916 2582 4019 primis,
2614 3919 2846 3993 inquam,
2877 3934 3111 4002 nuptiis;
3138 3953 3205 3994 ex
3238 3911 3451 4013 quibus
3466 3911 3597 4006 locis

2106 4007 2340 4101 paret
2370 4007 2591 4101 primum
2640 4013 2817 4071 solum
2861 4007 3281 4087 coniunctionem
3313 4007 3722 4101 matrimoniuin

2107 4094 2294 4205 haberi
2326 4097 2645 4205 legitimum,
2703 4120 2812 4164 non
2859 4116 3153 4174 secundam
3181 4164 3197 4191 ,
3242 4127 3384 4183 unde

2106 4185 2405 4301 lvzarnicatio
2421 4197 2610 4301 ﬁstul)
2641 4215 2742 4255 uno
2774 4208 3103 4267 ntatrintonio
3131 4185 3202 4270 ad
3248 4185 3722 4301 plura.pr‘alapsia;

2106 4280 2373 4384 Blinucius
2420 4286 2575 4344 Felix
2604 4306 2712 4347 non
2762 4296 3085 4358 absitniliter
3122 4280 3263 4365 inter
3289 4280 3720 4379 adulter-inieci;

2106 4381 2243 4472 tium
2262 4393 2551 4472 recensere
2573 4382 2788 4440 videtur
2813 4389 2998 4459 plures
3016 4397 3252 4468 nuptias,
3279 4418 3413 4472 quas
3445 4423 3551 4464 non
3579 4415 3718 4472 nulli

2106 4469 2247 4539 apud
2276 4470 2400 4564 illos
2427 4472 2665 4545 inibant;
2694 4478 2775 4534 sic
2803 4482 2948 4538 enim
2978 4485 3031 4539 in
3058 4469 3440 4564 Dialogo,—post
3471 4469 3711 4564 medium

392 4571 510 4643 ptis
550 4569 783 4639 plurium
815 4563 1253 4622 oblocutionibus
1283 4576 1420 4635 quas
1473 4560 1820 4669 adnotatione
1842 4562 1877 4617 2
1905 4579 2005 4620 ex—
2032 4566 2082 4626 ι)
2111 4578 2275 4654 ηιηιι.⁸
2293 4563 2366 4619 24
2396 4582 2408 4619 :
2441 4565 2559 4622 Alia
2595 4585 2745 4624 sacra
2771 4588 2981 4632 coronat
3009 4560 3244 4654 univira,
3273 4560 3381 4643 alia
3409 4560 3714 4669 multivira:

394 4661 744 4737 plicavimus,
797 4661 974 4732 primo
1010 4657 1379 4727 virginitatem
1418 4654 1749 4725 persuadere
1792 4657 2001 4725 studet;

397 4767 521 4811 tum
551 4767 684 4809 vero
710 4750 981 4807 vidualem
1010 4747 1401 4805 continentiam
1452 4758 1801 4819 promoturus
1823 4790 1839 4815 ,
1866 4763 2000 4804 con-

394 4859 487 4904 tra
516 4844 786 4903 secundas
812 4842 1032 4915 quidem
1077 4840 1292 4913 nuptias
1337 4854 1487 4896 num.
1524 4838 1561 4894 4
1610 4850 1665 4898 et
1712 4841 1746 4897 5
1784 4840 2005 4897 disserit

397 4938 643 5008 aliquid;
674 4947 730 5012 at
757 4952 851 4993 eas
881 4936 1120 4991 rationes
1150 4942 1356 4989 tantum
1385 4931 1655 5002 inculcat,
1685 4934 1882 5007 quibus
1910 4949 2003 4991 eas

397 5035 609 5099 viduae,
637 5025 758 5102 qui:
788 5030 930 5086 tilias
972 5028 1190 5094 habeat,
1239 5024 1475 5097 quazquc'
1499 5025 1672 5083 virum
1703 5045 1768 5084 ex
1799 5029 1964 5085 corde
1986 5070 2000 5095 ,

403 5142 523 5182 non
571 5125 696 5180 ticte
740 5121 991 5178 dilexerit
1040 5128 1095 5176 et
1143 5118 1589 5187 conclamaverit,
1640 5121 1817 5176 minus
1869 5136 2003 5177 con-

402 5232 714 5293 gruas,nec
743 5215 1079 5272 necessarias
1097 5211 1371 5278 ostendat,
1403 5209 1516 5284 [cx]
1538 5226 1641 5267 non
1667 5213 1863 5285 quibus
1884 5213 2004 5269 inlt—

402 5312 781 5368 citasstatuat.
807 5307 919 5364 [mo
938 5321 1065 5362 vero
1090 5306 1190 5361 sub
1213 5305 1334 5361 init.
1367 5296 1515 5359 nuru.
1544 5307 1599 5372 4,
1628 5321 1793 5361 unum
1825 5307 2003 5363 locum

402 5401 573 5462 Pauli
600 5414 875 5472 opponens
900 5399 991 5456 ubi
1022 5398 1156 5454 nihil
1184 5398 1284 5453 nisi
1312 5413 1376 5455 ex
1401 5396 1631 5453 consilio
1667 5399 2000 5469 praecipitur,

400 5517 579 5557 unam
611 5500 939 5556 observantia
972 5498 1328 5570 perfectionem
1356 5496 1408 5550 in
1431 5494 1613 5551 divino
1638 5496 1782 5551 cultu
1818 5508 2002 5555 custo-

402 5596 667 5655 diendam
713 5592 1085 5651 commendat:
1129 5600 1186 5647 et
1230 5592 1447 5648 ineunte
1491 5606 1639 5646 num.
1687 5590 1720 5646 6
1750 5591 1890 5648 inter
1912 5608 1999 5649 res

404 5708 579 5765 prope
605 5706 762 5747 sanas
790 5685 1051 5744 secundas
1104 5685 1313 5755 nuptias
1356 5692 1540 5756 aperte
1569 5682 1757 5753 refert,
1790 5684 1842 5742 in
1874 5687 1993 5759 qui-

403 5786 517 5845 bus
559 5780 842 5842 immorari
870 5778 1068 5837 diutius
1095 5778 1265 5836 uoluit
1293 5794 1306 5834 :
1335 5777 1421 5834 ubi
1453 5779 1509 5835 τὸ
1538 5793 1697 5851 prope
1724 5782 1992 5840 neminem
2020 5768 2025 5775 ”

2105 4666 2154 4711 et
2183 4672 2373 4755 magna
2395 4659 2645 4733 religione
2662 4668 3002 4740 conquiritur,
3044 4691 3161 4746 qua:
3187 4678 3343 4750 plura
3368 4690 3529 4755 possit
3564 4659 3718 4750 adul;

2107 4749 2235 4804 teria
2258 4766 2563 4822 numerare;
2606 4770 2670 4812 ac
2712 4773 2864 4816 num.
2894 4764 3000 4833 51,
3031 4749 3378 4833 Christianos
3410 4781 3563 4839 unica
3588 4800 3720 4843 con-

2099 4844 2272 4917 jugio,
2303 4857 2397 4950 aut
2426 4848 2572 4905 nullo
2618 4852 2694 4907 uti
2729 4863 2980 4917 testatur.
3030 4861 3123 4919 llis
3153 4866 3436 4929 addendos
3461 4877 3718 4950 antiquus

2106 4949 2295 4997 auctor
2330 4942 2523 5041 Operis
2572 4946 2877 5018 imperfecti
2925 4954 2976 5009 in
3018 4956 3205 5013 Matth.
3264 4962 3457 5023 homil.
3497 4942 3610 5041 δεῇ
3656 4975 3710 5033 in

2107 5046 2224 5105 cap.
2251 5051 2352 5129 χιιι
2376 5078 2391 5104 ,
2419 5039 2510 5109 qui
2554 5043 2820 5099 secundas
2865 5049 3081 5119 nuptias
3110 5066 3280 5110 veram
3322 5039 3716 5129 fornicationem

2108 5126 2347 5196 appellat
2366 5169 2379 5190 ,
2412 5145 2509 5185 seu
2537 5134 2927 5203 fornicationem
2953 5141 3253 5216 honestam;
3282 5126 3361 5207 sic
3406 5156 3552 5213 enim
3597 5160 3672 5216 ait
3701 5180 3715 5217 :

2110 5221 2347 5326 Apostali
2378 5239 2729 5326 praceperunt
2773 5234 3025 5292 secundas
3068 5240 3214 5297 adire
3259 5248 3469 5317 nuptias
3510 5265 3721 5326 propter

2108 5312 2530 5373 incontinentiam
2571 5318 2834 5379 hominum
2874 5342 2895 5382 .'
2939 5345 3058 5385 nam
3085 5312 3365 5394 secundum
3393 5312 3720 5406 quidem'ac-

2109 5408 2298 5478 cipere,
2325 5412 2603 5467 secundant
2642 5430 2950 5489 praeceptum
2999 5424 3235 5493 Apostoli
3280 5441 3396 5501 est;
3435 5438 3716 5493 secundum

2107 5512 2280 5558 autem
2306 5506 2537 5562 ueritatis
2564 5508 2816 5565 rationem
2844 5529 2956 5568 vere
2994 5521 3268 5590 farnicatia
3293 5536 3369 5580 est
3397 5541 3416 5582 :
3452 5528 3544 5583 sed
3588 5529 3715 5583 dum

2107 5598 2427 5668 permittente
2456 5598 2571 5656 Dea
2596 5602 2797 5674 publice
2822 5613 2869 5659 et
2890 5605 3103 5664 licenter
3133 5615 3489 5685 committitur,
3520 5618 3578 5688 fit
3617 5618 3714 5673 Ita-

2106 5700 2249 5746 uesta
2278 5693 2571 5764 farnicatia.
2606 5694 2791 5769 Neque
2820 5705 3234 5769 praetereundus
3262 5722 3413 5769 esset
3453 5711 3710 5778 Origenes

2104 5780 2293 5840 homil.
2308 5786 2368 5844 l7
2384 5786 2437 5843 in
2452 5787 2672 5861 Lucam,
2693 5806 2813 5847 cum
2836 5792 3079 5866 bigamos
3092 5807 3147 5854 et
3161 5800 3478 5871 polygamos
3494 5816 3706 5860 succes-

2727 5938 2759 5973 ο
