4242 6168
528 202 623 289 ιέι
1368 232 1373 251 ι
1499 253 1520 274 .
1891 208 2425 277 PROLEGOllENA.

3730 214 3840 275 152

519 339 710 395 sivusa
736 334 828 391 Dei
853 352 1009 409 regno
1031 335 1279 392 exclusos
1308 330 1494 396 tradit,
1523 329 1805 401 inquiens:
1830 327 1985 385 Nunc
2002 344 2118 384 vero
2148 336 2198 397 Α
2226 328 2421 385 cranda
2447 327 2571 392 sint,
2589 324 2702 397 jam
2735 334 2967 381 correcta
2992 324 3094 381 sint
3125 325 3343 382 crimina
3366 342 3387 393 ;
3411 325 3504 384 ubi
3523 317 3836 389 sermonem

521 440 569 485 et
597 432 833 487 secunda:
861 440 910 486 et
954 430 1117 486 tertia:
1146 439 1192 487 et
1219 436 1415 499 quarta:
1440 427 1636 496 nuptia:
1656 466 1672 492 ,
1714 434 1770 479 ut
1800 424 1863 478 de
1890 422 2127 493 pluribus

521 530 739 590 taceam,
771 522 1093 592 reperiuntur
1113 537 1134 588 ;
1164 528 1210 575 et
1240 535 1341 572 non
1362 518 1660 590 ignoramus
1683 559 1698 582 ,
1722 516 1855 587 quod
1879 514 1980 571 tale
1998 530 2124 569 con-

514 617 723 690 jugium
741 616 905 691 ejiciet
922 631 1014 670 nos
1029 614 1090 668 de
1116 628 1275 686 regno
1308 612 1420 671 Dei.
1443 611 1549 667 Sed
1566 610 1611 666 si
1635 609 1881 685 legantur
1895 618 2123 672 caetera;

521 710 705 764 statim
733 708 1036 781 apparebit,
1068 706 1358 781 Origenem
1382 706 1527 778 regni
1550 702 1649 760 Dei
1678 704 1895 761 nomine
1928 702 2128 759 intelli-

518 815 647 870 gere
672 800 1057 870 perfectionem
1088 799 1233 855 illam
1267 810 1320 854 et
1342 813 1597 856 coronam
1617 838 1632 864 ,
1657 812 1780 871 qua:
1805 797 2023 867 propria
2044 802 2129 851 est

522 891 788 962 virginum
813 902 867 948 et
896 892 1317 958 continentium,
1360 890 1450 961 qui
1483 905 1646 944 unum
1671 886 1980 960 coniugium
2010 901 2130 942 ser-

519 993 750 1050 varunt;
795 1001 918 1041 nam
965 984 1255 1056 sequitur:
1310 981 1445 1038 Puto
1491 982 1629 1037 enim
1677 995 2042 1053 monogamum
2079 987 2130 1033 et

516 1077 768 1148 virginem
816 1086 864 1131 et
895 1093 1011 1131 eum
1053 1076 1139 1149 qui
1177 1079 1232 1130 in
1252 1075 1564 1130 castimonia
1584 1082 1891 1146 perseverat,
1920 1087 2028 1126 esse
2065 1069 2129 1126 de

521 1165 761 1222 Ecclesia
792 1166 927 1234 Dei;
970 1184 1082 1223 eum
1112 1184 1252 1235 vero,
1285 1167 1372 1235 qui
1399 1168 1466 1221 sit
1497 1164 1730 1237 bigamus
1752 1204 1770 1231 ,
1798 1165 1913 1218 licet
1943 1163 2129 1219 bonam

518 1259 702 1316 habent
750 1262 1183 1316 conversationem
1210 1301 1224 1327 ,
1276 1270 1324 1314 et
1373 1258 1566 1314 cateris
1595 1255 1863 1312 uirtutibus
1905 1255 2124 1325 polleat,

519 1362 689 1409 tamen
710 1369 811 1407 non
832 1368 939 1407 esse
971 1352 1035 1407 de
1077 1350 1335 1420 Ecclesia,
1384 1361 1430 1405 et
1456 1350 1520 1405 de
1560 1367 1619 1405 eo
1647 1365 1879 1417 numero,
1910 1349 1998 1420 qui
2024 1364 2129 1402 non

522 1446 668 1502 habet
716 1462 900 1518 rugam
939 1454 1029 1500 aut
1056 1444 1313 1499 maculam
1353 1453 1441 1498 aut
1475 1441 1673 1512 aliquid
1699 1439 2012 1505 istiusmodi,
2040 1438 2130 1493 sed

519 1555 626 1594 esse
654 1538 718 1592 de
755 1536 980 1593 secundo
1032 1535 1201 1609 gradu
1240 1545 1287 1590 et
1328 1535 1390 1589 de
1420 1534 1523 1604 Itis,
1566 1534 1653 1606 qui
1682 1533 1917 1587 invocant
1943 1546 2129 1586 nomen

520 1629 751 1699 Domini,
776 1638 826 1685 et
852 1630 939 1696 qui
964 1629 1229 1683 salvantur
1251 1628 1458 1700 quidem
1484 1628 1539 1681 in
1568 1625 1770 1680 nomine
1796 1622 1831 1679 Ι
1837 1640 1926 1679 esu
1951 1621 2130 1677 Chris-

2230 419 2487 476 adversus
2530 419 2719 474 tertias
2746 433 2809 473 ac
2860 418 3041 489 plures
3088 417 3306 489 nuptias
3344 419 3683 493 aggreditur,
3704 438 3844 495 quas

2228 514 2447 575 crimina
2471 529 2586 568 vere
2608 515 2922 568 exsecranda
2946 508 3264 585 appellatas
3295 512 3470 570 vides.
3515 513 3638 573 Non
3668 518 3842 575 multo

2228 606 2552 668 absimiliter
2592 606 2652 663 8.
2698 605 2930 663 Basilius
2971 606 3200 679 epistola
3236 606 3408 677 prima
3462 609 3726 665 eanOnica
3770 610 3841 667 ad

2228 698 2693 771 Amphilochium,
2746 714 2867 755 can.
2922 696 2989 766 4,
3043 696 3305 770 quidquid
3356 701 3671 772 nuptiarum
3720 711 3844 772 post

2228 793 2517 865 bigamiam
2544 791 2906 859 contrahitur,
2940 808 3042 847 non
3069 792 3387 865 conjugium,
3418 793 3511 850 sed
3538 794 3845 868 castigatam

2229 886 2621 958 fornicationem
2663 897 2851 951 vocat;
2913 894 2969 941 et
3021 899 3142 938 can.
3188 884 3258 940 50
3307 884 3468 942 hasce
3517 885 3848 960 multiplices

2229 981 2446 1050 nuptias
2478 978 2729 1036 Ecclesia:
2749 978 3136 1051 inquinamenta
3166 979 3429 1035 nominat.
3454 979 3512 1037 8.
3546 979 3848 1053 Gregorius

2230 1072 2603 1129 Nazianzenus
2621 1081 2762 1128 orat.
2780 1072 2845 1129 57
2864 1072 2916 1126 in
2935 1070 3067 1129 illud
3085 1071 3363 1143 Evangelii
3390 1092 3402 1125 :
3436 1070 3568 1129 Cum
3595 1089 3811 1129 consum
3830 1100 3844 1110 -

2230 1175 2416 1221 masset
2441 1163 2595 1221 Jcsus
2624 1167 2717 1221 hos
2759 1181 3015 1221 sermones
3044 1205 3058 1230 ,
3104 1164 3418 1236 espendcns
3450 1165 3568 1222 haec
3596 1166 3845 1241 Apostoli

2229 1257 2395 1312 verba
2450 1257 2520 1313 ad
2560 1258 2767 1329 Ephes.
2814 1260 2848 1315 5
2904 1275 2916 1311 :
2976 1257 3374 1314 Sacramenta»:
3429 1258 3528 1314 hoc
3596 1276 3847 1332 maguunt

2231 1362 2304 1407 est
2369 1368 2387 1406 :
2445 1369 2537 1424 ego
2605 1363 2776 1408 autem
2839 1352 2954 1408 dico
3007 1353 3061 1408 in
3114 1349 3321 1407 Christo
3363 1360 3411 1408 et
3460 1353 3515 1408 in
3565 1351 3801 1408 Ecclesia
3827 1394 3843 1420 ,

2232 1447 2307 1500 ait
2332 1463 2344 1498 :
2393 1442 2507 1499 Hac
2533 1447 2766 1500 oratione
2789 1447 3041 1502 secundas
3065 1446 3272 1517 nuptias
3301 1446 3429 1501 mihi
3471 1447 3739 1519 deprecari
3770 1448 3818 1504 vi
3836 1478 3848 1487 ι

2231 1538 2401 1591 detur.
2433 1538 2494 1593 Si
2522 1540 2661 1592 enim
2690 1538 2792 1593 duo
2816 1536 3007 1593 Christi
3032 1548 3175 1605 sunt,
3225 1539 3329 1595 duo
3378 1527 3603 1612 quoque.
3625 1541 3757 1608 viri;
3802 1543 3847 1596 si

2230 1639 2403 1684 autem
2430 1646 2561 1684 unus
2585 1628 2821 1685 Christus
2847 1646 3006 1684 unum
3037 1629 3281 1686 Ecclesia:
3304 1620 3462 1701 caput
3481 1673 3494 1699 ,
3542 1648 3648 1687 una
3691 1633 3848 1688 etiam

510 1716 581 1787 ti,
610 1740 931 1797 nequaquam
954 1733 1122 1777 tamen
1150 1729 1464 1776 coronantur
1505 1721 1567 1775 ab
1592 1736 1671 1786 eo,
1716 1727 1821 1774 etc.
1854 1713 1990 1771 Hinc
2022 1716 2121 1769 ho-
2153 1735 2202 1800 Β
2229 1740 2351 1779 caro
2379 1725 2467 1788 sit,
2498 1726 2722 1779 secunda
2747 1732 2919 1780 autem
2968 1734 3262 1796 respuatur,
3299 1724 3448 1793 Quod
3493 1726 3538 1782 εὶ
3565 1726 3848 1783 secundum

518 1816 637 1873 mil.
702 1816 766 1873 19
805 1818 856 1871 in
887 1816 1091 1873 Jerent.
1142 1832 1251 1871 non
1302 1825 1505 1874 alterno
1553 1810 1913 1869 addicendum
1963 1808 2125 1865 tradit

517 1907 787 1979 supplicio
818 1908 1091 1980 bigamum
1115 1949 1129 1975 ,
1165 1906 1261 1963 sed
1289 1906 1483 1962 Salutis
1510 1903 1736 1975 alicujus
1763 1901 2083 1977 participem
2102 1939 2121 1965 ,

518 2017 628 2057 non
660 2010 841 2056 tamen
889 2010 1054 2055 tanta:
1078 2041 1093 2067 ,
1147 2007 1408 2071 quantam
1436 1997 1527 2070 qui
1574 1996 1865 2054 centiueus
1893 1994 2122 2064 vixerit,

516 2101 857 2165 assequetur.
935 2092 1072 2149 Vide
1141 2093 1305 2148 etiam
1350 2090 1514 2157 hom.
1565 2090 1636 2144 27
1709 2089 1762 2144 in
1832 2088 2121 2144 Joannem.

515 2186 661 2243 Inter
690 2185 752 2242 P.
785 2186 847 2242 P.
875 2186 1174 2242 catholicos
1206 2184 1601 2241 Tertullianum
1635 2183 1851 2259 tandem
1898 2199 2006 2237 non
2033 2198 2127 2252 ap-

518 2280 864 2352 pellavimus,
909 2280 1001 2352 qui
1055 2281 1111 2335 in
1155 2279 1297 2335 libro
1327 2278 1396 2335 de
1445 2277 1785 2350 Mouogamia
1832 2275 2126 2348 bigamiam

516 2383 705 2446 aperte
734 2373 957 2431 damnat
992 2391 1005 2428 :
1037 2387 1186 2440 nam,
1219 2381 1280 2429 ut
1305 2372 1613 2429 observavit
1643 2372 1701 2428 8.
1735 2370 1959 2427 Hieron.
1988 2365 2124 2442 [ext]

512 2467 570 2523 in
600 2482 722 2540 cap.
755 2482 774 2523 ι
810 2466 986 2538 Epist.
1028 2467 1097 2523 ad
1138 2466 1341 2533 Titum,
1377 2481 1501 2523 eum
1528 2465 1725 2521 librum
1755 2461 2124 2520 Tertullianus

516 2563 761 2633 scripsit,
792 2578 915 2618 eum
944 2572 1091 2618 esset
1122 2560 1413 2618 haereticus
1442 2560 1791 2629 Montanista,
1824 2558 1979 2627 cujus
2009 2569 2129 2611 sec-

517 2658 587 2709 ta:
637 2654 725 2710 hic
780 2656 919 2710 inter
948 2664 1178 2711 caeteros
1208 2669 1363 2711 error
1407 2651 1528 2722 fuit,
1570 2651 1763 2707 eodem
1798 2649 2129 2721 llieronymo

517 2758 679 2814 teste,
706 2757 762 2804 ut
791 2749 1012 2804 secunda
1051 2750 1377 2802 matrimonia
1402 2747 1466 2802 ab
1498 2744 1748 2801 Ecclesia:
1771 2743 2132 2798 communione

517 2841 837 2908 prohibenda
881 2851 1226 2911 putarentur.
1254 2839 1628 2909 Pra'terquam
1674 2835 1817 2908 quod
1846 2833 2132 2893 Tertullia-

518 2948 591 2987 no
623 2932 883 2989 hieretieo
905 2931 1279 2987 Tertulliauus
1305 2928 1606 2985 catholicus
1633 2925 2128 2998 opponendus‘est,

520 3028 613 3097 qui
661 3026 716 3082 itt
769 3027 865 3081 lib.
898 3040 934 3079 ll
973 3024 1039 3080 ad
1068 3022 1330 3092 Uxorem,
1374 3023 1500 3094 ipsi,
1567 3020 1613 3075 si
1678 3018 1962 3075 continere
2008 3026 2132 3088 post

2178 1822 2199 1839 “
2232 1816 2488 1887 prohibet,
2532 1815 2594 1877 de
2646 1817 2797 1873 tertia
2835 1817 2961 1889 quid
2999 1817 3277 1873 dicendum
3312 1818 3434 1874 est?
3478 1817 3721 1875 Primunt
3762 1819 3849 1875 lca:

2232 1918 2326 1974 est,
2358 1909 2645 1963 secundum
2696 1910 2843 1964 venia
2870 1919 2914 1967 et
2944 1909 3289 1983 indulgentia,
3320 1910 3524 1967 tertium
3551 1911 3797 1984 iniquitas
3825 1926 3847 1967 :

2229 2001 2319 2068 qui
2341 2010 2512 2055 autem
2540 2002 2680 2056 hunc
2706 2018 2978 2057 numerum
3025 2003 3250 2073 excedit,
3284 2005 3533 2070 porcinus
3561 2005 3719 2077 plane
3741 2014 3841 2059 est.

2232 2090 2429 2148 Viden’
2454 2092 2721 2151 secundas
2748 2093 2966 2165 quidem
3007 2099 3222 2167 nuptias
3264 2096 3440 2168 primo
3481 2096 3845 2169 reprehendi,

2234 2197 2291 2242 at
2316 2189 2463 2244 venia
2492 2198 2537 2244 et
2560 2188 2885 2261 indulgentia
2931 2187 3123 2262 dignas
3152 2192 3365 2247 censeri
3390 2229 3408 2258 ,
3442 2190 3634 2247 tertias
3664 2201 3846 2249 autem

2234 2283 2498 2355 iniquitati
2528 2284 2696 2351 verti,
2730 2292 2784 2339 et
2811 2281 2878 2340 de
2908 2284 3132 2355 reliquis
3179 2284 3332 2357 pejus
3362 2286 3537 2343 multo
3570 2285 3846 2358 iudicari?

2234 2392 2300 2432 ex
2326 2392 2432 2447 quo
2454 2375 2776 2433 Nazianzeui
2807 2378 3121 2439 testimonio
3160 2378 3294 2434 nihil
3326 2377 3675 2448 dubitamus,
3712 2381 3846 2453 quin

2235 2484 2355 2526 eam
2398 2471 2724 2527 sententiam
2775 2481 3054 2529 mutuatus
3082 2473 3155 2527 sit
3200 2472 3313 2528 Leo
3341 2471 3571 2545 Sapiens
3600 2476 3653 2529 in
3685 2474 3803 2545 lege
3826 2514 3844 2542 ,

2234 2579 2357 2635 qua:
2384 2563 2698 2619 inscribitur
2726 2563 2959 2620 Fentince
2989 2564 3048 2620 (ἰ.
3074 2566 3139 2620 de
3165 2564 3400 2619 secundis
3425 2566 3620 2635 nuptiis
3661 2582 3680 2620 :
3724 2565 3820 2621 Pri
3832 2593 3847 2606 -

2235 2673 2334 2712 nne
2360 2658 2555 2728 nuptiae
2586 2659 2668 2712 lea:
2691 2698 2706 2723 ,
2758 2657 2996 2713 secunda:
3042 2658 3399 2730 indulgentia,
3433 2659 3597 2713 tertia:
3634 2658 3849 2731 porcina

2232 2749 2542 2821 illegalitas,
2573 2758 2770 2819 quarta
2788 2750 3018 2805 belluina
3057 2752 3191 2806 vita.
3248 2750 3439 2820 Neque
3482 2749 3575 2806 hic
3625 2760 3848 2822 praeter-

2234 2842 2445 2897 eundus
2494 2843 2761 2900 Heraldus
2811 2843 3151 2899 Turonensis
3199 2843 3655 2914 Archiepiscopus
3693 2885 3708 2910 ,
3755 2843 3847 2914 qui

2235 2935 2379 2992 inter
2404 2934 2637 3007 capitula
2678 2951 2744 2991 ex
2784 2936 3021 3007 antiquis
3051 2936 3416 3008 scriptoribus
3463 2947 3726 3009 excerpta
3753 2951 3844 2995 an.

2235 3029 2343 3086 858
2373 3030 2475 3084 hoc
2502 3038 2751 3086 reaenset
2777 3044 2900 3100 cap.
2951 3031 3025 3085 ὃς
3060 3028 3259 3087 Nullus
3281 3029 3536 3086 laicortmt
3574 3031 3850 3102 plusquam

515 3135 676 3179 suum
707 3119 914 3176 obitum
945 3133 1048 3172 non
1081 3126 1299 3187 posset,
1333 3122 1393 3170 ut
1437 3113 1704 3171 secundas
1749 3112 1966 3183 nuptias
2008 3109 2128 3164 adi-
2156 3120 2202 3184 ρ
2236 3126 2370 3180 duas
2410 3140 2595 3181 more,
2624 3124 2807 3179 [ιαυεαι
2836 3139 2855 3178 ε
2881 3124 3023 3197 quod
3064 3139 3184 3181 υσνο
3217 3135 3364 3181 θείη,
3387 3134 3500 3191 αι,
3546 3123 3833 3180 agndum.

522 3227 630 3285 ret,
665 3223 855 3284 auctor
881 3213 1018 3279 fuit;
1050 3210 1347 3268 dutnmodo
1387 3208 1510 3265 illas
1539 3222 1661 3263 cum
1693 3204 1986 3271 catholico,
2021 3218 2129 3258 non

521 3323 645 3363 cum
700 3320 909 3377 pagano
947 3304 1133 3358 iniret.
1187 3301 1307 3356 Non
1368 3299 1546 3355 nullos
1593 3311 1817 3353 movere
1866 3305 2129 3369 possunt,

523 3415 645 3472 qua:
687 3398 854 3454 tradit
884 3397 1216 3454 Ratrautnus
1247 3395 1339 3450 lib.
1376 3410 1429 3448 iv
1476 3402 1663 3448 contra
1690 3390 1914 3463 Graecos
1941 3390 2127 3462 (κανᾶ,

521 3510 653 3555 tom.
682 3512 700 3553 ι
726 3495 1001 3568 Spicilegii
1042 3493 1330 3550 Acheriani
1359 3505 1483 3562 pag.
1517 3487 1618 3545 109
1655 3500 1711 3545 et
1736 3487 1830 3542 lli
1861 3528 1872 3551 ,
1898 3501 2021 3542 cum
2060 3499 2130 3539 ex

522 3588 747 3646 Socrate
774 3586 962 3653 refert,
1000 3582 1726 3649 Constantinopolitanos.....
1760 3579 1811 3632 in
1839 3577 2132 3655 recipiendo

520 3681 599 3736 vel
628 3678 911 3754 rejiciendo
950 3675 1164 3733 binubos
1199 3692 1299 3729 non
1329 3674 1468 3728 idem
1502 3672 1713 3739 sentire,
1737 3671 1826 3725 sed
1867 3686 1973 3755 esse
2000 3668 2134 3723 divi-

520 3790 637 3840 sos;
685 3773 995 3845 quibusdam
1021 3768 1356 3826 sentientibus
1398 3783 1578 3823 eorum
1614 3766 1978 3835 receptiouem,
2012 3766 2129 3835 qui-

525 3866 743 3922 busdam
790 3863 1208 3921 dissentientibus
1247 3871 1416 3915 ratam
1450 3875 1579 3915 esse.
1615 3855 1812 3913 Verum
1855 3856 1945 3927 qui
1974 3872 2002 3910 a
2032 3856 2131 3912 So-

523 3970 671 4016 crate
722 3959 822 4015 lib.
850 3973 900 4023 v,
927 3971 1048 4027 cap.
1079 3954 1171 4022 22,
1226 3953 1483 4010 secundis
1536 3950 1738 4021 nuptiis
1783 3949 1984 4004 inimici
2018 3964 2132 4005 me-

522 4067 829 4123 morantur,
859 4068 965 4109 non
1015 4032 1144 4107 sunt
1176 4048 1468 4116 catholici,
1522 4046 1621 4102 sed
1668 4046 1908 4114 haeretici
1952 4043 2133 4101 Nova-

525 4149 655 4205 tiani
681 4190 695 4216 ,
725 4145 820 4219 qui
848 4143 1081 4202 binubos
1109 4158 1216 4200 non
1239 4139 1601 4212 recipiebant.
1636 4137 1820 4209 Itaque
1851 4153 1915 4192 es
1943 4136 2132 4192 catho-

521 4243 639 4301 licis
664 4244 962 4300 adversum
1008 4237 1276 4295 secundas
1320 4235 1536 4306 nuptias
1564 4239 1797 4303 quatuor
1834 4230 1911 4285 illi
1944 4230 2131 4285 Patres

525 4349 756 4404 tantum,
784 4351 921 4409 quos
948 4333 1391 4395 memoravimus,
1425 4329 1676 4385 acerbius
1724 4325 1999 4397 aliquanto
2047 4322 2129 4377 Io-

522 4433 633 4488 cuti
682 4431 1053 4495 inveniuntur,
1086 4425 1154 4483 de
1179 4438 1411 4496 quorum
1464 4430 1644 4476 tamen
1699 4418 1970 4475 sententia
2018 4431 2126 4471 non

522 4523 657 4579 nihil
687 4531 872 4595 postea
902 4517 1099 4579 dicturi
1129 4487 1318 4573 sumus
1356 4532 1369 4569 :
1400 4512 1587 4569 ca-tcri
1616 4526 1744 4567 vero
1786 4510 1975 4565 Patres
2001 4523 2123 4563 cum
2153 4487 2209 4548 D

521 4615 787 4673 catholica
824 4612 1065 4670 Ecclesia
1091 4610 1357 4669 secundas
1392 4605 1613 4679 quidem
1653 4605 1868 4677 nuptias
1897 4617 2000 4659 non
2035 4603 2127 4657 be-

522 4725 593 4766 ne
618 4720 968 4782 acceperuut,
1003 4706 1277 4777 iidemque
1305 4701 1734 4774 quibuscumque
1778 4704 2003 4767 possent
2041 4708 2128 4746 ar-

520 4804 815 4878 gumentis,
845 4803 913 4857 ab
945 4799 1052 4867 illis
1080 4811 1312 4865 avocare
1355 4793 1539 4848 conati
1580 4797 1706 4843 sunt
1748 4785 2089 4844 Christianos
2110 4824 2126 4852 ,

522 4911 582 4954 ut
609 4897 666 4955 8.
698 4896 847 4955 Zeno
877 4894 1119 4959 studuit;
1165 4905 1273 4947 non
1314 4896 1500 4942 tamen
1539 4898 1632 4939 eas
1671 4897 1766 4952 per
1800 4897 1860 4937 se
1899 4879 2132 4937 inlicitas

521 5007 586 5047 ac
631 4990 949 5046 inhonestas
971 4984 1292 5059 judicarunt
1326 4990 1617 5048 umquam;
1652 4974 1763 5030 imo
1803 4987 1933 5027 vero
1981 4972 2133 5034 Mon-

523 5086 751 5141 tanistas
781 5081 1037 5154 primum,
1067 5074 1196 5131 dein
1234 5069 1599 5137 Novatianos,
1628 5068 1720 5141 qui
1755 5081 1850 5124 eas
1876 5065 2133 5123 condem-

524 5179 727 5236 nabaut
750 5220 765 5246 ,
801 5182 1078 5245 tamquam
1109 5163 1402 5225 luereticos
1441 5161 1746 5220 habuerunt
1770 5171 1825 5218 et
1852 5159 2131 5233 proscrip-

524 5279 738 5328 εει-θυι.

598 5362 791 5418 Plures
827 5372 958 5414 vero
982 5354 1196 5423 Patres,
1229 5350 1459 5424 perinde
1507 5364 1570 5406 ac
1599 5348 1656 5407 8.
1704 5347 1855 5403 Zeno
1876 5388 1891 5413 ,
1942 5344 2134 5401 durius

527 5454 697 5510 multo
726 5450 995 5526 agendum
1027 5454 1286 5520 putarunt
1332 5460 1456 5500 cum
1508 5442 1603 5511 iis,
1636 5445 1729 5515 qui
1760 5439 1946 5497 tertias
1983 5450 2038 5495 et
2066 5453 2133 5495 eo

526 5548 715 5620 plures
746 5545 963 5617 nuptias
990 5549 1370 5613 sequerentur.
1399 5537 1457 5594 S.
1484 5535 1632 5593 Zeno
1654 5534 1873 5608 quidem
1896 5549 2041 5589 num.
2076 5532 2130 5597 6,

528 5659 652 5702 cum
684 5642 760 5697 ait
789 5657 803 5695 :
840 5638 947 5696 Sed
991 5638 1063 5691 sic
1093 5652 1185 5711 ego
1214 5636 1268 5690 in
1293 5632 1444 5690 rebus
1493 5633 1730 5689 demoror
1786 5644 1947 5700 prope
1996 5627 2135 5685 sanis

527 5736 820 5811 (nimirum
852 5734 906 5791 in
942 5729 1198 5788 secundis
1248 5725 1474 5800 nuptiis)
1505 5726 1652 5798 quasi
1679 5739 1796 5795 quia
1848 5737 1962 5778 vere
1990 5737 2136 5778 exsc-

723 5815 743 5838 ο

2236 3219 2373 3272 rium
2400 3221 2643 3289 pertinet.
2677 3219 2797 3288 Ipse
2846 3219 2905 3275 S.
2939 3218 3300 3297 Ambrosius,
3331 3217 3423 3289 qui
3463 3232 3566 3288 pro
3595 3216 3850 3279 secundis

2237 3310 2442 3381 nuptiis
2468 3321 2659 3367 contra
2688 3310 3027 3367 Novatiauos
3065 3310 3336 3366 calculum
3378 3308 3608 3381 posuit,
3666 3308 3851 3378 plures

2239 3402 2458 3473 nuptias
2486 3402 2783 3474 reprobare
2830 3401 3044 3458 videtur
3095 3401 3188 3460 lib.
3232 3401 3301 3457 de
3333 3401 3538 3470 Viduis,
3589 3417 3713 3473 cap.
3757 3401 3846 3467 ll,

2237 3508 2388 3550 num.
2412 3495 2482 3551 68
2508 3512 2520 3550 :
2552 3493 2738 3568 Neque
2789 3496 2923 3550 enim
2968 3494 3301 3566 prohibemus
3336 3494 3588 3550 secundas
3617 3494 3846 3566 nuptias,

2235 3586 2329 3641 sed
2359 3603 2458 3641 non
2511 3586 2911 3643 suademus“...
2937 3587 3056 3655 plus
3086 3587 3226 3654 dico,
3278 3604 3377 3642 non
3407 3586 3739 3657 prohibemus
3765 3602 3851 3640 se-

2236 3680 2431 3734 cundas
2454 3664 2661 3750 nuptias
2686 3723 2700 3747 ,
2731 3679 2820 3735 sed
2847 3697 2949 3737 non
2980 3680 3256 3753 probamus
3284 3697 3420 3750 swpe
3442 3681 3705 3752 repetitas.
3751 3680 3842 3734 Vi-

2237 3770 2431 3827 demus
2459 3771 2678 3843 quidem
2710 3772 2854 3828 aliud
2894 3787 3019 3831 esse
3049 3788 3155 3829 non
3190 3773 3443 3844 probari,
3472 3773 3620 3829 aliud
3653 3787 3844 3843 repro-

2235 3862 2373 3929 bari,
2403 3879 2635 3934 quorum
2662 3864 2893 3919 alterum
2925 3864 3001 3919 rei
3039 3872 3124 3919 est
3145 3880 3253 3921 non
3284 3879 3507 3935 prorsus
3552 3866 3731 3930 bonae,
3761 3865 3845 3919 al-

2239 3964 2415 4012 terum
2449 3958 2605 4027 plane
2633 3958 2821 4024 make;
2851 3956 2948 4015 sed
2982 3957 3084 4015 hoc
3119 3958 3257 4013 satis
3285 3957 3526 4015 ostendit
3549 3997 3565 4024 ,
3596 3974 3704 4029 quo
3726 3959 3847 4019 ani-

2238 4064 2327 4105 mo
2352 4051 2402 4105 in
2440 4050 2679 4107 Ecclesia
2710 4051 2913 4118 nuptiae
2942 4051 3120 4108 tertiae
3164 4058 3221 4107 et
3265 4052 3509 4120 repetita:
3551 4049 3845 4117 ferrentur,

2236 4156 2372 4213 quas
2416 4156 2593 4212 neque
2624 4142 2738 4210 illi,
2765 4142 2859 4214 qui
2898 4142 2997 4199 bas
3039 4142 3214 4199 licitas
3242 4142 3608 4209 defendebant
3636 4151 3850 4212 temne-

2235 4252 2359 4293 rare
2383 4235 2488 4292 sibi
2519 4243 2761 4306 possent,
2791 4235 2922 4308 quin
2952 4234 3057 4293 sibi
3086 4236 3268 4295 minus
3300 4236 3555 4306 probatas
3579 4235 3850 4307 praedica-

2234 4339 2378 4385 rent.

2310 4420 2444 4477 llinc
2493 4429 2677 4477 autem
2728 4418 2928 4494 gradus
2960 4426 3105 4490 patet
3137 4418 3203 4477 ad
3233 4418 3455 4476 Patrum
3486 4428 3721 4477 mentem
3751 4419 3853 4476 ad-

2233 4511 2606 4582 sequendaut,
2646 4529 2770 4571 cum
2835 4511 2954 4568 illas
3009 4511 3299 4584 adulterio,
3359 4512 3447 4568 vel
3502 4512 3851 4569 fornicationi

2232 4606 2583 4677 deputarunt.
2631 4606 2745 4663 lloc
2793 4605 3011 4661 nomine
3041 4622 3151 4661 non
3179 4622 3269 4663 eas
3302 4621 3400 4679 per
3430 4619 3491 4663 se
3520 4605 3694 4664 malas
3720 4620 3852 4663 esse

2236 4701 2490 4759 volebant
2531 4699 2757 4773 intelligi
2785 4697 2944 4774 [οιιι]
2973 4698 3118 4756 unde
3148 4715 3252 4759 non
3280 4698 3531 4757 absolute
3559 4698 3849 4767 adulterii,

2235 4807 2326 4851 aut
2376 4794 2572 4853 fornie.
2601 4804 2960 4860 accusarunt;
3015 4795 3113 4853 sed
3159 4794 3571 4851 immoderatam
3611 4793 3665 4849 in
3708 4793 3850 4863 ipsis

2235 4887 2525 4961 quamdam
2578 4885 2857 4943 libidinem
2903 4886 3006 4943 sibi
3052 4888 3377 4945 videbantur
3406 4885 3845 4958 deprehendere,

2236 4997 2358 5055 quae
2384 4981 2486 5038 etsi
2515 4979 2642 5038 dum
2671 4981 2727 5037 in
2756 4980 2959 5051 nuptiis
3006 4980 3363 5047 consiSteret,
3411 4988 3605 5035 verum
3632 4979 3848 5035 adulte-

2237 5077 2378 5132 rium
2425 5086 2518 5131 aut
2549 5074 2832 5134 l'ornicatio
2899 5072 3006 5132 dici
3071 5089 3177 5130 non
3228 5082 3471 5146 poterat;
3530 5083 3710 5130 tamen
3772 5071 3849 5130 ob

2234 5162 2559 5225 indomitum
2617 5168 2913 5238 voluptatis
2980 5166 3232 5226 allectum
3306 5166 3486 5227 simile
3562 5164 3846 5237 quidpiam

2240 5258 2501 5333 praeferre
2520 5257 2824 5325 videbatur,
2851 5268 2908 5314 nt
2934 5258 3274 5326 adulterium,
3297 5258 3394 5315 sed
3422 5256 3686 5325 decorum;
3717 5272 3847 5314 cum

2240 5352 2606 5425 Athenagora,
2640 5351 2938 5424 fornicatio,
2966 5350 3062 5408 sed
3094 5352 3365 5423 castigata,
3390 5365 3513 5409 cum
3541 5350 3765 5417 Basilio,
3793 5358 3852 5411 et

2245 5444 2619 5513 honesta,eum
2644 5435 2841 5516 Operis
2871 5443 3425 5515 lmperfectiauctore
3454 5454 3636 5516 posset
3660 5443 3852 5515 appel-

2240 5539 2337 5597 lari
2363 5581 2377 5604 ,
2409 5548 2470 5593 ut
2494 5554 2562 5594 ne
2591 5546 2773 5593 tamen
2808 5536 3012 5595 idcirco
3041 5554 3137 5595 seu
3167 5537 3398 5610 bigamia
3421 5577 3439 5604 ,
3469 5551 3566 5594 seu
3599 5536 3850 5608 repetita:

2241 5629 2443 5700 nuptiae
2470 5644 2598 5686 vere
2625 5630 2693 5687 ab
2718 5629 2784 5687 iis
2812 5628 3062 5686 Patribus
3102 5629 3371 5687 deamata:
3401 5629 3711 5687 credantur.
3746 5629 3854 5697 Qui

2242 5723 2418 5790 enirn,
2448 5719 2494 5779 si
2526 5721 2694 5781 malus
2715 5737 2777 5778 ac
2799 5720 3082 5779 damnatas
3101 5730 3405 5797 putassent,
3434 5722 3666 5790 decoras,
3698 5723 3859 5776 casti-
