4242 6168
536 187 641 245 155

1910 174 2455 234 PROLEGOMENA.

3741 168 3844 225 I36

535 318 629 359 eas
658 310 905 369 excusat,
936 309 992 356 et
1019 296 1343 371 quandoque
1373 295 1566 367 majori
1597 292 1758 353 laude
1786 292 1977 362 dignas
2011 306 2140 359 pos-
2169 298 2339 373 Aeas
2378 290 2745 364 experiretur,
2772 288 3027 347 maluerit
3065 300 3098 345 e
3140 284 3416 343 contrario
3445 285 3526 340 uri
3549 298 3707 355 quam
3750 298 3847 337 nu-

536 409 596 450 se
627 394 853 451 inveniri
894 391 1108 464 probat,
1133 404 1296 461 quam
1316 404 1438 460 quae
1478 388 1598 442 unis
1628 386 1828 457 nuptiis
1854 384 1921 440 ad
1947 398 2137 439 senec-

536 495 705 543 tutem
736 500 908 555 usque
935 481 1116 555 potius
1146 481 1324 550 sunt);
1352 479 1448 535 sed
1467 495 1599 535 anus
1625 478 1933 546 alloquitur»
1952 484 2138 530 noster

538 578 598 635 S.
626 578 888 642 Antistes,
926 590 1041 647 qua:
1064 590 1200 644 saepe
1223 573 1457 628 uidentur
1496 586 1642 627 nova:
1693 580 1890 641 nuptm,
1921 569 1973 623 itt
2020 568 2139 639 qui-

535 671 638 727 bus
665 668 1065 726 incontinentis:
1098 665 1396 737 periculum
1440 663 1774 720 cOnsiderari
1818 679 1924 716 non
1955 661 2135 725 solet,

536 762 634 819 sed
664 775 845 817 merus
871 758 1113 815 libidinis
1138 773 1311 827 amor,
1343 757 1435 829 qui
1461 756 1627 812 dubio
1656 755 1845 827 procul
1877 754 2138 809 damnau-

534 854 637 912 dus
662 863 765 922 est,
795 863 850 910 et
873 852 945 911 ob
966 855 1142 924 ipsum
1166 849 1434 922 ejusmodi
1452 848 1655 917 nuptiae
1681 863 1797 904 aere
1824 844 2140 902 exsecranda

534 950 754 1006 crimina
805 948 912 1004 dici
951 946 1185 1018 quodam
1215 944 1376 1001 modo
1410 955 1652 1016 patuere.
1680 940 1891 998 Caetera
1941 954 2138 1012 porro,

536 1060 657 1115 quae
677 1041 847 1109 addit,
905 1056 1083 1098 causas
1107 1054 1362 1110 congrua:
1391 1047 1445 1093 et
1474 1036 1774 1108 probabilis
1803 1035 2007 1091 limites
2031 1047 2141 1088 non

535 1137 909 1210 egrediuntur,
940 1134 1136 1207 quibus
1185 1132 1443 1188 honestas
1484 1130 1735 1203 quredam
1782 1127 1987 1194 civilis,
2034 1142 2141 1183 non

537 1241 721 1288 autem
752 1230 933 1286 divina
966 1228 1053 1285 lex
1078 1226 1147 1282 ab
1175 1225 1285 1281 illis
1307 1225 1504 1280 violata
1525 1223 1900 1278 convincatur.

610 1325 785 1382 Unum
811 1322 913 1379 sub
944 1322 1106 1377 linem
1127 1317 1581 1375 considerandum
1609 1316 1842 1371 maxime
1867 1322 1974 1382 est,
2000 1311 2145 1384 quod

538 1420 809 1490 insignem
851 1417 919 1472 ad
969 1416 1157 1471 Patres
1202 1410 1561 1472 vindicandos
1586 1409 1792 1466 aditum
1824 1407 1982 1463 nobis
2009 1420 2145 1477 ape-

538 1514 666 1569 ruit.
697 1511 987 1581 Postquam
1020 1510 1163 1565 ettim
1194 1506 1251 1563 S.
1301 1504 1608 1575 Episcopus
1650 1514 1839 1559 contra
1887 1499 2146 1571 repetitas

540 1603 853 1677 bujusmodi
895 1602 1111 1674 nuptias
1154 1599 1485 1672 disputavit,
1519 1594 1725 1652 affectu
1755 1591 1991 1664 quodam
2023 1591 2144 1646 ino-

2239 384 2377 450 bere,
2407 393 2465 440 ut
2490 400 2555 441 ex
2586 383 2863 440 historicis
2899 397 2931 437 a
2970 380 3163 438 Servio
3191 378 3439 451 allegatis
3480 376 3849 433 Tertullianus

2239 487 2509 536 memorat
2535 478 2631 535 lib.
2665 478 2733 534 de
2757 474 3095 548 Monogamia
3136 488 3259 544 cap.
3302 473 3391 539 l7,
3435 471 3527 541 qui
3584 476 3848 541 praeterea

2240 573 2392 629 addit
2414 573 2551 629 alias
2580 571 2720 643 apud
2752 571 3003 627 ethnicos
3047 568 3236 634 fuis~e,
3269 581 3384 638 quae
3409 581 3508 637 pro
3547 563 3674 618 viris
3717 560 3848 616 mori

2240 667 2472 736 mallent,
2494 682 2650 738 quam
2678 665 2829 720 alteri
2857 663 3064 719 nubere.
3118 660 3253 717 Vide
3280 653 3459 716 etiam
3492 656 3551 715 S.
3582 656 3849 726 Hierony-

2243 774 2390 814 mum
2409 761 2574 830 episl.
2600 758 2703 813 l23
2722 757 2853 813 edit.
2877 756 3081 813 Veron.
3111 752 3177 809 ad
3196 750 3583 825 Agcrucltiatn,
3613 764 3765 806 num.
3789 747 3846 802 8.

2242 851 2303 907 In
2332 852 2569 923 antiquis
2596 851 2905 908 Germaniae
2951 850 3164 923 populis
3217 849 3343 904 licet
3388 844 3634 902 barbaris
3666 845 3852 914 plures

2245 944 2493 1002 civitates
2513 954 3014 1001 commemorantur
3032 958 3063 1000 a
3086 943 3276 1000 Tacito
3303 942 3357 998 in
3390 941 3531 998 libro
3550 941 3619 997 de
3645 939 3848 996 Morib.

2245 1036 2665 1105 Germanorum,
2686 1053 2741 1093 n.
2760 1035 2882 1106 6,.in
2907 1036 3091 1107 quibus
3119 1045 3320 1090 tantum
3340 1036 3559 1107 virgines
3584 1034 3849 1101 nuberem,

2247 1140 2302 1188 et
2325 1131 2577 1188 secunda:
2606 1132 2807 1201 nuptis:
2833 1131 2997 1186 nulla:
3024 1129 3417 1196 audiebantur;
3454 1143 3578 1184 nam
3625 1128 3722 1194 sic,
3766 1127 3854 1182 in-

2247 1224 2383 1295 quit,
2409 1241 2570 1279 unum
2596 1224 2861 1297 accipiunt
2889 1224 3157 1291 maritum,
3180 1222 3434 1294 quomoda
3458 1237 3620 1276 unum
3644 1236 3854 1293 corpus,

2248 1333 2404 1372 unam
2431 1319 2608 1385 vitam,
2642 1334 2735 1373 nec
2761 1317 2870 1372 ulla
2895 1316 3137 1389 cogitatio
3174 1317 3311 1370 ultra
3335 1356 3351 1383 ,
3385 1331 3477 1370 nec
3518 1313 3718 1386 longior
3761 1329 3855 1366 cu-

2251 1411 2459 1483 piditas.
2477 1410 2691 1482 Insigne
2712 1412 2765 1465 in
2790 1411 2929 1467 hanc
2950 1408 3546 1467 rem-Theutonicarum
3564 1406 3856 1462 mulierum

2250 1504 2426 1576 prodit
2456 1502 2764 1573 exemplum
2789 1502 3040 1558 laudatus
3065 1502 3427 1573 llieronymus
3455 1499 3579 1555 loco
3600 1498 3854 1568 allegato,

2251 1615 2374 1671 quae
2401 1614 2471 1656 ne
2498 1598 2740 1655 secundo
2768 1598 2975 1653 nubere
3004 1605 3352 1668 cogerentur,
3382 1602 3610 1649 mortem
3642 1592 3861 1648 sibimet

539 1706 727 1778 pinato
750 1703 1005 1776 percitus,
1035 1714 1188 1756 num.
1209 1699 1265 1765 6,
1296 1697 1351 1753 in
1378 1696 1495 1751 haec
1512 1692 1780 1762 erumpit:
1808 1689 1947 1758 Quid
1972 1702 2147 1759 agam,

2254 1693 2390 1765 ipsis
2433 1692 2823 1749 consciverunt
2853 1708 2867 1745 :
2897 1688 3042 1762 quod
3095 1689 3275 1759 ipsum
3332 1695 3561 1743 testatur
3610 1684 3860 1741 Valerius

536 1816 639 1871 quo
662 1814 745 1853 me
768 1806 981 1862 vertant,
1008 1793 1178 1849 nescia
1209 1807 1227 1845 :
1254 1806 1359 1845 nan
1383 1788 1520 1844 enim
1544 1786 1710 1847 uideo,
1739 1783 1863 1855 quid
1888 1783 1943 1836 in
1963 1781 2146 1836 exhor-

538 1890 815 1947 tationibus
836 1888 1011 1944 Diaini
1031 1903 1094 1941 ac
1117 1885 1222 1940 veri
1246 1884 1413 1938 cultus
1441 1880 1688 1936 Gentibus
1715 1877 2010 1949 prtedicem.
2036 1872 2161 1949 Fe-.

539 1982 847 2038 licitatemne
871 1976 1184 2049 virginitatis
1205 1976 1230 2029 ?
1254 1990 1315 2027 ac
1364 1971 1552 2029 habent
1603 1986 1725 2025 suas
1764 1967 1984 2039 virgines
2012 1982 2031 2019 :
2053 1964 2150 2020 etsi

542 2092 645 2132 non
674 2074 866 2148 felices,
897 2072 1081 2126 habent
1105 2079 1297 2124 tamen.
1337 2065 1437 2122 Sin
1460 2080 1579 2120 vero
1601 2063 1669 2117 ad
1696 2061 1961 2118 viduitatis
1992 2058 2147 2115 sudo-

540 2184 649 2224 rem
670 2167 954 2239 gloriosum
973 2162 1297 2237 palmamque
1322 2171 1703 2243 prqvacavera;
1737 2153 1881 2208 nobis
1911 2152 2149 2223 fortassis

540 2262 807 2325 insultent,
836 2259 960 2331 quia
986 2265 1174 2312 nostra:
1210 2268 1373 2310 sacra:
1419 2251 1641 2323 uirgines
1666 2248 1931 2319 viduazque
1959 2261 2149 2319 magno

544 2371 638 2429 pro
667 2350 1069 2410 immortalitatis
1097 2347 1333 2422 praemia,
1363 2359 1489 2429 sum
1508 2353 1678 2398 autem
1700 2340 1864 2414 gratis
1893 2338 2146 2393 labarent.

556 2451 745 2506 Verum
772 2447 871 2503 hoc
892 2456 966 2502 est
1015 2444 1186 2501 solum
1231 2457 1323 2495 nos
1362 2443 1418 2493 in
1461 2425 1564 2509 quo
1604 2436 1874 2501 vincimus,
1906 2433 2027 2504 quia
2054 2446 2150 2503 pro

539 2560 635 2600 sua
650 2542 919 2597 sanctitate
931 2535 1239 2595 Christiana:
1261 2532 1381 2605 plus
1398 2531 1617 2605 nubunt.
1637 2527 1765 2583 Haec
1780 2535 1965 2582 autem
1992 2523 2150 2580 nobis

542 2634 783 2693 indicare
810 2630 1062 2689 videntur
1099 2602 1343 2692 causam,
1386 2602 1485 2679 c'ur
1530 2621 1717 2677 Sancti
1773 2618 1964 2674 Patres
2001 2626 2151 2671 tanto

540 2725 720 2786 studio
747 2738 843 2796 per
862 2739 928 2780 ea
946 2732 1192 2792 tempora
1219 2716 1483 2773 adversus
1528 2712 1819 2784 bigatniam
1864 2718 1922 2765 et
1966 2706 2150 2779 plures

541 2822 760 2894 nuptias
789 2813 1250 2877 declamaverint;
1279 2818 1337 2866 et
1359 2823 1478 2876 cur,
1511 2815 1570 2861 ut
1617 2804 1701 2859 his
1738 2804 1950 2859 obicem
1982 2814 2151 2872 pone-

537 2923 684 2980 rent,
730 2909 978 2982 pluribus
1028 2904 1335 2963 cauonibus
1381 2897 1705 2963 laborarint,
1748 2894 1947 2965 quibus
1994 2894 2149 2963 biga-

545 3006 648 3064 mis
678 3003 759 3078 (l)
786 3012 842 3059 et
888 2997 1192 3056 sacerdotio
1224 2992 1583 3059 interdixere,
1616 2998 1671 3045 et
1684 3003 1781 3045 eos
1812 2984 2150 3058 paenitentiae

543 3097 626 3173 (2)
646 3095 951 3167 subiecere,
982 3100 1056 3156 et,
1090 3087 1235 3161 quod
1261 3103 1328 3143 ex
1355 3079 1695 3173 Hier0tt.t5)
1722 3079 2004 3173 discimus,
2024 3089 2151 3147 pro—
2176 3091 2223 3156 ρ

546 3169 775 3247 ltibuere
792 3182 1173 3243 Ecclesiasdca
1191 3181 1352 3251 stipe,
1372 3192 1494 3247 quae
1512 3176 1562 3230 itt
1580 3171 2009 3230 Christianorum
2024 3169 2152 3225 sub.

546 3284 746 3342 sidium
802 3276 974 3353 [cxtv]
1004 3275 1463 3338 distribuebatur;
1505 3270 1842 3338 vetitumque
1883 3272 2153 3337 praeterea

468 3382 481 3395 '
548 3378 730 3443 fuerit,
763 3391 831 3430 ne
849 3376 1087 3445 ipsorum
1105 3365 1459 3438 conviviis“)
1477 3362 1732 3421 adessent
1756 3360 2156 3432 presbyteri,et

548 3488 618 3529 ne
642 3484 797 3526 sacra
812 3466 1041 3533 oblatio,
1072 3459 1400 3524 benedictio,
1432 3467 1489 3514 et
1515 3470 1718 3512 corona
1748 3468 1844 3510 seu
1878 3452 2151 3518 velamen,

546 3564 747 3638 quibus
816 3559 1149 3616 univirarum
1215 3554 1418 3624 nuptiae
1492 3548 1575 3622 (5)
1648 3545 2151 3610 sanctiﬁcabantur,

549 3657 743 3715 iisdem
771 3654 1141 3711 adhiberetur.
1169 3646 1325 3719 Apud
1352 3644 1557 3703 Gentes
1585 3643 1843 3698 nimirum
1871 3641 1945 3695 ita
1968 3646 2156 3694 sancte

548 3749 851 3824 conjugalis
879 3744 984 3802 tori
1013 3742 1238 3800 castitas
1285 3736 1698 3802 observabatur,
1745 3743 1803 3789 ut
1845 3739 1968 3803 post
1997 3730 2156 3802 primi

550 3848 652 3904 viri
680 3853 911 3901 mortem
951 3838 1046 3895 alii
1086 3847 1428 3907 nequaquam
1475 3829 1683 3886 nubere
1732 3826 1991 3882 mulieres
2028 3824 2157 3881 reli-

551 3941 696 4014 gioni
726 3936 1008 3993 haberent.
1044 3928 1365 3998 Exemplum
1411 3922 1641 3993 hujusce
1692 3918 1777 3976 rei
1818 3917 2154 3974 luculentum

551 4010 636 4093 ἔδει
660 4035 714 4091 in
744 4028 1037 4098 Penelope,
1083 4039 1205 4097 qua:
1251 4021 1318 4076 ad
1360 4016 1631 4076 secundas
1663 4013 1881 4084 nuptias
1911 4027 1943 4067 a
1973 4010 2157 4066 multis

551 4126 867 4191 sollicitata,
908 4129 1133 4178 strenue
1160 4112 1394 4181 restitit,
1422 4125 1544 4168 cum
1572 4118 1630 4166 et
1654 4105 1835 4163 mariti
1887 4102 2049 4160 (idem
2101 4112 2158 4159 et

552 4219 738 4295 populi
792 4215 993 4271 famam
1038 4216 1345 4271 vereretur,
1379 4212 1437 4258 ut
1466 4217 1537 4258 ex
1571 4199 1744 4270 ipsius
1771 4195 1953 4253 verbis
1990 4195 2157 4264 liquet

552 4287 696 4385 apud
745 4309 1041 4367 Homerum
1088 4300 1282 4375 Odyss.
1316 4313 1428 4353 th.
1490 4294 1663 4364 Quam
1723 4292 1777 4346 in
1829 4287 2155 4346 sententiam

553 4382 730 4473 Dido,
780 4400 923 4474 apud
972 4397 1283 4470 Virgilium,
1317 4388 1538 4448 Aineid.
1592 4403 1666 4452 ιν,
1723 4392 1780 4441 ιιι
1824 4382 2157 4456 signiﬁcaret

2251 1782 2538 1853 Maximus,
2556 1785 2654 1841 lib.
2699 1800 2784 1853 vr,
2835 1799 2957 1855 cap.
2991 1785 3045 1839 1.
3079 1781 3381 1838 Pausanias
3408 1786 3462 1836 in
3497 1777 3863 1835 Corinthiacis

2250 1882 2347 1938 lib.
2378 1898 2436 1948 tt,
2469 1897 2519 1937 c.
2551 1880 2645 1947 2i,
2673 1880 2779 1935 hoc
2802 1879 2933 1935 olim
2960 1877 3104 1946 apud
3133 1877 3358 1933 Graecos
3394 1884 3631 1930 sanctum
3675 1882 3724 1926 et
3772 1887 3861 1926 so-

2252 1975 2420 2030 lemne
2448 1974 2653 2043 feminis
2682 1974 2842 2047 fuisse
2871 1970 3075 2043 prodit,
3098 1980 3180 2037 ut,
3205 1970 3375 2041 priore
3401 1968 3746 2030 viromortua,
3777 1981 3859 2020 se-

2251 2069 2435 2124 cundis
2478 2068 2677 2139 nuptiis
2727 2067 3073 2133 abstinerent;
3104 2072 3161 2120 et
3187 2063 3444 2120 similiter
3494 2060 3779 2133 Euripides
3808 2059 3864 2115 in

2253 2162 2484 2230 AlceSl.,
2518 2177 2663 2218 vers.
2691 2160 2830 2227 464,
2862 2170 3016 2231 turpe
3063 2169 3120 2216 et
3166 2173 3395 2215 exosum
3444 2155 3587 2228 apud
3644 2154 3865 2212 eosdem

2252 2257 2422 2313 fuisse
2439 2255 2697 2321 ostendit,
2722 2254 2770 2310 si
2789 2255 2891 2320 vir,
2912 2268 3083 2309 uxore
3097 2262 3332 2319 mortua,
3358 2250 3522 2306 aliam
3538 2248 3641 2304 sibi
3659 2247 3868 2318 junxis—

2253 2358 2379 2417 set;
2412 2349 2495 2406 sic
2521 2348 2667 2405 enim
2700 2346 2775 2403 ibi
2801 2346 3005 2403 chorus
3030 2346 3263 2417 loquens
3294 2343 3569 2400 inducitur
3596 2358 3612 2397 :

2349 2442 2405 2491 Si
2428 2445 2597 2491 autem
2616 2452 2797 2489 novum
2821 2436 3041 2500 elegerit
3063 2437 3267 2487 maritus
3284 2443 3463 2500 torum,

2348 2502 2480 2554 Sane
2507 2515 2741 2567 perquam
2761 2500 2882 2550 mihi
2904 2500 3056 2550 fuerit
3075 2512 3272 2550 exosus.

2254 2585 2313 2642 1d
2341 2586 2519 2657 ipsum
2549 2600 2714 2656 penes
2743 2584 3018 2639 Romanos
3035 2585 3287 2654 antiquos
3310 2581 3547 2652 viguisse
3573 2579 3738 2635 refert
3762 2576 3867 2634 Va-

2256 2676 2421 2740 lerius
2450 2677 2736 2740 Maximus,
2766 2674 2862 2730 lib.
2897 2690 2959 2740 tt,
2985 2689 3107 2745 cap.
3144 2675 3197 2740 l,
3228 2688 3380 2729 num.
3405 2673 3461 2736 '5,
3495 2670 3585 2726 ubi
3606 2669 3868 2726 matronis

2255 2770 2486 2827 univiris
2542 2769 2811 2840 pudicitia:
2857 2783 3116 2824 coronam
3162 2768 3230 2824 ab
3273 2766 3512 2838 antiquis
3562 2766 3865 2836 impositam

2257 2864 2418 2920 tradit
2445 2880 2461 2919 :
2490 2879 2522 2920 e
2549 2871 2738 2918 contra
2764 2876 2895 2917 vero
2923 2860 3356 2931 intemperantiae
3402 2868 3585 2913 notant
3614 2873 3676 2913 ac
3704 2857 3864 2913 lasci-

2255 2956 2376 3013 vide
2418 2972 2515 3013 eas
2555 2954 2786 3012 subiisse
2833 2953 3020 3021 refert,
3072 2968 3192 3022 qua!
3240 2951 3306 3005 ad
3352 2950 3620 3007 secundas
3654 2950 3867 3020 nuptias
3912 2986 3915 2987 ν

2256 3051 2593 3107 transissent.
2641 3048 2771 3115 Qua:
2813 3063 2915 3102 uno
2960 3055 3210 3102 contenta:
3252 3044 3584 3099 matrimonia
3638 3047 3863 3112 fuerant,

2258 3161 2447 3200 corona
2472 3143 2733 3215 pudicitia:
2758 3140 3176 3207 Itanarabanlur;
3199 3136 3562 3215 existimqbaut
3585 3138 3718 3190 enim
3746 3150 3869 3190 eum

2259 3237 2517 3309 prtecipue
2561 3246 2812 3290 matrona:
2840 3234 3041 3290 sincera
3079 3231 3182 3301 ﬁde
3225 3231 3586 3299 incorruptum
3615 3243 3723 3281 esse
3752 3226 3871 3280 ani-

2258 3346 2419 3398 mum,
2450 3330 2539 3401 qui
2559 3339 2674 3400 post
2700 3328 2948 3397 depositis
2972 3324 3281 3397 virginitatis
3311 3322 3498 3386 cubile,
3531 3321 3583 3375 in
3607 3319 3869 3390 publicum

2258 3424 2431 3495 egredi
2455 3424 2693 3486 nesciret.
2710 3422 2989 3477 multarum
3010 3418 3457 3475 matrimoniorum
3474 3413 3864 3485 experientiam,

2256 3519 2404 3591 quasi
2448 3519 2688 3593 legitima:
2729 3518 3002 3590 cujusdam
3050 3512 3458 3583 intemperantia:
3501 3509 3704 3581 signum
3757 3522 3868 3561 esse

2256 3614 2538 3668 credentes.
2583 3611 2728 3667 Idem
2776 3611 2937 3666 etiam
2979 3607 3217 3664 sensisse
3244 3604 3522 3661 Romanos
3549 3615 3661 3658 sua:
3691 3599 3868 3657 tetatis

2258 3706 2390 3759 satis
2418 3704 2622 3759 indicat
2646 3702 2870 3758 Publius
2893 3700 3086 3772 Syrus,
3118 3710 3277 3753 versu
3305 3693 3411 3750 284
3438 3711 3451 3748 :

2353 3816 2553 3869 Habent
2573 3814 2734 3865 locum
2757 3812 3003 3866 maledicti
3027 3810 3217 3861 crebra:
3241 3808 3443 3872 nuptiae.

2259 3913 2314 3959 et
2344 3916 2505 3956 versu
2530 3898 2641 3955 482
2667 3916 2681 3953 :

2355 3991 2532 4043 Mulier
2554 4004 2667 4056 qua:
2684 3989 2851 4042 multis
2872 3990 3046 4053 nubet,
3070 3987 3239 4040 multis
3255 3999 3352 4037 non
3374 3983 3551 4050 placet.

2260 4100 2372 4157 Has
2396 4100 2652 4156 nimirum
2672 4098 2851 4154 minus
2875 4094 3098 4169 pudicas
3121 4095 3289 4151 fuisse
3313 4109 3343 4147 a
3366 4087 3627 4147 Romanis
3649 4085 3867 4165 habitas

2261 4193 2385 4249 inde
2404 4192 2665 4263 colligere
2693 4191 2840 4257 licet,
2870 4188 3016 4261 quod
3061 4190 3297 4259 positum
3353 4182 3543 4240 Roma:
3595 4178 3870 4252 pudicitiae

2259 4287 2472 4358 signum
2498 4286 2764 4357 attingere
2803 4292 3137 4341 vetarentur.
3169 4281 3303 4338 Nam
3334 4277 3598 4351 pudicitia:
3632 4276 3865 4347 signum,

2261 4380 2436 4452 inquit
2460 4380 2654 4437 Festus
2682 4379 2750 4435 ad
2776 4378 3000 4435 verbum
3026 4378 3305 4434 PUDIGI'I‘IA
3322 4417 3337 4442 ,
3372 4375 3518 4446 nefas
3552 4379 3625 4427 est
3653 4370 3863 4440 attingi,

553 4464 615 4559 se
685 4464 832 4555 non.
860 4464 1148 4565 nupturam
1213 4486 1445 4556 amplius
1509 4490 1632 4554 post
1683 4477 1845 4550 primi
1910 4474 2156 4545 conjugis
2183 4481 2235 4541 ι)
2260 4475 2362 4529 nisi
2380 4474 2444 4530 ab
2472 4490 2565 4542 ea,
2593 4489 2708 4546 qm
2732 4472 2891 4529 semel
2939 4472 3132 4544 nupsit.
3180 4468 3435 4540 Apertius
3463 4464 3722 4522 Martialis
3748 4479 3869 4519 tnu-

552 4591 757 4651 obitutu
782 4630 798 4658 ,
871 4585 1040 4643 multa
1100 4581 1391 4638 adversum
1434 4589 1495 4630 se
1560 4572 1736 4642 primo
1805 4568 2152 4638 imprecatur,

554 4680 1001 4836 “mxumi,
1026 4777 1172 4832 quam
1195 4771 1248 4815 te
1272 4758 1448 4812 violem
1464 4794 1479 4821 ,
1505 4760 1590 4804 aut
1613 4757 1696 4804 tua
1714 4751 1826 4815 jura
1846 4746 2105 4801 resolvam.
2121 4792 2137 4804 ,

553 4862 693 4919 Tum
722 4860 842 4916 lucc
862 4856 932 4914 de
961 4851 1190 4923 conjuge
1217 4845 1436 4916 subjicit
1455 4883 1471 4909 ,
1506 4854 1651 4895 vers.
1674 4838 1747 4893 28
1781 4853 1794 4890 :

648 4951 740 5003 Ille
764 4960 921 5005 meos.
947 4945 1131 5005 primus
1150 4939 1235 5002 qui
1259 4948 1340 4985 tne
1362 4934 1454 4985 sibi
1473 4931 1659 5005 junxit,
1684 4940 1880 5005 amores

649 4960 740 5003 Ille
764 4960 921 5005 meos.
979 4960 1131 4994 l‘lmus
1150 4960 1235 5002 qur
1259 4960 1340 4985 ulc
1362 4960 1454 4985 arm
1473 4960 1659 4995 ,ιι-αλιι,
1684 4960 1812 4978 αιιιυι
1825 4960 1880 4977 ιο

649 5009 865 5066 Abstulit
884 5023 898 5059 :
917 4960 1005 5058 ich
1027 5005 1210 5054 habeat
1227 5011 1416 5057 secum,
1436 5001 1707 5055 servetque
1724 4989 1952 5054 sepulcro
1973 5002 1985 5039 :

557 5083 743 5172 anue
767 5108 876 5152 tam
924 5088 1085 5147 fortis
1111 5088 1164 5143 itt
1196 5086 1299 5140 hoc
1328 5081 1605 5154 proposito
1634 5075 1755 5143 l'uit,
1785 5083 1845 5130 ut
1878 5088 2000 5130 cum
2024 5070 2160 5142 regis

558 5162 764 5264 nuptias
795 5186 940 5244 ultro
967 5193 1156 5255 optare
1184 5176 1488 5240 debuisset,
1541 5186 1610 5227 ne
1657 5178 1837 5225 tamen
1887 5162 2157 5222 secundas

632 5371 710 5445 (Ι)
752 5367 845 5427 Sic
889 5364 1052 5422 etiam
1106 5355 1246 5485 aggd
1306 5350 1550 5411 Gentiles
1596 5342 1907 5427 sacerdotes
1958 5336 2157 5410 bigami

632 5459 682 5485 πρ
703 5456 808 5485 ιιηιι
843 5442 1111 5485 notet-ant.
1216 5427 1365 5483 rvius
1401 5425 1455 5479 in
1507 5435 1560 5475 tv
1591 5415 1854 5474 Enettlos
1881 5428 1897 5479 ;
1927 5409 2157 5469 Tertul-

559 5409 1365 5509 ess‘é’n613"p513}'§htis;ivnis
1401 5425 1473 5509 i.n_
1507 5435 1560 5475 tv
1591 5415 1854 5474 Aineidos
1881 5428 1897 5479 ;
1927 5409 2159 5469 Tertul-

558 5495 765 5579 asins;
786 5495 858 5567 δέ
884 5502 1221 5579 Μοῃρμιιιίε
1250 5511 1371 5567 cap-
1408 5495 1497 5579 Ψ·

1257 5555 1379 5625 ca'n.
1413 5567 1492 5661 ὄις
1527 5560 1756 5620 Basilius
1784 5570 1873 5629 ep.
1905 5555 1943 5609 2
1988 5564 2156 5609 cano-

556 5636 1252 5723 nidfadvAmpltilocltiuttt,
1285 5656 1406 5723 cati.
1437 5636 1492 5692 4.
1765 5703 1781 5723 1
1806 5699 1822 5723 ι
1879 5714 1978 5723 “ﬂ
2051 5693 2156 5723 my:

627 5693 1541 5804 dbviniattutu
1583 5721 1734 5764 nunt.
1762 5699 1851 5771 ll,
1879 5714 2001 5771 pag.
2051 5693 2159 5752 265

2262 4566 2453 4622 licrum
2486 4566 2753 4638 ejusmodi
2794 4566 3002 4638 pluries
3051 4563 3367 4620 nubentiutn
3395 4556 3870 4629 intemperantiam

2261 4660 2507 4716 adulterii
2573 4668 2701 4717 nota
2758 4659 2974 4715 inurere
3020 4673 3127 4713 non
3172 4651 3441 4713 dubitavit
3511 4649 3788 4722 Epigram.
3837 4650 3874 4705 5

2262 4754 2358 4813 lib.
2382 4766 2468 4811 VI:

2353 4848 2474 4908 Quae
2498 4849 2645 4899 toties
2665 4846 2950 4908 nubit.rnon
2970 4843 3133 4908 nubit,
3157 4839 3380 4908 adultera
3403 4837 3524 4901 lege
3544 4840 3655 4897 est;

2450 4909 2682 4961 Oll'endar
2705 4902 2892 4959 mtueba
2914 4902 3214 4969 simpliciore
3236 4902 3416 4952 minus.

2270 4996 2338 5052 Et
2388 4994 2637 5051 similiter
2674 4990 3108 5062 Quinctilianus,
3163 4986 3449 5041 declamat.
3501 4982 3630 5049 506,
3684 4980 3873 5050 plures

2264 5091 2480 5161 nuptias
2508 5086 2733 5142 nubendi
2756 5085 3033 5155 quamdam
3051 5078 3430 5151 impudicitiam
3454 5074 3710 5148 appellat.
3742 5071 3874 5127 Hmc

2262 5182 2424 5255 igitur
2479 5196 2603 5238 cum
2655 5176 2799 5251 apud
2849 5176 3096 5232 ethnicos
3135 5173 3393 5229 adversus
3424 5168 3606 5242 plures
3651 5166 3874 5237 nuptias

2265 5346 2396 5393 tom.
2429 5352 2467 5392 ιι
2520 5334 2654 5391 edit.
2701 5328 2831 5388 Ver.
2886 5339 2942 5386 et
2979 5282 3141 5402 epist.
3194 5326 3319 5394 125,
3368 5323 3435 5381 ad
3482 5320 3871 5395 Agerucbiam,

2264 5425 2414 5466 num.
2447 5410 2500 5463 7.

2337 5480 2419 5555 (ci)
2459 5472 2941 5555 Goncil._Neocaes.
2972 5487 3094 5530 can.
3115 5471 3181 5555 :7:

2338 5535 2826 5626 (sngertullianus
2851 5544 2947 5602 lib.
2983 5560 3022 5601 tt
3064 5541 3130 5599 ad
3162 5539 3331 5626 Uxor.
3365 5555 3416 5598 c.
3448 5540 3503 5599 9.
3543 5535 3873 5595 Ambrosius

2264 5622 2360 5696 ep.
2388 5622 2476 5681 19.
