4242 6168
367 265 453 320 {57
1311 257 1762 316 DISSER'I‘ATIO
1801 253 1866 322 ll,
1916 254 2002 311 DE
2050 256 2109 313 S.
2155 259 2307 316 ΖΕΝ.
2360 262 2726 320 DOCTRINA.
3633 274 3725 329 158

366 379 799 453 vigeretoitinio;
825 378 933 435 SS.
954 378 1331 447 Palrilius,qui
1352 381 1614 450 justitiam
1638 379 1783 453 [cxv]
1806 379 1974 432 multo
2005 392 2055 448 Α
2083 396 2183 448 pus
2208 383 2260 437 S.
2298 383 2506 438 Monica
2531 384 2735 439 infideli
2762 383 2956 437 mai-ito
2981 383 3185 450 nupsit,
3214 394 3311 437 ex
3339 398 3445 453 quo
3474 386 3722 459 Angusti-

359 475 578 533 ctltnicis
606 473 1002 542 perfectiorem
1037 489 1102 528 ex
1129 472 1435 529 Christiana
1472 475 1586 545 lege
1624 472 1979 529 excolendam
2089 491 2217 527 num
2252 477 2426 545 ipsum
2456 480 2726 547 concepit.
2752 477 2823 529 At
2850 475 3051 543 nuptiis
3083 474 3414 530 istiusmodi
3444 475 3711 532 nihilomi-

362 568 754 636 inlelligehant,
801 575 967 632 turpe
996 565 1219 618 nimium
1253 563 1556 630 videbatur,
1588 565 1631 618 si
1656 579 1824 636 panes
1851 576 1982 617 suos
2087 582 2191 622 nus
2221 568 2420 621 restitit
2445 567 2590 622 idem
2622 568 2679 622 S.
2721 569 2914 621 Doctor
2940 608 2955 632 ,
2999 564 3141 620 libro
3180 582 3197 619 ι
3253 565 3336 618 dc
3379 561 3714 623 Adttltt-rinis

361 661 584 720 secunda
611 674 678 714 ac
701 657 940 730 repetita
972 655 1220 726 coniugia
1272 656 1505 712 ethnicis
1534 657 1659 726 ipsis
1689 657 1830 710 male
1864 655 1981 709 visa
2085 661 2376 731 conjugiis,
2399 677 2524 730 cap.
2554 662 2646 724 21,
2678 663 2890 716 tametsi
2915 676 3006 714 eas
3038 659 3222 712 divino
3251 659 3385 728 jure
3419 657 3715 731 prohibitus

361 754 794 814 dominarentur,
824 763 892 802 ac
925 746 1156 818 proinde
1191 747 1379 816 primis
1403 759 1634 818 quatuor
1678 748 1782 802 illis
1835 761 1980 816 prte-

2100 768 2192 806 iou
2229 753 2455 808 auderet;
2483 754 2717 808 delinire
2746 768 2864 821 cap.
2897 753 2988 818 25,
3015 762 3070 805 et
3101 769 3225 806 mox
3254 743 3716 822 CarthaginenSiS

367 848 542 905 sertim
571 844 838 900 Ecclesize
856 841 1094 906 saeculis,
1121 841 1318 910 quibus
1337 839 1628 898 Christiani
1655 859 1777 896 cum
1803 841 1986 896 elltni-
2086 843 2342 916 Synodus
2363 861 2453 898 an.
2492 845 2622 910 597,
2653 861 2772 900 catt.
2808 844 2897 908 η,
2931 860 3037 910 quo
3088 843 3152 897 ad
3198 845 3534 901 clericorum
3578 837 3733 896 filios

371 942 438 997 cis
465 951 616 996 erant
652 936 929 1009 permisti,
963 935 1134 989 multo
1155 932 1528 990 vehementius
1557 936 1818 1006 ejusmodi
1852 950 1986 990 con-
2088 944 2143 992 et
2170 937 2306 992 tilias
2338 936 2564 991 easdem
2619 937 2912 1004 prohibuit,
2948 936 3108 1002 idque
3139 946 3317 989 ratum
3356 939 3611 995 habitum
3647 941 3744 988 est.

370 1033 521 1089 nubia
550 1031 622 1089 ab
645 1030 846 1085 iisdem
877 1036 1129 1083 avertere
1150 1035 1204 1082 et
1226 1029 1568 1082 sermonibus
1593 1038 1648 1084 et
1680 1028 1900 1097 scriptis
1928 1035 1986 1081 et
2088 1028 2332 1098 pluribus
2379 1027 2508 1082 aliis
2537 1030 2585 1082 in
2616 1029 2841 1099 syuodis
2866 1036 2919 1082 et
2948 1029 3250 1097 pt-atsertint
3304 1030 3358 1083 in
3407 1028 3750 1086 clinici-do-

362 1128 636 1185 canonicis
662 1124 831 1182 etiam
877 1124 1058 1194 poenis
1101 1116 1289 1176 conati
1313 1131 1458 1188 sunt,
1491 1140 1556 1178 ne
1588 1122 1753 1194 (quod
1785 1135 1986 1190 magno
2089 1123 2239 1176 nensi
2273 1138 2394 1176 can.
2432 1121 2526 1184 15,
2556 1137 2618 1175 ac
2644 1121 2865 1175 tandem
2895 1122 3193 1176 univcrsitu
3233 1123 3515 1180 dirimens
3561 1127 3751 1195 impe-

363 1219 626 1278 Gentihus
678 1217 870 1272 fuisset
920 1213 1202 1284 seandalo)
1245 1212 1476 1282 plurium
1533 1213 1838 1282 nuptiarum
1899 1214 1984 1266 in-
2087 1214 2386 1270 dimen‘tutn
2437 1213 2565 1268 inde
2617 1214 2721 1267 fttit
2771 1213 3119 1268 matrimonio
3173 1220 3528 1284 oppositum,
3585 1222 3769 1291 cujus

367 1309 808 1380 temperantiam,
851 1322 972 1372 seu,
1005 1305 1080 1359 uti
1107 1303 1388 1369 vocabant,
1440 1304 1704 1358 adulteria
1753 1304 1985 1371 probare
2085 1307 2238 1361 initia
2268 1306 2553 1374 explorate
2583 1315 2831 1358 Statuere
2861 1293 2964 1360 non
2997 1307 3143 1361 licet.
3201 1308 3366 1363 llisce
3415 1311 3664 1382 quidet”
3716 1318 3768 1374 ει,

366 1420 422 1459 ac
454 1404 644 1457 fovere
679 1399 1020 1455 viderentur.
1050 1397 1232 1466 Itaque
1262 1412 1383 1466 qure
1408 1395 1460 1449 iu
1485 1395 1805 1449 coercendis
1825 1411 1984 1463 repe-
2087 1397 2405 1467 regionibus
2430 1396 2532 1450 sub
2555 1396 2736 1449 nostri
2769 1398 3020 1452 Auctoris
3050 1409 3268 1453 aetatem
3298 1401 3350 1455 id
3380 1405 3766 1470 matrimonii

329 1495 474 1550 -titis
508 1491 954 1549 Christianorum
1002 1489 1204 1559 nuptiis
1250 1488 1308 1545 S.
1360 1487 1592 1543 Zenonis
1646 1487 1986 1556 aliorumque
2086 1487 2556 1558 genuscpiscottis
2589 1486 2736 1541 adeo
2787 1488 3084 1558 diSplicuit,
3124 1501 3184 1546 ut
3236 1491 3292 1548 S.
3334 1496 3710 1554 Ambrosius
3741 1525 3773 1566 ιι

369 1589 586 1644 Patrum
616 1601 777 1640 mens
802 1583 987 1644 fuerit,
1009 1584 1119 1650 jam
1147 1580 1361 1634 tandem
1391 1580 1598 1649 liquere
1616 1577 1984 1635 arbitramur:
2089 1581 2148 1634 S.
2181 1579 2383 1649 Vigilio
2410 1578 2741 1634 't‘ridentino
2766 1593 3007 1653 rogatus,
3042 1593 3102 1638 ut
3150 1601 3248 1653 pro
3290 1600 3413 1643 suae
3466 1590 3772 1656 Ecclesia.

369 1622 586 1644 Ιαιιυιυ
618 1622 777 1640 "Helia
803 1622 987 1644 Iuv-"9
1009 1622 1119 1650 νη·-
1147 1622 1361 1634 --ιυυιν--ι
1391 1622 1934 1649 --Ὶυν-ν---ν---κ---υ-
1971 1622 1984 1635 ι
2090 1622 2148 1634 ν.
2199 1622 2380 1649 ..οι-ιν
2422 1622 2740 1634 -..ι-νηηηυ
2766 1622 2824 1635 ,.,
2866 1622 2986 1638 “ww
3043 1622 3102 1638 ιη
3165 1622 3200 1639 1,,
3217 1622 3248 1636 υ
3290 1622 3353 1640 συ
3491 1622 3495 1626 ,
3629 1622 3636 1623 ,
3729 1623 3737 1634 η

367 1691 601 1752 etqnam
637 1679 691 1732 in
724 1676 1049 1732 sententiam
1097 1673 1381 1736 adulterii,
1437 1666 1846 1732 fornicationis,
1897 1681 1988 1722 aut
2091 1673 2381 1743 regimine,
2416 1687 2536 1737 qua:
2565 1622 2883 1729 necessaria
2907 1622 3165 1732 velbnilid
3191 1622 3773 1754 κ’ἰὰθτεζῐιιίἷυέξιῒ

369 1775 613 1834 θτίωίηίε
669 1771 986 1828 ¹¹⁰¹¹¹ί¹¹ί¹η¹⁵
1040 1768 1180 1838 θνηδ
1237 1767 1440 1824 θθηιοε
1491 1763 1704 1818 “Silam
1769 1771 1984 1818 υιθτοιι-
2018 1764 2732 1833 Βιιιοιιενοιντεδοτίρειξτίι
2754 1782 2842 1837 cp.
2867 1770 2952 1837 19,
2976 1771 3025 1824 id
3052 1781 3244 1841 Praeter
3269 1733 3767 1846 ρεθιέιίεξὶιίοξῖιίξέ

377 1881 482 1934 tur,
535 1869 665 1922 hinc
697 1864 870 1934 magis
892 1863 1168 1932 magisque
1214 1859 1621 1930 cognoscimus.
1652 1853 1764 1909 Sed
1802 1854 1869 1910 de
1908 1870 1995 1911 se-

373 1961 566 2019 cundis
584 1959 792 2029 nuptiis
822 1956 984 2011 nimis
1016 1953 1244 2008 fortasse
1269 1953 1458 2006 multa.

437 2057 574 2124 Quae
629 2067 794 2124 porro
847 2049 1038 2106 eodem
1091 2045 1319 2102 tractatu
1362 2047 1395 2102 6
1451 2046 1545 2100 lib.
1582 2061 1623 2107 ι,
1660 2058 1819 2096 num.
1851 2044 1903 2106 7,
1933 2044 1991 2098 S.

369 2151 517 2205 Zeno
541 2145 610 2202 de
639 2143 990 2199 matrimonio
1011 2156 1131 2195 cum
1167 2138 1471 2194 infidelibus
1489 2134 1886 2206 coniungendo
1905 2151 1998 2189 ve-

369 2243 682 2300 hementius
730 2245 906 2309 urget,
960 2235 1207 2306 apologia
1260 2247 1365 2288 non
1412 2232 1699 2302 indigent;
1728 2245 1856 2284 nam
1888 2246 1994 2285 non

370 2337 546 2392 solum
576 2332 675 2388 fuit
708 2338 969 2387 constans
998 2329 1217 2382 Patrum
1240 2324 1528 2387 sententia,
1567 2323 1846 2393 ejusmodi
1870 2339 1999 2379 con-

371 2430 533 2486 nubia
567 2434 693 2497 post
717 2423 989 2493 baptisma
1017 2421 1134 2492 cogi
1165 2435 1270 2475 non
1305 2434 1483 2489 posse,
1506 2435 1644 2475 cum
1673 2419 1730 2473 in
1757 2418 1842 2474 liis
1875 2434 1997 2486 pec-

370 2525 528 2581 candi
568 2522 891 2594 periculum,
923 2515 1066 2588 quod
1109 2515 1445 2585 potissimum
1477 2529 1506 2567 a
1547 2513 1620 2568 S.
1666 2512 1890 2567 Zenone
1921 2511 2000 2565 ef-

373 2619 566 2676 fertur.
597 2614 920 2684 plerumque
966 2606 1272 2671 immineat;
1324 2604 1416 2660 sed
1462 2619 1524 2658 ea
1583 2605 1660 2658 ob
1689 2602 1995 2673 periculum

372 2709 645 2780 ejusmodi
677 2705 768 2761 vel
796 2708 848 2760 in
882 2705 996 2773 ipsa
1027 2699 1200 2756 veteri
1241 2698 1360 2767 lege
1403 2696 1700 2751 interdicta
1748 2697 2000 2765 leguntur

373 2803 533 2858 Deut.
569 2815 665 2866 vn,
699 2799 735 2853 ’5
764 2815 778 2850 :
811 2794 992 2866 Neque
1019 2792 1240 2848 sociabis
1265 2806 1378 2843 cum
1407 2789 1477 2842 eis
1504 2789 1774 2860 conjugia.
1802 2785 1852 2838 F
1856 2788 2000 2840 ilium

374 2905 520 2949 luant
547 2909 651 2947 non
673 2890 818 2944 dabis
841 2889 951 2958 [ilio
976 2889 1107 2958 ejus,
1140 2899 1231 2938 nec
1262 2883 1427 2953 ﬁliam
1454 2881 1598 2935 illius
1630 2882 1855 2950 accipies
1884 2881 2000 2950 ﬁlio

373 2999 485 3051 tuo,
510 2987 636 3056 quia
659 2985 869 3038 seducet
907 2979 1076 3047 [illum
1120 2988 1286 3041 tuum,
1319 2992 1381 3030 ne
1417 2985 1663 3043 sequatur
1701 2991 1802 3029 me.
1851 2973 1998 3028 Idem

375 3080 614 3134 habetur
639 3075 812 3130 Exodi
872 3087 1016 3141 xstv,
1056 3069 1156 3125 16.
1213 3069 1353 3136 Quin
1397 3081 1503 3120 non
1553 3066 1689 3120 nulli
1733 3080 2000 3121 censuere

2097 1857 2425 1920 cavendum,
2482 1871 2548 1910 ne
2581 1854 2887 1914 Christiani
2930 1878 3050 1916 cum
3096 1864 3414 1921 inlidelibus
3475 1869 3746 1946 coitjugio

2097 1949 2510 2018 cepularentnr.
2561 1947 2754 2020 Itaque
2801 1968 2927 2010 cum
2981 1955 3038 2011 S.
3089 1955 3238 2010 Zeno
3284 1957 3335 2010 iit
3402 1960 3521 2016 lucc
3569 1969 3740 2024 velte-

2103 2053 2316 2095 menter
2372 2053 2471 2107 pro
2514 2043 2784 2099 concione
2860 2045 3157 2111 disseruit,
3207 2057 3261 2100 et
3317 2052 3563 2117 pericula
3611 2059 3734 2127 qui-

2101 2131 2245 2199 dem,
2279 2131 2482 2202 quibus
2507 2131 2742 2189 obnoxia
2775 2148 2905 2192 sunt
2930 2139 2999 2194 ob
3022 2141 3213 2194 oculos
3242 2145 3452 2211 pusuit,
3499 2148 3550 2202 id
3589 2151 3726 2207 ell'c-

2101 2225 2194 2285 cit,
2221 2223 2366 2293 quod
2397 2233 2629 2280 caeteros
2652 2227 2953 2285 catholicos
2980 2233 3256 2288 autiStitcs
3295 2235 3496 2295 fecisse
3519 2244 3720 2315 depre-

2103 2315 2418 2371 ltendimus.

2581 2386 2756 2464 [cxvt]
2815 2394 3043 2451 CAPUT
3085 2395 3219 2451 Vill.

2101 2473 2403 2516 SINGULARE
2457 2473 2505 2512 s.
2560 2476 2788 2519 ZENuMS
2840 2481 3207 2523 TEsTlMONIUM
3293 2485 3362 2526 DE
3417 2489 3720 2537 QUIBUspAu

2457 2600 2488 2611 η
2555 2547 2934 2611 ENERGUDlENlS
2975 2555 3275 2594 EXPENSUI.

2173 2602 2390 2668 Quanta
2434 2600 2687 2659 libertate
2737 2608 2818 2660 usi
2860 2609 2968 2660 sint
3015 2613 3254 2665 editores
3284 2611 3632 2674 Veronenses
3665 2621 3719 2676 iti

2104 2706 2265 2752 tract.
2297 2698 2364 2751 l6
2411 2695 2505 2750 lib.
2561 2712 2601 2764 ι,
2657 2714 2810 2754 num.
2841 2701 2899 2767 5,
2941 2702 3004 2756 de
3044 2701 3459 2778 Resurrectione,
3491 2712 3591 2767 alia
3625 2715 3722 2770 de-

2105 2799 2337 2856 mentes,
2368 2788 2636 2845 addeutes
2663 2792 2791 2853 alia,
2826 2794 2927 2848 alia
2959 2804 3377 2867 trans-ponentes
3405 2816 3460 2858 et
3489 2805 3717 2863 efferen-

2106 2890 2208 2948 tes,
2238 2891 2296 2936 ut
2326 2882 2551 2951 placuit;
2584 2899 2687 2938 suo
2716 2885 2838 2941 loco
2873 2888 3161 2959 diligenter
3199 2892 3600 2954 adnotavimus.
3629 2901 3722 2957 Of-

2105 2976 2269 3031 fendit
2294 2987 2474 3031 autem
2519 2977 2691 3047 ipstts,
2739 2989 2798 3034 ut
2827 2982 3059 3048 videtur,
3081 2986 3163 3040 vel
3192 2986 3329 3042 alios
3358 3005 3520 3060 posse
3541 2995 3713 3050 olfen-

2103 3067 2237 3124 dere
2281 3069 2584 3136 credidere,
2632 3072 2781 3141 quod
2829 3073 2932 3129 hoc
2985 3076 3102 3131 loco
3159 3079 3216 3134 S.
3266 3079 3411 3136 Zeno
3455 3087 3714 3155 singulari

374 3173 600 3242 nuptias
620 3165 892 3240 ejusmodi
919 3162 1168 3220 absolute
1191 3162 1260 3215 ab
1291 3158 1553 3229 Apostolo
1579 3173 1702 3213 esse
1733 3156 1993 3213 interdic—
2021 3160 2066 3224 C
2101 3162 2262 3230 plane
2292 3163 2557 3217 sententia
2590 3165 2752 3217 tradit
2777 3207 2791 3230 ,
2821 3168 3059 3238 spiritus,
3093 3171 3182 3239 qui
3215 3187 3709 3246 energnmenorum

376 3275 483 3332 tas,
512 3275 627 3318 tum
657 3277 808 3326 cum,
845 3257 863 3311 l
892 3256 1022 3313 Cor.
1059 3271 1156 3318 vti,
1205 3252 1276 3308 '59
1298 3295 1312 3313 ,
1346 3252 1418 3304 ait
1449 3267 1460 3303 :
1500 3248 1596 3304 Cui
1655 3250 1759 3304 vult
1818 3249 1998 3316 nubat,

376 3365 583 3411 tantum
611 3355 663 3407 in
694 3350 941 3414 Domino,
971 3347 1022 3403 id
1055 3356 1162 3411 est,
1190 3353 1250 3397 ut
1281 3341 1527 3413 plerique
1559 3341 1852 3411 explicant,
1882 3356 2000 3393 cum

377 3448 682 3504 Christiano
711 3452 930 3506 tantum,
974 3440 1028 3495 in
1070 3450 1235 3506 quam
1284 3449 1395 3488 rem
1447 3432 1708 3503 legendus
1737 3433 1994 3503 Hieronyo

375 3559 505 3600 mus
553 3542 652 3598 lib.
706 3555 723 3592 ι
781 3539 834 3593 in
881 3533 1257 3596 Joviuianutn,
1317 3542 1465 3581 num.
1523 3527 1625 3591 10,
1677 3534 1787 3581 tutu
1835 3525 1996 3579 etiam

376 3652 546 3699 cum,
602 3632 650 3688 ll
694 3629 822 3687 Cor.
875 3645 970 3694 v1,
1036 3625 1149 3689 M,
1197 3618 1456 3691 praecepit
1511 3634 1524 3670 :
1588 3615 1764 3672 Nolite
1808 3620 1999 3690 jitgum

376 3731 572 3784 ducere
595 3742 714 3780 cum
742 3721 1060 3792 inﬁdelibus.
1094 3717 1231 3784 Qum
1265 3713 1402 3768 enim
1431 3710 1759 3783 participatio
1779 3710 2000 3780 justititc

380 3839 504 3875 cum
534 3817 842 3888 iniquitate?
895 3824 982 3869 aut
1033 3825 1153 3884 qua!
1184 3806 1403 3861 societas
1455 3803 1582 3856 lucis
1623 3804 1688 3856 ad
1731 3801 1998 3856 tenebras?

381 3930 502 3980 quia
537 3922 707 3968 autem
735 3908 999 3964 conventio
1029 3900 1226 3961 Christi
1255 3898 1327 3954 ad
1363 3895 1568 3950 Belial?
1599 3905 1688 3948 aut
1728 3909 1841 3965 qua:
1877 3910 1998 3964 pars

381 4012 530 4081 ﬁdeli
579 4025 695 4062 cum
742 4003 974 4075 inﬁdeli?
1021 4000 1112 4071 qui
1153 4005 1324 4050 autem
1372 4007 1646 4045 consensus
1683 3988 1873 4058 templo
1901 3985 1998 4040 Dei

383 4119 508 4157 cum
536 4100 727 4154 idolis?
750 4098 852 4152 Vos
872 4097 1005 4151 enim
1026 4093 1151 4149 estis
1170 4087 1420 4160 templum
1443 4082 1534 4137 Dei
1553 4082 1669 4143 vivi,
1690 4090 1819 4146 etc.,
1835 4095 1994 4151 quam

388 4210 531 4254 sane
551 4191 874 4247 sententiam
902 4187 1182 4260 prospexit
1210 4183 1269 4238 S.
1293 4178 1462 4243 Zeno,
1481 4189 1534 4231 ut
1560 4175 1908 4230 adnotatione
1926 4171 1997 4226 25

393 4283 903 4343 animadvertimus.
934 4280 1045 4335 Hoc
1065 4277 1231 4332 etiam
1261 4278 1519 4341 Spectans
1546 4267 1603 4322 S.
1625 4264 1994 4338 Cyprianusiu

387 4385 542 4439 libro
569 4380 639 4434 de
664 4376 877 4446 Lapsis,
901 4376 1040 4430 inter
1061 4369 1317 4431 crimina,
1348 4363 1420 4418 ob
1440 4377 1557 4432 quae
1587 4361 1723 4415 Deus
1752 4359 1998 4427 indigna-

383 4485 502 4539 tus,
549 4481 612 4525 ut
661 4467 896 4524 Ecclesia
953 4463 1330 4534 persecutione
1362 4454 1692 4516 afficeretur,
1727 4450 1995 4522 permisit,

2103 3266 2336 3321 corpora
2364 3251 2639 3318 obsident,
2675 3269 2784 3310 non
2816 3272 2936 3312 esse
2964 3276 3180 3331 semper
3207 3279 3366 3319 veros
3394 3266 3674 3326 dtemmtes
3696 3314 3710 3338 ,

2103 3345 2198 3400 sed
2230 3345 2439 3400 animas
2470 3361 2574 3399 non
2609 3363 2906 3418 numquam
2939 3367 3060 3407 esse
3092 3353 3408 3426 hominum,
3442 3377 3588 3430 quos,
3633 3365 3714 3419 in-

2103 3440 2238 3508 quit,
2269 3439 2321 3490 in
2337 3437 2639 3491 idololatria
2665 3455 3040 3498 commorantes
3079 3463 3247 3517 nuper
3294 3451 3373 3504 vel
3414 3455 3639 3509 maxime
3663 3458 3712 3511 vi

2102 3534 2275 3602 aliqua
2307 3533 2490 3587 abiisse
2517 3535 2920 3592 meminerimus.
2973 3538 3032 3593 Id
3071 3548 3252 3596 autem
3301 3543 3540 3602 editores
3594 3565 3711 3604 mo-

2104 3628 2247 3681 visse
2279 3626 2402 3681 inde
2434 3636 2597 3696 patet.
2623 3629 2768 3699 quod
2798 3631 2901 3686 hoc
2928 3633 3296 3690 testimonium
3327 3637 3399 3693 ita
3428 3643 3711 3699 emollien-

2102 3719 2229 3774 dum
2261 3721 2524 3790 pularint,
2554 3730 2753 3776 utrem
2794 3739 2822 3776 a
2879 3724 3216 3783 daamouibus
3267 3731 3444 3788 lictam
3501 3738 3710 3807 iugere-

2103 3821 2224 3864 rent
2253 3852 2268 3876 ,
2329 3810 2590 3865 detramis
2623 3853 2636 3874 ,
2699 3814 2786 3868 vel
2835 3817 3087 3879 mutatis,
3134 3818 3200 3873 iis
3243 3822 3438 3890 quibus
3470 3825 3526 3883 S.
3560 3828 3708 3885 Zeno

2103 3903 2154 3958 id
2206 3902 2402 3958 factum
2450 3919 2478 3957 a
2537 3903 2879 3962 dazmonibus
2925 3907 3148 3965 minime
3198 3912 3380 3968 licium
3425 3917 3703 3978 indicavit.

2102 3996 2239 4062 Quid
2300 4005 2477 4048 autem
2533 3993 2858 4052 offensionis
2914 3999 3029 4053 lucc
3073 4005 3433 4074 Contineant,
3489 4010 3705 4079 ignora-

2103 4103 2246 4142 mus.
2277 4086 2394 4142 Non
2440 4086 2834 4143 crediderlmus
2895 4091 3096 4146 veritos
3165 4093 3288 4149 illos
3334 4113 3479 4165 esse,
3541 4119 3607 4156 nc
3663 4108 3708 4159 si

2101 4179 2345 4248 quaedam
2379 4181 2642 4235 malorum
2671 4182 2867 4238 anima:
2887 4225 2902 4248 ,
2963 4199 3449 4254 energuutenorutn
3477 4207 3702 4264 corpora

2103 4272 2358 4327 invadere
2393 4272 2875 4340 proderentur,eas
2905 4277 3097 4329 inferni
3125 4280 3299 4345 poenis
3326 4291 3451 4336 ante
3472 4291 3701 4343 extremi

2097 4364 2287 4435 judicii
2306 4367 2448 4421 diem
2476 4366 2614 4420 haud
2633 4368 3088 4439 puniriquiSpiam
3107 4380 3345 4438 putaret:
3370 4389 3492 4430 nam
3512 4379 3700 4436 eadem

2101 4467 2247 4515 esset
2275 4459 2342 4514 de
2368 4459 2703 4515 daatnonibus
2729 4461 3040 4526 difﬁcultas,
3094 4464 3184 4532 qui
3237 4468 3316 4518 uri
3365 4483 3423 4522 se
3481 4473 3698 4540 quidem

380 4567 500 4622 hoc
525 4558 991 4624 comtttemoravit,
1014 4556 1343 4612 observante
1372 4546 1668 4618 Augustino
1689 4543 1742 4598 in
1771 4544 1909 4599 libro
1931 4543 1997 4598 de
2022 4559 2078 4618 D
2102 4551 2340 4608 confessi
2396 4550 2684 4606 traduntur
2709 4569 2738 4607 a
2770 4553 3066 4620 Laclantio,
3119 4555 3212 4612 lib.
3259 4573 3318 4621 ll,
3344 4575 3464 4632 cap.
3514 4563 3600 4630 15,
3649 4578 3704 4624 ci

384 4658 528 4714 Fide
560 4663 618 4711 et
640 4651 895 4722 operibus
921 4665 1040 4719 cap.
1070 4647 1158 4711 19,
1183 4640 1628 4714 quodCItristiani
1654 4653 1775 4691 cutu
1806 4634 1995 4689 inlide-

384 4749 534 4804 libus
555 4741 959 4800 matrimonium
979 4741 1198 4804 iulrent,
1222 4735 1387 4803 idque
1406 4729 1676 4786 aflitnabat
1703 4727 1832 4780 nihil
1851 4726 1995 4780 aliud

383 4858 527 4908 esse,
579 4854 732 4905 quam
796 4837 1102 4906 prostituere
1150 4829 1422 4904 gentilibus
1483 4824 1705 4880 membra
1779 4819 1989 4874 Christi.

381 4935 554 4992 Adde
585 4932 730 5004 quod
755 4930 992 4986 Coucilia
1033 4926 1299 4999 ejusmodi
1350 4920 1564 4988 nuptias
1603 4917 1993 4974 interdixeraut

381 5030 562 5084 etiam
587 5034 712 5080 ante
737 5023 968 5079 Zenonis
996 5030 1233 5086 :etatem,
1267 5025 1327 5072 ut
1352 5013 1742 5070 Eliberitauum
1773 5026 1894 5063 can.
1924 5008 1992 5063 15

385 5133 452 5179 ct.
486 5123 576 5185 17,
609 5118 975 5174 Laodiceuum
1023 5131 1144 5171 can.
1180 5115 1246 5170 10
1295 5118 1350 5164 et
1391 5109 1480 5169 15.
1513 5116 1568 5162 et
1601 5105 1918 5159 Arelatense
1949 5117 1987 5166 ι,

387 5231 524 5271 can.
561 5213 646 5268 ll.
677 5212 859 5268 Solum
909 5211 963 5265 in
1007 5210 1205 5271 Africa,
1265 5213 1320 5260 et
1365 5202 1502 5257 forte
1543 5199 1704 5254 etiam
1745 5197 1896 5260 alibi,
1925 5209 1991 5248 ex

384 5307 637 5380 quadam
665 5319 769 5360 non
826 5304 1201 5374 episcoporum
1233 5296 1474 5368 quidem,
1521 5297 1614 5348 sed
1662 5289 1844 5359 potiuli
1877 5287 1990 5341 sive

382 5401 773 5473 simplicitate.
801 5399 915 5454 sive
936 5395 1252 5469 ignorantia,
1277 5392 1390 5448 sive
1419 5390 1520 5446 alia
1555 5400 1892 5460 quacumque
1920 5381 1988 5437 de

382 5512 568 5555 causa
615 5495 782 5550 multo
805 5493 1003 5564 posts.
1035 5487 1356 5563 Cyprianum
1384 5484 1581 5542 sensim
1621 5479 1845 5536 invaluit
1872 5475 1988 5546 cpi-

385 5592 518 5656 nio,
550 5589 669 5644 lucc
691 5586 937 5657 coniugia
965 5586 1150 5651 licere,
1182 5581 1316 5638 adeo
1338 5589 1390 5634 ut
1419 5578 1504 5635 vel
1536 5591 1638 5629 non
1666 5579 1988 5644 putarentur

383 5700 525 5742 esse
555 5691 800 5754 peccata,
836 5678 922 5734 vel
962 5687 1019 5733 ut
1055 5676 1211 5731 dubia
1264 5687 1351 5728 res
1396 5669 1653 5726 derelicta
1707 5674 1874 5732 esset,
1932 5673 1989 5719 ut

382 5779 524 5838 loco
549 5776 784 5848 allegato
811 5773 1136 5844 Augustinus
1162 5777 1420 5833 testatur;
1445 5773 1503 5823 et
1527 5778 1622 5835 per
1660 5761 1826 5819 hocce
1853 5770 1986 5818 tem-

810 5869 1084 5930 PATROL.
1134 5862 1244 5926 XI.

2102 4647 2195 4702 lib.
2236 4663 2291 4712 v,
2324 4662 2447 4715 cap.
2476 4647 2569 4710 21,
2609 4663 2707 4703 nec
2736 4664 2840 4702 non
2869 4665 2898 4702 a
2929 4647 3166 4704 Firmico
3211 4651 3277 4706 de
3327 4653 3530 4712 Errore
3571 4675 3700 4730 pro-

2101 4741 2237 4797 laure
2262 4740 2539 4812 religiOuis
2567 4756 2687 4812 pag.
2723 4741 2842 4806 t00,
2871 4753 2923 4796 at
2947 4745 3193 4799 orationis
3221 4747 3466 4816 incendiis
3489 4793 3503 4818 ,
3536 4763 3593 4808 ut
3621 4758 3698 4813 ait

2101 4833 2363 4888 Minucius
2393 4835 2442 4887 in
2471 4832 2692 4887 Octavio
2719 4849 2839 4902 cap.
2871 4832 2965 4899 27,
2996 4843 3050 4888 et
3093 4837 3204 4891 sine
3247 4838 3450 4909 ignibus
3495 4846 3596 4911 uri,
3641 4857 3698 4904 ut

2097 4925 2336 4981 Hilarius
2363 4925 2596 4980 afﬁrmat
2621 4927 2671 4980 in
2698 4926 2834 4981 libro
2852 4936 3038 4980 contra
3057 4926 3436 4988 Constantium
3461 4951 3609 4993 num-
3636 4942 3692 5007 8,

2098 5028 2158 5072 ut
2187 5033 2257 5073 ne
2284 5027 2462 5073 tamen
2493 5019 2710 5088 proprio
2759 5019 2920 5074 etiam
2964 5022 3228 5090 supplicio
3258 5039 3515 5095 careant,
3549 5036 3693 5102 quod

2097 5111 2524 5182 adjuratiOnibus
2566 5113 2851 5166 adaucttun
2906 5113 3146 5183 prodidit
3202 5116 3260 5172 S.
3293 5119 3596 5190 Cyprianus
3624 5129 3694 5183 de

2098 5203 2368 5257 Idolorum
2402 5202 2636 5259 vanitate
2667 5218 2785 5274 pag.
2809 5205 2937 5260 451.
2969 5203 3136 5275 Igitur
3156 5207 3202 5262 si
3223 5215 3469 5279 qumdatn
3495 5216 3693 5288 impio-

2096 5311 2214 5350 rum
2243 5295 2458 5358 animae,
2491 5295 2598 5349 Deo
2627 5297 2996 5364 permittente,
3023 5300 3270 5367 quzedam
3293 5318 3519 5373 corpora
3544 5324 3692 5363 inva-

2096 5387 2263 5453 dunt,
2316 5395 2570 5456 poterunt
2605 5386 2698 5455 ibi,
2756 5389 2830 5442 uti
2886 5388 3183 5457 daemones,
3232 5406 3418 5460 pinnas
3460 5400 3690 5468 propriis

2095 5483 2336 5538 reatibus
2351 5492 2715 5551 congruentes
2732 5480 2980 5536 similiter
3006 5483 3137 5554 pati,
3160 5485 3508 5545 nihilominus
3525 5503 3686 5560 atque

2094 5574 2149 5630 in
2181 5575 2390 5632 inferno
2417 5576 2728 5646 aliquandiu
2756 5589 2861 5630 non
2897 5576 3115 5646 degant.
3151 5574 3420 5647 Numquid
3449 5582 3684 5638 editores

2093 5670 2170 5726 illi
2193 5671 2512 5738 timuerunt,
2545 5684 2614 5723 ne
2639 5668 2872 5724 Zenonis
2921 5682 2985 5723 ea
3039 5669 3347 5724 crederetur
3401 5674 3679 5736 sententia,

2091 5780 2254 5840 quam
2295 5767 2435 5824 inter
2461 5763 2779 5824 Tertulliani
2821 5761 3064 5821 haereses
3105 5763 3163 5818 S.
3210 5760 3544 5830 Augustinus
3597 5779 3686 5819 re-

3122 5852 3165 5914 5
