4242 6168
549 256 653 315 159

1920 246 2456 310 PROLEGOMENA.

3761 258 3858 314 HO

550 376 740 430 censet
787 369 843 426 in
894 368 1032 427 libro
1077 366 1144 424 de
1192 365 1505 423 Haeresibus
1558 379 1678 437 cap.
1709 363 1780 421 86
1809 381 1821 418 :
1856 363 1996 419 Dicit
2027 379 2155 420 sane
2180 362 2233 425 Α
2261 374 2403 437 tans,
2435 367 2819 438 disserensque
2845 367 2913 425 de
2946 356 3199 441 operibus
3222 366 3567 442 quibusdam,
3606 386 3726 442 quae
3756 374 3858 429 sub

552 464 833 536 etiamipse
855 463 1057 516 animos
1086 460 1348 513 hominum
1398 458 1644 528 pessimus
1692 466 1807 527 post
1846 466 2059 512 mortem
2099 457 2154 510 in

551 558 808 612 damones
836 553 998 609 verti?
1023 551 1147 606 Hmc
1173 550 1412 622 opinatio
1437 564 1469 605 e
1499 550 1817 617 Platonicis,
1840 558 1898 604 ut
1919 548 2150 614 videtur,

553 649 791 705 derivata
822 646 971 718 (nam
997 644 1175 700 simile
1202 641 1457 715 quiddam
1507 642 1755 699 Plotinus
1812 640 2034 697 tradidit
2083 654 2152 696 ex

554 738 854 809 Augustino
878 737 971 793 lib.
1001 752 1055 792 is
1077 736 1146 792 de
1169 736 1330 792 Givit.
1363 734 1455 790 Dei
1503 749 1623 806 cap.
1654 733 1769 807 ll),
1808 749 1967 805 quam
2009 732 2151 804 apud

556 828 945 886 Tertullianum
974 830 1214 901 reperire
1241 838 1348 883 non
1378 826 1544 893 licuit,
1570 827 1664 883 sed
1682 825 1904 898 Origeni
1918 823 2151 897 quodam

555 924 718 980 modo
737 923 1060 980 adscribitur
1084 935 1113 975 a
1137 922 1195 978 S.
1231 921 1560 992 Hieronymo
1587 920 1744 991 epist.
1778 918 1869 988 59,
1913 914 1980 974 ad
2018 916 2151 972 Avi-

557 1028 691 1085 tum,
726 1032 880 1073 error
928 1014 1146 1087 quidem
1177 1021 1290 1081 est,
1320 1012 1588 1083 siquidem
1641 1011 1906 1068 malorum
1957 1010 2151 1065 animae

516 1092 519 1095 ﬁ
556 1120 679 1182 post
694 1122 921 1167 mortem
942 1119 1186 1165 naturam
1211 1107 1479 1178 propriam
1496 1122 1724 1163 exsuere
1740 1113 1902 1176 atque
1918 1105 2153 1177 abjicere

552 1215 606 1259 et
641 1204 695 1258 in
723 1202 1028 1259 daemonum
1068 1210 1311 1255 naturam
1348 1197 1621 1253 immutari
1657 1196 1945 1253 credantur
1987 1214 2000 1249 :
2046 1209 2154 1267 quo

556 1311 719 1352 sensu
754 1295 869 1349 hmo
904 1292 1175 1349 sententia
1226 1300 1497 1359 tamquam
1545 1289 1769 1345 hznresis
1794 1288 2044 1345 damnata
2074 1287 2155 1343 le-

556 1389 700 1459 gitur
726 1404 756 1442 a
782 1385 1077 1443 Philastrio
1105 1398 1225 1454 cap.
1258 1383 1384 1449 121,
1413 1398 1535 1437 nam
1590 1383 1777 1436 anima:
1814 1391 2001 1436 natura
2050 1397 2153 1436 non

555 1481 768 1536 vertitur
809 1481 863 1534 in
913 1486 1155 1533 naturam
1182 1478 1416 1531 alteram.
1466 1477 1535 1530 At
1575 1474 1710 1529 nihil
1766 1475 1870 1530 tale
1920 1473 2154 1530 Zenonis

554 1572 721 1628 verba
744 1571 1087 1626 subindicant
1117 1588 1129 1622 :
1163 1558 1271 1624 imo
1297 1576 1505 1623 tantum
1561 1567 1606 1622 is
1658 1564 1829 1621 abfuit
1850 1565 1916 1621 ab
1940 1580 2002 1621 ea
2028 1580 2154 1620 seu-

552 1666 740 1732 tentia,
766 1679 871 1735 qua
903 1663 1258 1719 scelestarum
1291 1660 1485 1716 animae
1509 1660 1564 1715 in
1590 1658 1868 1715 daemones
1907 1658 2151 1715 converti

2258 462 2560 517 animarum
2593 464 2811 518 nomine
2832 462 2971 518 circa
2997 465 3239 533 sepulcra
3271 462 3623 533 gerebantur,
3643 474 3860 521 conten-

2254 551 2354 617 dit,
2387 566 2512 625 pag.
2546 551 2618 609 66
2661 562 2792 609 tum.
2824 570 2916 610 vm
2948 552 3204 609 Biblimh.
3240 546 3301 609 P.
3343 554 3428 623 P.,
3458 555 3589 611 edit.
3643 556 3855 629 Lugdu-

2257 644 2465 712 nensis,
2492 659 2554 700 ea
2582 688 2595 712 ,
2641 661 2761 716 qua:
2811 645 2865 701 id
2927 654 3219 718 gererent,
3272 663 3383 702 esse
3424 649 3564 703 mala
3604 651 3856 705 dtemonia

2254 736 2509 791 humanas
2565 739 2765 794 animas
2827 740 3287 810 reprtesentantia;
3341 724 3485 813 quod
3514 740 3574 798 S.
3621 741 3857 799 Zenonis

2256 829 2620 901 suspicionem
2643 828 2949 898 conﬁrmat.

2885 916 3115 985 CAPUT
3156 927 3249 985 IX.

2361 1033 2487 1083 QUID
2525 1035 2737 1078 AUCTOR
2772 1036 3026 1078 δεηθείην
3074 1039 3145 1079 DE
3196 1038 3476 1083 NOVISSIIO
3512 1040 3739 1084 ιοωοιο.

2332 1111 2406 1167 De
2432 1110 2633 1181 judicio
2677 1113 2973 1170 novissimo
3016 1113 3167 1183 Zeno
3197 1132 3307 1173 non
3336 1117 3476 1176 bene
3516 1119 3758 1177 sensisse
3786 1105 3858 1177 ex

2257 1206 2499 1260 tract.21
2518 1206 2611 1261 lib.
2638 1222 2694 1271 ιι,
2715 1205 2767 1262 in
2784 1208 3047 1278 psalmum
3071 1211 3449 1281 centesimum,
3473 1212 3639 1269 videri
3655 1221 3851 1284 potest,

2255 1296 2555 1369 quippequi
2572 1297 2768 1355 ibidem
2785 1310 2896 1355 tum
2914 1300 3098 1358 fideles
3113 1311 3222 1358 tum
3239 1302 3487 1360 inﬁdeles
3498 1305 3641 1361 abeo
3652 1304 3857 1376 judicio

2242 1387 2461 1470 liberos
2492 1389 2921 1448 facit.‘Recitatis
2941 1393 3084 1449 enim
3117 1411 3183 1450 ex
3219 1396 3510 1469 Evangelio
3528 1397 3757 1454 Joannis
3772 1415 3853 1468 Ill,

2257 1480 2356 1545 i8,
2410 1478 2608 1539 Christi
2644 1485 2825 1541 verbis
2874 1504 2887 1540 ε
2933 1488 3032 1555 Qui
3072 1489 3231 1544 credit
3282 1491 3336 1545 in
3403 1509 3514 1559 me,
3559 1510 3662 1549 non
3700 1494 3856 1566 judi-

2254 1578 2453 1633 cabitur
2476 1596 2493 1634 :
2518 1580 2605 1652 qui
2632 1592 2802 1636 autem
2830 1598 2931 1637 non
2962 1584 3145 1650 credit,
3163 1585 3281 1655 jam
3303 1586 3561 1650 iudicatus
3598 1597 3709 1653 est;
3738 1587 3859 1644 haec

2255 1672 2437 1727 subdit
2462 1691 2474 1726 :
2507 1673 2633 1729 Haec
2661 1675 2875 1731 dicendo
2905 1678 3081 1733 eximit
3099 1679 3304 1753 judicio
3327 1680 3525 1749 ﬁdeles,
3551 1699 3657 1737 non
3686 1683 3857 1738 admi-

547 1758 816 1823 t‘eruutur,
847 1766 904 1811 ut
936 1758 1143 1810 animas
1170 1769 1265 1810 eas
1289 1768 1418 1809 vere
1437 1766 1583 1819 esse,
1602 1751 1728 1808 dum
1753 1766 2148 1823 energnmenos
2177 1748 2226 1809 B
2254 1766 2321 1819 δῑι
2346 1765 2414 1820 ad
2430 1767 2690 1841 judicium
2732 1769 3002 1838 inﬁdeles;
3040 1748 3183 1843 quod
3202 1838 3205 1839 ν
3225 1772 3482 1845 deinceps
3523 1775 3850 1833 luculentius

551 1858 838 1922 oceupant,
885 1866 995 1907 non
1039 1857 1219 1905 autem
1266 1848 1565 1913 daemones,
1611 1856 1989 1917 argumentum
2033 1845 2151 1917 ejus

550 1947 832 2003 evidenter
862 1952 1047 2014 ponat,
1080 1958 1202 1999 cum
1248 1940 1443 1998 exinde
1490 1941 1792 1997 animarum
1827 1941 2147 1997 immortali-

552 2046 738 2103 tatem,
769 2050 833 2093 ac
862 2037 1092 2093 subinde
1122 2035 1579 2092 resurrectionem
1611 2036 1868 2106 colligat;
1898 2035 2040 2106 quod
2070 2044 2150 2089 ta-

552 2147 677 2189 men
707 2133 882 2202 ipsum
912 2130 1126 2185 ﬁctione
1156 2128 1487 2193 dLleOllllm,
1534 2129 1624 2199 qui
1656 2143 1714 2184 se
1738 2142 1835 2198 pro
1865 2127 2148 2182 animabus

552 2234 761 2297 gerant,
799 2224 911 2280 ﬁeri
947 2238 1104 2294 posse
1147 2238 1251 2277 non
1299 2224 1522 2277 omnino
1549 2223 1822 2279 lnﬁciatur
1856 2221 2143 2278 scribens:

550 2317 616 2372 At
658 2316 811 2383 dicis,
868 2314 995 2369 Haec
1047 2316 1301 2370 dtemones
1342 2315 1561 2386 fingunt.
1622 2314 1702 2369 Eo
1754 2313 1988 2381 probatio
2038 2331 2144 2369 me-

549 2411 670 2475 lior,
698 2419 805 2465 etc.
834 2406 1098 2464 Caeterum
1133 2408 1177 2462 si
1218 2422 1374 2463 veras
1402 2409 1689 2477 impiorum
1737 2407 1947 2463 animas
1982 2422 2144 2464 ener-

440 2498 453 2505 ”
549 2515 812 2572 gumenos
836 2500 1158 2571 quandoque
1186 2498 1463 2563 invadere,
1489 2498 1609 2554 loco
1630 2498 1958 2566 daemonum,
1983 2513 2144 2570 posse

549 2593 753 2658 sensit;
782 2591 932 2663 quid,
963 2604 1169 2661 quaeso,
1198 2590 1401 2645 erroris
1446 2589 1570 2645 huic
1607 2591 1891 2646 sentcntim
1921 2590 2145 2646 subest?

546 2682 759 2742 Scimus
784 2698 1029 2755 magnam
1059 2697 1181 2739 esse
1204 2680 1345 2739 inter
1374 2697 1563 2739 sacros
1588 2682 1895 2754 Scriptores
1922 2693 2138 2740 contro-

544 2776 799 2842 versiam,
821 2789 948 2830 num
978 2776 1031 2829 in
1062 2774 1128 2830 iis
1155 2774 1379 2840 visibus,
1428 2774 1482 2829 iu
1510 2773 1705 2845 quibus
1755 2776 1965 2845 piorum
2023 2779 2142 2834 ani-

547 2880 649 2923 mm
733 2865 1043 2921 viventibus
1134 2866 1453 2935 apparuisse
1535 2866 1864 2934 traduntur,
1948 2869 2144 2924 animus

548 2958 681 3028 ipsa)
708 2960 809 3013 sub
838 2957 943 3011 alia
963 2957 1147 3027 specie
1173 2970 1295 3012 sese
1330 2956 1439 3011 illis
1475 2956 1794 3027 objecerint,
1824 2974 1889 3014 an
1921 2960 2144 3032 angelo-

548 3066 668 3106 rum
712 3065 877 3122 opera
920 3051 1448 3106 emnia'evenerint.
1498 3051 1576 3107 De
1622 3067 1726 3122 qua
1772 3054 2142 3111 controversia

547 3144 882 3214 Augustinus
908 3142 1183 3199 disserens
1235 3142 1291 3198 in
1340 3143 1435 3198 lib.
1492 3142 1560 3200 de
1597 3140 1738 3199 Cura
1779 3162 1878 3217 pro
1922 3148 2150 3227 mortuis

547 3249 668 3306 cap.
701 3234 767 3289 10
791 3274 806 3303 ,
843 3235 906 3289 ii
936 3276 950 3299 ,
987 3235 1053 3290 l5
1084 3241 1141 3290 et
1167 3235 1234 3290 16
1257 3277 1272 3299 ,
1320 3234 1547 3290 inﬁciari
1587 3251 1775 3291 verum
1828 3241 2000 3295 visum
2038 3256 2147 3297 non

550 3327 736 3392 audet,
779 3341 901 3381 nam
930 3325 1040 3381 haec
1083 3328 1127 3380 si
1172 3327 1307 3392 falsa
1350 3342 1462 3382 esse
1504 3331 1939 3398 responderimus,
1970 3344 2149 3389 contra

552 3418 890 3489 quorumdam
920 3418 1113 3489 scripta
1135 3417 1364 3485 ﬁdelium
1394 3418 1648 3490 (exempli
1681 3422 1848 3492 gratia
1898 3423 1955 3481 S.
2012 3423 2147 3481 Am-

552 3510 719 3565 brosii
744 3507 1034 3566 referentis
1058 3508 1421 3565 inventionem
1451 3524 1739 3581 corporum
1776 3513 1871 3571 SS.
1905 3516 2148 3573 Gervasii

546 3614 603 3659 et
644 3602 893 3670 Protasii,
923 3613 977 3658 et
1015 3601 1429 3657 Lucium-illam
1469 3603 1713 3672 corporis
1757 3606 1814 3662 S.
1865 3606 2147 3681 Stephani)

546 3706 596 3752 et
626 3705 805 3751 contra
842 3708 1018 3749 eorum
1040 3708 1231 3749 sensus
1244 3690 1383 3765 μιὺὶ
1413 3693 1539 3749 talia
1566 3694 1662 3750 sibi
1686 3697 1935 3753 accidisse
1959 3700 2150 3769 conﬁr-

550 3796 712 3854 mant,
762 3786 1099 3859 impudenter
1131 3784 1305 3840 venire
1357 3784 1669 3864 videbimur;
1716 3796 1773 3843 et
1817 3799 1935 3857 post
1983 3792 2147 3847 multa

554 3882 804 3951 utrinque
846 3878 1144 3949 disputata,
1198 3890 1312 3934 rem
1361 3878 1477 3934 sub-
1507 3878 1676 3935 dubio
1728 3880 2004 3952 relinquit,
2049 3900 2149 3941 nec

550 3977 742 4034 abnuit
783 3986 1070 4046 utrumque
1112 3975 1225 4030 ﬁeri
1274 3961 1662 4045 potuisse,‘5ut
1712 3978 1873 4035 modo
1920 3981 2008 4037 illa
2050 3997 2150 4053 per

551 4070 696 4139 ipsas
723 4069 992 4139 iustorum
1042 4068 1274 4136 animas,
1322 4068 1486 4124 modo
1516 4072 1625 4137 per
1671 4073 1890 4144 angelos
1935 4075 2144 4134 ﬁerent.

555 4162 739 4235 Itaque
788 4174 909 4217 cum
936 4171 1044 4217 tam
1087 4162 1427 4232 exploratum
1466 4161 1704 4219 Zenonis
1755 4167 2145 4236 testimonium,

550 4273 659 4329 quo
680 4271 767 4314 res
794 4256 1058 4327 proditur,
1091 4271 1211 4328 qua:
1239 4271 1333 4312 eos
1363 4257 1511 4327 ipsus
1562 4256 1795 4315 habebat
1831 4269 2015 4327 testes,
2058 4266 2148 4336 qui

553 4350 654 4420 ipsi
677 4350 874 4405 dicenti
905 4348 1152 4416 aderant,
1183 4348 1301 4419 quis
1328 4347 1446 4405 sine
1476 4352 1781 4408 temeritate
1828 4355 2024 4411 factum
2055 4374 2152 4414 nc-

551 4443 676 4513 get‘t
704 4444 855 4498 Sicut
879 4442 1023 4497 enim
1047 4441 1239 4497 animm
1270 4442 1481 4513 piorum
1509 4442 1576 4498 ad
1607 4445 1899 4501 viventium
1950 4449 2150 4505 utilita-

2255 1857 2563 1928 conﬁrmat,
2599 1863 2769 1930 primo
2798 1864 2865 1920 de
2888 1863 3136 1923 ﬁdelibus
3167 1885 3180 1921 :
3218 1867 3359 1936 Quid
3390 1868 3524 1923 enim
3544 1886 3750 1925 necesse
3776 1882 3851 1928 est

2244 1954 2482 2026 judicare
2515 1955 2844 2012 credentem?
2871 1958 3143 2015 Iudicium
3166 1961 3301 2017 enim
3337 1962 3670 2035 exambiguis
3702 1966 3852 2021 rebus

2254 2047 2483 2101 exsistit:
2511 2046 2751 2119 adempta
2776 2050 3128 2124 ambiguitate,
3161 2053 3354 2122 judicii
3383 2069 3485 2108 non
3527 2053 3852 2110 desideratur

2250 2152 2482 2193 examen.
2514 2138 2650 2194 Tum
2684 2142 2751 2197 de
2780 2141 3086 2199 inﬁdelibus
3114 2163 3127 2200 κ
3156 2143 3240 2199 Ex
3257 2162 3358 2216 quo
3384 2163 3476 2203 nec
3504 2147 3738 2217 inﬁdeles
3765 2164 3851 2203 uc-

2253 2245 2389 2285 cesse
2435 2240 2511 2285 est
2540 2228 2822 2306 judicare;
2870 2236 2993 2306 quia
3035 2235 3152 2306 jam
3196 2254 3293 2291 sua
3335 2248 3456 2293 sunt
3494 2239 3849 2295 incredulitate

2250 2316 2501 2390 damnati,
2536 2323 2586 2379 id
2612 2326 2753 2396 quod
2781 2328 3103 2397 comprobat
3132 2344 3200 2385 ex
3230 2330 3325 2386 illo
3354 2331 3490 2401 psal.
3522 2348 3538 2388 ι
3573 2349 3587 2386 :
3614 2331 3738 2388 Non
3762 2349 3846 2389 re-

2249 2423 2459 2487 surgent
2481 2416 2626 2485 impii
2673 2420 2725 2472 in
2746 2419 2968 2493 judicio,
3005 2436 3167 2491 neque
3201 2432 3488 2492 peccatores
3531 2425 3587 2479 in
3632 2426 3846 2480 consilio

2239 2507 2522 2577 justorum.
2551 2509 2619 2564 Et
2639 2510 2896 2584 deinceps
2922 2515 3075 2584 plura
3096 2514 3337 2580 disserit,
3372 2515 3567 2587 quibus
3582 2515 3843 2587 judicium

2248 2598 2314 2655 iis
2360 2602 2533 2657 solum
2584 2620 2805 2662 manere
2851 2606 3108 2672 insinuat,
3154 2610 3244 2680 qui
3294 2610 3438 2667 inter
3468 2611 3715 2669 inﬁdeles
3755 2612 3844 2670 vel

2250 2692 2445 2765 impios
2469 2706 2521 2751 et
2540 2690 2727 2755 ﬁdeles
2750 2715 2843 2754 seu
2870 2714 3089 2758 sanctos
3111 2704 3269 2760 medii
3298 2710 3446 2773 sunt,
3470 2723 3686 2778 quorum
3711 2708 3842 2764 obli-

2248 2801 2361 2855 quae
2379 2790 2715 2861 ancipitisque
2729 2793 2845 2848 vitte
2860 2796 3141 2851 necessario
3161 2807 3277 2853 sunt
3290 2799 3613 2855 discutienda
3628 2812 3841 2857 secreta.

2319 2879 2425 2937 Sed
2469 2882 2585 2940 haec
2632 2900 2700 2940 ne
2753 2902 2913 2957 quem
2957 2885 3258 2957 oﬁendant,
3303 2892 3846 2949 animadvertendum

2250 2975 2425 3044 primo
2450 2985 2553 3040 est,
2587 2977 2773 3045 plures
2802 2980 3053 3051 antiquos
3082 2982 3279 3038 similia
3319 2983 3625 3042 tradidisse.
3660 2986 3846 3057 Neque

2251 3080 2346 3122 cos
2383 3069 2822 3137 memorabimus,
2851 3087 2987 3143 quos
3030 3074 3377 3145 simplicitatis
3414 3087 3633 3133 accusat
3660 3076 3849 3147 Orige-

2176 3127 2223 3201 θ
2254 3174 2350 3216 nes
2380 3170 2510 3217 tom.
2548 3177 2565 3216 ι
2594 3178 2713 3235 pag.
2743 3127 2836 3226 49:,
2866 3127 2940 3220 eo
2970 3166 3113 3236 quod
3133 3127 3646 3239 reﬁcietis-sail

2248 3263 2516 3326 resurgent
2544 3255 2690 3327 impii
2716 3256 2769 3311 in
2789 3259 3069 3331 judicium,
3105 3270 3378 3332 negarunt
3406 3261 3570 3318 malos
3590 3280 3847 3319 resurrec-

2248 3344 2404 3399 tionis
2442 3356 2702 3417 compotes
2743 3352 2966 3418 futuros,
3017 3360 3108 3407 aut
3148 3350 3246 3408 Dei
3282 3354 3487 3427 judicio
3533 3355 3843 3427 dignandos.

2250 3434 2440 3493 Patres
2493 3439 2749 3495 Ecclesia:
2790 3441 3137 3500 doctissimos
3180 3447 3538 3517 appellamus,
3588 3464 3726 3519 quos
3782 3464 3846 3504 ea

2248 3530 2591 3599 simplicitate
2625 3535 3027 3591 succensendos
3064 3551 3172 3593 non
3202 3538 3494 3608 credimus,
3522 3542 3725 3612 quique
3763 3543 3848 3597 vel

2249 3631 2374 3678 ante
2403 3621 2678 3679 Zenonem
2716 3626 2926 3695 vixere,
2955 3627 3040 3683 vel
3062 3630 3112 3685 ei
3129 3645 3395 3702 suppares
3423 3640 3585 3689 atate
3606 3634 3844 3703 t‘tterunt,

2248 3714 2335 3769 vel
2365 3716 2527 3771 etiam
2568 3726 2757 3787 postea
2792 3721 2987 3776 similia
3018 3721 3275 3779 docuere.
3307 3724 3491 3781 Primo
3539 3741 3846 3781 memorau-

2249 3806 2351 3863 dus
2378 3809 2528 3864 venit
2564 3808 2901 3881 Lactantius,
2950 3814 3040 3886 qui
3071 3814 3165 3870 lib.
3199 3830 3277 3871 vn
3321 3816 3556 3873 lnstitut.
3589 3833 3711 3888 cap.
3752 3818 3850 3885 20,

2250 3907 2533 3970 postquam
2565 3916 2754 3958 omnes
2786 3904 2838 3957 in
2873 3904 2981 3960 ﬁne
3024 3907 3211 3963 mundi
3258 3902 3664 3966 resurrecturus
3702 3907 3852 3965 amr-

2251 3996 2435 4062 mavit,
2478 3997 2542 4051 de
2570 4000 2751 4067 quibus
2770 4000 3027 4073 judicium
3056 4018 3302 4073 magnum
3331 4004 3469 4060 idem
3503 4004 3615 4075 ipse
3657 4020 3751 4059 rex
3787 4020 3850 4059 ac

2251 4085 2392 4141 Deus
2429 4090 2604 4160 faciet,
2638 4107 2784 4146 utrm.
2830 4093 2863 4147 5
2907 4092 3096 4149 addit:
3132 4094 3245 4151 Nec
3286 4106 3455 4152 tamen
3480 4097 3704 4152 universi
3729 4105 3850 4153 tunc

2250 4196 2283 4232 a
2316 4176 2426 4233 Deo
2443 4181 2963 4254 judicabuntur......
3000 4203 3120 4242 nam
3162 4190 3252 4259 qui
3282 4187 3445 4244 Deum
3479 4206 3581 4245 non
3620 4205 3848 4262 agnora-

2251 4281 2390 4339 runt,
2419 4276 2660 4344 quoniam
2704 4281 2951 4335 sententia
2995 4280 3059 4336 de
3095 4282 3175 4337 Itis
3212 4283 3269 4337 in
3310 4282 3678 4339 absolutionem
3717 4284 3849 4354 ferri

2252 4378 2353 4418 non
2382 4376 2565 4435 potest,
2587 4370 2703 4440 jam
2740 4371 2958 4440 iudicati
2988 4373 3321 4441 damnatique
3345 4385 3487 4443 sunt,
3512 4377 3701 4431 sanctis
3736 4376 3850 4433 Lit-

2255 4457 2374 4510 teris
2417 4462 2815 4517 contestantibus
2857 4480 2960 4518 non
3007 4476 3383 4522 resurrectnros
3425 4484 3534 4524 esse
3572 4468 3760 4540 impios
3796 4471 3853 4526 in

557 4546 688 4601 tem,
712 4536 825 4591 Deo
850 4537 1083 4599 volente,
1108 4546 1432 4604 potet-antes
1453 4540 1588 4608 Aug.
1621 4542 1887 4596 sententia
1921 4542 2152 4599 homini-
2178 4515 2232 4577 Ῑ)
2248 4536 2527 4619 judicium.
2555 4553 2593 4610 S
2640 4554 2875 4611 Hilarius
2897 4557 2948 4611 in
2972 4560 3106 4628 psal.
3135 4575 3175 4626 I,
3204 4560 3395 4617 eadem
3422 4560 3593 4618 ferme
3618 4515 3679 4617 a'c
3705 4561 3856 4620 Zeno

555 4628 655 4684 bus
668 4640 948 4698 apparere,
963 4632 1017 4683 et
1032 4627 1275 4699 quaedam
1291 4628 1525 4693 edicere,
1538 4630 1878 4695 conﬁrmare,
1897 4635 2153 4693 Ostende-

556 4734 648 4788 re;
675 4717 859 4794 [cxvii]
898 4718 1102 4791 quidni,
1131 4720 1321 4777 eodem
1367 4721 1711 4791 permittente
1742 4724 1875 4792 Deo,
1907 4727 2150 4797 qumdam

556 4814 843 4885 impiorum
867 4816 1058 4868 animae
1085 4813 1388 4869 diBmOIIIIm
1417 4814 1589 4871 vicem
1639 4828 1798 4885 agere
1840 4828 2149 4892 potuerunt,

558 4914 614 4960 ut
637 4921 701 4959 ex
731 4913 916 4960 earum
945 4905 1255 4960 testimonio
1281 4903 1406 4959 ﬁdei
1438 4905 1605 4972 ipsius
1637 4909 1833 4967 veritas
1860 4914 2151 4971 conﬁrma-

559 5006 730 5063 retur,
767 5004 826 5051 ut
871 5009 1002 5049 sane
1040 5010 1102 5050 ex
1156 4994 1353 5050 iisdem
1399 4999 1814 5060 resurrectionis
1871 5008 2148 5065 veritatem

556 5089 613 5146 S.
655 5088 806 5143 Zeno
856 5084 1179 5143 conﬁrmat?
1222 5087 1442 5143 Factum
1494 5089 1684 5147 saltem
1722 5092 1905 5167 negari
1947 5101 2147 5172 nequit,

556 5197 621 5238 ac
651 5178 876 5251 proinde
896 5178 1028 5233 nihil
1060 5178 1118 5234 S.
1144 5177 1350 5235 Zenbni
1382 5188 1557 5251 pateat
1587 5190 1917 5255 succenseri,
1947 5194 2035 5263 qui
2077 5198 2149 5251 ex‘

560 5274 704 5329 laeto
748 5269 889 5343 apud
931 5270 1206 5327 auditores
1247 5274 1531 5343 explorato
1560 5276 1613 5331 in
1650 5288 1766 5335 rem
1796 5294 1946 5337 suam
1995 5300 2153 5355 argu-

560 5374 800 5423 mentum
837 5364 1188 5420 l'ortissimum
1230 5370 1541 5438 sumpserit,
1588 5385 1707 5427 cum
1760 5380 2055 5445 prtesertim
2085 5380 2153 5437 de'

556 5460 775 5517 ﬁctione
821 5457 1128 5514 daemonum
1174 5459 1275 5514 sub
1316 5460 1477 5516 ﬁnem
1537 5465 1747 5521 numeri
1790 5469 2149 5539 suspicionem

556 5551 801 5620 injiciut;
846 5562 1011 5621 quam
1046 5550 1101 5605 in
1145 5562 1259 5619 rem
1305 5551 1568 5609 videndus
1600 5557 1803 5624 etiam,
1856 5560 1900 5615 si
1952 5562 2150 5632 placet,

554 5645 760 5703 Encas
784 5646 1012 5702 Gaztcus
1058 5644 1110 5699 in
1160 5644 1392 5716 dialogo,
1420 5650 1510 5719 qui
1543 5647 1927 5723 Theophrastus
1969 5654 2153 5715 inscri-

538 5742 706 5805 bitur,
737 5738 825 5795 ubi
860 5737 932 5794 de
974 5736 1279 5794 animarum
1319 5748 1459 5797 Statu
1502 5742 1927 5805 luculentissima
1969 5746 2152 5824 dispu-

2260 4642 2445 4710 habet,
2488 4647 2623 4702 adeo
2662 4658 2719 4703 ut
2759 4648 2900 4706 hunc
2939 4665 3005 4706 ex
3048 4652 3240 4708 eodem
3270 4654 3527 4726 pleraque
3554 4655 3607 4712 id
3635 4657 3857 4727 generis

2261 4737 2315 4793 in
2363 4754 2519 4794 suum
2581 4750 2861 4798 tractatum
2924 4746 3261 4804 transtulisse
3306 4750 3358 4804 in
3414 4750 3857 4808 adnotationibus

2260 4834 2650 4890 monuerimus.
2704 4836 2937 4895 Sanctus
2981 4839 3108 4896 item
3149 4842 3468 4899 Ambrosius
3496 4843 3551 4898 in
3598 4844 3857 4902 ettrndem

2257 4924 2543 4992 psalmum,
2596 4927 2663 4981 ad
2716 4944 2779 4984 ea
2829 4930 2991 4987 verba
3047 4950 3060 4985 :
3117 4933 3376 5001 Quoniam
3429 4950 3531 4989 non
3584 4946 3857 5008 resurgeut

2252 5014 2400 5085 impii
2432 5017 2487 5070 in
2520 5018 2737 5086 iudicio,
2791 5024 3044 5079 similiter
3090 5027 3165 5082 ait
3210 5043 3362 5082 num.
3395 5029 3462 5086 5|
3502 5047 3515 5083 :
3549 5028 3671 5086 Non
3716 5033 3859 5086 enim

2257 5096 2410 5174 dixit,
2456 5106 2579 5163 Non
2605 5124 2890 5187 resurgent,
2929 5117 3021 5171 sed
3045 5118 3137 5185 ait,
3184 5118 3480 5193 Resurgunt
3502 5122 3729 5193 quidem,
3762 5124 3857 5179 sed

2256 5218 2359 5256 nou
2388 5203 2442 5258 in
2462 5205 2685 5276 judicio.
2722 5208 2824 5275 Qui
2847 5220 3016 5268 autem
3052 5215 3296 5288 resurgit,
3344 5225 3422 5273 est
3450 5218 3623 5288 utique
3664 5227 3713 5274 et
3740 5236 3856 5275 rua-

2261 5304 2365 5359 net,
2394 5296 2481 5348 sed
2522 5298 2641 5368 quia
2671 5316 2772 5354 non
2798 5303 3015 5357 credidit
3040 5305 3094 5358 in
3133 5306 3416 5374 Christum,
3447 5312 3563 5383 jam
3580 5310 3859 5384 judicatus

2261 5397 2354 5452 est,
2386 5398 2432 5441 et
2460 5390 2572 5443 ideo
2603 5407 2713 5469 'non
2740 5395 2874 5448 venit
2923 5397 2977 5450 in
2997 5397 3277 5466 judicium,
3321 5416 3468 5471 quem
3508 5403 3703 5473 peracti
3734 5406 3858 5476 jans

2261 5489 2429 5533 manet
2465 5496 2612 5548 paena
2631 5482 2939 5553 judicii.....
2981 5484 3059 5541 De
3096 5504 3155 5542 eo
3190 5498 3380 5553 autem,
3423 5492 3561 5561 quod
3585 5493 3697 5547 ait:
3730 5491 3856 5549 Non

2260 5585 2532 5645 resurgunt
2563 5577 2711 5647 impii
2737 5577 2787 5630 in
2807 5565 3035 5651 judicio,
3073 5570 3357 5638 secundum
3390 5576 3730 5659 Euangelium
3761 5587 3855 5642 ab-

2259 5669 2424 5721 soluta
2444 5674 2710 5737 sententia,
2734 5673 2852 5741 quia
2877 5690 2978 5727 non
2996 5689 3169 5729 omnes
3193 5675 3557 5742 iudicabuntur
3571 5693 3601 5751 ;.
3617 5686 3673 5733 et
3690 5679 3859 5736 allato

2263 5769 2407 5817 textu
2442 5750 2590 5818 Pauli
2618 5783 2629 5820 :
2660 5762 2848 5822 Omnes
2873 5777 3045 5825 autem
3086 5780 3283 5841 oportet
3314 5788 3407 5827 nos
3444 5750 3599 5827 stare
3621 5783 3741 5828 ante
3764 5776 3861 5830 tri-
