4242 6168
260 396 271 403 ,ν
354 344 459 405 Nl

1343 348 1801 411 DlSSERTATIO
1839 338 1911 418 ll,
1954 328 2047 404 ut:
2086 340 2147 406 s.
2189 344 2346 410 ΖΕΝ.
2395 350 2818 412 DOCTRINA.‘

3601 353 3710 411 149

354 462 516 523 burial
541 464 760 529 Christi,
787 464 932 539 quod
966 467 1302 525 Contrarium
1338 471 1651 542 putabatur,
1684 470 1981 543 respondet
2009 468 2061 532 Α
2089 472 2143 521 et
2170 458 2223 522 id
2244 468 2443 540 ipsum
2473 473 2821 536 conﬁrmant,
2852 480 2970 540 quas
2995 465 3274 525 traduntur
3300 468 3367 526 de
3395 472 3708 541 peccatori-

352 560 638 617 Christum
670 561 739 616 de
772 560 1085 617 inﬁdelibus
1116 561 1383 629 locutum,
1412 565 1502 635 qui
1523 582 1623 621 non
1653 566 1984 621 crediderunt

352 658 408 710 in
438 652 728 710 Dominum
753 653 936 711 Iesum
958 673 977 724 ;
1004 664 1060 711 ct
1087 657 1380 727 Apostolus
1404 658 1497 714 etsi
1522 648 1652 715 dixit
1684 676 1877 724 omnes,
1914 657 1981 712 de

351 748 419 803 iis
450 748 627 814 utique
655 739 817 814 dixit,
862 749 949 818 qui
976 748 1323 803 crediderunt.
1370 740 1729 824 Hieronymus
1771 748 1823 806 in
1856 750 1983 806 Dia-

351 832 477 912 lngo
519 846 717 896 contra
750 838 1078 912 Pelagianos
1121 842 1272 896 num.
1301 842 1374 899 28
1416 851 1560 898 textu
1607 826 1796 914 psalmi
1830 843 1979 915 ejus-

349 937 473 993 dem
501 937 678 991 allato
703 935 787 991 ait
821 954 836 991 :
859 932 983 989 lam
1013 937 1153 990 enim
1180 935 1236 991 in
1265 936 1606 1008 perditionem
1634 947 1753 993 sunt
1783 938 1982 1011 prteju-

346 1028 528 1082 dicati.
585 1030 807 1084 Auctor
856 1018 1119 1082 Breviarii
1163 1032 1213 1082 in
1262 1028 1399 1098 psal.
1433 1029 1619 1085 [inter
1664 1022 1980 1102 Hieronymi

340 1123 546 1193 Opera,
578 1128 724 1177 tom.
763 1138 841 1177 νη
866 1121 1195 1193 Appendicis
1216 1120 1349 1176 edit.
1383 1119 1582 1177 Veren.
1608 1138 1729 1192 cap.
1761 1114 1796 1177 ἆ
1819 1141 1829 1174 :
1855 1119 1977 1176 Non

336 1217 459 1285 quia
476 1223 586 1270 non
608 1220 925 1286 resurgant,
947 1215 1036 1267 sed
1053 1210 1263 1288 [cxvttt]
1277 1213 1397 1284 quia
1415 1206 1673 1286 injudicio
1691 1229 1790 1267 non
1808 1230 1980 1268 resur—

331 1318 463 1380 gunt
480 1351 496 1374 ,
506 1312 637 1382 jam
661 1311 809 1363 enim
840 1306 981 1361 deiis
1007 1308 1404 1382 prwjudieatum
1420 1312 1514 1361 est.
1540 1296 1743 1362 Auctor
1755 1307 1978 1361 alterius

329 1398 755 1457 Commentarii
783 1388 1118 1470 Hieronymo
1141 1396 1403 1468 ads’cripti
1438 1399 1488 1451 in
1514 1396 1699 1452 codice
1726 1394 1977 1453 Bobiensi

332 1494 535 1549 eodem
570 1496 719 1546 tom.
746 1492 848 1555 vn,
886 1494 1002 1561 pag.
1028 1482 1216 1557 ‘27,’in
1246 1482 1561 1559 prmfatione
1600 1485 1667 1542 ad
1697 1482 1973 1545 laudatum

332 1576 694 1642 Breviarinm
735 1598 750 1636 :
786 1579 913 1636 Non
942 1572 1074 1636 dixit
1117 1581 1368 1649 absolute,
1403 1572 1525 1635 Non
1552 1584 1845 1650 resurgunt,
1889 1578 1979 1633 sed

334 1674 570 1740 addidit,
608 1670 681 1731 In
703 1668 955 1749 judicio;
986 1674 1101 1728 licet
1123 1688 1225 1729 non
1252 1680 1516 1745 resurgent
1541 1673 1609 1726 ad
1630 1672 1973 1727 examinatio-

338 1784 485 1837 nent,
509 1768 605 1824 sed
636 1770 943 1838 resurgent,
986 1775 1044 1820 ut
1081 1756 1254 1821 statim
1298 1765 1600 1820 sententiam
1633 1763 1978 1819 damnationis

2086 558 2189 616 bus
2217 564 2445 629 mediis,
2476 579 2614 633 quos
2641 560 2708 620 ob
2735 562 3022 632 ancipitem
3054 563 3218 620 vitam
3247 567 3499 622 examine
3524 566 3707 645 discu-

2085 654 2290 712 tiendos
2321 660 2644 714 necessario
2684 655 2995 729 pronuntiat
3024 676 3037 712 :
3067 658 3387 730 Ambiguitas
3418 661 3553 714 enim
3598 654 3709 715 nisi

2085 749 2249 819 fuerit
2279 752 2542 819 discussa,
2564 754 2689 826 jure
2718 767 2819 804 non
2847 758 3007 821 potest
3032 750 3214 807 mereri
3236 753 3560 808 sententiam.
3588 746 3709 811 liud

2086 842 2303 914 Quoque
2330 844 2567 900 aliorum
2593 838 2811 898 Patrum
2842 843 3125 898 sententiae
3153 842 3448 913 pertinent.

2158 936 2346 1007 Itaqttc
2376 940 2445 992 ex
2478 938 2670 991 horum
2703 928 2926 988 Patrum
2958 948 3021 991 ac
3050 934 3283 992 Zenonis
3309 947 3490 993 mente
3518 940 3706 993 resur-L

2084 1038 2215 1102 gent
2239 1030 2462 1101 quidem
2496 1043 2712 1093 omnes,
2744 1035 2799 1081 et
2825 1024 3017 1085 im’rnes
3043 1029 3206 1085 etiam
3238 1032 3365 1086 ante
3384 1028 3586 1086 CltriSIi
3615 1032 3707 1087 tri-

2085 1121 2246 1177 bunal
2272 1123 2524 1194 stabunt,
2548 1118 2707 1190 justi,
2735 1118 2909 1189 impii,
2946 1124 2998 1177 'et
3023 1122 3209 1191 medii,
3242 1133 3296 1178 et
3326 1139 3515 1179 omnes
3545 1124 3710 1179 etiam

2086 1210 2171 1269 vel
2209 1215 2496 1283 praemium
2534 1220 2830 1277 :eternum,
2874 1214 3016 1284 quod
3050 1224 3148 1285 pro
3195 1215 3402 1271 meritis
3442 1215 3713 1287 acquisie-

2081 1306 2214 1371 rint,
2248 1305 2508 1371 adibant,
2539 1302 2622 1356 vel
2658 1302 2917 1372 pinnam;
2970 1306 3065 1363 sed
3112 1322 3220 1377 non
3262 1324 3476 1377 omnes,
3506 1316 3563 1364 ut
3600 1296 3721 1367 base

2082 1382 2699 1468 sententiajustissima
2732 1394 2968 1465 constet,
2996 1399 3200 1471 judicio
3243 1407 3300 1458 et
3343 1402 3597 1459 examine
3641 1402 3724 1457 in-

2082 1490 2382 1562 digebunt,
2438 1502 2543 1545 nec
2588 1485 2728 1555 justi
2789 1494 3066 1564 nimirum,
3113 1512 3213 1553 nec
3257 1490 3433 1566 impii,
3488 1502 3724 1569 quorum

2081 1599 2247 1640 causa
2302 1581 2601 1639 notissima
2629 1590 2749 1651 est,
2783 1576 2877 1643 sed
2918 1590 3081 1645 medii
3122 1590 3321 1659 solum,
3352 1590 3586 1661 quorum
3614 1593 3728 1649 vita

2083 1676 2247 1761 dubia
2299 1692 2434 1733 cum
2485 1671 2645 1729 fuerit
2673 1674 2873 1746 (dubia
2924 1680 3103 1740 tamen
3150 1684 3255 1739 non
3292 1685 3428 1753 Deo,
3476 1678 3564 1742 cui
3596 1682 3732 1744 nihil

2082 1769 2255 1824 latere
2283 1773 2502 1839 potest,
2531 1766 2626 1824 sed
2650 1766 3019 1848 hominibus),
3038 1775 3105 1832 ad
3132 1770 3512 1834 vindicandam
3542 1766 3731 1837 coram

346 1862 619 1932 accipiant
644 1876 665 1915 :
697 1860 974 1916 rationem
1002 1855 1151 1914 dedit
1180 1856 1340 1930 paulo
1396 1860 1522 1911 ante
1556 1870 1577 1941 :1
1597 1846 1755 1925 [mpii
1784 1853 1852 1909 ad
1880 1870 1986 1927 ραι·
2014 1845 2062 1921 Β
2090 1859 2364 1915 omnibus
2396 1857 2592 1916 divina:
2619 1858 2913 1922 sententiae
2936 1845 3220 1938 justitiam,
3250 1870 3320 1927 de
3353 1868 3438 1924 his
3455 1869 3726 1941 judicium

345 1964 476 2007 nam
505 1958 868 2023 resurgentes,
902 1960 1007 2003 non
1044 1947 1190 2004 illaut
1219 1944 1519 2002 dilationem
1560 1938 1827 2013 habebunt,
1866 1961 1981 2014 qua:

344 2048 483 2102 solet
504 2045 703 2119 judicii
738 2045 789 2098 vi
812 2044 871 2099 in
897 2038 1267 2113 quastionibus
1306 2032 1583 2095 admoveri.
1624 2038 1682 2095 S.
1727 2037 1980 2095 Paulinus

344 2136 601 2198 Nolanus
626 2138 822 2195 Poem.
854 2153 951 2201 vn,
986 2151 1104 2208 pag.
1130 2130 1237 2192 346
1264 2132 1395 2190 edit.
1424 2132 1755 2189 Veronensis
1796 2148 1817 2200 :1

548 2256 743 2306 Idcirco
765 2252 855 2303 tali
877 2253 1165 2302 dividentur
1186 2248 1359 2299 ordine

545 2316 815 2368 Hominum
835 2328 929 2379 per
953 2316 1125 2364 orbem
1150 2313 1495 2379 dissipatorum
1518 2319 1721 2374 greges.

550 2380 613 2430 Ut
630 2373 886 2442 judicandi
917 2389 1014 2425 non
1025 2373 1304 2442 resurgant
1316 2373 1494 2442 impii“,

548 2434 648 2502 Qui
664 2442 985 2502 denegarunt
1005 2434 1229 2488 debitum
1253 2434 1437 2502 cultum
1460 2434 1588 2502 Deo,

546 2498 647 2554 Sed
675 2498 916 2566 puniendi
945 2516 955 2550 :
984 2511 1097 2549 nam
1119 2508 1261 2566 suum
1277 2498 1482 2566 _crim_en
1507 2498 1683 2547 videns

548 2567 657 2617 Non
677 2561 1233 2629 indigebitqutrstione
1259 2561 1429 2629 detegi
1452 2573 1465 2621 ;
1588 2620 1618 2629 η

550 2621 1161 2689 Ουουὶεπῆιηιιιίῐῑρηῑεω
1188 2621 1457 2689 praefert-5m
1478 2621 1651 2689 mortis
1675 2621 1855 2668 notam.

547 2682 754 2752 Signum
774 2689 953 2739 salutis
976 2698 1075 2737 non
1097 2682 1345 2752 gerentes
1364 2682 1625 2752 frontibus.

546 2747 783 2804 Pe'ccator
807 2758 999 2806 autem,
1027 2757 1080 2800 et
1101 2747 1199 2798 non
1227 2747 1401 2810 impius
1424 2751 1608 2810 tamen,

551 2816 672 2876 Qum
698 2827 874 2877 magna
900 2813 1042 2879 turba
1070 2819 1166 2872 est,
1190 2805 1544 2879 nonresrtrget
1564 2805 1756 2869 gloriae,
1793 2833 1797 2839 ι

544 2871 731 2929 Verum
752 2871 991 2937 résurget
1012 2871 1300 2937 deputanda
1321 2871 1533 2937 examini
1557 2883 1569 2918 :

544 2941 653 2992 Nec
675 2941 805 2991 enim
827 2933 1015 2989 sedere
1039 2933 1153 2993 cum
1179 2933 1437 2997 piisjndex
1463 2937 1646 2993 potest,

549 3004 753 3056 Causam
778 3014 982 3052 suorum
1004 2999 1292 3048 redditurus
1314 3002 1526 3054 actuum,

548 3066 802 3129 Varieque
826 3064 987 3128 gestis
1009 3068 1095 3111 aut
1117 3057 1416 3124 probandus,
1444 3063 1529 3106 aut
1549 3066 1685 3105 reus.

351 3172 632 3238 Tandem,
684 3176 740 3225 ut
786 3168 922 3225 alios
961 3167 1267 3229 mittamus,
1298 3161 1360 3218 S.
1390 3156 1657 3216 Cmsarius
1684 3173 1854 3212 serm.
1884 3158 1974 3222 77,

2085 1966 2179 2007 seu
2208 1962 2472 2006 exmnen
2499 1959 2545 2006 el
2568 1957 2806 2027 cognitio
2856 1959 3108 2016 distincta
3159 1960 3408 2018 habenda
3459 1960 3585 2018 erit.
3643 1964 3734 2023 In-

2086 2044 2246 2101 terim
2281 2052 2444 2095 vero
2473 2049 2720 2106 omnibus
2746 2051 2912 2123 judex
2939 2069 3093 2110 suum
3118 2044 3338 2125 tribuet,
3372 2055 3559 2127 justis,
3593 2068 3733 2132 quos

2089 2132 2400 2194 honorabit
2434 2146 2486 2190 ut
2523 2138 2694 2212 ﬁlios;
2741 2146 2942 2219 impiis,
2984 2148 3120 2221 quos
3169 2150 3406 2220 carniﬁci
3450 2149 3732 2211 destinabit

2086 2230 2284 2293 statim,
2334 2241 2451 2282 non
2472 2234 2772 2305 audiendos,
2805 2234 2894 2293 sed
2922 2241 3320 2312 competentibus
3350 2239 3512 2309 prunis
3540 2260 3730 2301 aman-

2090 2321 2346 2385 dandos;
2386 2335 2705 2390 peceatores
2753 2340 2933 2389 autem
2977 2335 3187 2390 medios
3227 2333 3571 2407 ponderabit,
3619 2346 3728 2398 non

2093 2410 2241 2489 quod
2271 2410 2484 2472 borum
2510 2426 2667 2490 gesta
2700 2424 2880 2480 statim
2906 2430 3270 2496 postmortem
3296 2424 3590 2499 ponderata
3617 2440 3724 2489 non

2095 2505 2332 2569 fuerint,
2380 2523 2480 2567 nec
2509 2524 2624 2570 tum
2659 2518 2986 2574 sententiam
3032 2519 3136 2576 sibi
3163 2519 3398 2577 debitam
3436 2524 3726 2582 rctulerint

2096 2607 2257 2692 (nant
2287 2608 2357 2655 tr.
2395 2602 2461 2659 16
2489 2604 2528 2660 l.
2562 2624 2581 2662 ι
2600 2651 2616 2677 ,
2643 2625 2700 2665 n.
2734 2610 2770 2664 2
2791 2654 2806 2678 ,
2835 2612 3037 2667 animus
3065 2614 3265 2669 nostras
3295 2632 3507 2671 suorum
3529 2636 3721 2692 corpo-

2093 2711 2213 2752 rum
2236 2688 2656 2768 [cx1x]exsuuiis
2673 2711 2880 2758 exsules
2908 2722 3002 2775 pro
3029 2706 3274 2777 qualitate
3295 2698 3574 2779 factorum,
3594 2688 3715 2784 qua:

2093 2800 2235 2844 sane
2276 2783 2539 2854 judicium
2591 2791 2664 2848 de
2711 2793 2870 2851 factis
2917 2807 3252 2869 supponunt,
3290 2802 3542 2872 quasdam
3588 2783 3717 2861 locis

2091 2879 2394 2955 poenalibus
2432 2882 2678 2956 relegari,
2714 2888 2965 2958 quasdam
3008 2888 3227 2962 placidis
3266 2890 3472 2952 sedibus
3498 2899 3721 2970 refoveri

2088 2973 2315 3049 tradit),
2341 2972 2436 3032 sed
2477 2978 2624 3048 quod
2657 2980 2708 3034 in
2745 2983 2909 3038 totius
2933 2985 3117 3041 mundi
3150 2999 3442 3059 conspectu
3485 2990 3603 3048 haec
3625 3008 3719 3049 ea-

2090 3069 2223 3125 dem
2256 3067 2481 3139 justi’tia:
2518 3070 2719 3127 divinae
2747 3076 2975 3145 aequitas
3005 3074 3220 3147 publico
3246 3080 3432 3151 judicii
3460 3084 3715 3140 examine

2089 3171 2289 3231 patere
2311 3156 2525 3217 debeat.
2560 3161 2649 3218 Ita
2675 3166 2794 3232 erit,
2829 3167 2942 3237 ipse
2972 3166 3028 3225 S.
3054 3156 3200 3226 Zeno
3230 3173 3522 3243 concludit,
3558 3185 3632 3245 ut,
3656 3176 3713 3231 in

351 3260 618 3339 Append.
662 3248 946 3335 Augustini
990 3276 1141 3316 nutu.
1174 3250 1250 3313 ἇς
1284 3254 1365 3310 Ad
1394 3252 1658 3327 judicium
1700 3253 1834 3306 enim
1878 3268 1980 3305 non
2007 3252 2053 3314 C
2091 3244 2213 3324 ipso
2247 3252 2458 3311 scilicet
2485 3260 2715 3313 extremi
2743 3259 2934 3329 judicii
2964 3262 3077 3329 die,
3093 3268 3255 3339 justis
3284 3274 3497 3339 corona,
3530 3287 3712 3340 pecca-

350 3362 577 3417 eeniuut
608 3370 702 3413 nec
741 3356 955 3428 pagani,
988 3366 1080 3409 nec
1124 3349 1380 3414 haeretici,
1420 3364 1509 3401 nec
1536 3344 1735 3410 Judwi,
1763 3346 1884 3415 quia
1920 3342 1983 3398 de

355 3454 500 3525 iptis
524 3442 777 3522 scriptum
813 3456 885 3504 est
917 3462 937 3503 :
970 3448 1071 3515 Qui
1104 3461 1209 3500 non
1240 3439 1423 3504 credit,
1447 3441 1562 3512 jam
1576 3437 1848 3511 judicatus
1888 3442 1981 3491 est.

438 3547 579 3614 Quis
608 3552 688 3600 tot
716 3543 902 3599 Patres
946 3541 1142 3597 similia
1179 3535 1461 3593 tradentes
1488 3532 1691 3589 erroris
1731 3534 1988 3587 accusare

348 3641 590 3706 audeat,
621 3647 677 3694 et
716 3653 823 3693 non
856 3636 1033 3707 potius
1078 3631 1353 3702 intelligat
1390 3642 1509 3683 eam
1562 3628 1613 3681 in
1659 3626 1988 3682 sententiam

350 3738 565 3790 eorum
600 3729 905 3786 testimonia
939 3718 1263 3797 esplieanda
1294 3733 1441 3783 esse,
1472 3728 1531 3773 ut
1568 3732 1695 3774 vere
1723 3733 1830 3773 non
1863 3731 1991 3774 exe-

351 3826 582 3883 merint
607 3823 674 3879 ab
718 3832 960 3878 extremo
979 3819 1186 3890 judicio
1214 3814 1415 3886 impios
1446 3812 1529 3867 vel
1556 3810 1819 3875 inﬁdeles,
1855 3827 1990 3882 quos

349 3922 493 3978 Deo
511 3915 777 3991 iudicanti
802 3912 1078 3971 adiuturos
1106 3908 1349 3968 confessi
1383 3916 1530 3972 sunt,
1555 3904 1649 3960 sed
1674 3898 1819 3960 aliud
1838 3903 1992 3976 quid-

348 4020 524 4091 piztin
558 4011 858 4077 innuerint,
883 4008 1025 4080 quod
1056 4022 1181 4063 cum
1212 4000 1483 4059 catholico
1509 3999 1757 4069 dogmate
1778 4016 1883 4054 non
1909 4004 1992 4053 re—

347 4102 622 4182 pugnet?
662 4104 720 4160 Id
765 4108 897 4159 sane
925 4096 1213 4157 sententiae
1260 4094 1328 4153 ex
1378 4092 1617 4148 omnium
1662 4092 1993 4148 lcslimtmiO-

351 4206 510 4262 him
538 4199 834 4258 cellation'e
866 4188 1019 4251 facile
1049 4192 1290 4250 elicitur.
1321 4186 1504 4243 Primo
1535 4200 1632 4239 nec
1662 4182 1867 4255 piorum
1893 4199 1993 4239 nec

341 4296 679 4371 impiorum
712 4290 1161 4348 reSurrectionem
1194 4290 1420 4356 negant,
1470 4277 1563 4335 Sed
1596 4294 1993 4337 resurrecmros

340 4392 605 4467 quidem
645 4386 821 4451 aiunt,
852 4401 958 4440 non
1010 4396 1186 4439 tamen
1220 4379 1273 4435 in
1300 4373 1589 4449 judicium,
1622 4374 1763 4446 quod
1794 4375 1860 4432 de
1888 4374 1991 4430 im-

338 4483 476 4563 piis
499 4485 716 4543 diserte
744 4480 1035 4536 afﬁrmant.
1068 4470 1546 4533 Resurreminnem
1567 4482 1725 4539 porro
1746 4477 1855 4563 tum
1881 4469 1995 4541 jus.—

344 4560 592 4646 torum,
632 4586 743 4631 tum
786 4573 1136 4630 scelestarum
1168 4562 1450 4625 hominum
1477 4572 1661 4621 noster
1698 4560 1883 4620 auctor
1909 4563 1992 4618 lu-

2089 3347 2293 3401 toribus
2325 3354 2417 3402 aut
2447 3350 2736 3418 excusatis,
2784 3362 2875 3406 aut
2906 3355 3187 3411 emendatis
3227 3354 3572 3430 indulgentia,
3610 3363 3711 3417 im-

2092 3438 2191 3509 piis
2216 3448 2388 3493 autem
2417 3448 2611 3495 teterna
2641 3459 2792 3510 paena
2831 3444 3106 3502 tribuatur.
3130 3444 3186 3503 In
3216 3449 3410 3519 quibus
3439 3451 3485 3507 si
3511 3468 3706 3524 pecca-

2092 3534 2274 3587 torut‘n
2306 3539 2519 3587 tantum
2548 3532 2609 3589 ﬁt
2651 3537 2877 3602 mentio,
2904 3544 3060 3610 queis
3081 3546 3375 3613 excusatis,
3407 3545 3489 3602 vel
3517 3562 3705 3604 emen-

2091 3616 2237 3678 datis
2261 3622 2636 3694 indulgentiam
2670 3627 2930 3685 tributum
2964 3632 3028 3687 iri
3075 3630 3402 3703 afﬁrmatur,
3436 3654 3595 3694 nemo
3625 3639 3707 3695 id-

2094 3713 2240 3769 circo
2270 3724 2590 3784 peccatores
2634 3718 2848 3775 medios
2870 3723 3012 3777 inter
3031 3722 3213 3794 justus
3260 3739 3313 3782 et
3342 3727 3559 3799 impios,
3593 3729 3699 3797 vel,

2094 3815 2153 3861 ut
2192 3821 2256 3860 ex
2286 3815 2545 3863 contextu
2581 3809 2767 3881 liquet,
2801 3810 3142 3870 Christianos
3186 3820 3499 3886 peccatores
3529 3821 3705 3877 indul—

2094 3900 2332 3970 gentiam
2369 3901 2421 3954 in
2445 3901 2636 3972 judicii
2662 3903 2751 3960 die
2778 3906 3131 3963 adsecuturos
3162 3896 3435 3967 Zenonem
3464 3915 3703 3971 sensisse

2093 3992 2345 4063 colligat;
2380 3994 2523 4063 quod
2553 3996 2605 4050 in
2638 3996 2803 4052 alium
2833 4001 3061 4055 aliorum
3092 4010 3333 4059 errorem
3362 4004 3658 4060 declinaret
3685 4025 3698 4060 :

2095 4096 2218 4139 nam
2246 4100 2310 4138 ex
2362 4085 2555 4141 iisdem
2607 4090 2987 4158 peccatoribus,
3039 4090 3133 4147 seu
3161 4090 3485 4151 Christianis
3510 4098 3701 4153 mediis

2096 4178 2279 4249 plures
2305 4176 2538 4243 futuros,
2584 4180 2675 4251 qui
2725 4198 2824 4238 nec
2852 4184 3113 4249 excusati,
3148 4201 3249 4242 nec
3289 4189 3563 4245 emendati
3590 4191 3695 4244 im-

2097 4272 2333 4342 piorum,
2365 4286 2461 4327 seu
2503 4272 2903 4331 incredulorum
2932 4262 3095 4332 linem
3134 4277 3380 4348 adibant,
3408 4280 3609 4337 Auctor
3635 4296 3699 4337 se‘

2096 4364 2313 4420 novisse
2336 4364 2509 4434 palam
2537 4366 2714 4435 prodit
2736 4374 2892 4424 tract.
2924 4370 2991 4425 16
3034 4370 3125 4425 lib.
3154 4386 3355 4435 t,num.
3378 4373 3603 4442 il,cum
3626 4375 3695 4432 de

2098 4457 2423 4530 injustorum
2450 4461 2851 4516 resurrectione
2886 4464 3133 4533 loquens,
3160 4476 3278 4519 eam
3306 4480 3429 4522 esse
3453 4467 3548 4533 ait,
3580 4485 3693 4540 qua:

2098 4553 2285 4624 impios
2311 4569 2427 4607 cum
2457 4554 2810 4623 peccaturibus
2841 4555 3191 4626 universisque
3227 4554 3508 4615 incredulis
3531 4564 3696 4633 genti-

337 4640 643 4735 culenter
672 4664 987 4724 adseritlib.
1018 4669 1212 4720 ttract.
1240 4654 1327 4727 16,
1366 4674 1518 4714 num.
1548 4655 1636 4710 11.
1664 4652 1835 4712 Porro
1855 4652 1997 4727 judi-
2023 4640 2076 4710 D
2102 4648 2193 4705 bus
2219 4647 2430 4721 perenni
2455 4646 2674 4702 destinat
2694 4665 2872 4719 patente.
2898 4648 3195 4720 Perspicua
3217 4654 3382 4709 etiam
3405 4665 3550 4724 sunt,
3573 4650 3696 4728 quae

336 4766 532 4827 cium
562 4778 693 4819 cum
723 4760 942 4830 negant,
968 4771 1072 4811 non
1094 4751 1225 4809 illud
1249 4757 1469 4823 negant,
1493 4749 1665 4819 justas
1688 4748 1772 4804 vel
1805 4747 1996 4817 impios
2105 4746 2174 4803 de
2200 4744 2459 4816 operibus
2498 4756 2550 4802 et
2578 4744 2841 4802 cltaritatc
2872 4740 2977 4802 una
3022 4761 3144 4802 cum
3183 4737 3288 4804 ﬁde
3313 4765 3343 4805 a
3385 4744 3693 4814 Christiano

337 4865 409 4922 in
456 4852 767 4915 τιὸνὶεεὶιηί
786 4840 975 4922 judicii
1005 4846 1093 4904 die
1131 4846 1256 4902 ante
1292 4842 1495 4900 Christi
1526 4840 1759 4897 tribunal
1786 4839 1998 4896 adiutu-
2100 4834 2411 4910 iungendis,
2456 4847 2508 4893 ut
2534 4837 2816 4893 immortali
2862 4830 3172 4895 beatitudine
3198 4843 3521 4914 perfruatur,
3565 4847 3694 4906 alibi

332 4958 499 5021 ro‘s,
544 4952 653 5005 nec
679 4944 733 5001 in
773 4952 839 5000 eo
868 4943 1068 4998 alteros
1098 4939 1151 4996 in
1178 4947 1435 4995 mternam
1482 4933 1730 5007 gloriam,
1773 4935 1825 4990 in
1869 4950 1997 5004 ειη)-
2107 4928 2266 4991 docet
2297 4947 2456 5003 :quae
2482 4947 2601 4988 cum
2642 4947 2762 5004 cap.
2814 4933 2848 4988 6
2886 4934 3166 5005 prmsentis
3189 4936 3584 5000 dissertationis
3610 4942 3696 5001 in-

334 5046 622 5126 pﬁc‘ium
656 5036 1050 5110 snmpilcrnum
1073 5035 1276 5091 alteros
1303 5045 1658 5089 concessuros
1688 5048 1702 5084 :
1736 5029 1831 5086 sed
1852 5028 2001 5102 judi—
2104 5030 2279 5086 dicata
2306 5043 2335 5083 a
2366 5026 2522 5084 nobis
2547 5025 2764 5093 fuerint,
2794 5028 2859 5082 eo
2880 5027 3137 5085 lectorem
3159 5031 3507 5091 remittimus.

332 5121 529 5201 tium
570 5149 675 5207 pro
703 5144 874 5188 causa:
920 5128 1090 5184 dubia:
1118 5128 1349 5221 creamine
1390 5135 1687 5221 sumentes,
1723 5121 1823 5221 huc
1845 5122 2000 5221 fimi-
2729 5163 2955 5221 CAPUT
2986 5164 3032 5221 X

334 5205 777 5296 εορἧὐηιιηή,
806 5224 858 5279 in
906 5220 1067 5279 causa
1124 5218 1268 5276 certa
1301 5220 1409 5275 tum
1436 5216 1703 5289 iustorum
1737 5215 1998 5284 ﬁdelium,
2228 5288 2275 5296 Α,
2544 5293 2562 5296 ᾗ
2634 5205 3052 5296 ’“’

336 5288 492 5386 ἷᾶηὶ
536 5288 849 5375 ἱηῆιᾶθπὶηῃ
880 5310 1190 5384 impiohim’
1226 5288 1555 5383 iulia-Orsen
1602 5309 1833 5363 examine
1863 5323 2001 5377 “pus
2194 5288 2491 5337 SENTENTIA
2539 5293 2585 5334 S.
2620 5293 2871 5386 ⁷ΖΕΝΨἪΒΔ
2911 5290 2982 5386 Ῑ>ῈΔ
3027 5295 3301 5386 Ιῢδτᾌιὶῐξὶί
3328 5300 3607 5345 ANIMARUH

336 5378 484 5481 ab}.
548 5408 823 5473 futurum,
851 5378 993 5477 quod
1035 5404 1175 5459 ratio
1201 5378 1509 5457 Zenoniana
1535 5406 1721 5470 aperte
1764 5399 1955 5470 probat
1985 5416 1997 5451 :
2595 5380 2766 5427 ετλτθ
2801 5378 2932 5427 Pd“
2956 5378 3196 5429 ηοκτεδο

335 5508 680 5574 ιιιάίεῐιιηι
721 5503 856 5558 enim
893 5517 955 5555 ea:
995 5496 1248 5567 ambiguis
1286 5495 1436 5550 rebus
1472 5493 1689 5559 exsistit,
1733 5502 1838 5547 etc.
1868 5492 2003 5548 Hinc

340 5624 546 5673 nam.
592 5598 631 5652 2
654 5597 767 5667 jam
799 5594 925 5650 inde
973 5609 1001 5648 a
1032 5599 1208 5648 morte
1240 5592 1410 5663 justas
1452 5590 1567 5643 vita:
1600 5595 1877 5657 perpetuat,
1908 5586 2007 5639 im-

344 5708 496 5780 ρίοε
534 5701 755 5753 aeterno
798 5684 1361 5777 suppliciode
1401 5681 1695 5780 afﬁrmans,
1718 5678 1873 5780 nulla
1897 5692 2003 5780 eos,

344 5772 605 5871 inqu“,
641 5783 867 5854 cognitio
894 5772 1147 5852 exspectat
1184 5777 1416 5843 ulterius,
1461 5775 1547 5829 ubi
1563 5774 1804 5871 cognitio
1822 5772 2007 5871 judicii

346 5863 604 5970 get-ms,
643 5874 785 5946 quod
829 5881 1051 5943 negatur
1082 5869 1467 5934 necessarium,
1494 5865 1671 5919 calam
1722 5863 2006 5935 signiﬁcat,

2184 5487 2260 5542 Ex
2291 5486 2598 5543 constitutis
2628 5485 2889 5556 superiori
2916 5487 3093 5558 capite
3115 5503 3216 5543 una
3249 5488 3515 5548 dubitatio
3539 5493 3706 5549 subo-

2113 5584 2204 5639 riri
2230 5590 2429 5652 potest,
2457 5590 2634 5637 utrum
2663 5583 2898 5648 Auctor,
2930 5582 3021 5651 qui
3050 5583 3121 5637 ita
3144 5582 3304 5650 justis
3334 5584 3385 5638 in
3411 5586 3602 5654 judicii
3622 5586 3710 5641 die

2114 5686 2359 5728 coronam
2388 5671 2707 5728 tribuendum
2733 5670 3019 5727 afﬁrmavit
3044 5681 3200 5727 tract.
3232 5673 3300 5727 21
3336 5674 3428 5730 lib.
3467 5693 3528 5741 tt,
3560 5688 3708 5728 num.

2118 5770 2174 5837 5,
2203 5778 2262 5823 ut
2290 5784 2474 5824 eorum
2497 5770 2701 5823 animas
2727 5772 2846 5837 post
2884 5772 3118 5821 mortem
3160 5764 3376 5833 placidis
3401 5766 3612 5827 sedibus
3639 5780 3719 5819 rc-

2120 5863 2287 5936 foveri
2318 5860 2598 5921 tradiderit
2625 5870 2780 5916 tract.
2818 5857 2904 5912 16.
2935 5856 3029 5912 lib.
3070 5860 3096 5912 1
3129 5872 3277 5913 nttm.
3309 5857 3363 5925 2,
3391 5870 3586 5924 utrum
3615 5900 3630 5927 ,
3652 5859 3706 5912 in
