4242 6168
566 314 677 370 M5

1968 291 2508 354 PROLEGOMENA.

3783 290 3879 349 illi

573 444 763 503 quam,
800 427 866 483 ad
893 440 1079 483 eorum
1129 420 1422 480 accesserit
1461 418 1790 476 sententiam
1836 417 1905 472 ab
1959 418 2175 473 hetero—
2202 417 2250 476 A
2281 413 2371 468 ubi
2398 412 2458 468 S.
2491 409 2755 503 Arcadius
2784 416 2996 503 martyr
3006 416 3147 503 post
3184 416 3412 503 mortem
3463 408 3516 503 in
3547 408 3760 503 uelum
3788 410 3881 503 ad-

577 524 740 579 doxis
759 519 1076 593 quibusdam
1104 516 1274 572 nostri
1307 512 1564 584 temporis
1603 512 1918 577 excitatam,
1951 516 2039 581 qui
2062 509 2178 579 jus-

579 617 649 671 tis
679 623 801 685 post
839 610 1294 668 resurrectionem
1343 616 1550 661 tantum
1584 607 1865 675 praemium
1916 611 2178 656 aeternum

580 710 634 765 in
662 709 815 765 ctelis
839 721 961 762 cum
991 704 1085 761 Dei
1112 702 1326 759 visione
1359 697 1773 770 impertiendum
1804 698 2066 758 docuere,
2097 695 2182 749 in-

579 802 736 857 terim
762 813 891 854 vero
919 784 1107 854 eorum
1134 796 1343 850 animas
1371 792 1581 864 placido
1618 790 1800 861 aliquo
1827 790 1879 844 in
1908 785 2183 842 domicilio

579 893 942 963 requiescere,
975 888 1152 961 quoad
1177 887 1404 944 extremi
1442 885 1630 956 jndicii
1672 884 1790 939 dies
1834 881 2031 938 coelum
2077 880 2184 936 eis-

582 986 708 1043 dem
762 983 1069 1054 patel'aciat.
1127 982 1241 1036 Iluc
1283 978 1519 1035 conferri
1568 977 1730 1032 etiam
1779 974 1948 1030 videri
2008 977 2187 1043 potest

581 1077 729 1135 aliud
755 1076 995 1132 Zenonis
1018 1073 1386 1130 testimonium
1413 1086 1482 1127 ex
1511 1079 1665 1125 tract.
1695 1068 1763 1123 12
1786 1067 1883 1123 lib.
1918 1082 1956 1131 ι,
1980 1065 2033 1121 in
2056 1065 2183 1130 line,

583 1172 707 1229 ubi:
740 1170 965 1224 Dubium
991 1184 1097 1222 non
1124 1175 1232 1232 est,
1265 1165 1459 1235 inquit,
1488 1164 1802 1218 voluntatem
1830 1169 2081 1223 nostram,
2105 1155 2188 1211 cui

589 1280 640 1320 se
655 1262 888 1337 junxerit
911 1260 1070 1334 parti,
1099 1259 1325 1330 prtebere
1360 1256 1648 1317 uictoriam,
1680 1255 1891 1324 ejusque
1927 1251 1980 1305 in
2015 1265 2188 1303 resur-

589 1355 811 1411 rectione
845 1359 937 1406 aut
989 1349 1201 1419 prtemio
1242 1347 1439 1419 perfrui
1492 1345 1746 1417 perenni,
1792 1351 1884 1396 aut
1922 1340 2186 1394 consimili

588 1462 738 1516 poena
765 1443 956 1513 puniri.
980 1441 1052 1496 At
1080 1442 1166 1496 hic
1195 1451 1502 1510 postremus
1530 1438 1684 1493 locus
1708 1451 1776 1491 ex
1807 1436 2187 1490 haereticorum

587 1536 839 1593 manibus
867 1533 1021 1589 facile
1040 1532 1173 1602 eripi
1184 1530 1341 1597 tur,si
1363 1528 1771 1586 consideremus
1797 1526 1971 1597 primo
1991 1523 2060 1580 de
2079 1523 2193 1594 jus-

594 1638 773 1684 torum
797 1626 1021 1697 praemio
1043 1624 1268 1696 perinde
1290 1622 1454 1678 scribi
1473 1664 1487 1686 ,
1515 1635 1579 1676 ac
1601 1620 1669 1676 de
1693 1634 1849 1689 pmna
1880 1618 2189 1688 impiorum;

590 1735 822 1791 quorum
852 1728 1032 1774 tamen
1082 1716 1293 1772 animas
1319 1716 1499 1771 statim
1532 1720 1654 1783 post
1676 1721 1906 1768 mortem
1934 1698 2060 1765 locis
2091 1726 2193 1780 pae-

2280 503 2559 560 scendisse
2583 502 2812 557 traditur
2841 517 2854 552 :
2885 497 2930 554 0
2961 499 3147 572 dignus
3169 499 3383 571 gloriosi
3409 500 3580 555 exitus
3604 501 3762 569 ﬁnis!
3782 501 3882 554 Ad-

2282 609 2560 650 scensurus
2589 593 2920 648 altitudinem
2951 592 3064 647 cteli
3100 590 3244 664 (cum
3283 592 3489 646 scilicet
3538 592 3590 645 itt
3628 607 3694 647 eo
3719 604 3876 660 esset,

2285 697 2345 743 ιιι
2366 694 2669 743 moreretur
2704 725 2720 751 ,
2761 683 2907 755 quod
2932 698 3007 739 ex
3021 694 3280 739 contextu
3321 681 3537 754 liquet),
3561 685 3788 754 corporis
3807 684 3880 738 sui

2284 780 2653 852 impedimenta
2701 778 2966 848 praemittit
2990 820 3004 846 ,
3035 787 3083 833 et
3126 779 3394 850 exsequias
3423 778 3619 850 [uitet-is
3657 779 3737 833 sui
3779 778 3883 848 ipse

2286 875 2672 945 prcecedit......
2714 872 2966 927 Arcadius
2998 872 3320 927 beatissimus
3362 882 3561 943 martyr
3587 872 3760 926 adhuc
3801 873 3882 927 de-

2288 977 2523 1020 moratur
2543 965 2595 1020 in
2638 965 2834 1021 steculo
2874 963 3152 1035 (nimirum
3195 965 3447 1035 corpore)
3492 972 3540 1019 et
3552 965 3667 1035 jam
3695 973 3888 1036 martyr

2290 1059 2536 1114 recitatur
2564 1059 2616 1113 in
2645 1057 2771 1113 coelo
2796 1100 2809 1119 ,
2837 1073 2959 1128 quae
2989 1067 3259 1127 postrema
3301 1055 3465 1112 verba
3493 1057 3808 1128 respiciunt,
3836 1066 3888 1113 ut

2290 1152 2528 1218 videtur,
2553 1152 2643 1207 illa
2689 1151 2842 1207 Pauli
2866 1151 3025 1206 Rom.
3057 1166 3155 1212 xu,
3185 1150 3278 1215 25,
3311 1149 3399 1205 ubi
3432 1150 3697 1220 primitiei,
3732 1150 3785 1206 id
3812 1157 3889 1205 est

2292 1248 2476 1312 electi,
2508 1246 2787 1318 conscripti
2808 1247 3056 1301 dicuntur
3085 1246 3138 1299 in
3170 1245 3331 1311 cretis,
3366 1223 3624 1315 qitamdiu
3667 1244 3720 1299 in
3751 1254 3889 1301 terra

2293 1340 2527 1410 degunt;
2558 1354 2682 1394 cum
2705 1348 2884 1394 autem
2915 1338 3043 1393 hinc
3071 1353 3168 1408 per
3194 1347 3421 1392 mortem
3469 1337 3521 1391 in
3549 1336 3747 1392 cceluut
3801 1335 3891 1391 ad-

2294 1430 2585 1499 scendunt,
2616 1446 2804 1487 eorum
2828 1432 3043 1506 nomjna
3072 1429 3266 1485 ibidem
3294 1428 3510 1485 recitari
3541 1438 3598 1484 et
3633 1427 3892 1485 celebrari

2298 1541 2404 1581 non
2437 1525 2713 1580 desinunt.
2764 1526 2835 1580 At
2883 1541 2949 1580 ne
2978 1524 3097 1595 quis
3126 1523 3232 1580 huc
3278 1522 3348 1579 de
3396 1522 3528 1578 solis
3570 1522 3893 1595 martyribus

2299 1619 2576 1676 Zenonem
2606 1620 2844 1676 sensisse
2870 1619 3182 1684 existimet,
3212 1628 3270 1673 ut
3297 1616 3389 1672 alii
3428 1616 3707 1687 proprium
3756 1631 3894 1671 mar-

2301 1723 2480 1785 tyrum
2529 1710 2867 1785 privilegium
2916 1713 2968 1767 id
3024 1726 3148 1768 esse
3180 1726 3460 1782 perperam
3490 1710 3692 1778 Opinati
3729 1718 3892 1777 sunt,

588 1813 795 1867 natibus
836 1811 1058 1882 relegari
1106 1817 1270 1865 tract.
1309 1807 1375 1863 l6
1426 1807 1520 1863 lib.
1552 1822 1606 1874 ι,
1633 1822 1782 1861 ιιιιιιι.
1813 1805 1871 1873 2,
1901 1807 2102 1858 Auctor
2128 1817 2191 1857 a-
2222 1808 2271 1869 B
2298 1806 2547 1863 eumdem
2579 1807 2897 1876 episcopum
2927 1805 2997 1861 de
3025 1803 3278 1860 omnibus
3302 1804 3461 1873 justis
3502 1804 3797 1858 universim
3819 1803 3893 1857 ιο.

590 1906 900 1979 pertissime
931 1902 1316 1975 pronuntiavit.
1346 1900 1552 1956 Deinde
1580 1906 1639 1953 ut
1660 1899 1816 1969 hujus
1848 1911 2002 1954 mens
2028 1905 2192 1966 atque

591 2014 792 2071 scopus
815 1997 1146 2069 intelligatur
1169 2039 1185 2064 ,
1214 1993 1752 2051 animadvertendum
1778 2005 1862 2049 est
1889 2008 1955 2048 eo
1979 1994 2031 2047 in
2053 2000 2191 2047 trac-

593 2100 709 2148 tatu
740 2091 832 2155 12,
853 2104 1165 2146 sermonem
1194 2102 1317 2144 esse
1342 2103 1448 2143 non
1477 2087 1545 2143 de
1572 2087 1772 2153 anima,
1803 2085 1896 2141 sed
1909 2084 1977 2140 de
2003 2090 2188 2153 carne,

603 2184 690 2240 vel
705 2198 962 2254 corpore,
979 2192 1036 2239 et
1060 2180 1318 2237 afﬁrmari
1339 2181 1455 2236 fore
1479 2190 1538 2235 ut
1562 2182 1680 2251 ejus
1695 2181 1902 2254 (utique
1924 2177 2191 2249 corporis)

590 2280 647 2333 in
665 2277 1040 2333 resurrectione
1069 2275 1322 2331 voluntas
1349 2286 1533 2330 nostra
1556 2283 1651 2330 aut
1695 2288 1886 2344 poenas
1914 2272 2024 2327 luat
2049 2312 2064 2337 ,
2100 2277 2194 2325 aut

592 2370 820 2440 praemio
866 2369 1123 2439 potiatur,
1152 2377 1438 2437 propterea
1491 2365 1634 2437 quod
1683 2364 1920 2421 debitam
1975 2361 2193 2432 corpori

593 2475 833 2529 poenam,
863 2460 949 2516 vel
974 2460 1253 2531 prtemium
1282 2460 1336 2514 in
1365 2472 1596 2529 corpore
1641 2468 1768 2514 ante
1792 2472 1898 2512 non
1928 2456 2189 2523 senserit,

590 2567 714 2622 quae
738 2561 864 2606 ante
886 2550 1338 2607 resurrectionem
1363 2550 1481 2604 sine
1509 2562 1763 2619 corpore,
1797 2549 1849 2602 in
1872 2546 2051 2602 anima
2078 2557 2195 2601 tan-

589 2654 702 2701 tum
729 2644 1005 2701 cruciatus
1033 2642 1226 2710 sensit,
1261 2643 1350 2699 vel
1400 2642 1624 2713 praemio
1675 2639 1960 2712 perfuncta
1983 2647 2100 2707 est,
2131 2646 2193 2694 ut

590 2737 789 2793 aliisin
839 2737 973 2792 locis
1001 2751 1129 2791 mox
1171 2735 1475 2791 indicandis
1514 2734 1718 2789 Auctor
1765 2744 1953 2804 aperte
1982 2732 2187 2788 docuit.

590 2826 747 2896 Quod
775 2838 955 2882 autem
979 2827 1215 2897 pertinet
1235 2825 1302 2880 ad
1333 2826 1560 2882 alterum
1591 2826 1790 2889 locum,
1815 2826 1903 2881 ubi
1921 2824 2190 2895 justorum

591 2921 802 2975 animas
830 2919 1069 2974 exsuviis
1117 2933 1405 2989 corporum
1452 2918 1658 2974 solutas
1705 2917 1930 2988 placidis
1970 2916 2191 2973 sedibus

590 3010 826 3067 refoveri
855 3010 1093 3080 scripsit.
1120 3010 1355 3080 antiquis
1386 3010 1636 3065 Patrihus
1668 3010 1804 3066 bene
1833 3011 2078 3078 plurimis
2102 3024 2193 3065 so—

593 3104 775 3160 lemne
795 3102 918 3169 fuit,
936 3117 1059 3158 cum
1083 3104 1253 3158 sinum
1275 3102 1515 3168 Abrahae,
1544 3103 1691 3157 sedes
1726 3104 1980 3174 placidas,
2007 3112 2063 3159 et
2087 3103 2189 3157 alia

2296 1911 2570 1970 quentem,
2603 1898 2996 1969 perspicueque
3037 1912 3160 1953 sese
3211 1894 3574 1966 explicantem
3618 1894 3893 1951 audiamus

2298 2002 2367 2047 tr.
2402 1992 2470 2048 12
2524 1991 2768 2061 ejusdem
2797 1990 2922 2046 libri
2952 2006 2986 2046 ιι
3020 2035 3034 2059 ,
3066 2006 3121 2045 ιι.
3148 1989 3208 2055 4,
3241 1990 3329 2044 ubi
3356 1988 3580 2058 angelos
3611 2028 3627 2055 ,
3655 2003 3792 2059 quos
3809 1987 3895 2043 Ja-

2296 2084 2399 2139 cob
2422 2072 2517 2153 per
2544 2083 2749 2139 scalam
2777 2083 2832 2137 in
2860 2081 3058 2138 coelum
3103 2079 3497 2135 adscendentes
3529 2079 3661 2133 vidit
3685 2119 3702 2144 ,
3723 2078 3893 2149 justos

2297 2174 2349 2228 itt
2380 2174 2577 2231 caelum
2609 2173 3003 2229 adscendentes
3026 2172 3412 2242 interpretatur
3435 2170 3544 2225 sic:
3570 2169 3893 2225 Adscenden-

2298 2277 2370 2323 tes
2399 2283 2516 2322 vero
2545 2277 2665 2322 sunt
2681 2268 2816 2338 justi
2842 2308 2858 2333 ,
2898 2267 2989 2337 qui
3010 2265 3182 2338 probis
3209 2264 3438 2320 moribus
3487 2280 3578 2334 per
3597 2263 3790 2336 gradus
3815 2263 3895 2319 di-

2295 2359 2532 2414 vinorum
2563 2358 2900 2413 observantia:
2942 2369 3315 2428 praeceptorum
3348 2357 3576 2427 quotidie
3611 2356 3892 2423 spiritualis

2298 2454 2497 2508 itineris
2536 2453 2706 2525 gloria
2730 2456 2967 2523 feruntur
2994 2452 3045 2505 in
3071 2451 3254 2506 cwlum
3275 2468 3288 2503 :
3313 2449 3579 2520 inquibus
3603 2451 3892 2505 observan-

2297 2545 2424 2601 dum
2442 2546 2741 2616 praesertim
2764 2545 3076 2600 adverbium
3091 2544 3339 2614 quotidie.
3362 2543 3505 2613 quod
3522 2542 3888 2614 accipiendum

2297 2642 2539 2710 proiecto
2558 2640 2627 2696 de
2657 2640 2724 2696 iis
2737 2640 2921 2709 justis,
2945 2638 3037 2710 qui
3059 2637 3126 2695 de
3151 2638 3238 2694 die
3262 2639 3315 2693 in
3340 2636 3481 2694 diem
3514 2646 3635 2709 post
3663 2652 3888 2692 mortem

2299 2732 2351 2788 in
2380 2735 2576 2789 cretum
2610 2734 2810 2788 abeunt
2840 2774 2856 2800 ,
2890 2750 2999 2789 non
3028 2732 3132 2788 nisi
3163 2732 3378 2803 iniquus
3401 2730 3568 2803 judex
3599 2730 3884 2801 negaverit.

2298 2824 2466 2897 Igitur
2495 2826 2729 2901 placidas
2750 2826 2893 2881 sedes
2918 2866 2933 2890 ,
2966 2825 3023 2881 in
3051 2826 3248 2897 quibus
3272 2824 3544 2896 justorum
3574 2823 3780 2878 animas
3811 2837 3893 2876 re-

2298 2923 2459 2992 foveri
2482 2922 2539 2979 S.
2574 2921 2724 2978 Zeno
2766 2920 3044 2991 prodidit,
3073 2936 3141 2977 ex
3170 2920 3327 2991 hujus
3353 2928 3536 2978 mente
3562 2918 3729 2990 ipsam
3768 2930 3890 2972 esse

2296 3017 2572 3072 caelestem
2607 3017 2832 3086 patriam
2866 3058 2880 3082 ,
2912 3016 2964 3071 in
3000 3031 3102 3086 qua
3133 3016 3280 3071 Deus
3319 3014 3564 3071 cernitur
3585 3054 3601 3080 ,
3644 3010 3776 3067 nihil
3808 3017 3892 3066 est

2296 3108 2683 3164 dubitandum:
2740 3126 2900 3179 quam
2946 3110 3001 3165 in
3043 3111 3371 3166 sententiam
3417 3116 3573 3164 tract.
3619 3107 3653 3163 3
3698 3106 3794 3162 lib.
3840 3121 3888 3173 ι,

588 3198 647 3255 id
672 3197 885 3269 generis
933 3198 1204 3269 justorum
1252 3199 1536 3253 animabus
1582 3208 1704 3269 post
1734 3209 1965 3254 mortem
2013 3196 2191 3253 vindi-
2218 3189 2263 3253 C
2295 3220 2443 3259 num.
2473 3206 2528 3266 4,
2548 3204 2733 3259 liberas
2758 3222 2787 3259 e
2816 3205 2983 3259 carnis
3018 3204 3232 3259 nexibus
3260 3203 3336 3277 (id
3369 3212 3453 3258 est
3478 3210 3600 3273 post
3619 3209 3844 3256 mortem
3870 3238 3889 3267 ,

589 3300 735 3355 cant,
770 3290 1082 3348 Paradisum
1108 3292 1435 3362 intelligere,
1460 3301 1520 3348 ut
1540 3292 1846 3348 Ludovicus
1864 3294 2192 3348 Muratorius

590 3383 779 3439 multis
805 3383 993 3438 statuit
1019 3383 1075 3438 in
1102 3383 1399 3439 novissimo
1424 3399 1591 3453 Opere
1615 3382 1685 3440 de
1713 3385 1992 3441 Paradiso.
2026 3384 2195 3455 Equi-

591 3476 717 3534 dem
744 3475 985 3548 plaeidas
1014 3475 1177 3533 hasce
1208 3475 1369 3533 sedes
1407 3477 1598 3533 eadem
1630 3477 2025 3548 signiﬁcatione
2050 3476 2191 3549 apud

590 3569 863 3627 Zenonem
879 3568 1056 3625 locum
1079 3583 1201 3626 esse
1236 3568 1577 3636 deliciarum,
1607 3570 1832 3626 verbum
1862 3570 2077 3640 refoveri
2104 3584 2195 3625 sa-

591 3662 663 3718 tis
713 3661 980 3718 insinuat:
1034 3662 1162 3732 quin
1204 3660 1518 3718 Paradisum
1567 3662 1785 3718 easdem
1836 3677 1960 3719 esse
2019 3663 2196 3718 innuit

592 3768 744 3809 num.
796 3754 831 3810 5
862 3795 877 3821 ,
932 3752 1023 3809 ubi
1054 3752 1276 3809 Latroni
1323 3768 1355 3810 e
1408 3768 1569 3810 crure
1606 3753 1860 3825 pendenti
1915 3770 2018 3810 una
2069 3769 2191 3811 cum

591 3843 808 3903 Christo
857 3844 1175 3902 Paradisum
1223 3856 1348 3916 post
1410 3857 1639 3902 mortem
1683 3846 2069 3903 conferendum
2123 3846 2193 3903 ab

591 3938 785 3994 eodem
812 3935 1030 3994 Christo
1056 3939 1383 4007 promissum
1414 3939 1598 4007 tradit,
1616 3947 1672 3996 et
1699 3956 1846 3996 num.
1872 3939 1926 4004 6,
1951 3954 2075 3996 cunt
2106 3955 2193 3997 re-

594 4029 965 4101 prehensurus
985 4046 1082 4088 eos
1111 4071 1128 4098 ,
1157 4034 1247 4103 qui
1303 4043 1544 4089 mortuos
1568 4033 1771 4090 deﬂent
1796 4075 1812 4101 ,
1841 4034 1896 4088 in
1932 4037 2151 4091 meliora
2172 4076 2190 4101 ,

594 4123 648 4180 id
669 4132 754 4180 est
779 4124 1130 4181 beatitudinis
1168 4126 1369 4193 locum;
1418 4127 1696 4197 migrantes
1724 4127 1866 4183 haud
1890 4126 2193 4198 planctibus

591 4217 1000 4287 prosequendos
1026 4218 1252 4274 monuit.
1297 4218 1450 4274 Adde
1484 4219 1630 4291 quod
1659 4228 1818 4275 tract.
1863 4220 1928 4276 21
1976 4221 2071 4278 lib.
2121 4237 2188 4289 ιι,

585 4309 766 4380 justos
791 4319 846 4368 et
874 4311 1066 4381 impios
1093 4312 1273 4368 statim
1306 4322 1430 4383 post
1454 4324 1685 4371 mortem
1716 4324 1811 4370 aut
1834 4314 2115 4385 praemium
2138 4327 2193 4373 et

590 4404 809 4476 quidem
840 4414 1124 4473 aeternum,
1157 4414 1250 4461 aut
1274 4415 1536 4463 azternam
1568 4422 1781 4478 poenam
1813 4423 1912 4479 pro
1943 4409 2149 4466 meritis
2174 4450 2190 4477 ,

590 4497 677 4552 vel
721 4496 955 4564 peccatis
999 4496 1152 4554 adire
1182 4509 1237 4555 et
1281 4499 1551 4555 sustinere
1600 4502 1931 4570 pronuntiat.
1992 4499 2077 4557 Ea:
2096 4503 2193 4557 hac

2294 3308 2349 3354 et
2373 3308 2499 3355 ante
2521 3299 2708 3371 judicii
2733 3313 2797 3355 ac
2823 3297 3237 3355 resurrectionis
3256 3296 3429 3367 diem)
3450 3311 3637 3351 eorum
3660 3294 3887 3360 animas,

2292 3392 2381 3461 qui
2409 3402 2665 3464 prtecepta
2690 3391 2783 3447 Dei
2804 3376 3119 3459 custodiunt;
3141 3391 3193 3447 id
3221 3400 3306 3447 est
3332 3389 3572 3445 omnium
3596 3390 3887 3459 justorum,

2293 3483 2625 3539 beatitudine
2648 3484 2970 3555 repromissa
3000 3524 3014 3548 ,
3046 3499 3168 3554 quae
3195 3482 3380 3554 utique
3429 3481 3481 3537 in
3509 3480 3662 3536 caelis
3696 3494 3764 3534 ex
3796 3478 3889 3533 Dei

2292 3574 2501 3653 visione
2537 3575 2840 3644 proveniet,
2870 3574 3230 3647 perfruituras
3278 3573 3607 3645 pronuntiat.
3634 3570 3732 3626 Dei
3760 3586 3894 3642 pra:-

2294 3676 2442 3738 cepta
2471 3669 2787 3736 custodiens,
2812 3667 3112 3737 hujusmodi
3136 3666 3314 3737 officiis
3354 3665 3628 3722 steculares
3661 3663 3892 3718 obterens

2293 3759 2581 3828 voluptates
2607 3801 2622 3826 ,
2654 3776 2770 3815 cum
2797 3760 2953 3833 fuerit
2979 3761 3142 3814 victor
3167 3759 3436 3830 carnisque
3476 3757 3690 3813 nexibus
3719 3755 3844 3812 liber
3871 3796 3891 3824 ,

2293 3854 2615 3922 repromissae
2638 3852 3038 3908 immortalitatis
3067 3851 3410 3909 inaestimabili
3437 3851 3749 3907 beatitudine
3773 3866 3893 3921 per-

2296 3944 2497 4015 fruetur
2525 3985 2540 4009 ,
2572 3953 2630 4000 et
2687 3944 3112 4001 luculentissime
3167 3944 3359 4000 eodem
3404 3952 3565 4000 tract.
3602 3943 3668 3999 16
3710 3943 3802 4000 lib.
3839 3958 3890 4011 ι,

2296 4035 2386 4106 qui
2407 4035 2676 4107 objectum
2714 4036 3079 4092 testiinonium
3124 4038 3367 4094 continet
3391 4078 3407 4102 ,
3434 4051 3587 4094 num.
3624 4034 3722 4091 l4:
3762 4035 3893 4092 Cum

2294 4136 2467 4182 autem
2495 4144 2798 4200 morsque:
2820 4138 3032 4196 putatur
3062 4134 3354 4193 metuenda,
3380 4138 3653 4201 gustatur:
3682 4138 3801 4184 tunc
3820 4130 3892 4197 ei,

2296 4216 2350 4272 id
2376 4230 2458 4274 est
2481 4221 2697 4287 animat,
2721 4221 2775 4274 in
2795 4229 3041 4276 retentum
3067 4223 3323 4278 manentis
3349 4221 3534 4295 gloriae
3556 4221 3714 4277 beatis
3735 4222 3789 4275 in
3814 4237 3898 4276 se-

2302 4313 2476 4381 dibus,
2510 4314 2679 4387 nullas
2722 4315 2958 4387 deinceps
3007 4332 3260 4372 (erumnas
3300 4317 3483 4371 mundi
3520 4331 3779 4381 sensura,
3808 4332 3900 4371 re-

2297 4408 2549 4477 promissa
2591 4408 2812 4478 felicitas
2850 4408 3136 4463 exhibetur.
3184 4407 3284 4465 Ubi
3315 4418 3374 4465 et
3398 4407 3541 4464 sedes
3569 4408 3727 4463 beata:
3772 4407 3896 4478 glo-

2295 4504 2390 4555 ria:
2412 4504 2466 4555 in
2489 4510 2737 4556 arternum
2769 4501 3020 4555 manentis
3055 4509 3184 4556 sunt
3225 4500 3414 4572 procul
3456 4500 3619 4556 dubio
3655 4498 3900 4555 caelestis

595 4586 752 4661 [cxx]
774 4589 908 4643 enim
930 4589 1055 4655 vita,
1081 4589 1405 4661 inquit,quis
1425 4608 1597 4647 secum
1625 4602 1715 4648 aut
1735 4609 1976 4648 coronam
1999 4605 2189 4665 portat,
2219 4574 2274 4635 Ῑ)
2296 4597 2485 4669 gloria:
2513 4598 2687 4663 locus,
2717 4613 2824 4653 non
2852 4606 3032 4653 autem
3060 4598 3211 4653 sinus
3257 4597 3348 4653 ille
3372 4596 3608 4653 Abrahae
3631 4637 3646 4663 ,
3681 4595 3734 4651 in
3782 4610 3900 4666 quo

594 4688 684 4734 aut
704 4695 905 4751 pwnam
926 4696 943 4735 :
966 4689 1021 4736 et
1034 4697 1102 4737 ne
1118 4681 1343 4737 dilatum
1360 4683 1635 4754 quidpiam
1648 4683 1795 4739 credi
1814 4684 2003 4753 possit,
2025 4685 2195 4756 subji-

589 4771 668 4827 cit
692 4781 814 4842 post
836 4786 1004 4842 pauca
1023 4788 1041 4827 :
1061 4771 1095 4826 Ι
1102 4775 1205 4829 usti
1232 4774 1353 4827 vitte
1379 4784 1656 4845 perpetuw,
1687 4776 1835 4848 impii
1861 4788 2054 4833 teterno
2074 4789 2193 4835 sunt

592 4862 835 4917 destinati
863 4863 1145 4935 supplicio.
1177 4863 1438 4934 Apertius
1478 4873 1635 4920 tract.
1661 4866 1731 4920 27
1780 4868 1874 4924 lib.
1905 4884 1940 4923 ιι
1965 4910 1979 4933 .
2004 4869 2057 4924 in
2087 4869 2192 4927 line

589 4971 933 5027 proponens,
958 4956 1088 5028 quid
1120 4959 1449 5028 martyribus
1478 4971 1601 5029 post
1654 4971 1882 5017 mortem
1938 4963 2147 5020 accidat
2172 5006 2187 5032 ,

492 5060 503 5075 '
587 5046 674 5102 ltis
700 5047 878 5103 verbis
910 5049 1103 5104 utitur:
1136 5048 1344 5122 Martyr
1385 5052 1654 5108 dominica:
1683 5056 2013 5112 habitationis
2034 5060 2087 5112 in
2110 5075 2189 5113 re-

589 5143 797 5196 condita
817 5141 1130 5206 adsumitur,
1172 5153 1230 5198 ut
1254 5144 1441 5200 ibidem
1488 5163 1551 5202 ea:
1578 5148 1781 5203 homine
1834 5152 1888 5203 in
1935 5151 2190 5223 Angelunt

588 5239 919 5308 trausfusus,
960 5245 1153 5291 (eterna
1193 5239 1308 5293 vita:
1337 5238 1649 5294 beatitudine
1695 5242 1963 5313 glorietur.
2016 5242 2077 5298 Id
2111 5244 2189 5314 ip-

585 5343 708 5386 sum
737 5325 1047 5405 conﬁrmari
1087 5338 1270 5402 potest
1313 5346 1380 5390 ex
1422 5340 1581 5390 tract.
1614 5332 1683 5390 18
1743 5333 1989 5406 ejusdem
2019 5335 2185 5405 libri,

2294 4690 2361 4746 ad
2385 4701 2686 4746 extremum
2714 4705 2886 4760 usque
2919 4690 3107 4761 judicii
3152 4689 3296 4747 diem
3333 4690 3615 4747 animabus
3664 4704 3899 4745 manen-

2292 4782 2421 4838 dum
2480 4782 2578 4848 sit;
2632 4792 2686 4838 et
2743 4783 2827 4837 hae
2879 4782 3099 4853 quidem
3157 4792 3281 4855 post
3332 4792 3598 4855 gustatam
3658 4792 3897 4840 mortem

2292 4875 2556 4932 adeundae
2585 4875 2966 4948 designantur;
2994 4877 3147 4948 cujus
3172 4877 3252 4933 rei
3275 4877 3543 4934 rationem
3570 4881 3775 4933 Auctor
3796 4876 3902 4932 de~

2294 4969 2449 5025 derat
2488 4969 2648 5039 paulo
2693 4980 2818 5026 ante
2866 4968 3059 5026 eodem
3111 4985 3260 5025 num.
3305 4968 3405 5025 l4:
3432 4970 3595 5024 Aliter
3628 4970 3763 5023 enim
3792 4969 3904 5023 im-

2294 5060 2621 5114 mortalitatis
2664 5061 2798 5115 stola
2827 5060 2919 5115 illa
2962 5076 3067 5114 non
3116 5060 3338 5114 sumitur
3372 5100 3388 5126 ,
3419 5061 3521 5115 nisi
3549 5060 3714 5130 primo
3751 5059 3903 5113 istud

2291 5153 2499 5208 carnale
2517 5153 2760 5223 spolium,
2794 5153 3039 5208 blandum
3066 5153 3254 5208 anima:
3273 5168 3521 5208 venenum
3546 5193 3561 5217 ,
3606 5152 3901 5207 secundum

2287 5247 2388 5304 Dei
2414 5250 2717 5305 sententiam
2739 5290 2755 5319 ,
2789 5248 2925 5305 unde
2950 5256 3217 5319 sumptum
3242 5257 3339 5313 est,
3363 5245 3689 5317 refundatur.

3727 5408 3734 5435 l

1215 5642 3177 5700 4w—
