4242 6168
367 182 476 240 145

1235 174 1721 238 DISSERTATIO
1750 171 1842 241 ΙΙΙ,
1883 174 1970 231 DE
2111 177 2267 240 ZEN.
2304 185 2509 248 ACTIS
2547 190 2640 247 ΕΤ
2671 191 2937 255 CULTU.

3718 221 3829 280 HG

1072 436 1293 516 [σω]
1364 420 2168 511 DISSERTATIO
2281 434 2773 549 TERTIA,

924 593 1019 655 DE
1075 587 1320 655 ACTIS
1391 581 1710 648 SANCTI
1764 584 2104 649 ZENONIS
2153 589 2263 652 ET
2316 593 2439 655 DE
2497 597 2875 675 EJUSDEM
2938 614 3263 688 CULTU.

987 848 1404 916 PROCEMIUM.

459 969 574 1025 Etsi
602 967 726 1024 dua:
754 969 886 1024 satis
912 971 1129 1041 prolixae
1151 974 1208 1027 S.
1228 960 1476 1026 Zenonis
1508 962 1677 1022 Vita:
1706 967 2020 1038 prodierunt

379 1062 436 1119 in
487 1064 692 1128 lucem,
723 1077 950 1132 quarum
979 1063 1198 1119 alteram
1238 1052 1813 1126 srripsitCoronatus
1857 1060 2019 1115 Nota-

374 1155 520 1217 rius,
544 1154 640 1225 qui
669 1164 799 1209 ante
826 1169 878 1208 Ix
904 1154 1158 1209 saeculum
1183 1152 1385 1216 ﬂoruit,
1415 1148 1657 1208 alteram
1684 1169 1812 1208 vero
1835 1152 2019 1209 Mona—

375 1247 521 1304 chus
551 1245 926 1310 Zeuonianus,
956 1247 1048 1317 qui
1083 1247 1211 1301 vixit
1240 1244 1435 1303 saeculo
1469 1241 1699 1302 circiter
1741 1263 1813 1313 χι,
1838 1246 2014 1303 modi-

374 1353 508 1394 cum
553 1348 740 1392 tamen
768 1351 834 1392 ac
858 1336 973 1392 fere
1004 1336 1138 1392 nihil
1167 1339 1303 1394 scire
1331 1352 1429 1391 nos
1468 1335 1536 1391 de
1570 1341 1741 1394 nostri
1763 1338 2015 1397 Auctoris

375 1431 557 1504 gestis
604 1429 654 1483 si
698 1431 823 1501 quis
867 1432 1202 1500 pronuntiet,
1250 1429 1575 1499 reprehendi
1632 1447 1741 1487 non
1794 1432 2013 1503 poterit.

380 1525 692 1581 Enimvero
724 1524 869 1578 inter
895 1538 979 1590 ea,
1010 1538 1134 1592 qua:
1158 1520 1461 1578 Coronatus
1490 1522 1691 1578 litteris
1728 1525 2015 1595 consigna-

380 1619 485 1681 vit,
518 1617 695 1672 multa
722 1615 948 1687 quidem
987 1615 1055 1671 de
1082 1617 1235 1671 miris
1263 1615 1603 1687 quibusdam,
1634 1633 1754 1688 qua:
1787 1634 1880 1687 per
1914 1618 2015 1675 Ze—

383 1727 592 1767 nonem
626 1712 774 1766 Deus
818 1711 991 1782 gessit
1023 1711 1289 1781 prodigia,
1323 1711 1624 1765 luculenter
1654 1713 1923 1779 exposuit,
1959 1722 2014 1768 at

384 1821 563 1877 pauca
591 1819 826 1877 prorsus
857 1806 927 1860 de
956 1804 1065 1857 vita
1091 1812 1146 1858 et
1174 1802 1463 1858 virtutibus
1490 1804 1607 1871 ejus
1640 1804 1840 1873 tetigit;
1875 1805 2014 1861 adeo

384 1907 448 1953 ut
472 1898 653 1969 palam
683 1897 778 1965 sit,
808 1896 943 1950 nihil
973 1912 1097 1951 eum
1129 1910 1193 1951 ex
1225 1894 1460 1966 antiquis
1489 1897 1856 1953 monumentis
1878 1898 2013 1953 hau-

384 1992 556 2055 sisse,
607 1988 707 2045 sed
745 2003 814 2045 ea
845 1996 1056 2043 tantum
1100 1988 1501 2057 perscripsisse,
1541 2002 1659 2058 qua:
1688 1988 1757 2043 ob
1785 1988 2013 2060 prodigii

383 2085 768 2141 celebritatem
796 2084 965 2139 inﬁxa
994 2083 1274 2138 memoriae
1301 2080 1378 2154 (α)
1402 2083 1643 2152 populari
1671 2080 1809 2138 fama
1834 2084 2013 2141 trade-

386 2179 620 2241 bantur;
664 2175 808 2231 unde
849 2175 1017 2230 etiam
1065 2173 1265 2230 factum
1307 2183 1410 2240 est,
1455 2184 1509 2229 ut
1547 2173 1663 2230 haec
1706 2176 1818 2245 ipsa
1864 2176 2014 2233 falsis

2048 857 2097 916 A
2127 869 2305 954 nuper
2353 870 2760 954 memoratam,
2801 876 3185 938 Veronensem
3236 902 3356 942 eum
3393 890 3572 948 fuisse
3613 895 3818 954 statuit

2124 964 2189 1049 ex
2216 949 2401 1049 l’etro
2433 953 2513 1011 de
2538 959 2815 1025 Natalibus
2842 973 3102 1042 episcopo
3136 974 3388 1045 Equilino
3426 983 3538 1038 lib.
3570 997 3591 1036 ι
3641 949 3817 1049 Gala—:-

2125 1043 2228 1114 ιοεί
2264 1042 2648 1122 SanClorum,
2688 1068 2741 1114 et
2773 1076 2838 1117 ex
2886 1064 3211 1119 lectionibus
3241 1070 3361 1137 quae
3399 1071 3455 1125 in
3498 1072 3666 1131 fesm
3696 1082 3829 1156 eius

2125 1132 2429 1156 nAJ!_L‘.:-
2488 1143 2501 1155 ι
2592 1147 2624 1156 ι.
2707 1154 2722 1156 _
2770 1155 2777 1156 κ

2123 1132 2530 1247 ρι’(ἒξηεῖιὶφιῑε
2571 1147 2658 1204 die
2695 1154 2728 1208 8
2760 1155 3073 1210 Decembris
3108 1132 3432 1227 legebantur
3494 1132 3829 1247 Medioi;;;

2124 1230 2179 1285 iu
2211 1227 2471 1286 Ecclesia
2503 1235 2834 1299 Catliedrali.
2866 1244 2941 1299 At
2968 1246 3084 1300 hiPC
3119 1249 3512 1306 recentiorum
3558 1227 3826 1334 testim:

2124 1321 2213 1376 nia
2242 1321 2314 1377 de
2343 1323 2519 1381 rebus
2547 1332 2785 1402 antiquis
2806 1351 2930 1390 cum
2958 1334 3094 1389 nihil
3126 1340 3372 1407 probent,
3408 1353 3481 1397 ut
3517 1321 3812 1421 recte

2125 1416 2258 1471 tavit
2282 1416 2594 1477 Cardinalis
2622 1424 2888 1481 Barouius
2919 1442 3073 1481 num.
3108 1429 3175 1483 12
3204 1440 3334 1486 tom.
3385 1448 3405 1487 ι
3431 1416 3786 1524 Annalium,

2123 1523 2249 1580 pag.
2280 1508 2351 1563 59
2399 1511 2535 1566 edit.
2565 1512 2938 1581 Coloniensis,
2964 1518 3259 1593 nullusque
3284 1533 3413 1580 ante
3443 1524 3687 1595 Petrum

2120 1599 2404 1657 Natalibus
2432 1601 2536 1659 hoc
2562 1608 2951 1664 subindicasse
2980 1607 3237 1670 inventus
3267 1615 3368 1679 sit;
3400 1615 3616 1681 Peretti
3647 1599 3779 1688 seu;

2122 1694 2309 1748 tentire
2336 1709 2496 1750 nemo
2525 1699 2776 1767 prudens
2799 1700 3161 1771 acquieverit,
3188 1707 3575 1784 integrumque
3600 1724 3763 1782 nobis

2122 1785 2452 1856 relinquitur
2501 1790 2860 1860 conjecturas
2908 1805 3126 1852 nostras
3180 1801 3548 1864 litteratorum
3594 1817 3772 1876 oculis

2123 1887 2286 1949 atque
2327 1894 2571 1935 censurae
2598 1882 2902 1952 subjicere.
2943 1887 3191 1950 Zenonis
3224 1911 3426 1955 nomen
3455 1901 3598 1965 inter
3621 1910 3775 1971 Grie-

2120 1983 2220 2024 cos
2252 1980 2528 2041 receptum
2557 1986 2627 2027 ac
2651 1972 2941 2047 frequens,
2962 1981 3235 2045 Graecum
3261 2002 3387 2050 eum
3404 1995 3779 2072 demonstrare

2121 2065 2369 2128 videtur;
2398 2074 2454 2121 et
2480 2064 2744 2122 Graecum
2781 2073 3000 2141 quidem
3034 2077 3202 2138 illum
3225 2095 3442 2154 censuit
3460 2113 3579 2161 cum

2122 2172 2260 2213 uero
2281 2158 2666 2215 Tillcmontius
2694 2160 2889 2266 agnot.
2922 2171 2956 2224 5'
3012 2171 3067 2227 in
3108 2174 3410 2248 Valeriani
3452 2158 3782 2266 μείξεξιῖιξξ,

385 2275 603 2344 aliquot
646 2271 927 2343 adjunctis
964 2269 1373 2326 circumveStita
1419 2269 1781 2335 inveniantur,
1833 2279 1893 2325 ut
1942 2286 2012 2327 ex
2042 2271 2091 2332 B
2120 2264 2247 2362 "cf"
2271 2258 2402 2362 ‘2");
2419 2250 2984 2362 _“'_’_P"31“i873_?me
3001 2279 3152 2362 QUOS
3184 2269 3411 2340 Blasius
3440 2250 3691 2357 ᾖοεειιυε
3722 2303 3779 2362 in

387 2364 843 2420 adnotationibus
895 2365 949 2419 in
981 2378 1100 2419 eam
1129 2363 1300 2417 Vitam
1333 2363 1473 2419 inter
1500 2376 1847 2419 monumenta
1879 2366 2019 2422 infe-

391 2457 510 2514 rius
538 2454 925 2511 collocandam
958 2454 1215 2533 liquebit:
1233 2453 1524 2510 Monachus
1555 2454 1896 2511 Zenonianus
1921 2473 2018 2528 per

393 2547 779 2603 marchionem
812 2544 1091 2601 Maﬂ'eium
1121 2544 1322 2612 editus,
1349 2560 1379 2599 a
1406 2545 1698 2611 Coronato,
1731 2546 1833 2602 etsi
1865 2548 2017 2603 illum

394 2656 508 2695 non
540 2639 808 2705 nominet,
839 2624 1029 2693 omnia
1059 2638 1285 2706 accepit,
1329 2636 1567 2708 nihilque
1604 2637 1782 2697 eidem
1812 2637 2021 2696 addidit

393 2743 601 2804 praeter
642 2731 745 2785 alia
787 2729 1077 2796 miracula,
1110 2744 1231 2797 qua:
1267 2728 1335 2784 ad
1379 2731 1542 2783 vitam
1588 2732 2018 2800 cognoscendam

395 2825 534 2880 nihil
563 2824 877 2879 conferunt.
928 2821 1079 2877 Inter
1116 2821 1350 2877 Zenonis
1390 2822 1540 2891 Vitas
1587 2839 1692 2877 non
1735 2825 2018 2880 retulimus

392 2917 585 2973 Jacobi
617 2916 949 2972 Veronensis
983 2914 1288 2986 presbyteri
1320 2930 1559 2982 Carmen,
1593 2916 1734 2986 quod
1773 2918 2020 2975 versibus

393 3009 738 3065 hexametris
787 3006 1044 3063 ducentis
1085 3013 1141 3061 et
1193 3006 1544 3077 quadraginta
1591 3018 1827 3075 quatuor
1867 3008 2019 3064 lucu-

395 3105 615 3159 bratum
646 3119 713 3159 ex
756 3119 862 3159 ms.
894 3100 1193 3157 Zenionani
1223 3100 1537 3155 monasterii
1564 3100 1734 3155 edidit
1761 3101 1823 3155 P.
1875 3101 2019 3158 Hen-

395 3199 660 3254 schenius
686 3208 819 3253 tom.
840 3213 902 3263 ιι,
931 3196 1154 3266 Aprilis,
1177 3212 1301 3267 pag.
1327 3195 1416 3261 76;
1449 3212 1553 3249 non
1583 3198 1724 3251 enim
1750 3198 1793 3252 is
1818 3196 1878 3253 S.
1907 3197 2021 3254 An-

398 3294 585 3349 tistitis
618 3295 802 3358 vitam,
845 3289 945 3347 sed
978 3289 1240 3361 miracula
1281 3288 1642 3345 describenda
1682 3291 1785 3346 sibi
1821 3306 2019 3363 propo-

394 3389 530 3454 suit,
561 3384 752 3441 eadem
789 3385 949 3456 plane
975 3400 1099 3456 qua:
1143 3384 1199 3439 in
1233 3383 1549 3440 Zenouiano
1584 3384 1870 3458 Anonymo
1902 3403 2020 3443 mo-

396 3479 576 3535 nacho
601 3479 776 3533 soluta
804 3478 1055 3532 oratione
1083 3477 1360 3558 leguntur,
1390 3487 1589 3548 prmter
1619 3480 1717 3532 tria
1742 3494 1864 3550 quae
1891 3479 2018 3535 sub-

397 3573 528 3628 inde
580 3581 887 3643 perpetrata
935 3572 1045 3627 illis
1074 3570 1461 3643 Subjiciuntur.
1509 3570 1828 3643 Anonymus
1875 3572 2017 3641 Pipi—

397 3666 598 3723 nianus
641 3681 691 3721 ix
730 3666 914 3721 saeculi
956 3668 1191 3737 scriptor
1236 3666 1289 3719 in
1347 3664 1622 3736 Rhyihnio
1667 3666 1734 3721 de
1788 3665 2013 3723 Verona:
2039 3662 2085 3724 C

398 3760 655 3817 laudibus
704 3761 886 3831 paucis
926 3760 1171 3815 versibus
1215 3774 1388 3830 pauca
1433 3759 1647 3829 quidem
1695 3760 1762 3836 tle
1792 3760 2013 3819 Zenone

398 3852 627 3919 cecinit,
672 3852 768 3908 sed
799 3868 921 3924 quae
952 3851 1388 3923 praememoratis
1440 3850 1576 3906 Vitis
1620 3853 1786 3922 pluris
1827 3854 2011 3911 haberi

397 3954 629 4017 queunt,
659 3956 713 4001 ut
733 3962 797 4002 ex
822 3946 1066 4003 dicendis
1093 3945 1390 4001 constabit.
1422 3944 1605 4015 Itaque
1635 3947 1687 4001 in
1717 3957 1858 4002 tanta
1888 3964 2012 4016 pro-

401 4039 663 4094 babilinm
692 4049 1161 4095 monumentorum
1197 4039 1422 4110 penuria
1455 4039 1686 4095 Zenonis
1724 4042 1885 4096 vitam
1919 4059 2013 4096 nc-

400 4149 494 4188 mo
526 4150 555 4186 a
586 4135 741 4188 nobis
771 4137 1043 4205 requirat:
1075 4151 1253 4205 neque
1276 4135 1419 4190 enim
1456 4134 1650 4194 imitari
1679 4139 1851 4210 placet
1873 4139 2011 4210 Bap-

398 4228 898 4293 tistamPerettum,
927 4231 1013 4300 qui
1046 4231 1098 4284 in
1126 4226 1248 4284 Vita
1278 4227 1462 4283 ltalice
1489 4231 1686 4302 scripta
1715 4241 1773 4289 et
1800 4233 2008 4291 Latinis

398 4337 527 4377 cum
553 4322 774 4378 scholiis
801 4323 1024 4379 Verona:
1052 4323 1286 4394 primum
1319 4322 1461 4377 edita
1488 4338 1578 4379 an.
1613 4328 1771 4394 1597,
1808 4336 1864 4383 et
1883 4328 2006 4383 dein

396 4430 490 4469 an.
546 4412 686 4468 i7l0
710 4414 973 4469 Patavium
1000 4416 1056 4472 S.
1075 4414 1314 4471 Zenonis
1337 4414 1559 4471 editioni
1584 4418 1850 4489 subjecta,
1874 4419 2006 4476 nihil

394 4505 550 4561 aliud
586 4506 786 4569 effecit,
830 4522 986 4577 quam
1037 4507 1414 4573 Zeuonianum
1464 4512 1784 4567 monachum
1825 4512 2007 4571 ltaliea

397 4599 584 4669 lingua
618 4598 838 4661 referre.
870 4608 923 4654 et
959 4600 1063 4655 alia
1100 4616 1165 4656 ex
1200 4601 1440 4672 ingenio,
1476 4604 1561 4658 vel
1594 4606 1835 4675 populari
1867 4606 2031 4663 fama

397 4696 659 4765 adjicere.
678 4711 800 4766 quae
828 4688 1020 4752 minori
1049 4697 1405 4753 fundamento
1433 4698 1688 4757 nituntur.
1721 4701 1801 4757 Ne
1830 4713 2004 4758 tamen

400 4789 672 4844 lcetorum
704 4789 1029 4845 desiderium
1059 4791 1289 4846 omnino
1322 4790 1618 4857 fraudetur,
1649 4794 1908 4865 quidquid
1940 4810 2006 4851 ex

402 4881 723 4937 tramatibus
760 4880 1082 4938 Zenonianis
1124 4881 1357 4952 aliisque
1393 4883 1627 4953 antiquis
1667 4884 2006 4943 documentis

398 4976 664 5045 colligere
689 4975 861 5043 licuit,
884 4975 1260 5046 exponendum
1297 4975 1657 5046 aggredimur.

946 5108 1134 5186 [exui]
1171 5108 1401 5167 CAPUT
1440 5110 1481 5164 Ι.

602 5240 667 5280 ne
705 5240 863 5281 ACTIS
899 5241 946 5280 s.
987 5240 1210 5283 zenoms
1248 5242 1317 5282 Δῐ)
1355 5241 1580 5283 κοητεκ
1618 5242 1809 5292 usque.
1878 5212 1886 5220 ’

668 5341 697 5413 §
730 5339 769 5397 Ι.
799 5371 872 5381 -
893 5339 1219 5415 Conjecturaa
1239 5341 1302 5396 de
1320 5340 1544 5397 Zenonis
1565 5345 1756 5414 patria.

480 5457 543 5513 In
576 5458 762 5527 primis
788 5459 857 5515 de
882 5458 1119 5515 Zenonis
1149 5459 1318 5528 patria
1345 5459 1617 5528 conjicere
1647 5459 1838 5531 placet.
1870 5462 2007 5535 Bap-

404 5550 538 5606 tism
582 5548 831 5606 Perettus
862 5551 1036 5621 primo
1079 5550 1289 5606 scholio
1318 5550 1512 5606 Latino
1557 5552 1625 5606 ad
1658 5550 1833 5607 Vitam
1864 5570 2006 5613 nunc

2125 2358 2231 2398 ms,
2283 2343 2572 2453 saibanteo
2624 2342 2758 2415 658,
2810 2352 3104 2413 Historiam
3164 2342 3786 2453 episcoporu-mﬂc‘oiiii:

2125 2447 2320 2557 nenjc,
2358 2439 2409 2495 id
2440 2455 2633 2496 verum
2670 2452 2846 2511 ratus,
2873 2450 3014 2507 hanc
3045 2454 3325 2519 rationem
3354 2439 3555 2540 adieci;

2126 2529 2221 2557 οτιΙῖ
2268 2544 2350 2557 ΔΜ
2391 2533 2571 2557 -.Α-ιιι..
2604 2533 2821 2557 ,ηαξ-,1-
2878 2540 2916 2557 τι
3029 2544 3041 2555 ο
3091 2546 3102 2556 ο
3244 2554 3254 2557 Α

2126 2528 2350 2584 totidem
2391 2533 2573 2588 verbis
2603 2533 2828 2605 scripsit
2872 2540 3173 2602 Panvinius
3224 2528 3769 2638 Antiqtiivta-tnt‘iri1

2124 2636 2245 2676 ron.
2277 2623 2372 2727 lib.
2402 2641 2477 2736 iv,
2503 2641 2624 2730 cap.
2652 2625 2707 2695 6,
2732 2646 2858 2686 cum
2886 2633 3028 2690 hanc
3057 2652 3167 2693 non
3202 2623 3481 2710 nullorum
3509 2623 3766 2736 “£83,;

2123 2715 2493 2817 sententiam),
2516 2719 2706 2820 quippe
2746 2725 2899 2793 cujus
2938 2742 3239 2785 sermonum
3283 2738 3511 2813 phrasis,

2123 2806 2466 2874 gra’cant'rum
2492 2809 2659 2862 nescio
2678 2812 2804 2880 quid
2831 2832 2893 2868 ac
2912 2820 3247 2889 peregrinum
3266 2806 3509 2888 redolere.
3518 2806 3742 2903 videndi-1::

2124 2895 2238 2952 lmo
2284 2912 2351 2953 ex
2406 2899 2695 2973 Auenymo
2726 2903 3009 2975 Pipiniauo
3034 2912 3297 2984 colligere
3318 2922 3586 2989 quispiam

2123 2999 2228 3058 set,
2256 2991 2412 3061 cujus
2441 2994 2735 3061 provinciae
2762 2998 2945 3067 fuerit,
2977 3005 3233 3061 nimirum
3258 3024 3325 3064 ex
3349 3011 3526 3084 Syria,
3552 2991 3738 3094 in'qua

2122 3080 2365 3136 Graecum
2396 3085 2614 3154 quidem
2648 3104 2958 3147 sermonem
2990 3095 3043 3149 id
3074 3101 3338 3179 temporis
3359 3080 3595 3176 viguisse
3615 3080 3736 3172 cere

2122 3173 2386 3228 tissimum
2415 3185 2533 3242 est;
2566 3177 2740 3248 inquit
2763 3182 2907 3237 enim
2940 3185 3032 3242 ille
3058 3203 3073 3239 :

2274 3283 2384 3363 Ilion
2405 3301 2539 3363 queo
2561 3302 2763 3363 narrare
2782 3293 2929 3363 hujus
2951 3300 3109 3350 sancti
3133 3312 3306 3363 opera,

2275 3346 2447 3425 Quae}:
2468 3350 2609 3414 Syria
2635 3346 2878 3425 veniendo
2901 3346 3372 3425 qsquein—ftali-am,

2274 3410 2374 3459 Per
2397 3410 2553 3473 ipsum
2580 3418 2893 3480 omnipotens
2910 3410 3048 3472 De'us
3070 3410 3287 3476 ostendit
3305 3410 3568 3483 mirabilia.

2117 3508 2215 3566 Cui
2278 3518 2563 3572 sementim
2629 3524 2937 3591 respexisse
3006 3526 3222 3583 videtur
3262 3529 3467 3588 Auctor
3515 3536 3726 3610 hymni,

2121 3618 2279 3673 quem
2310 3620 2378 3661 ex
2402 3606 2614 3665 duobus
2633 3627 2762 3667 mss.
2798 3615 3052 3672 breviarii
3082 3618 3422 3678 Benedictini
3445 3606 3727 3689 codicibus

2117 3694 2355 3753 editores
2388 3698 2728 3759 Veronenses
2756 3706 2997 3775 edidere,
3024 3724 3149 3793 cum
3175 3712 3234 3769 S.
3264 3713 3412 3770 Zeno
3437 3729 3614 3789 gentes
3635 3740 3727 3793 pe-

2117 3798 2342 3847 netrasse
2370 3795 2596 3851 marinas
2624 3797 2820 3853 ibidem
2854 3801 3113 3858 tradatur.

2191 3881 2326 3938 lluic
2351 3884 2594 3955 epinioui
2623 3900 2838 3944 nostros
2884 3907 3097 3963 quoque
3124 3895 3367 3963 calculos
3407 3898 3563 3957 facile
3588 3904 3725 3974 adji.

2113 3993 2383 4045 ceremus,
2410 3981 2509 4035 nisi
2531 3981 2652 4038 dure
2673 3983 3171 4045 animadversiones
3191 3992 3543 4049 obsisterent.
3567 3995 3719 4052 Grie-

2113 4086 2209 4127 cus
2250 4083 2440 4129 auctor
2479 4076 2699 4141 perinde
2726 4077 2915 4134 Latine
2942 4094 3006 4135 ac
3033 4096 3167 4152 pure
3197 4084 3341 4155 loqui
3386 4094 3442 4141 et
3480 4088 3722 4146 scribere

2115 4165 2322 4236 nequit,
2352 4181 2415 4223 ac
2436 4167 2494 4224 S.
2528 4168 2695 4236 Zeno,
2724 4170 2878 4241 cujus
2911 4174 3083 4245 stylus
3123 4178 3223 4230 etsi
3257 4177 3567 4235 idemtidem
3600 4190 3718 4238 tur-

2114 4269 2255 4331 geat,
2303 4275 2367 4315 ac
2417 4263 2661 4332 pluribus
2710 4264 2949 4322 ﬂosculis
2995 4269 3374 4341 inspergatur;
3425 4290 3452 4327 a
3486 4276 3720 4345 puritate

2116 4360 2291 4408 tamen
2322 4352 2526 4408 Latium
2552 4354 2840 4428 locutionis
2863 4358 3090 4414 nihilum
3113 4361 3316 4430 deficit,
3349 4374 3457 4419 tum
3484 4367 3527 4422 si
3552 4369 3717 4428 verba

2114 4445 2342 4515 singula,
2373 4455 2483 4500 tum
2515 4448 2559 4503 si
2594 4448 2877 4504 verborum
2906 4452 3194 4510 collocatio
3222 4466 3276 4512 et
3304 4461 3547 4531 syntaxis
3588 4478 3720 4519 con-

2112 4534 2399 4605 sideretur,
2429 4537 2567 4595 adeo
2592 4548 2698 4594 uta
2724 4544 2923 4597 teneris
2951 4546 3253 4614 unguiculis
3281 4550 3333 4604 in
3356 4550 3561 4608 Latinis
3591 4569 3720 4613 auc-

2114 4629 2321 4683 toribus
2348 4632 2692 4697 exercitatus,
2717 4642 2771 4687 ct
2801 4634 2938 4690 inter
2964 4636 3154 4693 Latine
3203 4640 3484 4711 loquentes
3516 4645 3718 4703 educa-

2115 4730 2218 4787 tus,
2263 4733 2317 4776 et
2358 4722 2566 4779 Latinis
2599 4726 2648 4779 in
2681 4724 2883 4782 scholis
2928 4731 3176 4786 excultus
3202 4746 3482 4804 appareat.
3514 4736 3714 4795 Versa-

2113 4814 2376 4869 tissimum
2409 4831 2542 4872 sane
2586 4802 2646 4874 Se
2690 4820 2870 4890 prodit
2914 4823 2965 4876 in
2988 4826 3177 4894 poetis
3221 4802 3449 4893 Latinis,
3482 4847 3715 4903 quorum

2112 4909 2370 4966 formulas
2416 4921 2471 4968 et
2509 4915 2746 4969 carmina
2797 4917 2865 4971 ita
2905 4921 3187 4977 commode
3226 4923 3468 4991 adhibet,
3516 4938 3572 4984 ut
3603 4947 3715 4988 non

2113 5017 2210 5073 per
2234 5004 2343 5057 vim
2373 5019 2653 5075 expressa,
2677 5008 2771 5063 sed
2800 5008 2854 5064 in
2878 5025 3096 5066 succum
3142 5016 3573 5091 sanguinemque
3596 5021 3715 5091 ejus

2111 5109 2372 5151 c0uversa
2423 5110 2837 5169 cognoscantur.
2892 5101 3175 5174 Virgilium
3220 5108 3399 5180 legere
3462 5125 3714 5170 assuetus

2116 5187 2386 5260 proditur,
2414 5190 2567 5262 cujus
2598 5208 2789 5249 versus
2816 5211 2921 5251 non
2954 5213 3246 5270 numquam
3288 5202 3405 5273 ejus
3442 5203 3713 5263 decidisse

2114 5294 2147 5335 e
2176 5280 2385 5338 calamo
2411 5281 2803 5357 intelliguntur,
2838 5288 2992 5360 cujus
3019 5293 3236 5361 generis
3265 5304 3514 5352 auctores
3542 5299 3713 5369 expli-

2115 5372 2376 5429 cabantur
2413 5384 2468 5431 et
2509 5376 2819 5447 legebantur
2860 5396 2890 5436 a
2931 5383 3135 5453 pueris,
3179 5394 3239 5439 ut
3281 5386 3468 5441 Latina
3511 5390 3715 5458 puriori

2114 5464 2293 5536 lingua
2323 5475 2379 5523 et
2416 5468 2691 5527 locutione
2715 5472 2975 5531 viridiore
3002 5475 3330 5548 potirentur.
3377 5478 3548 5535 Nemo
3580 5495 3712 5535 sane

2115 5572 2181 5612 ex
2214 5559 2344 5629 ipsis
2370 5558 2576 5617 Latinis
2600 5564 2776 5633 quarti
2801 5566 2982 5623 saeculi
3011 5567 3379 5639 Scriptoribus
3398 5569 3589 5627 Latina
3610 5585 3711 5641 pu-

487 5689 576 5763 (a)
620 5689 752 5747 Vide
796 5687 1067 5747 Admonll.
1102 5689 1155 5746 in
1183 5689 1530 5747 Monumenta
1560 5706 1708 5747 num.
1733 5692 1784 5759 l,
1815 5691 1867 5748 in
1897 5691 2017 5761 fin.,
2045 5703 2104 5753 et
2130 5694 2317 5752 aduot.
2348 5697 2381 5751 Si
2411 5699 2464 5754 in
2490 5700 2658 5770 ipsam
2686 5699 2882 5756 Vitam.
