4242 6168
538 151 640 209 Ml

1932 152 2469 233 Pnoppconsna.

3737 168 3837 231 HS

532 270 694 323 ritate
715 268 891 323 eidem
922 282 1037 341 par,
1063 269 1146 325 vel
1172 268 1340 343 magis
1368 268 1566 325 latinus
1591 270 1881 341 invenitur,
1908 271 2045 327 adeo
2074 283 2133 338 ut
2156 276 2211 339 Α
2238 290 2342 337 non
2370 275 2489 333 fuit.
2532 275 2806 335 Zenonem
2838 286 3129 349 martyrem
3160 280 3323 336 Decio
3353 283 3658 353 imperante
3697 286 3839 343 inter

439 408 447 416 .
535 359 855 416 latinitatem
882 361 1000 429 ejus
1018 361 1139 430 jure
1165 361 1597 417 commendarint
1625 363 1805 433 plures
1834 363 2055 431 eruditi,
2079 373 2136 420 et

533 457 965 527 elegantissimum
992 454 1313 509 aflirmarint
1355 456 1707 513 Casaubontts
1737 468 1786 523 et
1834 458 1953 523 alii;
1984 442 2131 515 ΒεδῘὲ

534 550 641 605 lius
670 559 849 604 autem
876 548 1073 614 Faber,
1111 549 1201 623 qui
1232 548 1558 631 I'ltesaurum
1587 550 1889 619 eruditionis
1919 566 2133 615 summo

532 640 714 697 studio
752 650 806 695 et
846 639 1052 695 inlinita
1096 640 1489 711 propemodum
1533 641 1851 697 Latinorum
1897 642 2134 699 lectione

532 732 776 803 digessit,
798 729 1008 805 [cum]
1028 741 1083 787 ut
1099 732 1318 788 Latinas
1344 749 1586 805 quasque
1614 750 1775 791 voces
1800 751 1866 791 ex
1891 736 2134 806 probatis

530 824 753 895 Auctor.
800 838 1104 898 excerptas,
1131 836 1185 880 et
1228 825 1296 882 ad
1341 825 1552 889 radices
1598 836 1878 885 revocatas
1925 829 2131 887 Latinae

530 918 727 990 linguae
749 919 1008 975 studiosis
1046 930 1297 975 accurata
1326 928 1381 975 et
1408 921 1620 993 perutili
1649 922 1906 979 methodo
1927 938 2128 995 prono-

530 1022 707 1079 neret,
744 1027 849 1075 non
887 1011 1154 1069 dubitavit
1181 1013 1455 1072 Zenonem
1487 1031 1632 1087 szepe
1663 1016 1921 1093 allegare,
1953 1033 2129 1091 eoque

528 1120 638 1159 uno
683 1104 919 1169 Anetore
966 1105 1170 1176 aliquot
1199 1120 1363 1162 voces
1404 1106 1543 1163 inter
1573 1107 1827 1179 probatas
1857 1110 2121 1166 inserere.

527 1195 604 1251 Ex
626 1194 806 1251 multis
830 1195 1021 1252 saltem
1041 1196 1264 1277 Graecis,
1290 1198 1382 1269 qui
1407 1196 1597 1253 Latine
1611 1198 1815 1270 aliquid
1835 1199 2124 1272 scripsere,

526 1305 634 1345 non
672 1289 846 1344 solum
886 1304 1046 1344 nemo
1089 1305 1226 1345 unus
1264 1298 1369 1358 est,
1402 1292 1493 1364 qui
1534 1307 1656 1357 cum
1706 1292 1925 1350 Zenone
1954 1280 2127 1366 possit

523 1383 779 1451 conferri,
813 1383 907 1439 sed
946 1399 1066 1439 cum
1093 1384 1294 1451 aliena,
1327 1402 1433 1455 non
1468 1386 1646 1442 nativa
1675 1385 1856 1458 lingua
1888 1388 2123 1459 scripse-

524 1478 652 1543 rint,
704 1491 893 1533 omnes
939 1492 1128 1547 parum
1169 1476 1360 1533 Latine
1407 1478 1693 1548 scripsisse
1746 1478 2119 1546 inveniuntur,

446 1580 454 1588 '
522 1586 623 1626 nec
652 1570 1032 1642 ambigendum
1074 1571 1200 1641 quin
1232 1570 1292 1627 8.
1335 1569 1485 1627 Zeno
1513 1571 1823 1643 scripsisset
1848 1572 2121 1639 similiter,

2240 369 2522 424 Africanos
2561 371 2880 445 reperimus,
2917 376 3074 442 cujus
3109 390 3306 447 corpus
3347 392 3468 433 cum
3517 382 3839 440 translatum

2238 462 2398 521 fuerit
2428 463 2769 536 Byzantium,
2813 466 2932 536 ejus
2962 469 3219 524 memoria
3262 471 3404 541 apud
3445 472 3666 530 Graecas
3696 478 3841 534 cele-

2238 552 2389 617 brata
2419 554 2632 626 legitur.
2677 556 2809 633 Vide
2844 556 2977 617 Acta
3005 557 3330 619 Sanctorum
3362 562 3606 620 Bollandi
3656 567 3744 623 die
3778 571 3839 627 10

2236 645 2440 716 Aprilis
2472 655 2604 702 tom.
2636 664 2672 701 t.

2238 783 2266 857 ᾗ
2295 783 2358 840 ll.
2409 815 2479 826 —
2510 784 2857 857 Episcopatus
2896 786 2960 843 S.
3002 788 3225 845 Zenonis
3261 790 3444 859 initia,
3478 794 3840 867 ordinatioque

2305 879 2417 949 ejus
2443 893 2489 933 VI
2522 876 2653 931 ldus
2701 876 2996 935 Decembris
3027 891 3233 949 peracta
3260 884 3528 939 statuitur.
3583 885 3835 958 Ejusdem

2304 969 2358 1025 in
2387 970 2735 1025 convertendis
2760 970 2829 1026 ad
2851 970 3007 1040 ﬁdem
3038 970 3285 1029 Gentibus
3311 974 3552 1045 felicitas.
3587 976 3652 1032 In
3684 979 3838 1034 Aria-

2306 1062 2385 1117 nis
2414 1061 2708 1131 refellendis
2750 1070 2901 1132 atque
2930 1065 3325 1134 comprimendis
3348 1077 3599 1137 quantum
3626 1069 3838 1126 labora-

2303 1155 2447 1211 verit.
2490 1153 2693 1211 Verona
2718 1154 2787 1211 ad
2832 1155 3182 1215 Christianam
3219 1160 3516 1233 religionem
3551 1162 3615 1217 ab
3661 1166 3839 1220 eodem

2303 1265 2570 1307 converso.

2305 1381 2488 1456 Itaque
2517 1392 2637 1455 post
2664 1384 2899 1455 Orientis
2928 1386 3047 1454 iter,
3071 1387 3159 1445 cui
3178 1403 3298 1461 sese
3322 1400 3445 1447 ante
3466 1393 3837 1471 episcopatum

2229 1474 2376 1531 Zeno
2402 1476 2741 1533 commisisse
2769 1475 3073 1553 credendus
3101 1488 3185 1536 est
3227 1480 3503 1557 (episcOpi
3534 1485 3679 1559 enim
3730 1503 3836 1543 non

2229 1570 2331 1639 nisi
2375 1570 2709 1641 gravissimis
2737 1569 2806 1635 de
2847 1571 3026 1627 causis
3083 1576 3329 1645 proprias
3359 1576 3515 1633 sedes
3558 1578 3833 1649 relinque-

520 1661 564 1717 si
588 1662 834 1717 eamdem
872 1662 1115 1718 Graecam
1151 1663 1413 1733 originem
1462 1672 1515 1718 et
1544 1662 1919 1733 educationem
1960 1666 2119 1720 sorti-
2149 1668 2198 1728 B
2225 1661 2399 1736 bant),
2426 1661 2726 1719 Veronensi
2771 1664 3016 1719 ecclesiae
3046 1676 3166 1736 post
3194 1665 3465 1745 Cricinum
3514 1672 3835 1741 praepositus

521 1765 606 1810 tus
635 1756 843 1811 fuisset.
884 1756 1011 1823 Haec
1058 1758 1228 1829 prima
1279 1756 1606 1825 conjectatio
1655 1756 1949 1825 vehemens
1988 1759 2122 1815 satis

520 1847 678 1909 nobis
709 1848 946 1919 videtur,
979 1857 1035 1903 ut
1058 1851 1264 1904 Auctor
1307 1863 1335 1903 a
1361 1848 1572 1913 Latinis
1599 1850 1914 1920 parentibus
1942 1860 2115 1918 ortus,

486 1939 604 1992 ~vel
635 1932 774 1993 inter
806 1938 1026 1997 Latinos
1056 1941 1248 1995 saltem
1288 1940 1551 1997 educatus
1590 1956 1652 1997 ac
1694 1942 1972 1999 institutus
1999 1958 2121 2013 pro-

518 2031 700 2088 betur.
733 2034 909 2103 Aliam
938 2050 1079 2090 nunc
1115 2034 1458 2104 adjiciamus,
1483 2050 1584 2105 qua
1613 2036 1816 2095 certior
1844 2036 2119 2107 provincia

515 2137 807 2197 statuatur.
853 2129 1039 2184 Exstat
1082 2128 1335 2185 Auctoris
1385 2139 1643 2191 tractatus
1684 2128 1753 2187 dc
1794 2130 1852 2187 S.
1889 2130 2119 2189 Arcadio

516 2229 779 2295 martyre,
808 2222 959 2299 cujus
976 2222 1115 2293 apud
1145 2234 1372 2279 caeteros
1401 2224 1652 2294 antiquos
1684 2224 1941 2281 tnemoria
1970 2222 2119 2283 nulla

515 2314 808 2372 invenitur.
843 2317 995 2377 illum
1038 2326 1216 2373 autem
1252 2317 1304 2385 in
1332 2316 1579 2377 Caesarea
1624 2318 1956 2379 Mauritania:
1997 2334 2119 2391 pas-

514 2423 634 2477 sum
661 2425 726 2467 ex
762 2408 1088 2479 Zenonianis
1114 2410 1393 2479 codicibus
1420 2410 1609 2482 liquet.
1640 2411 1777 2489 Quid
1811 2427 1947 2477 unus
1978 2412 2118 2475 inter

514 2515 704 2567 omnes
737 2500 1069 2571 Veronensis
1111 2503 1399 2576 episcopus
1440 2502 1588 2567 Zeno
1637 2511 1777 2569 tanta
1829 2519 1950 2567 cum
1993 2506 2118 2565 reli-

513 2593 674 2666 gione
695 2594 997 2667 natalitium
1025 2595 1143 2665 ejus
1168 2595 1312 2663 diem
1342 2596 1665 2661 celebraret,
1689 2598 1791 2653 nisi
1816 2597 1958 2668 quod
1980 2614 2119 2669 prae-

514 2688 671 2758 cipua
699 2686 927 2758 quadam
960 2686 1249 2745 devotione
1290 2687 1465 2749 eidem
1496 2700 1641 2753 esset
1670 2689 1938 2758 addictus,
1963 2700 2018 2746 et
2045 2707 2115 2751 ex

514 2780 702 2837 eadem
746 2781 881 2845 forte
923 2782 1219 2859 provincia,
1253 2780 1306 2849 in
1338 2797 1444 2857 qua
1485 2782 1575 2841 ille
1603 2792 1833 2847 mortem
1865 2783 2109 2855 oppetiit,

513 2874 775 2943 originem
808 2874 1064 2937 duceret?
1115 2873 1491 2945 Africanorum
1538 2874 1754 2945 quidem
1787 2877 2114 2945 scriptorum

511 2968 711 3038 stylum
743 2967 793 3029 in
818 2978 1005 3033 nostro
1030 2965 1265 3033 Auctore
1289 2966 1762 3038 deprehenderunt
1785 2970 1844 3036 ii,
1875 2969 1969 3041 qui
1996 2970 2113 3038 ejus

2225 1756 2348 1823 fuit,
2374 1756 2535 1837 idque
2564 1766 2721 1813 sexto
2761 1757 2885 1812 ldus
2912 1758 3225 1816 Decembris
3262 1778 3349 1816 an.
3398 1762 3527 1828 362,
3558 1774 3833 1839 postremo

2222 1848 2422 1915 Juliani
2470 1864 2636 1915 anno,
2685 1860 2743 1905 ut
2785 1851 2917 1905 satis
2970 1851 3317 1922 probabiliter
3363 1855 3695 1926 Conjecimus
3723 1860 3834 1914 dis-

2224 1952 2355 1998 sert.
2385 1958 2420 2011 t,
2457 1957 2574 2012 cap.
2606 1943 2658 2010 5,
2694 1943 2721 2013 §
2749 1946 2801 1998 Ξ).
2834 1932 3129 2001 Οιιιιίνθω
3161 1946 3228 2001 de
3257 1962 3400 2002 anno
3442 1949 3615 2018 palam
3660 1950 3749 2016 sit,
3782 1952 3828 2007 si

2222 2035 2290 2091 de
2317 2034 2404 2091 die
2431 2043 2664 2102 constet,
2696 2046 2754 2090 ut
2785 2036 2981 2093 ibidem
3013 2039 3383 2105 ostendimus;
3413 2022 3478 2094 ad
3521 2041 3663 2098 hunc
3687 2042 3828 2098 diem

2221 2126 2568 2184 statuendum
2615 2137 2812 2198 praeter
2840 2144 2924 2194 ea,
2974 2144 3094 2199 quae
3139 2131 3335 2187 ibidem
3382 2116 3679 2202 attulimus,
3724 2135 3827 2191 alia

2222 2229 2537 2291 argumenta
2570 2220 2720 2274 novis
2742 2220 2971 2276 subinde
2992 2221 3331 2277 documentis
3360 2232 3413 2279 et
3438 2225 3829 2280 consideratio-

2222 2312 2380 2368 nibus
2424 2312 2653 2367 indicata
2698 2313 2750 2368 in
2794 2313 3259 2370 confirmationem
3302 2315 3389 2383 ltic
3438 2316 3676 2386 adjicere
3707 2319 3826 2388 pla-

2220 2415 2328 2462 cet.
2358 2406 2539 2462 Primo
2570 2407 2747 2477 plures
2775 2408 3032 2475 ecclesias
3063 2424 3156 2479 per
3182 2410 3386 2487 Italiam
3411 2420 3467 2467 et
3488 2412 3620 2467 alibi
3645 2412 3700 2468 S.
3727 2413 3827 2469 Ze-

2221 2497 2379 2554 nonis
2405 2496 2607 2572 [cxxrv]
2641 2500 2857 2555 nomine
2888 2500 3182 2568 dedicatas,
3220 2502 3410 2561 festum
3442 2505 3561 2573 ejus
3604 2520 3656 2569 vt
3704 2504 3827 2561 Idus

2223 2590 2442 2657 Decem.
2467 2592 2746 2648 celebrare
2768 2608 2887 2664 cap.
2909 2591 2943 2647 4
2975 2593 3297 2650 videbimus.
3321 2595 3495 2651 Porro
3519 2597 3655 2652 hanc
3683 2598 3826 2654 diem

2220 2685 2574 2740 emortuaiem
2608 2683 2666 2741 S.
2699 2686 2967 2741 Antistitis
2999 2702 3104 2741 non
3139 2686 3305 2743 fuisse
3331 2688 3678 2745 ostendemus
3708 2689 3736 2763 ᾗ
3767 2693 3824 2748 5.

2218 2774 2353 2831 Cum
2385 2792 2511 2832 vero
2539 2779 2589 2832 in
2616 2778 2999 2834 transferendis
3026 2780 3175 2855 festis
3202 2781 3522 2863 Sanctorum
3551 2798 3615 2839 ea
3645 2787 3825 2841 cantio

2219 2869 2458 2925 adhibita
2508 2870 2701 2939 fuerit;
2737 2882 2795 2926 ut
2839 2874 3098 2943 impedito
3145 2876 3429 2933 emortuali
3477 2875 3586 2943 die,
3629 2876 3825 2955 festum

2220 2963 2589 3045 traduceretur
2617 2965 2668 3019 in
2694 2965 2836 3020 diem
2867 2965 3050 3027 alium.
3082 2982 3189 3037 quo
3217 2967 3297 3045 vel
3330 2969 3613 3025 translatio
3638 2970 3824 3045 Sancti

515 3070 773 3123 tractatus
816 3060 1147 3132 diligentiori
1192 3076 1318 3123 cura
1360 3061 1699 3127 evolverttnt,
1743 3062 1951 3133 GaSpar
1982 3064 2112 3121 Bar-
2138 3054 2184 3117 C
2217 3044 2482 3130 Corporis,
2519 3057 2599 3112 vel
2644 3056 2913 3112 dedicatio
2941 3057 3205 3125 basiliczn,
3240 3044 3331 3127 vel
3377 3060 3648 3117 ordinatio
3675 3044 3822 3139 cole.

516 3154 662 3208 thius
710 3154 849 3209 inter
898 3152 996 3207 hos
1064 3152 1414 3221 Christianum
1464 3155 1740 3231 Apuleium
1792 3156 1843 3213 in
1891 3154 2112 3223 Zenone
2166 3169 2178 3179 ‘

510 3246 819 3317 perspicere
859 3245 964 3301 sibi
990 3246 1137 3325 visus
1174 3256 1277 3315 est,
1337 3255 1393 3300 ut
1428 3246 1587 3317 lldcttt
1656 3246 1785 3302 facit
1837 3249 1930 3317 lib.
1985 3265 2112 3305 aLttt

509 3338 800 3393 Adversar.
832 3351 950 3406 cap.
992 3336 1075 3401 ιο,
1101 3352 1220 3408 pag.
1254 3337 1410 3402 l9“,
1439 3348 1494 3399 ct
1522 3339 1613 3399 lib.
1662 3356 1693 3397 ν
1740 3340 1792 3397 in
1823 3342 1980 3403 Statii
2010 3342 2113 3398 Sil-

506 3444 632 3485 vam
665 3444 786 3499 pag.
820 3431 946 3485 446.
983 3430 1137 3485 Enim
1169 3448 1298 3488 vero
1330 3433 1511 3503 plures
1537 3432 1784 3505 Appulcii
1816 3435 1929 3490 Afri
1958 3437 2111 3492 locu-

511 3521 707 3584 tiones,
740 3528 795 3577 et
831 3523 993 3577 verba
1028 3522 1157 3578 item
1186 3522 1340 3593 plura
1381 3525 1501 3592 ejus
1526 3538 1591 3579 ac
1630 3525 1857 3581 aliorum
1903 3526 2113 3583 Africa-

508 3626 704 3671 norum
748 3612 984 3684 propria,
1027 3613 1368 3682 Tertulliani,
1412 3614 1687 3688 Cypriani,
1724 3626 1858 3685 etc.,
1904 3619 1955 3673 in
1991 3621 2111 3688 ejus

511 3705 827 3765 tractatibus
859 3708 1218 3777 reperiuntur,
1260 3724 1381 3781 qua:
1410 3710 1465 3764 in
1491 3709 1612 3765 aliis
1636 3712 1859 3767 aliarum
1887 3712 2107 3770 Latina.

508 3814 628 3853 rum
659 3799 1053 3869 provinciarum
1082 3802 1437 3872 scriptoribus
1466 3800 1664 3858 frustra
1695 3804 1961 3875 requiras.
2007 3807 2111 3863 Ne-

509 3906 618 3961 que
647 3891 959 3948 Alricannm
988 3893 1215 3950 Veronae
1239 3895 1554 3966 episcopum
1582 3906 1820 3951 creatum
1863 3899 2107 3966 mireris;

514 3998 611 4053 per
632 3984 688 4040 id
714 3986 861 4041 enim
892 3998 1104 4058 tempus
1125 3987 1369 4058 episcopi
1386 3996 1440 4043 et
1460 3988 1639 4043 clerus
1659 4004 1806 4059 saepe
1824 4005 1889 4045 es
1917 3990 2110 4048 alienis

512 4078 807 4147 provinciis
844 4077 1129 4137 dabantur.
1180 4078 1384 4135 Eodem
1424 4080 1622 4135 saeculo
1663 4080 2109 4139 Fortunatianum

511 4172 825 4240 episcopum
847 4170 1248 4241 Aquileiensem
1279 4170 1466 4229 Afrum
1500 4171 1666 4229 fuisse
1690 4188 1758 4229 ex
1783 4173 2111 4248 Hieronymo

508 4262 788 4320 discimus.
813 4263 1072 4331 Donatus,
1101 4264 1317 4321 natione
1339 4263 1674 4330 Afer,nonne
1697 4267 2112 4328 Mediolanensis

509 4353 767 4412 Ecclesiae
788 4356 1076 4429 presbyter
1099 4354 1200 4413 fuit
1216 4356 1393 4413 adhuc
1412 4368 1532 4427 post
1553 4360 1826 4425 Ambrosii
1853 4364 2109 4419 mortem?

2220 3148 2398 3223 batur,
2454 3158 2511 3203 ut
2538 3164 2605 3205 eo
2649 3148 2983 3221 paragrapho
3014 3150 3363 3231 notabimus:
3396 3140 3499 3208 etsi
3547 3169 3613 3209 eo
3643 3154 3729 3209 die
3776 3171 3824 3209 \‘l

2217 3239 2343 3296 Idns
2373 3241 2681 3297 Decembris
2710 3242 2977 3299 dedicatio
3000 3245 3243 3300 ecclesias
3268 3244 3326 3302 8.
3357 3246 3592 3302 Zenonis
3623 3248 3676 3303 in
3700 3264 3827 3302 nos-

2221 3335 2317 3390 tris
2349 3334 2498 3391 libris
2524 3337 2799 3406 signetur;
2831 3346 3006 3405 tamen
3035 3338 3105 3392 ob
3140 3338 3537 3395 ordinationem
3581 3341 3822 3405 ejusdem

2220 3430 2417 3498 potius,
2450 3414 2608 3501 quam
2640 3430 2710 3485 ob
2737 3429 2995 3487 Ecclesitn
3032 3430 3424 3488 dedicationem
3458 3431 3659 3489 festum
3706 3435 3825 3501 ejtts

2217 3519 2338 3575 aliis
2386 3521 2438 3576 in
2471 3519 2723 3576 Ecclesiis
2752 3520 2926 3577 eidem
2959 3522 3065 3578 diei
3112 3524 3220 3578 fere
3247 3523 3583 3595 adsignatum
3631 3524 3827 3579 verisi-

2217 3614 2501 3669 millimum
2540 3625 2642 3679 est,
2678 3625 2962 3685 propterea
2994 3617 3135 3687 quod
3166 3632 3233 3671 ex
3279 3618 3501 3673 Rabano
3546 3626 3602 3673 et
3643 3617 3821 3673 Wan-

2215 3696 2461 3765 delherto
2488 3710 2670 3764 steculi
2699 3725 2752 3764 tx
2784 3709 3162 3780 scriptoribus,
3190 3725 3289 3767 nec
3317 3726 3420 3765 non
3446 3726 3515 3766 ex
3537 3724 3638 3765 ms.
3666 3710 3817 3766 Vati-

2215 3816 2351 3857 cano
2364 3800 2508 3857 5806
2528 3800 2770 3870 ejusdem
2798 3800 3174 3866 swculi,variis
3201 3803 3254 3857 in
3287 3788 3417 3858 locis
3439 3817 3503 3858 ea
3529 3802 3817 3883 diescele-

2215 3893 2328 3951 bris
2353 3903 2610 3966 appareat
2648 3894 2757 3965 jam
2803 3893 2930 3950 inde
2954 3910 2983 3948 a
3008 3896 3209 3951 stnculo
3237 3911 3288 3950 ts
3334 3910 3457 3951 cum
3489 3896 3547 3953 8.
3579 3896 3818 3953 Zenonis

2214 3985 2433 4041 basilica
2477 3987 2562 4040 vix
2610 3994 2721 4039 tum
2768 3986 3028 4056 temporis
3066 3986 3313 4042 dedicata
3360 3986 3538 4043 fuerit.
3572 3987 3724 4055 Quod
3773 3990 3819 4044 si

2213 4077 2526 4132 consideres
2555 4075 2794 4132 Ctesena:
2821 4085 2876 4132 et
2905 4076 3121 4133 Pistorii
3154 4078 3212 4134 S.
3244 4077 3519 4135 Zenonem
3564 4090 3692 4135 ante
3721 4098 3819 4136 no-

2214 4184 2344 4225 num
2369 4178 2423 4225 et
2442 4178 2693 4226 octavum
2736 4171 2899 4225 etiam
2922 4172 3179 4227 saeculum
3212 4186 3461 4243 magnum
3493 4172 3816 4243 Patronnm,

2215 4264 2298 4319 vel
2323 4263 2620 4331 titularem,
2658 4264 2734 4319 uti
2761 4277 2982 4331 vocant,
3017 4265 3248 4322 electum
3281 4266 3472 4323 eadem
3498 4267 3585 4323 die
3610 4268 3814 4324 cultum

2213 4353 2381 4412 fuisse
2407 4355 2566 4411 unico
2590 4356 2676 4410 vel
2708 4357 2979 4428 praecipuo
3009 4356 3169 4425 feSto,
3198 4358 3501 4429 cuiusmodi
3534 4376 3677 4416 nunc
3698 4363 3822 4431 qui.

509 4460 569 4506 ut
596 4450 850 4507 Paulinus
900 4452 952 4506 in
981 4451 1141 4522 hujus
1170 4453 1277 4508 vita
1318 4462 1546 4509 testatur
1582 4469 1730 4510 nunt.
1782 4455 1873 4512 54,
1922 4456 2110 4527 Neque
2136 4439 2188 4500 D
2215 4447 2337 4502 dem
2367 4463 2434 4502 ex
2460 4446 2877 4509 imtnetnorabili
2904 4464 3089 4504 earnm
3122 4450 3486 4507 Ecclesiarnm
3524 4458 3822 4509 consuetu-

510 4543 782 4615 Anonyml
828 4543 1095 4614 Pipiniani
1139 4548 1404 4603 sententia
1447 4557 1691 4614 moveat;
1746 4547 1919 4619 potuit
1962 4550 2106 4605 enim

512 4633 681 4702 Zeno,
712 4634 835 4691 licet
862 4634 1013 4701 Afer,
1038 4636 1235 4709 eSyria
1257 4636 1525 4694 Veronam
1555 4638 1844 4709 proﬁcisci,
1864 4640 2109 4696 comiter

509 4726 563 4782 itt
585 4725 860 4783 Orientem
888 4742 950 4793 ea
984 4737 1303 4799 tempestate
1332 4728 1588 4799 frequens
1615 4738 1782 4785 esset.
1807 4729 1863 4787 S.
1896 4730 2106 4787 Philas-

511 4818 645 4875 tritis
667 4817 955 4875 Btisianus
979 4821 1290 4891 episcopus,
1320 4835 1442 4876 cum
1473 4830 1616 4877 esset
1648 4820 1964 4893 presbyter:
1996 4822 2111 4878 Cir-

507 4910 732 4966 cumiens
759 4911 1052 4969 universum
1081 4928 1211 4982 pene
1244 4911 1490 4967 ambitum
1518 4911 1740 4968 Romani
1777 4914 1914 4969 orbis
1946 4915 2110 4969 domi-

507 5004 682 5069 nicum
708 5004 1017 5075 praedicasse
1045 5008 1250 5061 uerbum
1277 5005 1525 5063 similiter
1556 5006 1781 5071 traditur
1809 5024 1840 5065 a
1873 5007 1931 5064 8.
1963 5008 2105 5066 ϐδιιο

505 5094 693 5153 dentio
719 5097 772 5154 in
802 5105 1030 5161 tractatu
1076 5096 1143 5155 de
1171 5097 1229 5154 S.
1259 5096 1547 5155 Dhilastrio
1576 5113 1696 5170 pag.
1723 5098 1852 5167 941,
1882 5108 1938 5156 et
1962 5100 2104 5156 idem

504 5200 724 5257 quoque
749 5185 1084 5247 Gaudentius
1113 5203 1175 5245 se
1219 5187 1505 5246 Philastrio
1546 5189 1598 5246 in
1626 5190 1870 5257 eamdem
1900 5191 2108 5248 Brixia-

505 5292 632 5339 nam
685 5279 998 5339 cathedram
1042 5278 1347 5349 solisolum,
1398 5282 1526 5343 dum
1569 5281 1624 5345 in
1654 5282 1876 5340 Oriente
1918 5299 2109 5341 versa-

506 5381 682 5437 retur,
707 5372 912 5433 diserte
942 5373 1143 5443 prodit,
1168 5385 1279 5441 tum
1308 5377 1361 5431 in
1391 5389 1645 5433 sermone
1672 5377 1740 5434 de
1766 5378 2103 5435 ordinatione

507 5465 591 5519 sui
626 5481 747 5535 pag.
803 5466 930 5534 181,
965 5472 1077 5524 tum
1109 5469 1161 5524 in
1204 5482 1453 5525 sermone
1492 5469 1563 5526 de
1590 5468 1931 5527 dedicatione
1962 5472 2105 5533 Basi-

505 5553 645 5625 licas,
696 5572 815 5629 pag.
849 5558 972 5617 191.
1016 5559 1255 5619 Zenonis
1287 5561 1504 5619 tandem
1550 5578 1769 5630 nomen,
1818 5564 1924 5620 etsi
1965 5565 2106 5625 inter

504 5648 723 5713 Gnaeos
752 5651 1039 5731 frequens,
1086 5656 1155 5714 ab
1182 5656 1450 5729 Africanis
1486 5659 1838 5737 nihilominus
1866 5658 2103 5727 aliettum

2216 4540 2343 4597 dine
2392 4541 2663 4613 peragitur
2704 4541 2856 4612 :jam
2884 4557 3011 4612 ergo
3058 4552 3183 4598 ante
3228 4558 3432 4600 nonum
3482 4554 3537 4600 et
3566 4557 3817 4613 octavum

2216 4634 2377 4689 etiam
2395 4634 2651 4690 Saeculum
2668 4648 2731 4689 ea
2752 4634 2868 4689 dies
2887 4634 3116 4690 celebris
3132 4642 3268 4701 erat,
3291 4652 3397 4691 non
3428 4637 3611 4709 utique
3628 4637 3698 4693 ob
3720 4638 3788 4693 de
3802 4670 3818 4680 -

2216 4727 2546 4783 dicationem
2577 4742 2699 4799 quae
2727 4729 2994 4799 posterius
3025 4728 3268 4799 contigit,
3300 4729 3393 4786 scd
3422 4732 3492 4786 ob
3520 4731 3823 4787 ordinatio-

2216 4834 2341 4875 nem
2371 4834 2534 4890 quam
2566 4819 2789 4888 proinde
2817 4834 2883 4874 eo
2910 4820 2996 4875 die
3024 4820 3164 4890 apud
3195 4819 3462 4878 Veronam
3490 4838 3704 4893 quoque
3726 4840 3815 4878 cc-

2216 4910 2474 4965 lebratam
2502 4910 2666 4965 fuisse
2685 4909 2788 4993 hoc
2806 4920 3121 4981 argumento
3143 4911 3426 4993 evidenter
3445 4908 3811 4970 convincitur.

2215 5002 2311 5060 His
2333 5003 2469 5059 adde
2494 5003 2654 5058 aliam
2683 4986 3113 5059 observationem
3145 5020 3209 5059 es
3242 5004 3376 5075 ipsis
3402 4988 3601 5061 nostrtc
3629 5006 3821 5062 Eccle-

2212 5095 2308 5151 siae
2338 5096 2509 5162 libris,
2537 5110 2569 5150 e
2596 5097 2791 5166 quibus
2816 5096 2868 5153 id
2894 5098 3067 5169 ipsum
3094 5094 3466 5167 confirmatur.
3488 5096 3642 5154 Licet
3665 5099 3813 5155 enim

2214 5190 2269 5244 itt
2299 5187 2634 5259 Calendariis
2660 5206 2767 5261 non
2796 5190 2955 5265 nullis
2983 5206 3049 5247 eo
3087 5190 3179 5267 die
3200 5201 3417 5265 notetur
3443 5191 3701 5271 dedicatio
3732 5212 3817 5248 ec-

2214 5282 2382 5336 clest'w
2412 5281 2471 5336 S.
2501 5279 2745 5363 Zenonis,
2771 5282 2824 5337 in
2855 5283 2982 5363 ipsis
3012 5290 3189 5337 tamen
3219 5282 3610 5365 Ecclesiasticis
3637 5284 3809 5355 libris,

2212 5370 2453 5428 et'missa
2484 5382 2539 5428 et
2560 5373 2795 5429 officium
2818 5373 2888 5429 de
2917 5372 2977 5429 S.
3018 5372 3240 5429 Zenone
3263 5373 3538 5446 episcopo,
3568 5391 3676 5430 non
3714 5391 3814 5431 au-

2211 5473 2317 5521 tem
2365 5463 2433 5520 de
2462 5463 2802 5520 dedicatione
2831 5465 3076 5523 ecclesiae
3119 5465 3472 5537 designantur
3513 5477 3570 5524 et
3598 5468 3810 5523 descri-

2210 5559 2433 5615 buntur.
2482 5557 2559 5612 De
2611 5559 2771 5614 Missa
2821 5559 2953 5613 satis
3000 5559 3274 5630 attigimus
3322 5559 3458 5618 diss.
3490 5576 3528 5627 t,
3582 5574 3702 5633 cap.
3750 5562 3808 5628 ὃ,

2213 5655 2241 5747 ᾗ
2275 5656 2329 5730 ii,
2361 5663 2418 5729 et
2444 5654 2765 5727 luculentiqs
2792 5653 2996 5739 patebit
3021 5670 3083 5717 ex
3117 5654 3501 5735 Adtnonitipne
3528 5654 3595 5729 aq
3617 5670 3811 5743 manu.
