4242 6168
510 273 602 330 Ιῖἰι

1904 274 2442 333 I'RllLEGOMENA.

3712 288 3813 344 lii“).

498 406 683 446 veram
716 391 1034 463 religionem
1068 394 1391 463 perduxisse
1427 395 1798 465 cognoscitur,
1841 395 2104 466 quemad-

2227 413 2406 475 tinam,
2437 427 2556 482 quae
2576 412 2779 482 jamdiu
2805 424 2931 472 ante
2953 427 3267 487 susceperat
3305 419 3359 474 in
3384 419 3659 491 aliquibus
3688 439 3821 494 pau-

504 485 727 541 modum
759 484 940 540 Brixia
968 485 1066 541 sub
1099 484 1239 540 idem
1271 494 1486 556 tempus
1511 501 1610 556 per
1638 484 1991 541 Pbilastrinm
2023 501 2110 540 er-

507 578 724 632 roribus
767 586 988 648 purgata
1015 587 1070 631 et
1109 578 1177 631 ad
1204 578 1527 633 catholicam
1561 577 1723 633 ﬁdem
1759 578 1998 633 traducta
2031 578 2111 633 le-

505 669 667 739 gitttr.

576 759 730 829 Quod
760 775 829 815 ne
855 760 1049 815 mirum
1078 759 1326 816 videatur
1354 761 1450 827 iis,
1485 762 1573 832 qui
1606 761 1777 817 Italiae
1809 762 2107 833 praesertim

503 854 667 908 urbes
693 854 879 922 primis
908 853 1165 909 Eccle~iaa
1187 853 1403 909 smeulis
1427 852 1646 909 Chrism
1670 871 1865 910 nomen
1896 854 2112 910 dedisse

505 945 818 1015 Opinantnr,
851 946 1196 1002 considerent
1220 962 1406 1018 quasso
1447 946 1540 1021 (ue
1568 948 1812 1018 pluribus
1841 946 2108 1002 distraha-

508 1039 656 1107 tnur)
690 1037 945 1092 finitimas
973 1039 1271 1108 praesertim
1301 1040 1548 1094 civitates
1575 1038 1965 1101 Novocoutum,
1993 1040 2109 1095 Μιι-
2134 1030 2135 1033 “

507 1132 700 1197 tinam,
730 1131 1086 1198 Tridentum;
1121 1132 1369 1202 idemque
1398 1131 1481 1187 his
1509 1133 1782 1188 invenient
1815 1134 2076 1189 accidisse
2095 1175 2110 1199 ,

507 1224 652 1292 quod
683 1222 913 1278 Verona:
940 1239 1006 1279 ac
1031 1223 1228 1278 Brixim
1250 1222 1541 1288 contigisse
1574 1224 1834 1279 hactenus
1853 1225 2109 1280 diximus.

511 1316 570 1372 8.
593 1315 742 1372 Felix
767 1315 969 1371 Zenoni
994 1331 1132 1387 pene
1148 1331 1349 1386 suppar
1368 1315 1653 1372 Comensis
1679 1318 1885 1386 primus
1906 1318 2115 1386 episco-

513 1425 613 1479 pus
659 1409 754 1480 (ut
782 1410 1158 1480 cognoscimus
1196 1424 1262 1464 ex
1310 1408 1513 1480 hymno
1550 1408 1617 1464 de
1659 1408 1719 1464 8.
1749 1408 2001 1464 Ahundio
2030 1425 2117 1464 se-

513 1507 691 1563 cundo
718 1506 961 1575 ejusdem
1006 1505 1156 1561 urbis
1185 1505 1445 1577 episcOpo
1486 1505 1696 1578 [cxxvxj
1728 1504 1870 1574 apud
1920 1501 2111 1574 Ughel.

516 1609 555 1654 t.
576 1617 627 1663 v,
653 1615 774 1671 pag.
800 1601 930 1666 2’8,
966 1610 1017 1655 et
1049 1615 1113 1655 ex
1133 1600 1241 1654 alio
1269 1601 1439 1656 veteri
1478 1601 1679 1671 hymno
1696 1600 1765 1655 de
1781 1599 1841 1654 S.
1865 1596 2118 1653 Amantio

516 1694 676 1749 tertio
716 1693 967 1748 Comensi
1014 1694 1271 1764 episcopo
1314 1693 1454 1764 apud
1476 1693 1762 1758 eumdem,
1808 1698 1935 1763 pag.
1960 1688 2114 1759 259),

2214 504 2293 559 cis
2335 503 2526 568 tidem,
2558 520 2656 576 per
2700 505 2840 562 hanc
2880 517 3294 578 tempestatem,
3345 526 3452 581 qua
3500 513 3670 570 libera
3721 516 3822 574 fuit

2214 596 2538 653 Christiana:
2566 600 2919 665 professionis
2948 603 3343 671 amplectenda:
3374 605 3633 671 facultas,
3663 609 3824 667 Chri-

2216 702 2334 757 διο,
2364 693 2572 747 eversis
2610 707 2829 762 prorsus
2852 692 3060 759 .ldolis,
3094 709 3234 765 pene
3274 704 3440 751 totam
3487 699 3653 771 (quod
3696 711 3822 759 ante

2216 799 2323 840 non
2366 783 2701 857 contigerat)
2736 801 2932 842 nomen
2981 787 3226 854 dedisse;
3266 805 3388 860 quae
3427 807 3515 847 res
3545 808 3611 850 eo
3644 796 3821 854 minus

2220 878 2665 947 reprehendenda
2695 887 2808 944 est,
2843 893 2951 948 quo
2980 881 3146 950 magis
3177 896 3244 936 ex
3271 881 3394 938 aliis
3422 886 3822 956 quamplurium

2217 971 2494 1026 civitatum
2538 970 2831 1035 Ecclesiis,
2863 972 3057 1040 quibus
3094 973 3145 1027 id
3200 974 3373 1045 ipsum
3403 976 3662 1047 obvenit,
3686 996 3824 1036 cou-

2219 1060 2485 1117 tirmatur.
2514 1060 2784 1117 Caeterum
2818 1062 3019 1118 fabula:
3051 1064 3100 1118 in
3132 1080 3223 1121 res
3252 1065 3303 1119 id
3334 1070 3551 1137 generis
3581 1071 3827 1142 populari

2222 1154 2360 1208 fama
2406 1157 2633 1209 invecta:
2663 1165 2715 1209 et
2745 1155 2988 1221 traditae,
3035 1155 3103 1211 ad
3145 1156 3465 1215 elevandum
3488 1203 3503 1227 ,
3554 1178 3660 1217 non
3693 1180 3825 1221 vero

2222 1246 2570 1302 minuendam
2598 1246 2828 1317 alicujus
2850 1247 3113 1303 Ecclesia:
3137 1251 3516 1321 antiquitatem
3535 1265 3588 1310 et
3611 1255 3825 1313 laudem

2220 1340 2498 1410 pertinent
2523 1358 2535 1393 :
2567 1338 2707 1395 adeo
2737 1351 2792 1395 ut
2817 1356 2937 1410 quae
2966 1341 3249 1396 remissius
3276 1357 3339 1398 ac
3385 1345 3564 1401 minus
3591 1348 3829 1418 gloriose

2222 1433 2290 1489 de
2317 1433 2492 1503 aliqua
2526 1432 2768 1488 Ecclesia
2805 1432 3072 1501 feruntur,
3104 1449 3167 1491 ea
3187 1436 3419 1505 .nullius
3447 1441 3722 1510 p0pnlaris
3751 1442 3831 1498 fa-

2224 1524 2366 1579 bulae
2387 1523 2752 1594 suspicionem
2778 1526 3025 1596 ingeram
3042 1567 3056 1590 ,
3087 1527 3464 1602 ratissimaqne
3504 1543 3704 1603 praeter
3726 1551 3829 1592 ca:-

2224 1624 2340 1671 tera
2372 1615 2557 1671 haberi
2586 1615 2839 1672 debeant.

516 1790 724 1860 primus
753 1803 967 1859 qunque
999 1750 1130 1853 ru'it’
1164 1750 1252 1858 ηδε
1297 1750 1589 1843 Νςηθεοωὶ
1619 1784 1899 1842 wdmmvil
1938 1784 2117 1840 ποια,
2152 1784 2197 1844 Β
2228 1750 2256 1823 §
2405 1783 2473 1792 —-
2497 1752 2647 1860 liora
2679 1753 2909 1860 Ecclesia
2942 1755 3163 1812 Verona:
3184 1759 3474 1860 ltedijicata.
3505 1761 3834 1860 Der-Zenonis

516 1881 657 1945 sias,
689 1893 752 1935 ac
781 1880 987 1950 primus
1014 1880 1141 1934 item
1173 1880 1262 1950 qui
1290 1876 1488 1935 Christi
1532 1877 1693 1932 fidem
1719 1876 1919 1932 ibidem
1958 1876 2121 1930 semi-

520 1971 661 2025 navit
686 1969 1042 2039 hominesque
1063 1971 1282 2026 Christo
1300 1972 1541 2026 lucratus
1581 1978 1688 2036 est,
1716 1980 1774 2023 ut
1796 1984 1862 2024 ex
1884 1967 2044 2038 epist.
2071 1983 2123 2023 tv

522 2064 580 2120 8.
605 2064 879 2120 Ambrosii
912 2065 976 2117 ad
1000 2065 1252 2120 eumdem
1276 2065 1642 2134 cognoscitur,
1666 2061 1755 2118 ubi
1781 2062 1897 2117 haec
1921 2062 2125 2131 scripta

519 2157 664 2227 leges
701 2173 755 2212 n.
787 2158 819 2212 7
847 2153 1069 2213 ε’Μυιια
1108 2159 1285 2213 messis
1326 2155 1553 2223 Christi,
1602 2157 1802 2225 inquit,
1846 2156 1936 2210 sed
1969 2158 2127 2226 pauci

518 2251 761 2316 operarii,
796 2259 844 2303 et
868 2249 1088 2322 difﬁcile
1115 2250 1442 2322 reperiuntur
1469 2249 1558 2319 qui
1588 2248 1948 2320 adjuvent.....
1977 2244 2127 2301 Certe

517 2345 574 2397 in
617 2343 710 2397 illo
737 2344 920 2397 ordine
953 2340 1282 2397 Comensium
1302 2345 1418 2416 jam
1458 2342 1686 2415 plerique
1720 2349 1982 2412 cmperunt
2017 2355 2127 2394 cre-

520 2434 643 2488 dere
670 2434 967 2506 magisterio
997 2445 1114 2495 tuo,
1144 2445 1189 2489 et
1220 2434 1457 2488 doctrina
1493 2444 1583 2487 tua
1610 2433 1813 2486 verbum
1845 2430 1943 2487 Dei
1982 2448 2129 2487 rece-

523 2536 709 2598 perunt
736 2529 864 2583 :sed
883 2529 970 2597 qui
997 2528 1136 2582 dedit
1157 2528 1441 2590 credentes,
1466 2535 1513 2580 et
1534 2526 1798 2591 adiutores
1820 2525 2123 2591 dabit,etc.,

523 2619 602 2675 De
628 2619 687 2676 8.
723 2619 915 2688 Vigilio
944 2619 1265 2675 Tridentino
1297 2619 1551 2689 praesule.
1587 2619 1675 2688 qui
1707 2626 1827 2688 post
1854 2616 2128 2672 Zenonem

526 2712 857 2783 aliquamdiu
930 2712 1098 2777 vixit,
1148 2726 1329 2767 nonne
1373 2710 1491 2766 haec
1534 2710 1817 2765 traduntur
1866 2709 1918 2763 in
1982 2710 2129 2764 Actis

526 2804 667 2874 apud
700 2804 943 2859 Bollandi
977 2806 1160 2859 socios
1183 2812 1315 2859 tom.
1343 2818 1376 2856 v
1401 2801 1566 2868 Junii,
1592 2817 1717 2871 pag.
1748 2801 1848 2858 165
1873 2819 1885 2853 :
1923 2799 2022 2855 Ubi
2051 2810 2128 2853 to-

526 2907 633 2951 tam
662 2874 916 2951 civitatem
945 2894 1198 2949 catholice
1216 2894 1484 2958 convertit,
1525 2893 1789 2947 ecclesiam
1810 2891 1976 2963 (quod
2004 2899 2130 2947 ante

526 2987 670 3043 nulla
704 2984 915 3058 fuisset)
940 2987 1081 3056 infra
1109 3002 1284 3041 muros
1317 2986 1537 3040 civitatis
1575 2981 2125 3039 Dontino’collocavit.

526 3078 730 3134 Auctor
759 3078 892 3133 Vita:
918 3077 975 3134 S.
1005 3076 1311 3133 Geminiani
1343 3075 1658 3132 Mutinensis
1686 3075 1941 3130 antistitis
1969 3073 2130 3129 editae

2299 1842 2469 1898 Claro.
2504 1843 2712 1914 Duplex
2753 1844 3017 1918 Virginum
3054 1853 3246 1920 species
3273 1848 3516 1907 Veronte.
3567 1854 3834 1909 Monastco

2296 1937 2434 1990 rium
2466 1935 2684 1992 Verona:
2721 1939 2947 2011 primum
2988 1941 3040 1995 in
3086 1950 3189 1995 toto
3237 1941 3514 1999 Occidente
3556 1964 3588 1999 a
3628 1945 3834 2002 Zenone

2297 2029 2606 2082 institutum.
2642 2026 2886 2100 Crapula:
2927 2040 2976 2085 et
3019 2031 3237 2088 ebrietas
3268 2033 3323 2088 in
3360 2046 3649 2107 martyrum
3692 2040 3835 2109 festis

2299 2121 2539 2183 sublatae.

2299 2231 2569 2295 Cmterum
2594 2235 2868 2293 Zenonem
2912 2249 3159 2295 nostrum
3191 2255 3384 2296 novam
3417 2243 3702 2298 ecclesiam
3734 2244 3834 2299 hac

2230 2326 2283 2381 in
2308 2328 2444 2384 urbe
2466 2344 2497 2385 e
2518 2329 2886 2386 fundamentis
2907 2332 3171 2400 erexisse,
3200 2334 3539 2407 primumque
3559 2352 3625 2392 ea
3647 2348 3833 2408 aperta

2229 2419 2663 2478 Christianorum
2718 2436 3044 2481 conventum
3100 2443 3291 2498 magna
3345 2444 3466 2484 cum
3521 2431 3837 2488 celebritate

2233 2525 2581 2584 prosecutum
2626 2527 2772 2585 patet
2803 2532 2869 2572 ex
2902 2528 3060 2572 tract.
3091 2518 3159 2574 14
3205 2519 3298 2575 lib.
3334 2536 3382 2587 ι,
3416 2529 3470 2576 et
3495 2520 3634 2578 forte
3657 2525 3829 2593 prima

2233 2605 2333 2661 fuit
2376 2606 2429 2661 in
2472 2608 2607 2663 urbe
2655 2609 2920 2675 ecclesia,
2952 2625 3075 2680 qua:
3104 2627 3227 2667 eum
3278 2615 3330 2668 in
3377 2629 3530 2668 usutn
3570 2614 3833 2672 mdiiicata

2234 2699 2358 2765 fuit,
2390 2714 2512 2754 eum
2554 2708 2711 2755 antea
2742 2702 2792 2755 in
2826 2702 3047 2771 privatis
3073 2702 3281 2759 sedibus
3322 2704 3443 2759 huic
3471 2706 3592 2761 usui
3621 2722 3837 2763 accom-

2235 2790 2467 2845 modatis
2500 2833 2514 2856 ,
2570 2793 2652 2847 vel
2701 2792 2893 2849 saltem
2941 2804 3091 2849 extra
3141 2794 3288 2850 urbis
3332 2800 3630 2866 pomerium
3684 2813 3836 2856 sacra

2235 2893 2643 2952 peragerentur.
2672 2882 3065 2941 Veronensium
3115 2886 3339 2941 divitum
3376 2888 3673 2945 liberalitas
3715 2906 3839 2947 sese

2236 2972 2337 3028 hoc
2366 2974 2421 3029 in
2452 2990 2620 3040 opere
2657 2976 3088 3044 commendavit,
3132 2979 3332 3049 quippe
3370 2979 3517 3049 quod
3560 2982 3751 3036 crebris
3788 2994 3837 3038 et

2235 3067 2396 3137 largis
2453 3067 2670 3122 illorum
2726 3069 3183 3141 prterogationibus
3237 3070 3526 3135 referatur,
3578 3087 3729 3127 num.
3777 3073 3833 3129 5.

526 3186 593 3228 ex
624 3186 727 3227 ms.
762 3170 1063 3227 Veronensi
1106 3179 1237 3225 tom.
1273 3185 1342 3231 tt,
1379 3179 1515 3239 part.
1551 3183 1629 3235 ιι,
1675 3167 1875 3223 Rerum
1912 3166 2124 3222 Italica-
2151 3160 2198 3225 C
2230 3156 2565 3230 Quamquam
2597 3176 2704 3216 ""n
2736 3160 2836 3217 hac
2862 3162 3175 3228 εοιυηιιεεά
3202 3162 3322 3217 aliis
3347 3178 3573 3245 quoque,
3593 3164 3648 3219 ill
3678 3180 3838 3222 0003-

528 3279 678 3328 rttm,
726 3261 911 3317 nonné
955 3261 1070 3317 hare
1104 3261 1173 3317 de
1202 3261 1320 3327 illo,
1353 3263 1442 3330 qui
1486 3260 1686 3316 Zenoni
1714 3260 1874 3329 plane
1914 3273 2131 3314 comvus

528 3356 649 3423 fuit,
682 3357 881 3424 scripta
914 3354 1153 3426 reliquit,
1185 3370 1305 3425 pag.
1340 3354 1439 3410 £91
1471 3372 1484 3409 :
1520 3354 1662 3410 Sane
1696 3354 1764 3408 ad
1793 3352 1986 3409 Christi
2015 3355 2129 3409 cul-

527 3460 699 3505 turam
720 3459 824 3503 toto
847 3449 1041 3504 mundo
1061 3450 1371 3520 conﬂuente,
1387 3450 1499 3521 jam
1523 3448 1661 3503 dicta
1681 3450 1857 3503 civitas
1877 3447 2127 3521 (Mutina)

527 3559 619 3615 per
656 3542 1005 3612 apostolorum
1042 3557 1362 3596 successores
1402 3539 1611 3594 Domini
1648 3541 1802 3609 ﬁdem
1840 3540 2127 3610 recipiens,

526 3651 714 3690 vanam
743 3633 767 3688 l
775 3634 1014 3688 dolorum
1040 3634 1235 3703 respuit
1259 3634 1561 3705 fmditatem,
1597 3648 1659 3686 ac
1677 3640 1969 3687 sanctorum
1991 3648 2127 3703 pra:-

529 3728 786 3782 dicntione
826 3726 1149 3781 sacerdotum
1187 3726 1430 3779 amissam
1456 3725 1548 3778 diu
1577 3724 1688 3779 cazli
1728 3726 1952 3793 recipere
1978 3725 2130 3791 capit

532 3817 900 3873 hereditatem.
929 3814 997 3871 In
1034 3832 1253 3887 quorum
1282 3816 1519 3887 catalogo
1548 3818 1898 3887 confessorum
1929 3813 2131 3870 Beatis-

526 3908 1219 3967 simum'Geminianum.....
1247 3908 1425 3964 eadem
1445 3951 1460 3972 ,
1488 3907 1709 3963 Domino
1739 3908 1980 3979 jnbente,
2015 3923 2128 3961 sus-

526 4005 659 4074 cepit
687 4003 865 4057 civitas
905 4001 1303 4068 Mutinensium,
1334 4001 1644 4069 temporibus
1671 4000 1881 4055 Ioviani
1912 4001 2131 4071 Augusti

528 4099 685 4150 totius
715 4095 1035 4165 Reipublij
1056 4093 1344 4165 Principis.
1369 4096 1414 4149 A
1433 4111 1534 4162 quo
1561 4095 1776 4150 caelestis
1806 4095 1921 4148 vita:
1942 4095 2129 4163 pabulo

524 4198 790 4254 recreata,
840 4177 1132 4257 sanctteque
1159 4188 1539 4259 puriﬁcationis
1579 4192 1720 4258 fonte
1753 4196 2002 4259 purgata,
2041 4202 2131 4239 su-

528 4283 787 4355 perﬂuant
831 4280 1102 4337 [dolorum
1141 4283 1434 4337 servitutem
1475 4281 1713 4350 reliquit,
1759 4290 1806 4334 et
1835 4279 1978 4335 suavi
1996 4281 2130 4352 jugo

530 4376 721 4433 Christi
764 4378 898 4432 colla
937 4378 1151 4448 subegit.
1208 4375 1267 4431 In
1314 4391 1436 4446 qua:
1476 4374 1643 4431 verba
1695 4372 2130 4428 animadvertens

527 4473 863 4530 clarissimus
906 4473 1104 4533 editor.
1154 4474 1200 4529 si
1255 4473 1361 4527 alia
1412 4471 1573 4526 simul
1629 4469 1859 4524 aliarum
1916 4465 2129 4522 urbium

2233 3250 2476 3307 siouibus
2505 3252 2581 3317 hi,
2609 3255 2863 3325 episeopo
2882 3256 3179 3325 prmsertim
3208 3258 3553 3327 impellente,
3582 3259 3837 3317 liberales

2232 3355 2353 3397 sese
2385 3341 2615 3417 [cuvu]
2642 3346 3014 3415 praebuerunt,
3045 3348 3118 3402 uti
3154 3348 3493 3419 potissimum
3525 3349 3725 3406 factum
3754 3361 3838 3408 est

2235 3431 2287 3486 in
2317 3448 2379 3489 ea
2405 3436 2747 3506 captivorum
2774 3437 3162 3510 redemptione,
3197 3454 3356 3509 quam
3377 3438 3446 3495 ab
3475 3443 3591 3512 ipso
3620 3442 3837 3499 Zenone

2233 3527 2447 3584 eximiis
2477 3528 2727 3585 laudibus
2751 3546 2845 3601 pro
2870 3533 3137 3588 concione
3166 3531 3511 3603 prtedicatam
3533 3534 3720 3592 videre
3746 3551 3837 3607 po-

2235 3622 2369 3677 teris
2396 3631 2555 3679 tract.
2588 3623 2677 3688 10,
2706 3641 2856 3681 num.
2887 3626 2943 3689 5,
2977 3627 3070 3682 lib.
3102 3644 3140 3684 ι.

2303 3716 2572 3772 Caeterum
2624 3720 2908 3791 episcopus
2952 3732 3324 3793 paupertatem
3371 3724 3724 3795 profitebatur
3768 3740 3836 3779 ex

2232 3818 2392 3866 tract.
2424 3812 2495 3868 44
2528 3813 2623 3868 lib.
2674 3829 2737 3882 tt,
2772 3832 2837 3870 ex
2859 3832 2969 3886 quo
2998 3815 3160 3871 etiam
3189 3818 3394 3874 clerum
3436 3818 3511 3873 illi
3540 3817 3708 3873 fuisse
3738 3834 3834 3888 pa-

2235 3911 2344 3968 tet;
2377 3905 2656 3975 cujusdam
2684 3907 2831 3963 enim
2873 3911 2951 3963 rei
2995 3917 3163 3966 testes
3201 3911 3436 3982 appellat
3462 3913 3725 3983 operarios
3749 3913 3837 3980 qui

2233 4011 2432 4053 mecum
2460 4010 2612 4067 sunt,
2647 4001 2841 4072 inquit.
2889 4002 3027 4057 Hinc
3075 4014 3232 4059 tract.
3283 4005 3351 4061 16
3386 4004 3482 4061 lib.
3513 4022 3563 4072 ι,
3596 4021 3743 4061 num.
3778 4006 3832 4070 ti,

2232 4089 2545 4146 sacerdotes
2577 4104 2843 4148 memorat
2863 4135 2877 4160 ,
2909 4094 2999 4164 qui
3031 4096 3367 4152 solemnibus
3406 4097 3606 4155 divinis
3648 4098 3833 4169 quius~

2231 4183 2470 4236 centium
2504 4183 2711 4238 animas
2742 4185 2851 4241 Deo
2879 4189 3261 4244 commendare
3289 4189 3556 4259 solebant,
3592 4202 3646 4247 et
3672 4200 3831 4246 tract.

2232 4270 2303 4327 50
2352 4273 2448 4330 lib.
2484 4289 2555 4339 ιι,
2589 4279 2917 4335 mentionem
2976 4277 3105 4334 facit
3147 4264 3554 4346 ministrorum,
3587 4283 3675 4353 qui
3707 4283 3830 4352 cpi.

2233 4378 2373 4433 cepe
2405 4366 2769 4424 inserviebant
2795 4369 2849 4424 in
2886 4370 3087 4435 sacris,
3121 4386 3221 4427 nec
3248 4388 3354 4426 non
3380 4386 3656 4428 sacrarum
3686 4373 3836 4428 ordi-

2234 4459 2551 4527 nationum,
2598 4462 2795 4533 quibus
2837 4463 3073 4534 paschali
3120 4473 3365 4535 tempore
3405 4466 3692 4522 inferiores
3731 4469 3834 4522 uti-

527 4565 777 4636 exempla
819 4564 1216 4636 prospexisset,
1245 4564 1442 4637 quibus
1470 4563 1523 4618 id
1556 4563 1729 4632 ipsum
1759 4560 1919 4631 plane
1958 4558 2132 4614 couti-
2156 4556 2211 4618 D
2236 4553 2390 4609 nistri
2433 4554 2498 4610 ad
2547 4559 2883 4626 superiorem
2928 4557 3174 4614 ordinem
3208 4559 3705 4641 promovebantur;
3732 4561 3836 4631 piis

525 4657 672 4729 gisse
712 4656 1171 4727 deprehenditur;
1215 4656 1457 4727 profecto
1507 4655 1625 4709 haec
1656 4656 1707 4708 in
1756 4651 2127 4722 praefationem

524 4766 633 4807 non
673 4751 1028 4822 conjecisset,
1063 4766 1184 4824 pag.
1217 4751 1361 4807 687:
1397 4748 1547 4815 Quod
1590 4756 1663 4803 est
1693 4748 1760 4801 ad
1798 4748 2054 4811 eiuratam
2095 4761 2128 4798 a

529 4845 908 4900 Mutinensibus
935 4845 1203 4915 gentilium
1227 4842 1637 4908 superstitionem
1658 4839 1751 4893 sub
1776 4836 1994 4891 Joviano
2017 4846 2127 4890 tan-

525 4946 632 4991 tum
658 4924 890 5009 Angusto
916 4935 1506 5006 (Geminianiepiscopi
1538 4941 1747 5003 opera),
1778 4932 1832 4986 id
1871 4930 2012 4984 nullo
2040 4944 2123 4983 ve-

519 5029 691 5083 ritatis
728 5039 818 5083 aut
846 5027 1311 5083 uerisimilitudinis
1345 5026 1514 5099 fulcro
1555 5025 1734 5080 nititur
1761 5033 1912 5094 atque
1936 5021 2006 5075 ad
2044 5020 2126 5091 [a-

430 5103 437 5114 ’
524 5120 672 5176 bulas
699 5117 1106 5175 emendandum.
1140 5119 1197 5176 Si
1228 5118 1367 5175 Viue
1396 5128 1585 5174 auctor
1612 5119 1714 5173 sub
1743 5100 1971 5172 Joviano
2000 5124 2120 5168 tan-
2158 5118 2173 5133 '

523 5218 636 5265 tum
666 5211 984 5282 religionem
1015 5210 1377 5267 Christianam
1409 5224 1441 5264 a
1465 5210 1862 5266 Mutinensibus
1891 5221 1986 5278 per
2012 5204 2121 5262 Ge-

519 5304 814 5358 minianum
851 5304 1027 5372 primo
1050 5313 1355 5373 susceptam
1379 5302 1730 5372 prodidisset;
1757 5302 1880 5372 jure
1905 5298 2121 5371 quidem

521 5396 592 5453 ab
615 5395 826 5452 editore
857 5395 1369 5467 reprehenderetur.
1415 5394 1490 5450 At
1528 5409 1634 5448 non
1678 5394 1730 5448 id
1778 5393 1868 5448 ille
1911 5393 2116 5457 innuit,

521 5486 631 5541 imo
681 5501 776 5556 per
829 5487 966 5542 alios
1013 5488 1299 5558 episcopos
1348 5485 1715 5556 apostolorum
1773 5495 2120 5538 successores

519 5578 678 5633 tidem
710 5579 1040 5635 Mutinenses
1068 5582 1338 5651 recepisse
1370 5579 1532 5634 tradit
1560 5595 1574 5630 :
1604 5588 1657 5631 ct
1695 5577 1869 5631 solum
1901 5575 2002 5631 sub
2026 5575 2119 5631 Jo-

514 5670 655 5724 viani
681 5669 967 5741 imperium
1000 5669 1301 5728 Geminiani
1336 5671 1616 5727 laboribus
1646 5669 2001 5725 idololatriam
2032 5685 2117 5724 re-

507 5760 732 5831 liquisse
759 5779 856 5821 eos
875 5773 1086 5834 narrat,
1114 5778 1234 5836 quae
1259 5776 1350 5823 res
1374 5762 1505 5822 illud
1531 5762 1687 5821 unice
1715 5761 1969 5830 insinuat,
1999 5760 2114 5820 Mu-

2232 4656 2412 4700 antetn
2441 4648 2814 4704 sacerdotibus
2839 4664 2933 4719 per
2957 4648 3098 4704 idetn
3130 4660 3340 4719 tempus
3368 4652 3671 4707 mercedem
3696 4667 3837 4721 pra»-

2229 4734 2410 4790 stitam
2436 4736 2741 4805 affirmans,
2776 4740 2985 4809 piorum
3017 4754 3150 4796 sane
3178 4740 3283 4796 sibi
3309 4743 3715 4812 coeperantium
3746 4757 3836 4798 sa-

2228 4828 2508 4882 cerdotum
2543 4829 2860 4885 industriam
2894 4831 3095 4887 indicat
3123 4834 3238 4888 sive
3266 4833 3319 4887 in
3358 4834 3705 4913 instituendis
3736 4849 3833 4890 ca-

2229 4921 2587 5001 techumenis,
2614 4924 2808 4980 sive'iu
2834 4926 3218 4994 paenitentibus
3248 4926 3647 4997 prmparaudis,
3676 4928 3834 4999 cujus

2229 5026 2441 5068 merces
2470 5014 2642 5083 ipsum
2670 5027 2785 5070 erat
2813 5016 3169 5088 baptismum,
3199 5027 3253 5074 ct
3281 5019 3677 5087 reconciliatio,
3708 5037 3831 5091 qua:

2228 5104 2467 5174 paschali
2494 5113 2739 5179 tempore
2762 5109 3118 5166 solemniritu
3147 5111 3566 5181 peragebantur.
3595 5111 3653 5167 lu
3688 5112 3830 5168 hanc

2228 5212 2442 5270 quoque
2493 5214 2605 5255 rem
2653 5202 2867 5259 confert
2910 5204 3073 5259 etiam
3131 5204 3280 5258 locus
3330 5204 3390 5259 8.
3435 5204 3711 5260 Ambmsii
3757 5220 3830 5262 ex

2227 5291 2386 5361 epist.
2423 5308 2477 5358 v,
2511 5294 2575 5349 ad
2607 5293 2889 5367 Syagrium
2920 5296 3159 5351 Zenonis
3204 5311 3600 5365 successorem,
3639 5299 3694 5353 in
3725 5314 3833 5370 qua

2228 5398 2351 5440 cum
2383 5385 2637 5444 Indiciatn
2670 5389 2737 5444 ab
2766 5389 2868 5444 hoc
2895 5389 3231 5445 benedictum
3262 5388 3552 5444 sacerdotes
3579 5390 3834 5447 invisisse

2228 5479 2527 5545 tradantur,
2554 5479 2654 5536 hoc
2675 5480 3018 5545 sacerdotum
3044 5481 3280 5538 Zenonis
3307 5496 3423 5537 aevo
3452 5482 3829 5539 ordinatorum

2226 5591 2336 5632 non
2364 5577 2654 5632 obscurum
2704 5580 3069 5651 testimonium
3101 5579 3331 5635 videtur.
3366 5580 3568 5636 Horum
3609 5597 3829 5653 quoque

2220 5670 2563 5726 sacerdotum
2599 5669 2907 5738 pudicitiam
2934 5686 2998 5727 ac
3021 5671 3334 5728 caelibatum
3363 5672 3432 5727 ab
3459 5673 3697 5731 Auctore
3721 5675 3832 5731 lau-

2218 5764 2333 5820 dari
2367 5772 2522 5820 tract.
2550 5764 2587 5819 5
2608 5764 2703 5820 lib.
2734 5777 2775 5833 t,
2807 5779 2962 5822 num.
2989 5766 3042 5836 7,
3074 5766 3209 5823 satis
3235 5765 3497 5825 credibile
3524 5776 3628 5824 est.
