4242 6168
404 219 531 277 135

1246 203 1694 264 DISSERTATIO
1735 199 1824 265 Ill,
1866 195 1955 251 DF.
1998 194 2054 249 S.
2100 194 2262 250 ΖΕΝ.
2311 195 2524 253 ACTIS
2566 193 2659 249 ET
2702 194 2955 252 Clllﬂ'll.

3678 184 3780 246 151

484 332 595 391 Sed
623 332 748 404 quis
776 329 847 387 de
874 330 1028 384 clero
1055 329 1107 383 in
1135 328 1332 384 bonam
1363 324 1704 394 disciplinam
1736 330 1833 388 per
1860 312 2036 369 Zeno—
2063 308 2118 369 A
2142 309 2296 365 illum
2321 310 2557 381 patratis
2580 311 2892 368 celebriora
2926 311 3094 367 fuisse
3124 310 3401 380 videntur,
3433 321 3660 382 qumque
3683 304 3784 359 int-

404 446 542 488 nem
590 427 853 484 instituto
893 424 1139 487 dubitet,
1168 437 1291 479 cum
1322 419 1593 490 virginum
1636 427 1850 484 quoque
1880 406 2044 465 disci-

405 526 621 596 plinam
649 522 721 577 ab
759 520 960 575 eodem
993 516 1267 579 excultam
1309 530 1374 570 ex
1394 512 1591 585 eadem
1618 505 1886 567 Ambrosii
1929 503 2044 571 epi-

342 671 357 687 ,
406 618 558 673 stola
589 614 948 669 manifestum
972 610 1086 665 sit?
1108 611 1183 663 Ex
1210 623 1273 663 ea
1298 606 1549 663 nimirum
1578 602 1747 673 palam
1771 596 2043 665 colligitur

409 705 658 762 Zenonis
701 710 871 759 tetate
914 700 1148 754 Verona:
1186 714 1293 752 non
1336 695 1510 751 solum
1557 694 1725 749 luisse
1769 686 2040 758 virgines,

412 815 544 869 qua:
574 795 864 868 virginalis
898 791 1176 863 pudicitiae
1206 799 1335 845 voto
1379 786 1653 844 obstricta:
1694 790 1811 853 post
1854 776 2045 848 proba-

412 893 625 946 tionem
654 889 855 945 velatae
896 886 1012 941 suis
1054 886 1106 939 in
1150 882 1406 940 domibus
1450 879 1639 951 pudice
1663 874 2042 940 versabantur,

409 979 733 1052 cujttsmodi
764 978 971 1034 Indicia
1005 975 1123 1043 fuit,
1159 975 1229 1030 de
1253 990 1357 1045 qua
1394 972 1544 1043 plura
1576 971 1809 1025 diximus
1837 964 1969 1020 diss.
2004 980 2041 1030 i,

407 1090 541 1144 cap.
570 1073 628 1135 ὅ.
664 1072 777 1144 §5,
810 1071 907 1127 sed
937 1070 1175 1141 virgines
1201 1068 1367 1123 etiam
1398 1066 1596 1129 fuisse,
1620 1077 1740 1134 qua:
1764 1058 2046 1129 virginita-

409 1176 531 1221 tem
561 1164 838 1236 professa:
867 1175 1215 1217 communem
1247 1158 1301 1213 in
1343 1156 1672 1212 monasterio
1701 1151 1864 1206 vitam
1892 1148 2049 1219 dege-

410 1261 584 1325 bant;
621 1264 882 1311 accusata
904 1255 1075 1321 enim,
1096 1262 1155 1309 ut
1171 1252 1489 1308 Ambrosius
1510 1257 1711 1312 narrat,
1738 1260 1835 1316 per
1850 1244 2048 1298 calum-

410 1351 567 1405 niam
617 1348 865 1412 lodicia,
893 1346 1278 1401 criminatores
1326 1346 1448 1412 ejus
1492 1341 1804 1412 impositum
1842 1336 2045 1390 crimen

410 1440 652 1512 perinde
681 1438 1026 1507 divulgatum
1057 1436 1303 1491 ferebant
1330 1453 1397 1492 ex
1429 1451 1579 1490 num.
1615 1434 1684 1488 19
1709 1450 1724 1485 :
1754 1429 2051 1484 Cucum’sse

407 1533 659 1587 mulieres
682 1532 812 1586 viles
833 1529 905 1584 ad
928 1532 1316 1597 monasterium,
1329 1534 1567 1604 jnctasse
1587 1535 1793 1597 partum
1818 1523 2047 1592 virginis,

405 1634 458 1680 et
489 1639 671 1677 necem
692 1623 955 1694 pignoris,
982 1620 1049 1675 de
1076 1623 1390 1676 monasterio
1418 1635 1686 1675 rumorem
1718 1630 1809 1684 per
1836 1615 2051 1683 populos

2146 417 2335 472 pressa
2375 401 2712 473 profundius
2743 405 2796 459 in
2827 403 3011 475 populi
3044 403 3341 472 mentibus,
3374 402 3526 459 vanis
3553 392 3778 457 subinde

2143 492 2567 549 circumvestita
2599 494 2875 565 adjunctis
2900 495 3077 562 fuere,
3106 504 3163 551 ut
3195 495 3253 551 fit
3279 497 3330 551 in
3362 495 3450 563 iis,
3481 506 3601 565 qua:
3628 506 3656 542 ει
3686 498 3779 539 IIe-

2146 584 2294 638 mine
2325 584 2580 652 scripta,
2626 602 2725 655 per
2767 588 3027 658 populum
3080 587 3358 654 feruntur;
3390 596 3446 643 et
3474 586 3620 639 hisce
3663 587 3785 631 cum

2144 676 2435 744 adj'unctis
2467 675 2539 732 ab
2570 679 2769 736 eodem
2792 681 3068 737 Coronato
3094 691 3319 753 excepta
3348 693 3412 735 ac
3439 674 3630 733 litteris
3657 677 3786 736 pro-

2146 768 2289 835 dita,
2347 783 2471 822 non
2513 769 2590 826 ita
2640 775 2712 829 ob
2759 773 3062 829 additiones
3107 775 3267 829 falsas
3293 765 3601 843 spernenda
3628 762 3785 815 sunt.

2147 871 2205 915 ut
2231 857 2459 914 exinde
2489 863 2696 919 veritas
2726 864 2863 936 ipsa,
2890 881 3011 936 quae
3033 866 3084 920 in
3116 865 3279 921 rebus
3309 864 3459 918 miris
3489 860 3665 912 inesse
3690 843 3791 936 ’

2147 966 2251 1025 qua
2284 949 2455 1006 solet
2482 952 2611 1024 (etsi
2645 956 2879 1012 discerni
2901 973 3002 1012 non
3027 958 3183 1012 facile
3221 952 3437 1025 possit),
3469 950 3626 1019 plene
3656 934 3790 1004 ιὀἱί·

2148 1046 2357 1102 ciatnr.
2414 1044 2619 1104 Eadem
2665 1052 2860 1119 repetit
2907 1052 3224 1121 Anonymus
3267 1043 3587 1112 Pipiniaoos
3629 1029 3795 1084 tertio

2149 1140 2357 1212 insigni
2397 1143 2662 1200 miraculo
2690 1146 2908 1213 addito;
2942 1154 2998 1200 et
3036 1146 3081 1199 is
3125 1142 3192 1215 (si
3224 1155 3385 1194 unum
3415 1127 3650 1191 Cesaris
3677 1141 3801 1183 vcr-

2149 1233 2275 1288 bunt
2309 1232 2535 1306 demas)
2565 1236 2844 1292 Coronato
2868 1238 3062 1307 melius
3090 1235 3260 1290 multo
3288 1241 3342 1286 et
3382 1231 3510 1286 sine
3546 1220 3684 1277 ullis
3710 1225 3805 1283 ad-

2150 1325 2305 1393 ditis,
2340 1341 2467 1394 quae
2492 1325 2715 1383 Criticis
2756 1329 3128 1383 difﬁcultatem
3158 1326 3411 1393 ingeram
3432 1362 3453 1388 ν
3488 1318 3599 1375 m3
3632 1324 3818 1391 paucis

2152 1417 2438 1474 describit.
2489 1420 2568 1474 En
2606 1420 2775 1489 ipsius
2822 1422 3030 1490 integra
3076 1413 3270 1478 verba,
3322 1413 3401 1467 uti
3454 1412 3739 1482 leguntur
3768 1424 3823 1486 in

2152 1510 2302 1565 calce
2334 1524 2471 1565 mss.
2505 1510 2805 1568 Zenoniani
2835 1528 2899 1567 ac
2944 1506 3293 1577 Pompeiani;
3329 1521 3471 1560 nam
3510 1505 3577 1562 in
3640 1531 3828 1586 manu-

2152 1605 2354 1673 scripto
2404 1603 2703 1669 Lobiensi,
2752 1621 2817 1661 ex
2866 1618 2974 1674 quo
3024 1600 3086 1655 P.
3137 1597 3500 1654 Mabillonius
3549 1610 3824 1683 ejuSdem

406 1690 1067 1788 spartum.quamquam
1102 1728 1232 1768 vero
1279 1714 1385 1768 sub
1435 1712 1597 1782 hujus
1647 1704 1827 1779 quarti
1868 1707 2047 1765 sreculi
2080 1692 2126 1753 Β
2156 1695 2423 1766 Anonymi
2474 1696 2799 1764 opusculum
2853 1693 3059 1788 edidit,
3092 1690 3282 1788 lacuna
3326 1700 3417 1746 est
3471 1706 3721 1782 aperta,
3766 1728 3825 1775 ιη

407 1810 574 1863 linem
606 1807 880 1876 virginum
925 1807 1257 1862 monasteria
1297 1809 1351 1862 in
1380 1805 1687 1862 Occidente
1720 1799 1896 1867 aliqua
1942 1799 2052 1854 itte-

405 1903 550 1968 rint,
584 1909 645 1954 ut
674 1914 741 1954 ex
786 1897 908 1953 aliis
948 1898 1192 1966 ejusdem
1225 1900 1503 1955 Ambrosii
1556 1897 1699 1954 locis
1747 1891 2048 1962 colligitur;

406 1994 518 2049 hoc
546 2002 749 2057 uniten,
781 1989 929 2060 quod
962 1990 1188 2046 Vcrome
1213 2007 1243 2047 a
1276 1991 1500 2048 Zenone
1529 1990 1857 2047 institutum
1890 1985 2053 2042 luisse

398 2085 642 2151 videtur,
671 2086 909 2155 primum
932 2097 1055 2140 esse
1079 2085 1322 2140 omnium
1350 2086 1663 2150 credimus,
1693 2080 1790 2137 vel
1818 2077 2050 2150 primum

397 2178 595 2237 saltem
643 2179 786 2233 inter
829 2175 956 2241 illa,
1007 2191 1232 2247 quorum
1266 2179 1527 2234 memoria
1582 2173 1809 2234 litteris
1842 2172 2053 2242 prodita

396 2281 668 2345 superest.
700 2271 779 2328 Ex
812 2271 916 2326 hoc
945 2285 1104 2340 porro
1139 2282 1286 2327 tanto
1311 2274 1587 2344 virginum
1632 2266 2050 2330 Veronensium

398 2385 647 2434 nurnero,
679 2383 797 2437 quae
829 2365 1022 2437 partim
1071 2366 1121 2419 in
1155 2368 1502 2429 monasterio,
1539 2370 1782 2438 partim
1833 2358 2054 2432 privatis

398 2463 451 2519 in
482 2462 728 2518 domibus
758 2459 1124 2532 virginitatem
1174 2460 1458 2525 colebant,
1503 2460 1795 2517 Zenonis
1842 2470 2057 2510 sermo-

399 2572 552 2620 num,
580 2557 771 2627 quibus
813 2553 1093 2624 virginitas
1125 2554 1355 2608 maxime
1382 2552 1923 2611 commendabatur
1952 2547 2054 2622 (uti

400 2664 546 2705 nunc
588 2657 671 2705 est
716 2656 977 2704 tractatus
1013 2646 1047 2701 5
1075 2645 1168 2700 lib.
1200 2646 1262 2714 ι),
1316 2646 1545 2701 fructum
1614 2643 2053 2717 cognoscimus.

402 2742 557 2798 Hunc
580 2741 823 2797 eumdem
853 2739 1149 2796 antistitem
1176 2739 1313 2794 inter
1336 2753 1432 2793 eos
1459 2735 1912 2795 accensendum
1938 2736 2058 2806 opi-

402 2854 598 2893 namur
641 2836 801 2892 ltalire
827 2835 1117 2908 episcopos
1158 2848 1187 2886 a
1233 2832 1289 2889 S.
1334 2833 1660 2903 Augustino
1689 2833 1875 2905 epist.
1911 2847 2054 2897 χχιι,

403 2948 558 2987 num.
588 2931 646 2998 4,
673 2930 939 2995 laudatos,
972 2930 1061 2998 qui
1095 2941 1218 2981 cum
1249 2939 1445 2995 agapes
1466 2924 1520 2978 in
1549 2925 1897 2982 subsidium
1926 2940 2058 2995 pau-

408 3040 599 3095 perum
621 3066 636 3088 ,
667 3033 1072 3094 niartyrumque
1103 3018 1304 3073 cultum
1335 3016 1621 3071 institutas
1644 3060 1659 3084 ,
1691 3019 1749 3072 in
1799 3017 2056 3088 crapulas

407 3108 638 3170 subinde
658 3125 708 3170 et
730 3115 1051 3170 ebrietatem
1080 3120 1136 3166 et
1162 3108 1424 3164 luxuriam
1452 3122 1775 3165 conversas
1811 3110 2058 3164 animad-

409 3208 721 3273 vertissent,
742 3206 794 3262 in
816 3221 908 3262 eas
934 3209 1263 3276 perorarttut
1292 3201 1427 3255 adeo
1450 3199 1718 3269 feliciter,
1755 3212 1824 3258 ut
1849 3219 1914 3257 ex
1942 3204 2056 3259 suis

411 3301 680 3357 Ecclesiis
706 3308 924 3370 totaque
951 3296 1107 3351 ltalia
1140 3294 1263 3348 illas
1283 3291 1642 3358 exeluserint,
1678 3294 1761 3349 uti
1787 3286 2059 3350 observa-

407 3396 600 3449 vimus
629 3395 809 3447 adnot.
846 3390 912 3444 18
957 3391 1012 3444 in
1042 3397 1205 3442 tract.
1246 3387 1311 3440 15
1374 3384 1471 3439 lib.
1502 3400 1553 3449 t,
1577 3385 1678 3439 ubi
1715 3390 1929 3443 Auctor
1955 3388 2055 3445 ad-

409 3500 615 3542 versus
662 3484 779 3539 illas
824 3481 1103 3537 invehitur
1134 3521 1150 3542 ,
1202 3476 1295 3545 qui
1345 3486 1405 3531 ut
1457 3479 1958 3536 comessationibus
2001 3491 2059 3539 et

414 3577 678 3635 ebrietiti
739 3573 1206 3645 impttdicilimqtte
1276 3567 1613 3637 frequentius
1672 3569 2054 3642 iudulgerent,

420 3684 701 3742 martyres
734 3669 836 3724 sibi
870 3667 1148 3737 ﬁngebant
1168 3704 1185 3730 ,
1216 3663 1269 3717 in
1306 3677 1535 3732 quorum
1567 3667 1902 3720 ctemetcriis
1929 3683 2058 3738 aga-

419 3780 527 3836 pes
560 3771 802 3833 agerent.
836 3758 945 3815 Nec
972 3754 1504 3830 praetermittendum
1543 3752 1645 3809 hoc
1673 3756 1791 3813 loco
1817 3757 2053 3827 videtur,

422 3857 580 3929 quod
619 3864 730 3909 tres
767 3868 860 3907 xvr
897 3850 1081 3908 swculi
1127 3857 1383 3902 auctores
1435 3846 1824 3916 prodiderunt,
1858 3850 2056 3908 Paulus

421 3951 498 4007 de
527 3946 891 4015 Mildeburgo,
919 3945 1214 4014 episcopus
1237 3938 1810 4008 Forosemproniensis
1837 3942 1888 3995 in
1916 3957 2057 4012 prte-

422 4043 640 4099 latione
664 4038 784 4093 libri
818 4034 1062 4102 inscripti
1100 4031 1326 4086 Paulina
1355 4030 1418 4084 de
1441 4039 1582 4085 recta
1604 4029 1811 4100 past-lue
1829 4035 2057 4088 celebra-

420 4137 611 4198 ιξοηε,
643 4131 774 4185 editi
821 4127 1103 4186 an.1515.
1138 4139 1240 4180 nec
1286 4139 1392 4178 non
1441 4120 1685 4192 ejusdem
1730 4124 1914 4191 operis
1958 4127 2050 4182 lib.

424 4226 647 4298 primo;
680 4224 920 4280 Joannes
966 4217 1293 4275 Stoel‘llerus
1343 4217 1394 4271 in
1440 4214 1764 4271 Calendario
1806 4216 2054 4275 Romano

420 4322 590 4377 edito
609 4333 700 4372 an.
736 4315 896 4382 1518,
926 4329 1083 4385 prop.
1115 4313 1203 4379 17,
1237 4320 1288 4367 et
1317 4325 1380 4364 ex
1410 4308 1494 4363 his
1518 4307 1829 4377 Onuphrius
1855 4309 2053 4365 Panvi-

420 4415 563 4470 nius
609 4410 874 4479 Antiquit.
910 4406 1110 4463 Veron.
1146 4404 1236 4458 lih.
1285 4417 1363 4469 Iv,
1401 4416 1522 4470 cap.
1568 4400 1622 4455 6.
1677 4400 1739 4454 Ili
1795 4403 2047 4457 nimirum

2155 1796 2299 1842 recte
2350 1786 2569 1841 monuit
2616 1788 2862 1844 marchio
2913 1783 3095 1854 Scipio
3160 1782 3435 1850 Mafleius,
3511 1802 3660 1867 pag.
3712 1809 3819 1866 179

2155 1878 2403 1933 Historia:
2451 1878 2862 1951 diplomaticaa,
2912 1891 3070 1948 quam
3122 1892 3219 1933 nos
3264 1892 3327 1935 ex
3378 1877 3636 1944 laudatis
3666 1909 3799 1951 mss.

2153 1972 2492 2044 supplemns.

2306 2155 2524 2230 Octavus
2550 2163 2714 2221 pastor
2740 2164 2799 2230 et
2826 2155 3083 2230 confessor
3106 2168 3286 2230 martyr
3303 2160 3528 2230 inclytus,

2248 2220 2339 2291 Qui
2365 2219 2616 2291 Veronam
2642 2219 3180 2291 praedicalldoreduxit
3199 2219 3255 2291 ad
3279 2219 3608 2291 baptismium,

2316 2284 2354 2353 ἑ
2377 2283 2509 2332 malo
2534 2284 2711 2353 spiritu
2736 2285 2958 2353 sanavit
2975 2286 3170 2341 Gallieni
3193 2283 3393 2343 Ctesar'is
3412 2287 3559 2353 ﬁliam
3580 2306 3593 2353 ;

2311 2345 2473 2418 Boves
2497 2358 2610 2395 cum
2638 2345 2854 2418 homing
2893 2359 3128 2415 vergente
3152 2355 3387 2413 reduxita
3409 2345 3606 2418 pelago.

2248 2410 2310 2460 Et
2313 2408 2536 2481 intidem
2562 2408 2749 2481 multos
2772 2405 3022 2465 liberavit
3043 2419 3103 2465 ab
3125 2418 3262 2468 hoste
3289 2405 3541 2481 pesti-fero:

2313 2468 2354 2545 ξξ
2375 2471 2536 2545 ίψγίρ¹
2554 2480 3137 2545 exemp‘tttmsuscitavit
3165 2468 3421 2545 mortuum,

2312 2530 2462 2581 Multa
2488 2531 2619 2581 idola
2634 2530 2906 2604 detinuit
2929 2553 3017 2604 per
3041 2544 3215 2591 crebra
3232 2530 3437 2604 jejunia’.

2251 2592 2698 2671 NoIt‘trqueonmulta
2718 2592 2940 2671 narrare
2964 2601 3108 2665 hujus
3129 2592 3467 2671 sanctifopera,

2314 2655 2648 2733 QuaeaSyria
2674 2657 2932 2733 veniendo
2958 2655 3119 2733 usque
3142 2669 3192 2716 in
3214 2655 3420 2733 Iuniam,

2316 2718 2414 2767 Per
2439 2718 2599 2782 ipsum
2623 2723 2944 2785 omnipotens
2963 2718 3106 2777 De'us
3129 2733 3345 2781 ostendit
3365 2718 3620 2784 mirabilia.

2163 2913 2289 2970 Haec
2319 2920 2499 2967 autem
2547 2914 2761 2985 aliaque
2799 2917 2937 2973 mira
2971 2920 3210 2979 Zenonis
3250 2938 3431 2997 gesta,
3461 2948 3582 3002 quae
3622 2933 3776 3004 plura

2110 3076 2131 3100 Ἰ
2161 3005 2378 3078 quidem
2406 3005 2571 3062 fuisse
2600 3018 2871 3077 putamus,
2906 3010 3024 3093 licet
3054 3020 3313 3072 memoria
3344 3023 3667 3090 populorum
3696 3024 3778 3079 di-

2086 3079 2133 3140 (ἶ
2167 3101 2380 3156 labente
2401 3101 2667 3155 custodita
2691 3115 2757 3156 ac
2778 3084 2975 3157 tradita
3000 3121 3104 3160 non
3137 3079 3365 3178 fuerint;
3395 3079 3672 3173 celebrem
3697 3130 3774 3174 ta-

2165 3208 2287 3249 men
2338 3206 2462 3247 eum
2512 3194 2622 3263 jam
2675 3192 2801 3248 inde
2855 3197 2923 3249 ah
2976 3199 3213 3269 antiquis
3261 3208 3594 3273 temporibus
3629 3213 3769 3280 apud

2161 3285 2507 3358 quamplures
2528 3295 2779 3340 externas
2809 3287 2968 3341 etiam
2996 3291 3160 3370 ttrlies
3180 3333 3193 3356 ,
3225 3295 3555 3366 provincias,
3583 3316 3646 3357 ac
3673 3319 3772 3357 na-
3822 3316 3827 3319 Α

2164 3379 2337 3434 tiones
2364 3378 2680 3443 exhibuere,
2706 3377 2774 3433 de
2804 3393 2912 3449 quo
2941 3381 3093 3452 plura
3119 3386 3294 3454 capite
3327 3398 3543 3457 quarto.

2239 3471 2304 3528 Ut
2333 3481 2513 3527 autem
2540 3470 2604 3527 ad
2627 3487 2748 3525 eum
2779 3481 3004 3538 statum,
3035 3490 3194 3545 quem
3234 3477 3470 3535 diximus
3491 3521 3505 3543 ,
3534 3481 3764 3538 ethnicis

2162 3563 2483 3632 Arianisque
2505 3564 2912 3629 obsistentibus,
2931 3565 3295 3623 Veronenscm
3321 3569 3618 3627 Ecclesiam
3644 3591 3765 3643 pcr-

2162 3656 2402 3718 dnceret,
2426 3656 2759 3728 aliquamdiu
2788 3656 2933 3711 illam
2968 3674 3154 3729 regere
3177 3661 3417 3731 profecto
3444 3662 3662 3731 debuit;
3695 3682 3761 3722 ex

2161 3750 2227 3806 iis
2251 3757 2450 3816 autem,
2479 3766 2601 3821 quae
2626 3750 3003 3807 dissertatione
3031 3755 3072 3817 Ι,
3102 3767 3152 3807 c.
3182 3754 3236 3821 5,
3263 3753 3291 3825 ς
3318 3756 3372 3820 5,
3402 3756 3758 3825 cenjecinius,

2162 3858 2267 3898 non
2329 3842 2683 3913 improbabile
2742 3842 2958 3914 quidem
3010 3845 3222 3900 videtur
3268 3847 3445 3901 eidem
3501 3850 3760 3905 Ecclesim

2160 3934 2439 4007 prteluisse
2489 3950 2581 4004 per
2609 3950 2781 3990 annos
2820 3951 2982 4003 xvnr,
3013 3937 3082 3992 ab
3112 3953 3252 3993 anno
3279 3938 3487 3994 scilicet
3516 3941 3647 4009 562,
3671 3958 3761 3998 us-

2159 4043 2262 4096 que
2292 4026 2358 4081 ad
2389 4042 2587 4081 annum
2618 4027 2831 4082 circiter
2852 4028 2975 4093 580,
2999 4045 3107 4099 quo
3131 4031 3181 4084 in
3211 4032 3407 4087 etelum
3441 4033 3756 4099 translatus,

2158 4119 2399 4175 laborum
2447 4134 2664 4174 suorum
2716 4121 2937 4189 praemio
2983 4121 3213 4177 donatus
3261 4123 3386 4189 fuit,
3436 4135 3495 4178 ut
3532 4125 3757 4182 Verona:

2158 4212 2299 4281 ipsi,
2329 4228 2488 4283 quam
2518 4214 2569 4267 in
2596 4212 2898 4268 Christiana
2930 4216 3190 4286 religione
3220 4217 3455 4283 aluerat,
3486 4220 3538 4273 in
3572 4230 3754 4289 patro-

2156 4304 2355 4358 cinium
2406 4315 2668 4374 suscepta:
2711 4316 2906 4375 prresto
2951 4319 3123 4372 esset;
3173 4309 3316 4366 unde
3347 4309 3543 4366 factum
3591 4314 3751 4368 etiam

2155 4405 2270 4460 est,
2301 4407 2355 4449 ut
2396 4396 2484 4450 illa
2523 4397 2909 4455 beneﬁciorum
2953 4417 3058 4456 non
3098 4402 3382 4458 immemor
3425 4405 3598 4474 ipsum
3629 4422 3752 4463 mox

421 4501 755 4576 paschalem
786 4513 1049 4555 ranouem
1082 4513 1109 4552 a
1154 4496 1367 4551 Zenone
1396 4492 1598 4550 editum
1629 4492 1713 4548 vel
1745 4496 2047 4550 restitutum
2076 4497 2132 4558 D
2158 4504 2409 4560 magnum
2442 4489 2730 4546 Patron"!!!
2760 4493 2860 4548 sibi
2890 4495 3217 4550 atlSCiScel'ﬂ
3247 4507 3405 4567 atque
3428 4497 3751 4568 deprecare-

418 4596 712 4670 produnt;
755 4607 863 4664 quo
905 4601 1083 4645 autem
1125 4588 1449 4643 documento
1488 4586 1646 4657 plane
1694 4585 2047 4655 ignoramus:

417 4692 576 4761 quin
609 4686 661 4742 id
690 4687 835 4742 inter
862 4683 1070 4739 fabulas
1094 4681 1438 4739 referendum
1466 4680 1600 4736 nihil
1630 4681 1973 4751 ambigimus.

416 4902 690 4981 [cxxvtn]
716 4901 745 4973 §
766 4899 857 4957 1V.
879 4928 950 4943 -ο
974 4898 1035 4955 S.
1064 4896 1203 4952 Zeno
1230 4898 1292 4953 ob
1306 4896 1555 4952 miracula
1572 4894 1783 4952 celeber.
1819 4895 1892 4952 De
1909 4900 2049 4969 ejus-

977 4992 1091 5046 dem
1115 4991 1385 5046 emortualt'
1414 4989 1517 5045 die.

512 5194 638 5250 Non
664 5206 694 5248 ι
720 5193 993 5248 Coronato
1011 5187 1210 5254 solum,
1244 5184 1336 5242 sed
1359 5182 1429 5239 ab
1448 5184 1737 5255 Auonymo
1764 5183 1925 5238 etiam
1957 5185 2046 5241 Pi-

412 5288 670 5365 piniano
708 5299 903 5357 magna
947 5282 1114 5339 luisse
1138 5280 1338 5336 Zenoni
1381 5279 1436 5335 in
1482 5278 1758 5334 dmmones
1806 5286 2043 5349 potestas

414 5399 683 5461 traditur
723 5420 736 5452 :

534 5558 609 5611 Et
629 5560 830 5623 quidem
850 5557 1029 5609 multos
1047 5555 1273 5609 liberavit
1296 5554 1359 5605 ab
1379 5555 1519 5604 hoste
1540 5552 1791 5617 pestifero.

410 5697 568 5754 Duo
600 5688 853 5746 miracula
875 5684 1470 5749 describitCoronatns,
1503 5697 1623 5754 qure
1650 5697 1715 5739 ex
1744 5682 1925 5741 multis
1946 5701 2042 5758 per

2156 4590 2257 4635 tur.
2308 4580 2382 4635 De
2414 4597 2556 4637 anno
2600 4584 2731 4639 nihil
2767 4597 3025 4653 pra~terea
3074 4586 3424 4643 laborandum
3469 4590 3750 4655 ducimus,

2153 4672 2518 4742 adjiciendum
2546 4674 2711 4744 nihil;
2745 4677 2845 4733 nisi
2875 4677 3013 4734 forte
3045 4679 3282 4737 indicare
3303 4681 3569 4752 quispiam
3598 4694 3754 4739 aveat

2151 4764 2364 4820 illorum
2393 4770 2754 4825 recentiorum
2784 4771 3140 4837 sententiam,
3173 4774 3261 4844 qui
3292 4774 3440 4828 nullo
3466 4776 3629 4831 allato
3649 4775 3752 4833 do»

2150 4870 2408 4914 cumento
2444 4859 2717 4919 Zenonem
2760 4874 3028 4920 mortuum
3070 4868 3354 4937 prodidere
3390 4883 3484 4923 an.
3527 4869 3651 4934 301,
3682 4868 3752 4926 de

2150 4964 2258 5019 quo
2303 4951 2456 5020 plura
2510 4955 2563 5008 in
2614 4955 2972 5012 Admonitione
3013 4959 3080 5013 ad
3124 4970 3470 5016 monumenta
3514 4977 3663 5017 nuru.
3693 4962 3747 5017 5.

2151 5037 2301 5093 Diem
2328 5055 2459 5095 vero
2487 5042 2665 5099 obitus
2706 5046 3010 5104 Coronatus
3047 5048 3302 5105 Notarius
3345 5053 3749 5123 antiquissimus

2148 5130 2413 5199 omnium,
2444 5135 2535 5204 qui
2564 5135 2632 5192 de
2653 5138 2894 5209 ejusdem
2919 5153 3092 5199 niorte
3121 5143 3363 5200 iecerunt
3392 5146 3745 5211 mentionem,

2146 5235 2484 5295 nequaquam
2512 5226 2709 5298 signat.
2739 5230 2926 5287 Solum
2965 5251 3273 5292 memorans
3312 5238 3623 5308 percelebre
3650 5238 3749 5291 iiii-

2150 5315 2416 5384 raculum,
2448 5334 2555 5390 quo
2583 5337 2718 5393 aqua
2750 5323 2961 5401 [cxxtx]
2990 5327 3138 5383 ﬂuvii
3160 5331 3375 5385 Athesis
3397 5331 3463 5384 ad
3495 5344 3742 5399 magnam

2149 5407 2486 5466 altitudinem
2513 5427 2736 5484 repente
2750 5421 3100 5487 exundantis,
3124 5432 3364 5493 apertam
3386 5424 3519 5485 eccl.
3551 5422 3607 5479 S.
3634 5422 3736 5477 Ze-

2149 5503 2306 5558 nonis
2348 5515 2556 5575 portam
2600 5524 2663 5566 ac
2708 5513 2968 5570 fenestras
3017 5531 3123 5571 non
3172 5517 3411 5583 ingressa
3441 5524 3550 5581 est,
3600 5513 3743 5584 quod

2151 5596 2469 5655 miraculum
2498 5618 2527 5655 a
2558 5600 2610 5659 S.
2649 5603 2913 5677 Gregorio
2951 5608 3144 5679 Magno
3198 5611 3528 5679 descriptum
3561 5607 3655 5663 lib.
3684 5622 3742 5663 Ill

2150 5688 2528 5765 Dialogorum,
2579 5712 2698 5769 cap.
2733 5700 2821 5767 19,
2850 5701 3221 5771 quinquennio
3264 5709 3389 5755 ante
3438 5698 3743 5770 aceideratf,
