  <div class='ocr_page' id='page_1' title='image "/cluster/home/n/w/nwhite01/storage/ocr_20150623/11/hvd.32044096580402/093.png"; bbox 0 0 4242 6168; ppageno 0'>
   <div class='ocr_carea' id='block_1_1' title="bbox 514 263 607 319">
    <p class='ocr_par' dir='ltr' id='par_1_1' title="bbox 514 263 607 319">
     <span class='ocr_line' id='line_1_1' title="bbox 514 263 607 319; baseline 0.011 -1"><span class='ocrx_word' id='word_1_1' title='bbox 514 263 607 319; x_wconf 65' lang='grc' dir='ltr'><strong>Ιέὶι</strong></span> 
     </span>
    </p>
   </div>
   <div class='ocr_carea' id='block_1_2' title="bbox 1911 267 2449 326">
    <p class='ocr_par' dir='ltr' id='par_1_2' title="bbox 1911 267 2449 326">
     <span class='ocr_line' id='line_1_2' title="bbox 1911 267 2449 326; baseline -0.011 0"><span class='ocrx_word' id='word_1_2' title='bbox 1911 267 2424 326; x_wconf 74' lang='lat' dir='ltr'><strong>I&#39;ROLEGOMENA</strong></span> <span class='ocrx_word' id='word_1_3' title='bbox 2438 308 2449 320; x_wconf 91' lang='lat'><strong>.</strong></span> 
     </span>
    </p>
   </div>
   <div class='ocr_carea' id='block_1_3' title="bbox 3720 283 3819 340">
    <p class='ocr_par' dir='ltr' id='par_1_3' title="bbox 3720 283 3819 340">
     <span class='ocr_line' id='line_1_3' title="bbox 3720 283 3819 340; baseline 0.04 -5"><span class='ocrx_word' id='word_1_4' title='bbox 3720 283 3819 340; x_wconf 61' lang='lat'><strong>152</strong></span> 
     </span>
    </p>
   </div>
   <div class='ocr_carea' id='block_1_4' title="bbox 502 381 2124 489">
    <p class='ocr_par' dir='ltr' id='par_1_4' title="bbox 502 381 2111 458">
     <span class='ocr_line' id='line_1_4' title="bbox 502 381 2111 458; baseline 0.005 -25"><span class='ocrx_word' id='word_1_5' title='bbox 502 397 688 437; x_wconf 79' lang='lat' dir='ltr'><strong>veram</strong></span> <span class='ocrx_word' id='word_1_6' title='bbox 722 381 1040 453; x_wconf 68' lang='lat' dir='ltr'><strong>religionem</strong></span> <span class='ocrx_word' id='word_1_7' title='bbox 1075 385 1397 453; x_wconf 76' lang='lat' dir='ltr'><strong>perduxisse</strong></span> <span class='ocrx_word' id='word_1_8' title='bbox 1434 386 1806 457; x_wconf 86' lang='lat' dir='ltr'><strong>cognoscitur,</strong></span> <span class='ocrx_word' id='word_1_9' title='bbox 1848 388 2111 458; x_wconf 89' lang='lat' dir='ltr'><strong>quemad-</strong></span> 
     </span>
    </p>
   </div>
   <div class='ocr_carea' id='block_1_5' title="bbox 2226 381 3827 489">
    <p class='ocr_par' dir='ltr' id='par_1_5' title="bbox 2226 405 3827 489">
     <span class='ocr_line' id='line_1_5' title="bbox 2226 405 3827 489; baseline 0.01 -30"><span class='ocrx_word' id='word_1_10' title='bbox 2226 406 2413 469; x_wconf 86' lang='lat' dir='ltr'><strong>tinam,</strong></span> <span class='ocrx_word' id='word_1_11' title='bbox 2444 420 2564 475; x_wconf 70' lang='lat' dir='ltr'><strong>qua:</strong></span> <span class='ocrx_word' id='word_1_12' title='bbox 2584 405 2787 474; x_wconf 91' lang='lat' dir='ltr'><strong>jamdiu</strong></span> <span class='ocrx_word' id='word_1_13' title='bbox 2813 419 2940 466; x_wconf 89' lang='lat' dir='ltr'><strong>ante</strong></span> <span class='ocrx_word' id='word_1_14' title='bbox 2962 421 3275 481; x_wconf 87' lang='lat' dir='ltr'><strong>susceperat</strong></span> <span class='ocrx_word' id='word_1_15' title='bbox 3313 412 3366 468; x_wconf 91' lang='lat' dir='ltr'><strong>in</strong></span> <span class='ocrx_word' id='word_1_16' title='bbox 3393 413 3667 486; x_wconf 76' lang='lat' dir='ltr'><strong>aliquibus</strong></span> <span class='ocrx_word' id='word_1_17' title='bbox 3695 434 3827 489; x_wconf 90' lang='lat' dir='ltr'><strong>pan-</strong></span> 
     </span>
    </p>
   </div>
   <div class='ocr_carea' id='block_1_6' title="bbox 510 474 2116 548">
    <p class='ocr_par' dir='ltr' id='par_1_6' title="bbox 510 474 2116 548">
     <span class='ocr_line' id='line_1_6' title="bbox 510 474 2116 548; baseline 0.001 -18"><span class='ocrx_word' id='word_1_18' title='bbox 510 475 733 530; x_wconf 89' lang='lat' dir='ltr'><strong>modnm</strong></span> <span class='ocrx_word' id='word_1_19' title='bbox 764 474 946 530; x_wconf 82' lang='lat' dir='ltr'><strong>Brixia</strong></span> <span class='ocrx_word' id='word_1_20' title='bbox 973 476 1072 531; x_wconf 83' lang='lat' dir='ltr'><strong>sub</strong></span> <span class='ocrx_word' id='word_1_21' title='bbox 1105 475 1244 531; x_wconf 89' lang='lat' dir='ltr'><strong>idem</strong></span> <span class='ocrx_word' id='word_1_22' title='bbox 1277 485 1493 546; x_wconf 78' lang='lat' dir='ltr'><strong>tempus</strong></span> <span class='ocrx_word' id='word_1_23' title='bbox 1517 492 1617 548; x_wconf 90' lang='lat' dir='ltr'><strong>per</strong></span> <span class='ocrx_word' id='word_1_24' title='bbox 1646 476 1998 534; x_wconf 81' lang='lat' dir='ltr'><strong>PhilaStrium</strong></span> <span class='ocrx_word' id='word_1_25' title='bbox 2030 494 2116 532; x_wconf 88' lang='lat' dir='ltr'><strong>er-</strong></span> 
     </span>
    </p>
   </div>
   <div class='ocr_carea' id='block_1_7' title="bbox 511 568 2118 639">
    <p class='ocr_par' dir='ltr' id='par_1_7' title="bbox 511 568 2118 639">
     <span class='ocr_line' id='line_1_7' title="bbox 511 568 2118 639; baseline 0.002 -17"><span class='ocrx_word' id='word_1_26' title='bbox 511 568 729 623; x_wconf 87' lang='lat' dir='ltr'><strong>roribus</strong></span> <span class='ocrx_word' id='word_1_27' title='bbox 772 577 993 639; x_wconf 86' lang='lat' dir='ltr'><strong>purgata</strong></span> <span class='ocrx_word' id='word_1_28' title='bbox 1019 578 1074 622; x_wconf 92' lang='lat' dir='ltr'><strong>et</strong></span> <span class='ocrx_word' id='word_1_29' title='bbox 1114 569 1182 622; x_wconf 89' lang='lat' dir='ltr'><strong>ad</strong></span> <span class='ocrx_word' id='word_1_30' title='bbox 1209 569 1534 624; x_wconf 80' lang='lat' dir='ltr'><strong>catholicam</strong></span> <span class='ocrx_word' id='word_1_31' title='bbox 1567 569 1730 624; x_wconf 89' lang='lat' dir='ltr'><strong>ﬁdem</strong></span> <span class='ocrx_word' id='word_1_32' title='bbox 1766 570 2005 626; x_wconf 88' lang='lat' dir='ltr'><strong>traducta</strong></span> <span class='ocrx_word' id='word_1_33' title='bbox 2039 570 2118 625; x_wconf 85' lang='lat' dir='ltr'><strong>le-</strong></span> 
     </span>
    </p>
   </div>
   <div class='ocr_carea' id='block_1_8' title="bbox 510 660 672 730">
    <p class='ocr_par' dir='ltr' id='par_1_8' title="bbox 510 660 672 730">
     <span class='ocr_line' id='line_1_8' title="bbox 510 660 672 730; baseline -0.006 -17"><span class='ocrx_word' id='word_1_34' title='bbox 510 660 672 730; x_wconf 84' lang='lat' dir='ltr'><strong>gitur.</strong></span> 
     </span>
    </p>
   </div>
   <div class='ocr_carea' id='block_1_9' title="bbox 581 750 2113 825">
    <p class='ocr_par' dir='ltr' id='par_1_9' title="bbox 581 750 2113 825">
     <span class='ocr_line' id='line_1_9' title="bbox 581 750 2113 825; baseline 0.003 -20"><span class='ocrx_word' id='word_1_35' title='bbox 581 750 734 819; x_wconf 82' lang='lat' dir='ltr'><strong>Quod</strong></span> <span class='ocrx_word' id='word_1_36' title='bbox 765 766 834 805; x_wconf 89' lang='lat' dir='ltr'><strong>ne</strong></span> <span class='ocrx_word' id='word_1_37' title='bbox 860 751 1054 806; x_wconf 91' lang='lat' dir='ltr'><strong>mirum</strong></span> <span class='ocrx_word' id='word_1_38' title='bbox 1082 750 1331 807; x_wconf 88' lang='lat' dir='ltr'><strong>videatur</strong></span> <span class='ocrx_word' id='word_1_39' title='bbox 1358 752 1455 818; x_wconf 90' lang='lat' dir='ltr'><strong>iis,</strong></span> <span class='ocrx_word' id='word_1_40' title='bbox 1490 753 1580 823; x_wconf 90' lang='lat' dir='ltr'><strong>qui</strong></span> <span class='ocrx_word' id='word_1_41' title='bbox 1611 753 1783 808; x_wconf 69' lang='lat' dir='ltr'><strong>Italia:</strong></span> <span class='ocrx_word' id='word_1_42' title='bbox 1815 755 2113 825; x_wconf 65' lang='lat' dir='ltr'><strong>praesertim</strong></span> 
     </span>
    </p>
   </div>
   <div class='ocr_carea' id='block_1_10' title="bbox 508 843 2117 913">
    <p class='ocr_par' dir='ltr' id='par_1_10' title="bbox 508 843 2117 913">
     <span class='ocr_line' id='line_1_10' title="bbox 508 843 2117 913; baseline 0.004 -17"><span class='ocrx_word' id='word_1_43' title='bbox 508 845 671 898; x_wconf 87' lang='lat' dir='ltr'><strong>urbes</strong></span> <span class='ocrx_word' id='word_1_44' title='bbox 696 844 883 913; x_wconf 83' lang='lat' dir='ltr'><strong>primis</strong></span> <span class='ocrx_word' id='word_1_45' title='bbox 912 843 1170 899; x_wconf 75' lang='lat' dir='ltr'><strong>Eccle~iae</strong></span> <span class='ocrx_word' id='word_1_46' title='bbox 1192 845 1408 899; x_wconf 72' lang='lat' dir='ltr'><strong>smculis</strong></span> <span class='ocrx_word' id='word_1_47' title='bbox 1432 843 1652 901; x_wconf 79' lang='lat' dir='ltr'><strong>Chrism</strong></span> <span class='ocrx_word' id='word_1_48' title='bbox 1674 862 1871 901; x_wconf 90' lang='lat' dir='ltr'><strong>nomen</strong></span> <span class='ocrx_word' id='word_1_49' title='bbox 1901 847 2117 902; x_wconf 81' lang='lat' dir='ltr'><strong>dedisse</strong></span> 
     </span>
    </p>
   </div>
   <div class='ocr_carea' id='block_1_11' title="bbox 510 936 2114 1012">
    <p class='ocr_par' dir='ltr' id='par_1_11' title="bbox 510 936 2114 1012">
     <span class='ocr_line' id='line_1_11' title="bbox 510 936 2114 1012; baseline 0.002 -22"><span class='ocrx_word' id='word_1_50' title='bbox 510 936 822 1005; x_wconf 85' lang='lat' dir='ltr'><strong>Opinantnr,</strong></span> <span class='ocrx_word' id='word_1_51' title='bbox 855 937 1201 993; x_wconf 65' lang='lat' dir='ltr'><strong>considerent</strong></span> <span class='ocrx_word' id='word_1_52' title='bbox 1224 952 1411 1009; x_wconf 72' lang='lat' dir='ltr'><strong>quaeso</strong></span> <span class='ocrx_word' id='word_1_53' title='bbox 1452 938 1545 1012; x_wconf 91' lang='lat' dir='ltr'><strong>(ne</strong></span> <span class='ocrx_word' id='word_1_54' title='bbox 1573 940 1817 1009; x_wconf 82' lang='lat' dir='ltr'><strong>pluribus</strong></span> <span class='ocrx_word' id='word_1_55' title='bbox 1846 938 2114 994; x_wconf 81' lang='lat' dir='ltr'><strong>distraha-</strong></span> 
     </span>
    </p>
   </div>
   <div class='ocr_carea' id='block_1_12' title="bbox 513 1022 2141 1099">
    <p class='ocr_par' dir='ltr' id='par_1_12' title="bbox 513 1022 2141 1099">
     <span class='ocr_line' id='line_1_12' title="bbox 513 1022 2141 1099; baseline 0.003 -18"><span class='ocrx_word' id='word_1_56' title='bbox 513 1030 660 1098; x_wconf 91' lang='lat' dir='ltr'><strong>mur)</strong></span> <span class='ocrx_word' id='word_1_57' title='bbox 694 1028 949 1083; x_wconf 88' lang='lat' dir='ltr'><strong>ﬁnitimas</strong></span> <span class='ocrx_word' id='word_1_58' title='bbox 977 1030 1275 1099; x_wconf 67' lang='lat' dir='ltr'><strong>praesertim</strong></span> <span class='ocrx_word' id='word_1_59' title='bbox 1305 1031 1552 1086; x_wconf 76' lang='lat' dir='ltr'><strong>civitates</strong></span> <span class='ocrx_word' id='word_1_60' title='bbox 1579 1030 1969 1094; x_wconf 86' lang='lat' dir='ltr'><strong>Novocomum,</strong></span> <span class='ocrx_word' id='word_1_61' title='bbox 1996 1032 2114 1086; x_wconf 80' lang='grc' dir='ltr'><strong>Μυ-</strong></span> <span class='ocrx_word' id='word_1_62' title='bbox 2138 1022 2141 1023; x_wconf 32' lang='grc'><strong><em>⁷</em></strong></span> 
     </span>
    </p>
   </div>
   <div class='ocr_carea' id='block_1_13' title="bbox 512 1121 2114 1193">
    <p class='ocr_par' dir='ltr' id='par_1_13' title="bbox 512 1121 2114 1193">
     <span class='ocr_line' id='line_1_13' title="bbox 512 1121 2114 1193; baseline 0.002 -17"><span class='ocrx_word' id='word_1_63' title='bbox 512 1122 704 1187; x_wconf 89' lang='lat' dir='ltr'><strong>tinam,</strong></span> <span class='ocrx_word' id='word_1_64' title='bbox 734 1121 1090 1188; x_wconf 61' lang='lat' dir='ltr'><strong>Tridentum}</strong></span> <span class='ocrx_word' id='word_1_65' title='bbox 1124 1123 1372 1193; x_wconf 87' lang='lat' dir='ltr'><strong>idemque</strong></span> <span class='ocrx_word' id='word_1_66' title='bbox 1402 1122 1485 1178; x_wconf 87' lang='lat' dir='ltr'><strong>his</strong></span> <span class='ocrx_word' id='word_1_67' title='bbox 1513 1124 1787 1180; x_wconf 80' lang='lat' dir='ltr'><strong>invenient</strong></span> <span class='ocrx_word' id='word_1_68' title='bbox 1819 1126 2114 1191; x_wconf 79' lang='lat' dir='ltr'><strong>accidisse,</strong></span> 
     </span>
    </p>
   </div>
   <div class='ocr_carea' id='block_1_14' title="bbox 511 1213 2114 1283">
    <p class='ocr_par' dir='ltr' id='par_1_14' title="bbox 511 1213 2114 1283">
     <span class='ocr_line' id='line_1_14' title="bbox 511 1213 2114 1283; baseline 0.004 -20"><span class='ocrx_word' id='word_1_69' title='bbox 511 1214 656 1283; x_wconf 86' lang='lat' dir='ltr'><strong>quod</strong></span> <span class='ocrx_word' id='word_1_70' title='bbox 689 1213 916 1269; x_wconf 77' lang='lat' dir='ltr'><strong>Verona:</strong></span> <span class='ocrx_word' id='word_1_71' title='bbox 945 1229 1009 1269; x_wconf 87' lang='lat' dir='ltr'><strong>ac</strong></span> <span class='ocrx_word' id='word_1_72' title='bbox 1036 1214 1231 1269; x_wconf 69' lang='lat' dir='ltr'><strong>Brixia:</strong></span> <span class='ocrx_word' id='word_1_73' title='bbox 1254 1214 1545 1279; x_wconf 79' lang='lat' dir='ltr'><strong>contigisse</strong></span> <span class='ocrx_word' id='word_1_74' title='bbox 1578 1216 1839 1271; x_wconf 78' lang='lat' dir='ltr'><strong>hactenus</strong></span> <span class='ocrx_word' id='word_1_75' title='bbox 1857 1217 2114 1272; x_wconf 79' lang='lat' dir='ltr'><strong>diximus.</strong></span> 
     </span>
    </p>
   </div>
   <div class='ocr_carea' id='block_1_15' title="bbox 515 1305 2119 1378">
    <p class='ocr_par' dir='ltr' id='par_1_15' title="bbox 515 1305 2119 1378">
     <span class='ocr_line' id='line_1_15' title="bbox 515 1305 2119 1378; baseline 0.001 -16"><span class='ocrx_word' id='word_1_76' title='bbox 515 1306 574 1362; x_wconf 79' lang='lat' dir='ltr'><strong>S.</strong></span> <span class='ocrx_word' id='word_1_77' title='bbox 597 1305 747 1362; x_wconf 83' lang='lat' dir='ltr'><strong>Felix</strong></span> <span class='ocrx_word' id='word_1_78' title='bbox 771 1306 973 1362; x_wconf 87' lang='lat' dir='ltr'><strong>Zenoni</strong></span> <span class='ocrx_word' id='word_1_79' title='bbox 997 1322 1136 1377; x_wconf 90' lang='lat' dir='ltr'><strong>pene</strong></span> <span class='ocrx_word' id='word_1_80' title='bbox 1152 1322 1352 1377; x_wconf 90' lang='lat' dir='ltr'><strong>suppar</strong></span> <span class='ocrx_word' id='word_1_81' title='bbox 1372 1306 1657 1364; x_wconf 83' lang='lat' dir='ltr'><strong>Comensis</strong></span> <span class='ocrx_word' id='word_1_82' title='bbox 1683 1310 1889 1378; x_wconf 89' lang='lat' dir='ltr'><strong>primus</strong></span> <span class='ocrx_word' id='word_1_83' title='bbox 1910 1310 2119 1377; x_wconf 86' lang='lat' dir='ltr'><strong>episco-</strong></span> 
     </span>
    </p>
   </div>
   <div class='ocr_carea' id='block_1_16' title="bbox 516 1399 2121 1471">
    <p class='ocr_par' dir='ltr' id='par_1_16' title="bbox 516 1399 2121 1471">
     <span class='ocr_line' id='line_1_16' title="bbox 516 1399 2121 1471; baseline 0.002 -19"><span class='ocrx_word' id='word_1_84' title='bbox 516 1415 617 1470; x_wconf 89' lang='lat' dir='ltr'><strong>pus</strong></span> <span class='ocrx_word' id='word_1_85' title='bbox 662 1399 757 1471; x_wconf 90' lang='lat' dir='ltr'><strong>(ut</strong></span> <span class='ocrx_word' id='word_1_86' title='bbox 785 1401 1162 1470; x_wconf 74' lang='lat' dir='ltr'><strong>cognoscimus</strong></span> <span class='ocrx_word' id='word_1_87' title='bbox 1199 1415 1266 1455; x_wconf 81' lang='lat' dir='ltr'><strong>ex</strong></span> <span class='ocrx_word' id='word_1_88' title='bbox 1314 1399 1517 1471; x_wconf 85' lang='lat' dir='ltr'><strong>hymno</strong></span> <span class='ocrx_word' id='word_1_89' title='bbox 1554 1399 1621 1456; x_wconf 88' lang='lat' dir='ltr'><strong>de</strong></span> <span class='ocrx_word' id='word_1_90' title='bbox 1663 1400 1724 1456; x_wconf 91' lang='lat' dir='ltr'><strong>S.</strong></span> <span class='ocrx_word' id='word_1_91' title='bbox 1753 1400 2004 1456; x_wconf 88' lang='lat' dir='ltr'><strong>Ahundio</strong></span> <span class='ocrx_word' id='word_1_92' title='bbox 2034 1417 2121 1456; x_wconf 89' lang='lat' dir='ltr'><strong>se-</strong></span> 
     </span>
    </p>
   </div>
   <div class='ocr_carea' id='block_1_17' title="bbox 517 1493 2115 1569">
    <p class='ocr_par' dir='ltr' id='par_1_17' title="bbox 517 1493 2115 1569">
     <span class='ocr_line' id='line_1_17' title="bbox 517 1493 2115 1569; baseline -0.004 -16"><span class='ocrx_word' id='word_1_93' title='bbox 517 1497 695 1553; x_wconf 89' lang='lat' dir='ltr'><strong>cundo</strong></span> <span class='ocrx_word' id='word_1_94' title='bbox 722 1497 964 1566; x_wconf 82' lang='lat' dir='ltr'><strong>ejusdem</strong></span> <span class='ocrx_word' id='word_1_95' title='bbox 1009 1496 1160 1552; x_wconf 88' lang='lat' dir='ltr'><strong>urbis</strong></span> <span class='ocrx_word' id='word_1_96' title='bbox 1189 1496 1449 1567; x_wconf 89' lang='lat' dir='ltr'><strong>episcopo</strong></span> <span class='ocrx_word' id='word_1_97' title='bbox 1489 1495 1700 1569; x_wconf 62' lang='grc' dir='ltr'><strong>[ειμι]</strong></span> <span class='ocrx_word' id='word_1_98' title='bbox 1732 1496 1874 1566; x_wconf 88' lang='lat' dir='ltr'><strong>apud</strong></span> <span class='ocrx_word' id='word_1_99' title='bbox 1923 1493 2115 1567; x_wconf 86' lang='lat' dir='ltr'><strong>Ughel.</strong></span> 
     </span>
    </p>
   </div>
   <div class='ocr_carea' id='block_1_18' title="bbox 519 1589 2122 1663">
    <p class='ocr_par' dir='ltr' id='par_1_18' title="bbox 519 1589 2122 1663">
     <span class='ocr_line' id='line_1_18' title="bbox 519 1589 2122 1663; baseline -0.001 -19"><span class='ocrx_word' id='word_1_100' title='bbox 519 1599 558 1644; x_wconf 92' lang='lat' dir='ltr'><strong>t.</strong></span> <span class='ocrx_word' id='word_1_101' title='bbox 580 1607 630 1653; x_wconf 82' lang='grc' dir='ltr'><strong>ν.</strong></span> <span class='ocrx_word' id='word_1_102' title='bbox 656 1606 777 1661; x_wconf 80' lang='lat' dir='ltr'><strong>pag.</strong></span> <span class='ocrx_word' id='word_1_103' title='bbox 804 1591 934 1656; x_wconf 56' lang='lat'><strong>2’8,</strong></span> <span class='ocrx_word' id='word_1_104' title='bbox 970 1600 1020 1646; x_wconf 92' lang='lat' dir='ltr'><strong>et</strong></span> <span class='ocrx_word' id='word_1_105' title='bbox 1052 1607 1117 1646; x_wconf 86' lang='lat' dir='ltr'><strong>ex</strong></span> <span class='ocrx_word' id='word_1_106' title='bbox 1136 1591 1244 1645; x_wconf 87' lang='lat' dir='ltr'><strong>alio</strong></span> <span class='ocrx_word' id='word_1_107' title='bbox 1272 1592 1442 1647; x_wconf 80' lang='lat' dir='ltr'><strong>veteri</strong></span> <span class='ocrx_word' id='word_1_108' title='bbox 1481 1592 1683 1663; x_wconf 80' lang='lat' dir='ltr'><strong>hymno</strong></span> <span class='ocrx_word' id='word_1_109' title='bbox 1699 1592 1768 1647; x_wconf 90' lang='lat' dir='ltr'><strong>de</strong></span> <span class='ocrx_word' id='word_1_110' title='bbox 1785 1590 1844 1646; x_wconf 93' lang='lat' dir='ltr'><strong>S.</strong></span> <span class='ocrx_word' id='word_1_111' title='bbox 1868 1589 2122 1644; x_wconf 85' lang='lat' dir='ltr'><strong>Amantio</strong></span> 
     </span>
    </p>
   </div>
   <div class='ocr_carea' id='block_1_19' title="bbox 520 1680 2118 1755">
    <p class='ocr_par' dir='ltr' id='par_1_19' title="bbox 520 1680 2118 1755">
     <span class='ocr_line' id='line_1_19' title="bbox 520 1680 2118 1755; baseline -0.001 -17"><span class='ocrx_word' id='word_1_112' title='bbox 520 1684 679 1739; x_wconf 85' lang='lat' dir='ltr'><strong>tertio</strong></span> <span class='ocrx_word' id='word_1_113' title='bbox 720 1684 970 1738; x_wconf 84' lang='lat' dir='ltr'><strong>Comensi</strong></span> <span class='ocrx_word' id='word_1_114' title='bbox 1017 1685 1275 1754; x_wconf 90' lang='lat' dir='ltr'><strong>episcopo</strong></span> <span class='ocrx_word' id='word_1_115' title='bbox 1317 1684 1456 1755; x_wconf 89' lang='lat' dir='ltr'><strong>apud</strong></span> <span class='ocrx_word' id='word_1_116' title='bbox 1478 1684 1766 1748; x_wconf 89' lang='lat' dir='ltr'><strong>eumdem,</strong></span> <span class='ocrx_word' id='word_1_117' title='bbox 1812 1694 1939 1754; x_wconf 77' lang='lat' dir='ltr'><strong>pag.</strong></span> <span class='ocrx_word' id='word_1_118' title='bbox 1964 1680 2118 1751; x_wconf 74' lang='lat'><strong>259),</strong></span> 
     </span>
    </p>
   </div>
   <div class='ocr_carea' id='block_1_20' title="bbox 520 1776 2121 1850">
    <p class='ocr_par' dir='ltr' id='par_1_20' title="bbox 520 1776 2121 1850">
     <span class='ocr_line' id='line_1_20' title="bbox 520 1776 2121 1850; baseline -0.002 -17"><span class='ocrx_word' id='word_1_119' title='bbox 520 1780 727 1849; x_wconf 90' lang='lat' dir='ltr'><strong>primus</strong></span> <span class='ocrx_word' id='word_1_120' title='bbox 756 1794 971 1850; x_wconf 90' lang='lat' dir='ltr'><strong>quoque</strong></span> <span class='ocrx_word' id='word_1_121' title='bbox 1003 1778 1133 1843; x_wconf 83' lang='lat' dir='ltr'><strong>fuit,</strong></span> <span class='ocrx_word' id='word_1_122' title='bbox 1166 1779 1255 1849; x_wconf 85' lang='lat' dir='ltr'><strong>qui</strong></span> <span class='ocrx_word' id='word_1_123' title='bbox 1300 1778 1592 1834; x_wconf 85' lang='lat' dir='ltr'><strong>Novncomi</strong></span> <span class='ocrx_word' id='word_1_124' title='bbox 1622 1777 1903 1834; x_wconf 74' lang='lat' dir='ltr'><strong>:rdilicarit</strong></span> <span class='ocrx_word' id='word_1_125' title='bbox 1942 1776 2121 1832; x_wconf 83' lang='lat' dir='ltr'><strong>eccle-</strong></span> 
     </span>
    </p>
   </div>
   <div class='ocr_carea' id='block_1_21' title="bbox 520 1868 2125 1941">
    <p class='ocr_par' dir='ltr' id='par_1_21' title="bbox 520 1868 2125 1941">
     <span class='ocr_line' id='line_1_21' title="bbox 520 1868 2125 1941; baseline -0.002 -16"><span class='ocrx_word' id='word_1_126' title='bbox 520 1871 659 1936; x_wconf 89' lang='lat' dir='ltr'><strong>sias,</strong></span> <span class='ocrx_word' id='word_1_127' title='bbox 692 1884 756 1926; x_wconf 88' lang='lat' dir='ltr'><strong>ac</strong></span> <span class='ocrx_word' id='word_1_128' title='bbox 784 1871 990 1940; x_wconf 90' lang='lat' dir='ltr'><strong>primus</strong></span> <span class='ocrx_word' id='word_1_129' title='bbox 1016 1870 1145 1925; x_wconf 89' lang='lat' dir='ltr'><strong>item</strong></span> <span class='ocrx_word' id='word_1_130' title='bbox 1176 1871 1264 1941; x_wconf 90' lang='lat' dir='ltr'><strong>qui</strong></span> <span class='ocrx_word' id='word_1_131' title='bbox 1293 1868 1492 1925; x_wconf 90' lang='lat' dir='ltr'><strong>Christi</strong></span> <span class='ocrx_word' id='word_1_132' title='bbox 1535 1869 1696 1924; x_wconf 91' lang='lat' dir='ltr'><strong>ﬁdem</strong></span> <span class='ocrx_word' id='word_1_133' title='bbox 1723 1868 1923 1924; x_wconf 85' lang='lat' dir='ltr'><strong>ibidem</strong></span> <span class='ocrx_word' id='word_1_134' title='bbox 1961 1868 2125 1922; x_wconf 89' lang='lat' dir='ltr'><strong>semi-</strong></span> 
     </span>
    </p>
   </div>
   <div class='ocr_carea' id='block_1_22' title="bbox 522 1959 2127 2030">
    <p class='ocr_par' dir='ltr' id='par_1_22' title="bbox 522 1959 2127 2030">
     <span class='ocr_line' id='line_1_22' title="bbox 522 1959 2127 2030; baseline 0 -15"><span class='ocrx_word' id='word_1_135' title='bbox 522 1962 665 2015; x_wconf 80' lang='lat' dir='ltr'><strong>navit</strong></span> <span class='ocrx_word' id='word_1_136' title='bbox 688 1960 1044 2030; x_wconf 86' lang='lat' dir='ltr'><strong>hominesque</strong></span> <span class='ocrx_word' id='word_1_137' title='bbox 1066 1962 1285 2017; x_wconf 82' lang='lat' dir='ltr'><strong>Christo</strong></span> <span class='ocrx_word' id='word_1_138' title='bbox 1303 1963 1544 2017; x_wconf 88' lang='lat' dir='ltr'><strong>lucratus</strong></span> <span class='ocrx_word' id='word_1_139' title='bbox 1584 1970 1691 2027; x_wconf 90' lang='lat' dir='ltr'><strong>est,</strong></span> <span class='ocrx_word' id='word_1_140' title='bbox 1719 1972 1778 2015; x_wconf 94' lang='lat' dir='ltr'><strong>ut</strong></span> <span class='ocrx_word' id='word_1_141' title='bbox 1799 1976 1866 2016; x_wconf 77' lang='lat' dir='ltr'><strong>ex</strong></span> <span class='ocrx_word' id='word_1_142' title='bbox 1888 1959 2048 2030; x_wconf 83' lang='lat' dir='ltr'><strong>epist.</strong></span> <span class='ocrx_word' id='word_1_143' title='bbox 2075 1975 2127 2015; x_wconf 88' lang='lat' dir='ltr'><strong>tv</strong></span> 
     </span>
    </p>
   </div>
   <div class='ocr_carea' id='block_1_23' title="bbox 524 2053 2129 2125">
    <p class='ocr_par' dir='ltr' id='par_1_23' title="bbox 524 2053 2129 2125">
     <span class='ocr_line' id='line_1_23' title="bbox 524 2053 2129 2125; baseline -0.001 -15"><span class='ocrx_word' id='word_1_144' title='bbox 524 2054 583 2110; x_wconf 88' lang='lat' dir='ltr'><strong>S.</strong></span> <span class='ocrx_word' id='word_1_145' title='bbox 608 2055 882 2110; x_wconf 82' lang='lat' dir='ltr'><strong>Ambrosii</strong></span> <span class='ocrx_word' id='word_1_146' title='bbox 916 2056 979 2108; x_wconf 85' lang='lat' dir='ltr'><strong>ad</strong></span> <span class='ocrx_word' id='word_1_147' title='bbox 1003 2056 1256 2111; x_wconf 90' lang='lat' dir='ltr'><strong>eumdem</strong></span> <span class='ocrx_word' id='word_1_148' title='bbox 1279 2057 1645 2125; x_wconf 78' lang='lat' dir='ltr'><strong>cognoscitur,</strong></span> <span class='ocrx_word' id='word_1_149' title='bbox 1670 2053 1758 2110; x_wconf 92' lang='lat' dir='ltr'><strong>ubi</strong></span> <span class='ocrx_word' id='word_1_150' title='bbox 1785 2054 1901 2109; x_wconf 79' lang='lat' dir='ltr'><strong>haec</strong></span> <span class='ocrx_word' id='word_1_151' title='bbox 1925 2054 2129 2123; x_wconf 84' lang='lat' dir='ltr'><strong>scripta</strong></span> 
     </span>
    </p>
   </div>
   <div class='ocr_carea' id='block_1_24' title="bbox 521 2144 2131 2219">
    <p class='ocr_par' dir='ltr' id='par_1_24' title="bbox 521 2144 2131 2219">
     <span class='ocr_line' id='line_1_24' title="bbox 521 2144 2131 2219; baseline -0.001 -17"><span class='ocrx_word' id='word_1_152' title='bbox 521 2147 668 2218; x_wconf 83' lang='lat' dir='ltr'><strong>leges</strong></span> <span class='ocrx_word' id='word_1_153' title='bbox 704 2163 759 2202; x_wconf 92' lang='lat' dir='ltr'><strong>n.</strong></span> <span class='ocrx_word' id='word_1_154' title='bbox 791 2144 1072 2203; x_wconf 74' lang='lat' dir='ltr'><strong>71&#39;Multa</strong></span> <span class='ocrx_word' id='word_1_155' title='bbox 1111 2150 1288 2204; x_wconf 85' lang='lat' dir='ltr'><strong>messis</strong></span> <span class='ocrx_word' id='word_1_156' title='bbox 1329 2146 1557 2214; x_wconf 79' lang='lat' dir='ltr'><strong>Christi,</strong></span> <span class='ocrx_word' id='word_1_157' title='bbox 1606 2148 1806 2217; x_wconf 83' lang='lat' dir='ltr'><strong>inquit,</strong></span> <span class='ocrx_word' id='word_1_158' title='bbox 1850 2148 1939 2202; x_wconf 88' lang='lat' dir='ltr'><strong>sed</strong></span> <span class='ocrx_word' id='word_1_159' title='bbox 1973 2150 2131 2219; x_wconf 82' lang='lat' dir='ltr'><strong>pauci</strong></span> 
     </span>
    </p>
   </div>
   <div class='ocr_carea' id='block_1_25' title="bbox 520 2236 2131 2313">
    <p class='ocr_par' dir='ltr' id='par_1_25' title="bbox 520 2236 2131 2313">
     <span class='ocr_line' id='line_1_25' title="bbox 520 2236 2131 2313; baseline 0 -21"><span class='ocrx_word' id='word_1_160' title='bbox 520 2241 765 2307; x_wconf 83' lang='lat' dir='ltr'><strong>operarii,</strong></span> <span class='ocrx_word' id='word_1_161' title='bbox 799 2249 847 2294; x_wconf 89' lang='lat' dir='ltr'><strong>et</strong></span> <span class='ocrx_word' id='word_1_162' title='bbox 871 2240 1091 2312; x_wconf 78' lang='lat' dir='ltr'><strong>difﬁcile</strong></span> <span class='ocrx_word' id='word_1_163' title='bbox 1118 2242 1446 2313; x_wconf 87' lang='lat' dir='ltr'><strong>reperiuntur</strong></span> <span class='ocrx_word' id='word_1_164' title='bbox 1472 2241 1562 2312; x_wconf 86' lang='lat' dir='ltr'><strong>qui</strong></span> <span class='ocrx_word' id='word_1_165' title='bbox 1591 2241 1953 2312; x_wconf 87' lang='lat' dir='ltr'><strong>adjuvent.....</strong></span> <span class='ocrx_word' id='word_1_166' title='bbox 1981 2236 2131 2294; x_wconf 83' lang='lat' dir='ltr'><strong>Certe</strong></span> 
     </span>
    </p>
   </div>
   <div class='ocr_carea' id='block_1_26' title="bbox 520 2330 2131 2407">
    <p class='ocr_par' dir='ltr' id='par_1_26' title="bbox 520 2330 2131 2407">
     <span class='ocr_line' id='line_1_26' title="bbox 520 2330 2131 2407; baseline -0.001 -20"><span class='ocrx_word' id='word_1_167' title='bbox 520 2335 577 2387; x_wconf 88' lang='lat' dir='ltr'><strong>in</strong></span> <span class='ocrx_word' id='word_1_168' title='bbox 620 2333 713 2387; x_wconf 88' lang='lat' dir='ltr'><strong>illo</strong></span> <span class='ocrx_word' id='word_1_169' title='bbox 740 2334 924 2387; x_wconf 85' lang='lat' dir='ltr'><strong>ordine</strong></span> <span class='ocrx_word' id='word_1_170' title='bbox 956 2330 1285 2388; x_wconf 88' lang='lat' dir='ltr'><strong>Comensium</strong></span> <span class='ocrx_word' id='word_1_171' title='bbox 1305 2337 1421 2407; x_wconf 87' lang='lat' dir='ltr'><strong>jam</strong></span> <span class='ocrx_word' id='word_1_172' title='bbox 1462 2334 1690 2406; x_wconf 84' lang='lat' dir='ltr'><strong>plerique</strong></span> <span class='ocrx_word' id='word_1_173' title='bbox 1724 2341 1985 2403; x_wconf 65' lang='lat' dir='ltr'><strong>creperum</strong></span> <span class='ocrx_word' id='word_1_174' title='bbox 2020 2348 2131 2386; x_wconf 90' lang='lat' dir='ltr'><strong>cre-</strong></span> 
     </span>
    </p>
   </div>
   <div class='ocr_carea' id='block_1_27' title="bbox 522 2422 2131 2495">
    <p class='ocr_par' dir='ltr' id='par_1_27' title="bbox 522 2422 2131 2495">
     <span class='ocr_line' id='line_1_27' title="bbox 522 2422 2131 2495; baseline 0.001 -17"><span class='ocrx_word' id='word_1_175' title='bbox 522 2423 646 2479; x_wconf 87' lang='lat' dir='ltr'><strong>dere</strong></span> <span class='ocrx_word' id='word_1_176' title='bbox 672 2425 970 2495; x_wconf 88' lang='lat' dir='ltr'><strong>magisterio</strong></span> <span class='ocrx_word' id='word_1_177' title='bbox 1001 2435 1117 2485; x_wconf 87' lang='lat' dir='ltr'><strong>tuo.</strong></span> <span class='ocrx_word' id='word_1_178' title='bbox 1147 2436 1192 2479; x_wconf 92' lang='lat' dir='ltr'><strong>et</strong></span> <span class='ocrx_word' id='word_1_179' title='bbox 1224 2425 1460 2479; x_wconf 85' lang='lat' dir='ltr'><strong>doctrina</strong></span> <span class='ocrx_word' id='word_1_180' title='bbox 1496 2436 1585 2479; x_wconf 86' lang='lat' dir='ltr'><strong>tua</strong></span> <span class='ocrx_word' id='word_1_181' title='bbox 1613 2425 1816 2478; x_wconf 84' lang='lat' dir='ltr'><strong>verbum</strong></span> <span class='ocrx_word' id='word_1_182' title='bbox 1848 2422 1946 2479; x_wconf 86' lang='lat' dir='ltr'><strong>Dei</strong></span> <span class='ocrx_word' id='word_1_183' title='bbox 1985 2440 2131 2479; x_wconf 86' lang='lat' dir='ltr'><strong>rece-</strong></span> 
     </span>
    </p>
   </div>
   <div class='ocr_carea' id='block_1_28' title="bbox 526 2517 2127 2588">
    <p class='ocr_par' dir='ltr' id='par_1_28' title="bbox 526 2517 2127 2588">
     <span class='ocr_line' id='line_1_28' title="bbox 526 2517 2127 2588; baseline 0 -17"><span class='ocrx_word' id='word_1_184' title='bbox 526 2526 712 2588; x_wconf 87' lang='lat' dir='ltr'><strong>perunt</strong></span> <span class='ocrx_word' id='word_1_185' title='bbox 738 2534 757 2573; x_wconf 92' lang='lat'><strong><em>:</em></strong></span> <span class='ocrx_word' id='word_1_186' title='bbox 777 2518 867 2571; x_wconf 85' lang='lat' dir='ltr'><strong>sed</strong></span> <span class='ocrx_word' id='word_1_187' title='bbox 886 2518 974 2587; x_wconf 86' lang='lat' dir='ltr'><strong>qui</strong></span> <span class='ocrx_word' id='word_1_188' title='bbox 1000 2518 1139 2572; x_wconf 83' lang='lat' dir='ltr'><strong>dedit</strong></span> <span class='ocrx_word' id='word_1_189' title='bbox 1161 2519 1444 2581; x_wconf 76' lang='lat' dir='ltr'><strong>credentes,</strong></span> <span class='ocrx_word' id='word_1_190' title='bbox 1469 2527 1516 2572; x_wconf 90' lang='lat' dir='ltr'><strong>et</strong></span> <span class='ocrx_word' id='word_1_191' title='bbox 1536 2518 1801 2583; x_wconf 78' lang='lat' dir='ltr'><strong>adiutores</strong></span> <span class='ocrx_word' id='word_1_192' title='bbox 1823 2517 2127 2583; x_wconf 86' lang='lat' dir='ltr'><strong>dabit,etc.,</strong></span> 
     </span>
    </p>
   </div>
   <div class='ocr_carea' id='block_1_29' title="bbox 526 2608 2131 2680">
    <p class='ocr_par' dir='ltr' id='par_1_29' title="bbox 526 2608 2131 2680">
     <span class='ocr_line' id='line_1_29' title="bbox 526 2608 2131 2680; baseline 0 -17"><span class='ocrx_word' id='word_1_193' title='bbox 526 2608 605 2665; x_wconf 89' lang='lat' dir='ltr'><strong>De</strong></span> <span class='ocrx_word' id='word_1_194' title='bbox 631 2608 689 2665; x_wconf 89' lang='lat' dir='ltr'><strong>S.</strong></span> <span class='ocrx_word' id='word_1_195' title='bbox 726 2608 918 2677; x_wconf 86' lang='lat' dir='ltr'><strong>Vigilio</strong></span> <span class='ocrx_word' id='word_1_196' title='bbox 947 2609 1268 2664; x_wconf 86' lang='lat' dir='ltr'><strong>Tridentino</strong></span> <span class='ocrx_word' id='word_1_197' title='bbox 1300 2610 1554 2680; x_wconf 73' lang='lat' dir='ltr'><strong>przesnle.</strong></span> <span class='ocrx_word' id='word_1_198' title='bbox 1590 2611 1677 2680; x_wconf 88' lang='lat' dir='ltr'><strong>qui</strong></span> <span class='ocrx_word' id='word_1_199' title='bbox 1710 2618 1830 2680; x_wconf 86' lang='lat' dir='ltr'><strong>post</strong></span> <span class='ocrx_word' id='word_1_200' title='bbox 1857 2608 2131 2664; x_wconf 88' lang='lat' dir='ltr'><strong>Zenonem</strong></span> 
     </span>
    </p>
   </div>
   <div class='ocr_carea' id='block_1_30' title="bbox 529 2700 2132 2772">
    <p class='ocr_par' dir='ltr' id='par_1_30' title="bbox 529 2700 2132 2772">
     <span class='ocr_line' id='line_1_30' title="bbox 529 2700 2132 2772; baseline 0 -17"><span class='ocrx_word' id='word_1_201' title='bbox 529 2701 859 2772; x_wconf 82' lang='lat' dir='ltr'><strong>aliquamdiu</strong></span> <span class='ocrx_word' id='word_1_202' title='bbox 933 2702 1101 2767; x_wconf 74' lang='lat' dir='ltr'><strong>visit,</strong></span> <span class='ocrx_word' id='word_1_203' title='bbox 1151 2717 1332 2758; x_wconf 91' lang='lat' dir='ltr'><strong>nonne</strong></span> <span class='ocrx_word' id='word_1_204' title='bbox 1375 2700 1493 2757; x_wconf 71' lang='lat' dir='ltr'><strong>hmo</strong></span> <span class='ocrx_word' id='word_1_205' title='bbox 1537 2701 1820 2757; x_wconf 87' lang='lat' dir='ltr'><strong>traduntur</strong></span> <span class='ocrx_word' id='word_1_206' title='bbox 1868 2701 1921 2755; x_wconf 92' lang='lat' dir='ltr'><strong>in</strong></span> <span class='ocrx_word' id='word_1_207' title='bbox 1985 2702 2132 2756; x_wconf 80' lang='lat' dir='ltr'><strong>Actis</strong></span> 
     </span>
    </p>
   </div>
   <div class='ocr_carea' id='block_1_31' title="bbox 529 2790 2131 2863">
    <p class='ocr_par' dir='ltr' id='par_1_31' title="bbox 529 2790 2131 2863">
     <span class='ocr_line' id='line_1_31' title="bbox 529 2790 2131 2863; baseline -0.001 -17"><span class='ocrx_word' id='word_1_208' title='bbox 529 2793 669 2862; x_wconf 88' lang='lat' dir='ltr'><strong>apud</strong></span> <span class='ocrx_word' id='word_1_209' title='bbox 702 2793 946 2848; x_wconf 86' lang='lat' dir='ltr'><strong>Bollandi</strong></span> <span class='ocrx_word' id='word_1_210' title='bbox 979 2796 1163 2849; x_wconf 88' lang='lat' dir='ltr'><strong>socios</strong></span> <span class='ocrx_word' id='word_1_211' title='bbox 1185 2802 1317 2849; x_wconf 88' lang='lat' dir='ltr'><strong>tom.</strong></span> <span class='ocrx_word' id='word_1_212' title='bbox 1346 2809 1378 2847; x_wconf 92' lang='lat' dir='ltr'><strong>v</strong></span> <span class='ocrx_word' id='word_1_213' title='bbox 1404 2792 1569 2859; x_wconf 78' lang='lat' dir='ltr'><strong>Junii,</strong></span> <span class='ocrx_word' id='word_1_214' title='bbox 1595 2808 1719 2863; x_wconf 85' lang='lat' dir='ltr'><strong>pag.</strong></span> <span class='ocrx_word' id='word_1_215' title='bbox 1751 2793 1888 2849; x_wconf 85' lang='lat' dir='ltr'><strong>l65:</strong></span> <span class='ocrx_word' id='word_1_216' title='bbox 1926 2790 2025 2847; x_wconf 87' lang='lat' dir='ltr'><strong>Ubi</strong></span> <span class='ocrx_word' id='word_1_217' title='bbox 2054 2802 2131 2845; x_wconf 87' lang='lat' dir='ltr'><strong>to-</strong></span> 
     </span>
    </p>
   </div>
   <div class='ocr_carea' id='block_1_32' title="bbox 529 2864 2133 2955">
    <p class='ocr_par' dir='ltr' id='par_1_32' title="bbox 529 2864 2133 2955">
     <span class='ocr_line' id='line_1_32' title="bbox 529 2864 2133 2955; baseline -0.001 -15"><span class='ocrx_word' id='word_1_218' title='bbox 529 2896 635 2940; x_wconf 88' lang='lat' dir='ltr'><strong>tam</strong></span> <span class='ocrx_word' id='word_1_219' title='bbox 665 2864 919 2940; x_wconf 70' lang='lat' dir='ltr'><strong>civitatem</strong></span> <span class='ocrx_word' id='word_1_220' title='bbox 948 2884 1200 2939; x_wconf 75' lang='lat' dir='ltr'><strong>catholico</strong></span> <span class='ocrx_word' id='word_1_221' title='bbox 1218 2885 1487 2949; x_wconf 82' lang='lat' dir='ltr'><strong>convertit,</strong></span> <span class='ocrx_word' id='word_1_222' title='bbox 1527 2884 1792 2938; x_wconf 75' lang='lat' dir='ltr'><strong>ecclesiam</strong></span> <span class='ocrx_word' id='word_1_223' title='bbox 1813 2882 1979 2955; x_wconf 90' lang='lat' dir='ltr'><strong>(quod</strong></span> <span class='ocrx_word' id='word_1_224' title='bbox 2008 2892 2133 2939; x_wconf 91' lang='lat' dir='ltr'><strong>ante</strong></span> 
     </span>
    </p>
   </div>
   <div class='ocr_carea' id='block_1_33' title="bbox 529 2973 2128 3047">
    <p class='ocr_par' dir='ltr' id='par_1_33' title="bbox 529 2973 2128 3047">
     <span class='ocr_line' id='line_1_33' title="bbox 529 2973 2128 3047; baseline -0.001 -15"><span class='ocrx_word' id='word_1_225' title='bbox 529 2977 673 3032; x_wconf 87' lang='lat' dir='ltr'><strong>nulla</strong></span> <span class='ocrx_word' id='word_1_226' title='bbox 707 2974 918 3047; x_wconf 82' lang='lat' dir='ltr'><strong>luisset)</strong></span> <span class='ocrx_word' id='word_1_227' title='bbox 943 2976 1083 3045; x_wconf 85' lang='lat' dir='ltr'><strong>infra</strong></span> <span class='ocrx_word' id='word_1_228' title='bbox 1112 2992 1286 3031; x_wconf 88' lang='lat' dir='ltr'><strong>muros</strong></span> <span class='ocrx_word' id='word_1_229' title='bbox 1319 2976 1540 3031; x_wconf 81' lang='lat' dir='ltr'><strong>civitatis</strong></span> <span class='ocrx_word' id='word_1_230' title='bbox 1577 2973 2128 3030; x_wconf 81' lang='lat' dir='ltr'><strong>Domino&#39;collocarit.</strong></span> 
     </span>
    </p>
   </div>
   <div class='ocr_carea' id='block_1_34' title="bbox 528 3065 2132 3124">
    <p class='ocr_par' dir='ltr' id='par_1_34' title="bbox 528 3065 2132 3124">
     <span class='ocr_line' id='line_1_34' title="bbox 528 3065 2132 3124; baseline -0.002 -1"><span class='ocrx_word' id='word_1_231' title='bbox 528 3068 732 3123; x_wconf 87' lang='lat' dir='ltr'><strong>Auctor</strong></span> <span class='ocrx_word' id='word_1_232' title='bbox 761 3067 895 3121; x_wconf 71' lang='lat' dir='ltr'><strong>Vita:</strong></span> <span class='ocrx_word' id='word_1_233' title='bbox 920 3067 977 3124; x_wconf 91' lang='lat' dir='ltr'><strong>S.</strong></span> <span class='ocrx_word' id='word_1_234' title='bbox 1007 3066 1313 3124; x_wconf 86' lang='lat' dir='ltr'><strong>Geminiani</strong></span> <span class='ocrx_word' id='word_1_235' title='bbox 1345 3066 1660 3122; x_wconf 85' lang='lat' dir='ltr'><strong>Mutinensis</strong></span> <span class='ocrx_word' id='word_1_236' title='bbox 1689 3066 1944 3121; x_wconf 83' lang='lat' dir='ltr'><strong>antistitis</strong></span> <span class='ocrx_word' id='word_1_237' title='bbox 1971 3065 2132 3121; x_wconf 68' lang='lat' dir='ltr'><strong>editae</strong></span> 
     </span>
    </p>
   </div>
   <div class='ocr_carea' id='block_1_35' title="bbox 2219 496 3828 576">
    <p class='ocr_par' dir='ltr' id='par_1_35' title="bbox 2219 496 3828 576">
     <span class='ocr_line' id='line_1_35' title="bbox 2219 496 3828 576; baseline 0.012 -26"><span class='ocrx_word' id='word_1_238' title='bbox 2219 497 2299 551; x_wconf 91' lang='lat' dir='ltr'><strong>cis</strong></span> <span class='ocrx_word' id='word_1_239' title='bbox 2341 496 2533 561; x_wconf 87' lang='lat' dir='ltr'><strong>ﬁdem,</strong></span> <span class='ocrx_word' id='word_1_240' title='bbox 2566 513 2664 569; x_wconf 90' lang='lat' dir='ltr'><strong>per</strong></span> <span class='ocrx_word' id='word_1_241' title='bbox 2707 497 2849 555; x_wconf 87' lang='lat' dir='ltr'><strong>hanc</strong></span> <span class='ocrx_word' id='word_1_242' title='bbox 2888 510 3302 572; x_wconf 85' lang='lat' dir='ltr'><strong>tempestatem,</strong></span> <span class='ocrx_word' id='word_1_243' title='bbox 3353 520 3459 576; x_wconf 89' lang='lat' dir='ltr'><strong>qua</strong></span> <span class='ocrx_word' id='word_1_244' title='bbox 3507 507 3678 565; x_wconf 92' lang='lat' dir='ltr'><strong>libera</strong></span> <span class='ocrx_word' id='word_1_245' title='bbox 3727 511 3828 569; x_wconf 83' lang='lat' dir='ltr'><strong>fuit</strong></span> 
     </span>
    </p>
   </div>
   <div class='ocr_carea' id='block_1_36' title="bbox 2219 589 3831 667">
    <p class='ocr_par' dir='ltr' id='par_1_36' title="bbox 2219 589 3831 667">
     <span class='ocr_line' id='line_1_36' title="bbox 2219 589 3831 667; baseline 0.011 -23"><span class='ocrx_word' id='word_1_246' title='bbox 2219 589 2545 647; x_wconf 81' lang='lat' dir='ltr'><strong>Christiame</strong></span> <span class='ocrx_word' id='word_1_247' title='bbox 2573 593 2927 658; x_wconf 76' lang='lat' dir='ltr'><strong>professionis</strong></span> <span class='ocrx_word' id='word_1_248' title='bbox 2956 597 3350 665; x_wconf 62' lang='lat' dir='ltr'><strong>amplectenda:</strong></span> <span class='ocrx_word' id='word_1_249' title='bbox 3381 599 3640 667; x_wconf 84' lang='lat' dir='ltr'><strong>l‘acultas,</strong></span> <span class='ocrx_word' id='word_1_250' title='bbox 3670 604 3831 662; x_wconf 88' lang='lat' dir='ltr'><strong>Chri-</strong></span> 
     </span>
    </p>
   </div>
   <div class='ocr_carea' id='block_1_37' title="bbox 2221 686 3829 765">
    <p class='ocr_par' dir='ltr' id='par_1_37' title="bbox 2221 686 3829 765">
     <span class='ocr_line' id='line_1_37' title="bbox 2221 686 3829 765; baseline 0.009 -26"><span class='ocrx_word' id='word_1_251' title='bbox 2221 695 2340 749; x_wconf 86' lang='lat' dir='ltr'><strong>sto,</strong></span> <span class='ocrx_word' id='word_1_252' title='bbox 2371 686 2580 739; x_wconf 82' lang='lat' dir='ltr'><strong>eversis</strong></span> <span class='ocrx_word' id='word_1_253' title='bbox 2617 699 2836 755; x_wconf 83' lang='lat' dir='ltr'><strong>prorsus</strong></span> <span class='ocrx_word' id='word_1_254' title='bbox 2860 686 3067 753; x_wconf 86' lang='lat' dir='ltr'><strong>.ldolis,</strong></span> <span class='ocrx_word' id='word_1_255' title='bbox 3101 703 3240 759; x_wconf 90' lang='lat' dir='ltr'><strong>pene</strong></span> <span class='ocrx_word' id='word_1_256' title='bbox 3281 699 3447 745; x_wconf 86' lang='lat' dir='ltr'><strong>totam</strong></span> <span class='ocrx_word' id='word_1_257' title='bbox 3494 693 3659 765; x_wconf 88' lang='lat' dir='ltr'><strong>(quod</strong></span> <span class='ocrx_word' id='word_1_258' title='bbox 3703 706 3829 754; x_wconf 85' lang='lat' dir='ltr'><strong>ante</strong></span> 
     </span>
    </p>
   </div>
   <div class='ocr_carea' id='block_1_38' title="bbox 2222 776 3828 855">
    <p class='ocr_par' dir='ltr' id='par_1_38' title="bbox 2222 776 3828 855">
     <span class='ocr_line' id='line_1_38' title="bbox 2222 776 3828 855; baseline 0.009 -22"><span class='ocrx_word' id='word_1_259' title='bbox 2222 792 2329 833; x_wconf 90' lang='lat' dir='ltr'><strong>non</strong></span> <span class='ocrx_word' id='word_1_260' title='bbox 2372 776 2708 850; x_wconf 81' lang='lat' dir='ltr'><strong>contigerat)</strong></span> <span class='ocrx_word' id='word_1_261' title='bbox 2742 794 2938 835; x_wconf 89' lang='lat' dir='ltr'><strong>nomen</strong></span> <span class='ocrx_word' id='word_1_262' title='bbox 2988 781 3232 849; x_wconf 84' lang='lat' dir='ltr'><strong>dedisse;</strong></span> <span class='ocrx_word' id='word_1_263' title='bbox 3272 799 3395 855; x_wconf 72' lang='lat' dir='ltr'><strong>qua:</strong></span> <span class='ocrx_word' id='word_1_264' title='bbox 3434 802 3521 841; x_wconf 91' lang='lat' dir='ltr'><strong>res</strong></span> <span class='ocrx_word' id='word_1_265' title='bbox 3551 803 3617 844; x_wconf 86' lang='lat' dir='ltr'><strong>eo</strong></span> <span class='ocrx_word' id='word_1_266' title='bbox 3651 791 3828 848; x_wconf 86' lang='lat' dir='ltr'><strong>minus</strong></span> 
     </span>
    </p>
   </div>
   <div class='ocr_carea' id='block_1_39' title="bbox 2224 870 3828 951">
    <p class='ocr_par' dir='ltr' id='par_1_39' title="bbox 2224 870 3828 951">
     <span class='ocr_line' id='line_1_39' title="bbox 2224 870 3828 951; baseline 0.009 -26"><span class='ocrx_word' id='word_1_267' title='bbox 2224 870 2672 940; x_wconf 74' lang='lat' dir='ltr'><strong>reprehendenda</strong></span> <span class='ocrx_word' id='word_1_268' title='bbox 2702 880 2815 937; x_wconf 88' lang='lat' dir='ltr'><strong>est,</strong></span> <span class='ocrx_word' id='word_1_269' title='bbox 2850 887 2957 942; x_wconf 89' lang='lat' dir='ltr'><strong>quo</strong></span> <span class='ocrx_word' id='word_1_270' title='bbox 2986 875 3153 944; x_wconf 85' lang='lat' dir='ltr'><strong>magis</strong></span> <span class='ocrx_word' id='word_1_271' title='bbox 3183 891 3251 931; x_wconf 80' lang='lat' dir='ltr'><strong>ex</strong></span> <span class='ocrx_word' id='word_1_272' title='bbox 3277 876 3400 932; x_wconf 87' lang='lat' dir='ltr'><strong>aliis</strong></span> <span class='ocrx_word' id='word_1_273' title='bbox 3428 881 3828 951; x_wconf 79' lang='lat' dir='ltr'><strong>quaniplurium</strong></span> 
     </span>
    </p>
   </div>
   <div class='ocr_carea' id='block_1_40' title="bbox 2222 962 3830 1042">
    <p class='ocr_par' dir='ltr' id='par_1_40' title="bbox 2222 962 3830 1042">
     <span class='ocr_line' id='line_1_40' title="bbox 2222 962 3830 1042; baseline 0.009 -24"><span class='ocrx_word' id='word_1_274' title='bbox 2222 963 2500 1018; x_wconf 79' lang='lat' dir='ltr'><strong>civitatum</strong></span> <span class='ocrx_word' id='word_1_275' title='bbox 2545 962 2838 1028; x_wconf 88' lang='lat' dir='ltr'><strong>Ecclesiis,</strong></span> <span class='ocrx_word' id='word_1_276' title='bbox 2869 966 3063 1034; x_wconf 89' lang='lat' dir='ltr'><strong>quibus</strong></span> <span class='ocrx_word' id='word_1_277' title='bbox 3101 967 3151 1021; x_wconf 92' lang='lat' dir='ltr'><strong>id</strong></span> <span class='ocrx_word' id='word_1_278' title='bbox 3206 968 3379 1038; x_wconf 87' lang='lat' dir='ltr'><strong>ipsum</strong></span> <span class='ocrx_word' id='word_1_279' title='bbox 3409 970 3668 1042; x_wconf 86' lang='lat' dir='ltr'><strong>obvenit,</strong></span> <span class='ocrx_word' id='word_1_280' title='bbox 3692 991 3830 1031; x_wconf 85' lang='lat' dir='ltr'><strong>con-</strong></span> 
     </span>
    </p>
   </div>
   <div class='ocr_carea' id='block_1_41' title="bbox 2223 1053 3832 1137">
    <p class='ocr_par' dir='ltr' id='par_1_41' title="bbox 2223 1053 3832 1137">
     <span class='ocr_line' id='line_1_41' title="bbox 2223 1053 3832 1137; baseline 0.009 -28"><span class='ocrx_word' id='word_1_281' title='bbox 2223 1053 2491 1109; x_wconf 87' lang='lat' dir='ltr'><strong>ﬁrmatur.</strong></span> <span class='ocrx_word' id='word_1_282' title='bbox 2521 1053 2789 1110; x_wconf 72' lang='lat' dir='ltr'><strong>Caeterum</strong></span> <span class='ocrx_word' id='word_1_283' title='bbox 2824 1055 3025 1112; x_wconf 71' lang='lat' dir='ltr'><strong>fabnlze</strong></span> <span class='ocrx_word' id='word_1_284' title='bbox 3057 1058 3106 1112; x_wconf 93' lang='lat' dir='ltr'><strong>in</strong></span> <span class='ocrx_word' id='word_1_285' title='bbox 3138 1073 3228 1115; x_wconf 90' lang='lat' dir='ltr'><strong>res</strong></span> <span class='ocrx_word' id='word_1_286' title='bbox 3258 1059 3309 1114; x_wconf 89' lang='lat' dir='ltr'><strong>id</strong></span> <span class='ocrx_word' id='word_1_287' title='bbox 3340 1064 3556 1132; x_wconf 75' lang='lat' dir='ltr'><strong>generis</strong></span> <span class='ocrx_word' id='word_1_288' title='bbox 3587 1067 3832 1137; x_wconf 85' lang='lat' dir='ltr'><strong>populari</strong></span> 
     </span>
    </p>
   </div>
   <div class='ocr_carea' id='block_1_42' title="bbox 2227 1146 3832 1221">
    <p class='ocr_par' dir='ltr' id='par_1_42' title="bbox 2227 1146 3832 1221">
     <span class='ocr_line' id='line_1_42' title="bbox 2227 1146 3832 1221; baseline 0.01 -21"><span class='ocrx_word' id='word_1_289' title='bbox 2227 1146 2366 1201; x_wconf 78' lang='lat' dir='ltr'><strong>fama</strong></span> <span class='ocrx_word' id='word_1_290' title='bbox 2411 1149 2639 1202; x_wconf 73' lang='lat' dir='ltr'><strong>invecta:</strong></span> <span class='ocrx_word' id='word_1_291' title='bbox 2669 1158 2721 1202; x_wconf 89' lang='lat' dir='ltr'><strong>et</strong></span> <span class='ocrx_word' id='word_1_292' title='bbox 2752 1148 2994 1215; x_wconf 63' lang='lat' dir='ltr'><strong>traditae,</strong></span> <span class='ocrx_word' id='word_1_293' title='bbox 3041 1149 3109 1205; x_wconf 89' lang='lat' dir='ltr'><strong>ad</strong></span> <span class='ocrx_word' id='word_1_294' title='bbox 3151 1151 3509 1221; x_wconf 89' lang='lat' dir='ltr'><strong>elcvandam,</strong></span> <span class='ocrx_word' id='word_1_295' title='bbox 3560 1173 3666 1212; x_wconf 91' lang='lat' dir='ltr'><strong>non</strong></span> <span class='ocrx_word' id='word_1_296' title='bbox 3700 1176 3832 1216; x_wconf 86' lang='lat' dir='ltr'><strong>vero</strong></span> 
     </span>
    </p>
   </div>
   <div class='ocr_carea' id='block_1_43' title="bbox 2228 1239 3832 1315">
    <p class='ocr_par' dir='ltr' id='par_1_43' title="bbox 2228 1239 3832 1315">
     <span class='ocr_line' id='line_1_43' title="bbox 2228 1239 3832 1315; baseline 0.009 -21"><span class='ocrx_word' id='word_1_297' title='bbox 2228 1239 2576 1295; x_wconf 87' lang='lat' dir='ltr'><strong>minuendam</strong></span> <span class='ocrx_word' id='word_1_298' title='bbox 2604 1239 2833 1310; x_wconf 89' lang='lat' dir='ltr'><strong>alicujus</strong></span> <span class='ocrx_word' id='word_1_299' title='bbox 2855 1240 3118 1297; x_wconf 76' lang='lat' dir='ltr'><strong>Ecclesia:</strong></span> <span class='ocrx_word' id='word_1_300' title='bbox 3142 1246 3522 1315; x_wconf 84' lang='lat' dir='ltr'><strong>antiquitatem</strong></span> <span class='ocrx_word' id='word_1_301' title='bbox 3540 1260 3593 1305; x_wconf 90' lang='lat' dir='ltr'><strong>et</strong></span> <span class='ocrx_word' id='word_1_302' title='bbox 3616 1250 3832 1309; x_wconf 87' lang='lat' dir='ltr'><strong>laudem</strong></span> 
     </span>
    </p>
   </div>
   <div class='ocr_carea' id='block_1_44' title="bbox 2225 1331 3835 1413">
    <p class='ocr_par' dir='ltr' id='par_1_44' title="bbox 2225 1331 3835 1413">
     <span class='ocr_line' id='line_1_44' title="bbox 2225 1331 3835 1413; baseline 0.009 -27"><span class='ocrx_word' id='word_1_303' title='bbox 2225 1333 2503 1403; x_wconf 87' lang='lat' dir='ltr'><strong>pertinent</strong></span> <span class='ocrx_word' id='word_1_304' title='bbox 2528 1351 2540 1386; x_wconf 90' lang='lat'>:</span> <span class='ocrx_word' id='word_1_305' title='bbox 2572 1331 2712 1388; x_wconf 90' lang='lat' dir='ltr'><strong>adeo</strong></span> <span class='ocrx_word' id='word_1_306' title='bbox 2742 1345 2798 1388; x_wconf 90' lang='lat' dir='ltr'><strong>ut</strong></span> <span class='ocrx_word' id='word_1_307' title='bbox 2822 1350 2943 1404; x_wconf 67' lang='lat' dir='ltr'><strong>qua:</strong></span> <span class='ocrx_word' id='word_1_308' title='bbox 2971 1335 3254 1391; x_wconf 88' lang='lat' dir='ltr'><strong>remissius</strong></span> <span class='ocrx_word' id='word_1_309' title='bbox 3281 1352 3345 1393; x_wconf 91' lang='lat' dir='ltr'><strong>ac</strong></span> <span class='ocrx_word' id='word_1_310' title='bbox 3390 1339 3569 1396; x_wconf 62' lang='lat' dir='ltr'><strong>minus</strong></span> <span class='ocrx_word' id='word_1_311' title='bbox 3596 1344 3835 1413; x_wconf 89' lang='lat' dir='ltr'><strong>gloriose</strong></span> 
     </span>
    </p>
   </div>
   <div class='ocr_carea' id='block_1_45' title="bbox 2227 1425 3837 1505">
    <p class='ocr_par' dir='ltr' id='par_1_45' title="bbox 2227 1425 3837 1505">
     <span class='ocr_line' id='line_1_45' title="bbox 2227 1425 3837 1505; baseline 0.008 -25"><span class='ocrx_word' id='word_1_312' title='bbox 2227 1426 2295 1481; x_wconf 91' lang='lat' dir='ltr'><strong>de</strong></span> <span class='ocrx_word' id='word_1_313' title='bbox 2322 1425 2497 1496; x_wconf 91' lang='lat' dir='ltr'><strong>aliqua</strong></span> <span class='ocrx_word' id='word_1_314' title='bbox 2531 1425 2772 1481; x_wconf 85' lang='lat' dir='ltr'><strong>Ecclesia</strong></span> <span class='ocrx_word' id='word_1_315' title='bbox 2809 1425 3076 1496; x_wconf 76' lang='lat' dir='ltr'><strong>feruntur,</strong></span> <span class='ocrx_word' id='word_1_316' title='bbox 3109 1444 3172 1485; x_wconf 86' lang='lat' dir='ltr'><strong>ea</strong></span> <span class='ocrx_word' id='word_1_317' title='bbox 3192 1431 3424 1501; x_wconf 52' lang='lat' dir='ltr'><strong>.nullins</strong></span> <span class='ocrx_word' id='word_1_318' title='bbox 3453 1436 3728 1505; x_wconf 70' lang='lat' dir='ltr'><strong>popularis</strong></span> <span class='ocrx_word' id='word_1_319' title='bbox 3758 1438 3837 1493; x_wconf 82' lang='lat' dir='ltr'><strong>fa-</strong></span> 
     </span>
    </p>
   </div>
   <div class='ocr_carea' id='block_1_46' title="bbox 2229 1516 3836 1598">
    <p class='ocr_par' dir='ltr' id='par_1_46' title="bbox 2229 1516 3836 1598">
     <span class='ocr_line' id='line_1_46' title="bbox 2229 1516 3836 1598; baseline 0.011 -27"><span class='ocrx_word' id='word_1_320' title='bbox 2229 1516 2371 1571; x_wconf 65' lang='lat' dir='ltr'><strong>bulae</strong></span> <span class='ocrx_word' id='word_1_321' title='bbox 2391 1517 2756 1587; x_wconf 84' lang='lat' dir='ltr'><strong>suspicionem</strong></span> <span class='ocrx_word' id='word_1_322' title='bbox 2783 1519 3029 1590; x_wconf 80' lang='lat' dir='ltr'><strong>ingerent</strong></span> <span class='ocrx_word' id='word_1_323' title='bbox 3046 1561 3061 1585; x_wconf 92' lang='lat'><strong>,</strong></span> <span class='ocrx_word' id='word_1_324' title='bbox 3092 1522 3470 1597; x_wconf 86' lang='lat' dir='ltr'><strong>ratissimaque</strong></span> <span class='ocrx_word' id='word_1_325' title='bbox 3508 1539 3711 1598; x_wconf 72' lang='lat' dir='ltr'><strong>pneter</strong></span> <span class='ocrx_word' id='word_1_326' title='bbox 3733 1547 3836 1588; x_wconf 55' lang='lat' dir='ltr'><strong>carc</strong></span> 
     </span>
    </p>
   </div>
   <div class='ocr_carea' id='block_1_47' title="bbox 2229 1608 2843 1666">
    <p class='ocr_par' dir='ltr' id='par_1_47' title="bbox 2229 1608 2843 1666">
     <span class='ocr_line' id='line_1_47' title="bbox 2229 1608 2843 1666; baseline 0.005 -5"><span class='ocrx_word' id='word_1_327' title='bbox 2229 1616 2344 1663; x_wconf 88' lang='lat' dir='ltr'><strong>tera</strong></span> <span class='ocrx_word' id='word_1_328' title='bbox 2377 1608 2561 1664; x_wconf 88' lang='lat' dir='ltr'><strong>haberi</strong></span> <span class='ocrx_word' id='word_1_329' title='bbox 2590 1608 2843 1666; x_wconf 88' lang='lat' dir='ltr'><strong>debeant.</strong></span> 
     </span>
    </p>
   </div>
   <div class='ocr_carea' id='block_1_48' title="bbox 2232 1742 3839 1825">
    <p class='ocr_par' dir='ltr' id='par_1_48' title="bbox 2232 1742 3839 1825">
     <span class='ocr_line' id='line_1_48' title="bbox 2232 1742 3839 1825; baseline 0.01 -27"><span class='ocrx_word' id='word_1_330' title='bbox 2232 1742 2261 1815; x_wconf 88' lang='lat'>§</span> <span class='ocrx_word' id='word_1_331' title='bbox 2298 1744 2385 1800; x_wconf 91' lang='lat' dir='ltr'><strong>lll.</strong></span> <span class='ocrx_word' id='word_1_332' title='bbox 2410 1776 2478 1785; x_wconf 92' lang='lat'><strong>—-</strong></span> <span class='ocrx_word' id='word_1_333' title='bbox 2501 1745 2650 1801; x_wconf 83' lang='lat' dir='ltr'><strong>Nora</strong></span> <span class='ocrx_word' id='word_1_334' title='bbox 2683 1746 2912 1804; x_wconf 75' lang='lat' dir='ltr'><strong>Ecclesia</strong></span> <span class='ocrx_word' id='word_1_335' title='bbox 2946 1749 3167 1806; x_wconf 74' lang='lat' dir='ltr'><strong>Verona:</strong></span> <span class='ocrx_word' id='word_1_336' title='bbox 3194 1753 3477 1825; x_wconf 71' lang='lat' dir='ltr'><strong>redi/iectu.</strong></span> <span class='ocrx_word' id='word_1_337' title='bbox 3509 1756 3585 1812; x_wconf 90' lang='lat' dir='ltr'><strong>De</strong></span> <span class='ocrx_word' id='word_1_338' title='bbox 3612 1756 3839 1814; x_wconf 82' lang='lat' dir='ltr'><strong>Zenonis</strong></span> 
     </span>
    </p>
   </div>
   <div class='ocr_carea' id='block_1_49' title="bbox 2304 1836 3839 1915">
    <p class='ocr_par' dir='ltr' id='par_1_49' title="bbox 2304 1836 3839 1915">
     <span class='ocr_line' id='line_1_49' title="bbox 2304 1836 3839 1915; baseline 0.01 -25"><span class='ocrx_word' id='word_1_339' title='bbox 2304 1836 2473 1891; x_wconf 72' lang='grc' dir='ltr'><strong>(Σίρι-ο.</strong></span> <span class='ocrx_word' id='word_1_340' title='bbox 2507 1836 2716 1908; x_wconf 71' lang='lat' dir='ltr'><strong>Duplex</strong></span> <span class='ocrx_word' id='word_1_341' title='bbox 2756 1838 3020 1911; x_wconf 79' lang='lat' dir='ltr'><strong>Virginum</strong></span> <span class='ocrx_word' id='word_1_342' title='bbox 3056 1846 3249 1915; x_wconf 79' lang='lat' dir='ltr'><strong>species</strong></span> <span class='ocrx_word' id='word_1_343' title='bbox 3277 1844 3519 1901; x_wconf 80' lang='lat' dir='ltr'><strong>Verome.</strong></span> <span class='ocrx_word' id='word_1_344' title='bbox 3571 1849 3839 1905; x_wconf 77' lang='lat' dir='ltr'><strong>Monaste-</strong></span> 
     </span>
    </p>
   </div>
   <div class='ocr_carea' id='block_1_50' title="bbox 2300 1928 3839 2004">
    <p class='ocr_par' dir='ltr' id='par_1_50' title="bbox 2300 1928 3839 2004">
     <span class='ocr_line' id='line_1_50' title="bbox 2300 1928 3839 2004; baseline 0.01 -22"><span class='ocrx_word' id='word_1_345' title='bbox 2300 1930 2437 1983; x_wconf 84' lang='lat' dir='ltr'><strong>rium</strong></span> <span class='ocrx_word' id='word_1_346' title='bbox 2470 1928 2688 1985; x_wconf 79' lang='lat' dir='ltr'><strong>Verona:</strong></span> <span class='ocrx_word' id='word_1_347' title='bbox 2724 1933 2949 2004; x_wconf 87' lang='lat' dir='ltr'><strong>primum</strong></span> <span class='ocrx_word' id='word_1_348' title='bbox 2990 1935 3043 1988; x_wconf 88' lang='lat' dir='ltr'><strong>in</strong></span> <span class='ocrx_word' id='word_1_349' title='bbox 3089 1945 3193 1989; x_wconf 89' lang='lat' dir='ltr'><strong>toto</strong></span> <span class='ocrx_word' id='word_1_350' title='bbox 3241 1936 3517 1993; x_wconf 82' lang='lat' dir='ltr'><strong>Occidente</strong></span> <span class='ocrx_word' id='word_1_351' title='bbox 3560 1959 3593 1994; x_wconf 89' lang='lat' dir='ltr'><strong>a</strong></span> <span class='ocrx_word' id='word_1_352' title='bbox 3633 1940 3839 1998; x_wconf 88' lang='lat' dir='ltr'><strong>Zenone</strong></span> 
     </span>
    </p>
   </div>
   <div class='ocr_carea' id='block_1_51' title="bbox 2302 2019 3839 2105">
    <p class='ocr_par' dir='ltr' id='par_1_51' title="bbox 2302 2019 3839 2105">
     <span class='ocr_line' id='line_1_51' title="bbox 2302 2019 3839 2105; baseline 0.008 -31"><span class='ocrx_word' id='word_1_353' title='bbox 2302 2022 2609 2075; x_wconf 86' lang='lat' dir='ltr'><strong>institutum.</strong></span> <span class='ocrx_word' id='word_1_354' title='bbox 2646 2019 2889 2094; x_wconf 76' lang='lat' dir='ltr'><strong>Crapula:</strong></span> <span class='ocrx_word' id='word_1_355' title='bbox 2929 2034 2979 2079; x_wconf 90' lang='lat' dir='ltr'><strong>et</strong></span> <span class='ocrx_word' id='word_1_356' title='bbox 3022 2025 3240 2083; x_wconf 82' lang='lat' dir='ltr'><strong>ebrietas</strong></span> <span class='ocrx_word' id='word_1_357' title='bbox 3272 2028 3326 2083; x_wconf 90' lang='lat' dir='ltr'><strong>in</strong></span> <span class='ocrx_word' id='word_1_358' title='bbox 3365 2040 3654 2102; x_wconf 83' lang='lat' dir='ltr'><strong>martyrum</strong></span> <span class='ocrx_word' id='word_1_359' title='bbox 3697 2035 3839 2105; x_wconf 74' lang='lat' dir='ltr'><strong>festis</strong></span> 
     </span>
    </p>
   </div>
   <div class='ocr_carea' id='block_1_52' title="bbox 2302 2115 2542 2176">
    <p class='ocr_par' dir='ltr' id='par_1_52' title="bbox 2302 2115 2542 2176">
     <span class='ocr_line' id='line_1_52' title="bbox 2302 2115 2542 2176; baseline 0.004 -8"><span class='ocrx_word' id='word_1_360' title='bbox 2302 2115 2542 2176; x_wconf 68' lang='lat' dir='ltr'><strong>sublatae.</strong></span> 
     </span>
    </p>
   </div>
   <div class='ocr_carea' id='block_1_53' title="bbox 2303 2224 3838 2295">
    <p class='ocr_par' dir='ltr' id='par_1_53' title="bbox 2303 2224 3838 2295">
     <span class='ocr_line' id='line_1_53' title="bbox 2303 2224 3838 2295; baseline 0.009 -15"><span class='ocrx_word' id='word_1_361' title='bbox 2303 2224 2572 2289; x_wconf 70' lang='lat' dir='ltr'><strong>Cmterum</strong></span> <span class='ocrx_word' id='word_1_362' title='bbox 2597 2228 2871 2287; x_wconf 87' lang='lat' dir='ltr'><strong>Zenonem</strong></span> <span class='ocrx_word' id='word_1_363' title='bbox 2915 2243 3162 2289; x_wconf 90' lang='lat' dir='ltr'><strong>nostrum</strong></span> <span class='ocrx_word' id='word_1_364' title='bbox 3193 2249 3388 2291; x_wconf 91' lang='lat' dir='ltr'><strong>novam</strong></span> <span class='ocrx_word' id='word_1_365' title='bbox 3420 2238 3707 2293; x_wconf 89' lang='lat' dir='ltr'><strong>ecclesiam</strong></span> <span class='ocrx_word' id='word_1_366' title='bbox 3738 2239 3838 2295; x_wconf 90' lang='lat' dir='ltr'><strong>hac</strong></span> 
     </span>
    </p>
   </div>
   <div class='ocr_carea' id='block_1_54' title="bbox 2233 2318 3835 2404">
    <p class='ocr_par' dir='ltr' id='par_1_54' title="bbox 2233 2318 3835 2404">
     <span class='ocr_line' id='line_1_54' title="bbox 2233 2318 3835 2404; baseline 0.011 -31"><span class='ocrx_word' id='word_1_367' title='bbox 2233 2318 2286 2374; x_wconf 92' lang='lat' dir='ltr'><strong>in</strong></span> <span class='ocrx_word' id='word_1_368' title='bbox 2311 2321 2446 2377; x_wconf 88' lang='lat' dir='ltr'><strong>urbe</strong></span> <span class='ocrx_word' id='word_1_369' title='bbox 2468 2336 2499 2378; x_wconf 92' lang='lat' dir='ltr'><strong>e</strong></span> <span class='ocrx_word' id='word_1_370' title='bbox 2520 2323 2889 2380; x_wconf 77' lang='lat' dir='ltr'><strong>fundamentis</strong></span> <span class='ocrx_word' id='word_1_371' title='bbox 2910 2326 3175 2394; x_wconf 79' lang='lat' dir='ltr'><strong>erexisse,</strong></span> <span class='ocrx_word' id='word_1_372' title='bbox 3202 2329 3543 2402; x_wconf 88' lang='lat' dir='ltr'><strong>primumque</strong></span> <span class='ocrx_word' id='word_1_373' title='bbox 3563 2347 3629 2387; x_wconf 88' lang='lat' dir='ltr'><strong>ea</strong></span> <span class='ocrx_word' id='word_1_374' title='bbox 3650 2344 3835 2404; x_wconf 83' lang='lat' dir='ltr'><strong>aperta</strong></span> 
     </span>
    </p>
   </div>
   <div class='ocr_carea' id='block_1_55' title="bbox 2178 2398 3840 2492">
    <p class='ocr_par' dir='ltr' id='par_1_55' title="bbox 2178 2398 3840 2492">
     <span class='ocr_line' id='line_1_55' title="bbox 2178 2398 3840 2492; baseline 0.01 -25"><span class='ocrx_word' id='word_1_375' title='bbox 2178 2398 2188 2408; x_wconf 77' lang='grc'><em>’</em></span> <span class='ocrx_word' id='word_1_376' title='bbox 2232 2412 2666 2472; x_wconf 84' lang='lat' dir='ltr'><strong>Christianorum</strong></span> <span class='ocrx_word' id='word_1_377' title='bbox 2720 2429 3048 2475; x_wconf 87' lang='lat' dir='ltr'><strong>cenventnm</strong></span> <span class='ocrx_word' id='word_1_378' title='bbox 3103 2437 3294 2492; x_wconf 81' lang='lat' dir='ltr'><strong>magna</strong></span> <span class='ocrx_word' id='word_1_379' title='bbox 3348 2438 3468 2479; x_wconf 91' lang='lat' dir='ltr'><strong>cum</strong></span> <span class='ocrx_word' id='word_1_380' title='bbox 3524 2427 3840 2483; x_wconf 86' lang='lat' dir='ltr'><strong>celebritate</strong></span> 
     </span>
    </p>
   </div>
   <div class='ocr_carea' id='block_1_56' title="bbox 2236 2512 3832 2588">
    <p class='ocr_par' dir='ltr' id='par_1_56' title="bbox 2236 2512 3832 2588">
     <span class='ocr_line' id='line_1_56' title="bbox 2236 2512 3832 2588; baseline 0.008 -27"><span class='ocrx_word' id='word_1_381' title='bbox 2236 2518 2584 2576; x_wconf 89' lang='lat' dir='ltr'><strong>prosecutum</strong></span> <span class='ocrx_word' id='word_1_382' title='bbox 2628 2520 2775 2579; x_wconf 87' lang='lat' dir='ltr'><strong>patet</strong></span> <span class='ocrx_word' id='word_1_383' title='bbox 2805 2526 2871 2566; x_wconf 81' lang='lat' dir='ltr'><strong>ex</strong></span> <span class='ocrx_word' id='word_1_384' title='bbox 2906 2522 3063 2567; x_wconf 88' lang='lat' dir='ltr'><strong>tract.</strong></span> <span class='ocrx_word' id='word_1_385' title='bbox 3094 2512 3161 2569; x_wconf 74' lang='grc'><strong>14</strong></span> <span class='ocrx_word' id='word_1_386' title='bbox 3208 2514 3300 2569; x_wconf 89' lang='lat' dir='ltr'><strong>lib.</strong></span> <span class='ocrx_word' id='word_1_387' title='bbox 3337 2530 3385 2582; x_wconf 83' lang='grc' dir='ltr'><strong>ι,</strong></span> <span class='ocrx_word' id='word_1_388' title='bbox 3418 2524 3472 2571; x_wconf 91' lang='lat' dir='ltr'><strong>et</strong></span> <span class='ocrx_word' id='word_1_389' title='bbox 3497 2515 3637 2573; x_wconf 80' lang='lat' dir='ltr'><strong>forte</strong></span> <span class='ocrx_word' id='word_1_390' title='bbox 3661 2520 3832 2588; x_wconf 88' lang='lat' dir='ltr'><strong>prima</strong></span> 
     </span>
    </p>
   </div>
   <div class='ocr_carea' id='block_1_57' title="bbox 2235 2598 3835 2674">
    <p class='ocr_par' dir='ltr' id='par_1_57' title="bbox 2235 2598 3835 2674">
     <span class='ocr_line' id='line_1_57' title="bbox 2235 2598 3835 2674; baseline 0.008 -20"><span class='ocrx_word' id='word_1_391' title='bbox 2235 2598 2336 2654; x_wconf 86' lang='lat' dir='ltr'><strong>fuit</strong></span> <span class='ocrx_word' id='word_1_392' title='bbox 2379 2599 2431 2655; x_wconf 93' lang='lat' dir='ltr'><strong>in</strong></span> <span class='ocrx_word' id='word_1_393' title='bbox 2474 2601 2609 2657; x_wconf 92' lang='lat' dir='ltr'><strong>urbe</strong></span> <span class='ocrx_word' id='word_1_394' title='bbox 2658 2603 2922 2668; x_wconf 88' lang='lat' dir='ltr'><strong>ecclesia,</strong></span> <span class='ocrx_word' id='word_1_395' title='bbox 2955 2619 3078 2674; x_wconf 72' lang='lat' dir='ltr'><strong>qum</strong></span> <span class='ocrx_word' id='word_1_396' title='bbox 3107 2621 3230 2661; x_wconf 91' lang='lat' dir='ltr'><strong>eum</strong></span> <span class='ocrx_word' id='word_1_397' title='bbox 3281 2609 3333 2662; x_wconf 93' lang='lat' dir='ltr'><strong>in</strong></span> <span class='ocrx_word' id='word_1_398' title='bbox 3379 2623 3533 2663; x_wconf 91' lang='lat' dir='ltr'><strong>usum</strong></span> <span class='ocrx_word' id='word_1_399' title='bbox 3574 2610 3835 2668; x_wconf 74' lang='lat' dir='ltr'><strong>aediﬁcata</strong></span> 
     </span>
    </p>
   </div>
   <div class='ocr_carea' id='block_1_58' title="bbox 2236 2691 3840 2765">
    <p class='ocr_par' dir='ltr' id='par_1_58' title="bbox 2236 2691 3840 2765">
     <span class='ocr_line' id='line_1_58' title="bbox 2236 2691 3840 2765; baseline 0.009 -20"><span class='ocrx_word' id='word_1_400' title='bbox 2236 2691 2360 2758; x_wconf 87' lang='lat' dir='ltr'><strong>luit,</strong></span> <span class='ocrx_word' id='word_1_401' title='bbox 2393 2707 2515 2747; x_wconf 90' lang='lat' dir='ltr'><strong>cum</strong></span> <span class='ocrx_word' id='word_1_402' title='bbox 2556 2702 2714 2749; x_wconf 89' lang='lat' dir='ltr'><strong>antea</strong></span> <span class='ocrx_word' id='word_1_403' title='bbox 2745 2695 2795 2749; x_wconf 91' lang='lat' dir='ltr'><strong>in</strong></span> <span class='ocrx_word' id='word_1_404' title='bbox 2829 2696 3050 2765; x_wconf 81' lang='lat' dir='ltr'><strong>privatis</strong></span> <span class='ocrx_word' id='word_1_405' title='bbox 3076 2696 3284 2753; x_wconf 66' lang='lat' dir='ltr'><strong>sedibus</strong></span> <span class='ocrx_word' id='word_1_406' title='bbox 3325 2698 3445 2754; x_wconf 91' lang='lat' dir='ltr'><strong>huic</strong></span> <span class='ocrx_word' id='word_1_407' title='bbox 3473 2701 3595 2756; x_wconf 82' lang='lat' dir='ltr'><strong>usui</strong></span> <span class='ocrx_word' id='word_1_408' title='bbox 3625 2717 3840 2759; x_wconf 52' lang='lat' dir='ltr'><strong>accom-</strong></span> 
     </span>
    </p>
   </div>
   <div class='ocr_carea' id='block_1_59' title="bbox 2237 2783 3839 2860">
    <p class='ocr_par' dir='ltr' id='par_1_59' title="bbox 2237 2783 3839 2860">
     <span class='ocr_line' id='line_1_59' title="bbox 2237 2783 3839 2860; baseline 0.007 -22"><span class='ocrx_word' id='word_1_409' title='bbox 2237 2783 2470 2839; x_wconf 77' lang='lat' dir='ltr'><strong>modatts</strong></span> <span class='ocrx_word' id='word_1_410' title='bbox 2503 2827 2517 2849; x_wconf 92' lang='lat'><strong>,</strong></span> <span class='ocrx_word' id='word_1_411' title='bbox 2573 2786 2655 2841; x_wconf 92' lang='lat' dir='ltr'><strong>vel</strong></span> <span class='ocrx_word' id='word_1_412' title='bbox 2704 2786 2895 2842; x_wconf 88' lang='lat' dir='ltr'><strong>saltem</strong></span> <span class='ocrx_word' id='word_1_413' title='bbox 2943 2798 3093 2843; x_wconf 77' lang='lat' dir='ltr'><strong>extra</strong></span> <span class='ocrx_word' id='word_1_414' title='bbox 3143 2789 3291 2844; x_wconf 89' lang='lat' dir='ltr'><strong>urbis</strong></span> <span class='ocrx_word' id='word_1_415' title='bbox 3334 2795 3633 2860; x_wconf 88' lang='lat' dir='ltr'><strong>pomerium</strong></span> <span class='ocrx_word' id='word_1_416' title='bbox 3686 2809 3839 2852; x_wconf 87' lang='lat' dir='ltr'><strong>sacra</strong></span> 
     </span>
    </p>
   </div>
   <div class='ocr_carea' id='block_1_60' title="bbox 2238 2876 3840 2946">
    <p class='ocr_par' dir='ltr' id='par_1_60' title="bbox 2238 2876 3840 2946">
     <span class='ocr_line' id='line_1_60' title="bbox 2238 2876 3840 2946; baseline 0.009 -17"><span class='ocrx_word' id='word_1_417' title='bbox 2238 2886 2646 2946; x_wconf 79' lang='lat' dir='ltr'><strong>peragerentur.</strong></span> <span class='ocrx_word' id='word_1_418' title='bbox 2675 2876 3068 2935; x_wconf 83' lang='lat' dir='ltr'><strong>Veronensium</strong></span> <span class='ocrx_word' id='word_1_419' title='bbox 3118 2880 3343 2936; x_wconf 84' lang='lat' dir='ltr'><strong>divitum</strong></span> <span class='ocrx_word' id='word_1_420' title='bbox 3378 2882 3675 2940; x_wconf 86' lang='lat' dir='ltr'><strong>liberalitas</strong></span> <span class='ocrx_word' id='word_1_421' title='bbox 3716 2902 3840 2943; x_wconf 88' lang='lat' dir='ltr'><strong>sese</strong></span> 
     </span>
    </p>
   </div>
   <div class='ocr_carea' id='block_1_61' title="bbox 2238 2965 3840 3043">
    <p class='ocr_par' dir='ltr' id='par_1_61' title="bbox 2238 2965 3840 3043">
     <span class='ocr_line' id='line_1_61' title="bbox 2238 2965 3840 3043; baseline 0.008 -23"><span class='ocrx_word' id='word_1_422' title='bbox 2238 2965 2423 3022; x_wconf 87' lang='lat' dir='ltr'><strong>hocin</strong></span> <span class='ocrx_word' id='word_1_423' title='bbox 2454 2983 2623 3033; x_wconf 88' lang='lat' dir='ltr'><strong>opere</strong></span> <span class='ocrx_word' id='word_1_424' title='bbox 2660 2971 3090 3038; x_wconf 86' lang='lat' dir='ltr'><strong>commendavit,</strong></span> <span class='ocrx_word' id='word_1_425' title='bbox 3135 2973 3334 3043; x_wconf 86' lang='lat' dir='ltr'><strong>quippe</strong></span> <span class='ocrx_word' id='word_1_426' title='bbox 3373 2973 3519 3043; x_wconf 89' lang='lat' dir='ltr'><strong>quod</strong></span> <span class='ocrx_word' id='word_1_427' title='bbox 3562 2977 3752 3032; x_wconf 75' lang='lat' dir='ltr'><strong>crebris</strong></span> <span class='ocrx_word' id='word_1_428' title='bbox 3790 2989 3840 3033; x_wconf 88' lang='lat' dir='ltr'><strong>et</strong></span> 
     </span>
    </p>
   </div>
   <div class='ocr_carea' id='block_1_62' title="bbox 2236 3060 3835 3135">
    <p class='ocr_par' dir='ltr' id='par_1_62' title="bbox 2236 3060 3835 3135">
     <span class='ocr_line' id='line_1_62' title="bbox 2236 3060 3835 3135; baseline 0.008 -23"><span class='ocrx_word' id='word_1_429' title='bbox 2236 3060 2398 3130; x_wconf 86' lang='lat' dir='ltr'><strong>largis</strong></span> <span class='ocrx_word' id='word_1_430' title='bbox 2455 3060 2673 3116; x_wconf 90' lang='lat' dir='ltr'><strong>illorum</strong></span> <span class='ocrx_word' id='word_1_431' title='bbox 2729 3063 3186 3135; x_wconf 78' lang='lat' dir='ltr'><strong>prterogationibus</strong></span> <span class='ocrx_word' id='word_1_432' title='bbox 3239 3065 3527 3130; x_wconf 83' lang='lat' dir='ltr'><strong>referatur,</strong></span> <span class='ocrx_word' id='word_1_433' title='bbox 3580 3082 3730 3122; x_wconf 92' lang='lat' dir='ltr'><strong>num.</strong></span> <span class='ocrx_word' id='word_1_434' title='bbox 3779 3068 3835 3125; x_wconf 80' lang='grc'><strong>5.</strong></span> 
     </span>
    </p>
   </div>
   <div class='ocr_carea' id='block_1_63' title="bbox 528 3149 2124 3239">
    <p class='ocr_par' dir='ltr' id='par_1_63' title="bbox 528 3158 2124 3229">
     <span class='ocr_line' id='line_1_63' title="bbox 528 3158 2124 3229; baseline -0.003 -11"><span class='ocrx_word' id='word_1_435' title='bbox 528 3175 595 3218; x_wconf 76' lang='lat' dir='ltr'><strong>ex</strong></span> <span class='ocrx_word' id='word_1_436' title='bbox 626 3176 729 3216; x_wconf 89' lang='lat' dir='ltr'><strong>ms.</strong></span> <span class='ocrx_word' id='word_1_437' title='bbox 763 3159 1065 3217; x_wconf 77' lang='lat' dir='ltr'><strong>Veronensi</strong></span> <span class='ocrx_word' id='word_1_438' title='bbox 1108 3169 1239 3215; x_wconf 91' lang='lat' dir='ltr'><strong>tom.</strong></span> <span class='ocrx_word' id='word_1_439' title='bbox 1274 3175 1344 3221; x_wconf 84' lang='lat' dir='ltr'><strong>ll,</strong></span> <span class='ocrx_word' id='word_1_440' title='bbox 1381 3169 1517 3229; x_wconf 86' lang='lat' dir='ltr'><strong>part.</strong></span> <span class='ocrx_word' id='word_1_441' title='bbox 1554 3175 1631 3225; x_wconf 88' lang='grc' dir='ltr'><strong>ιι,</strong></span> <span class='ocrx_word' id='word_1_442' title='bbox 1677 3158 1877 3215; x_wconf 80' lang='lat' dir='ltr'><strong>Rerum</strong></span> <span class='ocrx_word' id='word_1_443' title='bbox 1914 3158 2124 3214; x_wconf 78' lang='lat' dir='ltr'><strong>Italica-</strong></span> 
     </span>
    </p>
   </div>
   <div class='ocr_carea' id='block_1_64' title="bbox 2226 3149 3841 3239">
    <p class='ocr_par' dir='ltr' id='par_1_64' title="bbox 2232 3149 3841 3239">
     <span class='ocr_line' id='line_1_64' title="bbox 2232 3149 3841 3239; baseline 0.007 -35"><span class='ocrx_word' id='word_1_444' title='bbox 2232 3149 2567 3223; x_wconf 85' lang='lat' dir='ltr'><strong>Quamquam</strong></span> <span class='ocrx_word' id='word_1_445' title='bbox 2600 3170 2706 3209; x_wconf 90' lang='lat' dir='ltr'><strong>non</strong></span> <span class='ocrx_word' id='word_1_446' title='bbox 2738 3154 2839 3210; x_wconf 89' lang='lat' dir='ltr'><strong>hac</strong></span> <span class='ocrx_word' id='word_1_447' title='bbox 2864 3156 3061 3223; x_wconf 87' lang='lat' dir='ltr'><strong>solum,</strong></span> <span class='ocrx_word' id='word_1_448' title='bbox 3082 3156 3177 3212; x_wconf 89' lang='lat' dir='ltr'><strong>sed</strong></span> <span class='ocrx_word' id='word_1_449' title='bbox 3204 3156 3324 3212; x_wconf 90' lang='lat' dir='ltr'><strong>aliis</strong></span> <span class='ocrx_word' id='word_1_450' title='bbox 3350 3174 3575 3239; x_wconf 77' lang='lat' dir='ltr'><strong>quoque</strong></span> <span class='ocrx_word' id='word_1_451' title='bbox 3595 3159 3649 3215; x_wconf 91' lang='lat' dir='ltr'><strong>in</strong></span> <span class='ocrx_word' id='word_1_452' title='bbox 3679 3176 3841 3217; x_wconf 83' lang='lat' dir='ltr'><strong>occa-</strong></span> 
     </span>
    </p>
   </div>
   <div class='ocr_carea' id='block_1_65' title="bbox 529 3250 2133 3321">
    <p class='ocr_par' dir='ltr' id='par_1_65' title="bbox 529 3250 2133 3321">
     <span class='ocr_line' id='line_1_65' title="bbox 529 3250 2133 3321; baseline -0.001 -15"><span class='ocrx_word' id='word_1_453' title='bbox 529 3268 679 3317; x_wconf 90' lang='lat' dir='ltr'><strong>rum,</strong></span> <span class='ocrx_word' id='word_1_454' title='bbox 729 3250 912 3307; x_wconf 81' lang='lat' dir='ltr'><strong>nonné</strong></span> <span class='ocrx_word' id='word_1_455' title='bbox 956 3251 1072 3307; x_wconf 61' lang='lat' dir='ltr'><strong>haec</strong></span> <span class='ocrx_word' id='word_1_456' title='bbox 1105 3252 1174 3307; x_wconf 89' lang='lat' dir='ltr'><strong>de</strong></span> <span class='ocrx_word' id='word_1_457' title='bbox 1203 3252 1321 3318; x_wconf 90' lang='lat' dir='ltr'><strong>illo,</strong></span> <span class='ocrx_word' id='word_1_458' title='bbox 1355 3253 1444 3321; x_wconf 91' lang='lat' dir='ltr'><strong>qui</strong></span> <span class='ocrx_word' id='word_1_459' title='bbox 1488 3251 1688 3307; x_wconf 87' lang='lat' dir='ltr'><strong>Zenoni</strong></span> <span class='ocrx_word' id='word_1_460' title='bbox 1716 3251 1877 3320; x_wconf 89' lang='lat' dir='ltr'><strong>plane</strong></span> <span class='ocrx_word' id='word_1_461' title='bbox 1917 3266 2133 3306; x_wconf 73' lang='lat' dir='ltr'><strong>comvns</strong></span> 
     </span>
    </p>
   </div>
   <div class='ocr_carea' id='block_1_66' title="bbox 528 3344 2131 3416">
    <p class='ocr_par' dir='ltr' id='par_1_66' title="bbox 528 3344 2131 3416">
     <span class='ocr_line' id='line_1_66' title="bbox 528 3344 2131 3416; baseline 0 -15"><span class='ocrx_word' id='word_1_462' title='bbox 528 3346 650 3412; x_wconf 77' lang='lat' dir='ltr'><strong>fuit,</strong></span> <span class='ocrx_word' id='word_1_463' title='bbox 683 3346 882 3413; x_wconf 85' lang='lat' dir='ltr'><strong>scripta</strong></span> <span class='ocrx_word' id='word_1_464' title='bbox 915 3345 1155 3416; x_wconf 88' lang='lat' dir='ltr'><strong>reliquit,</strong></span> <span class='ocrx_word' id='word_1_465' title='bbox 1187 3361 1306 3416; x_wconf 90' lang='lat' dir='ltr'><strong>pag.</strong></span> <span class='ocrx_word' id='word_1_466' title='bbox 1341 3345 1440 3401; x_wconf 77' lang='grc' dir='ltr'><strong>ε9ι</strong></span> <span class='ocrx_word' id='word_1_467' title='bbox 1473 3363 1486 3400; x_wconf 91' lang='lat'><strong>:</strong></span> <span class='ocrx_word' id='word_1_468' title='bbox 1522 3345 1664 3401; x_wconf 87' lang='lat' dir='ltr'><strong>Sane</strong></span> <span class='ocrx_word' id='word_1_469' title='bbox 1698 3345 1766 3399; x_wconf 88' lang='lat' dir='ltr'><strong>ad</strong></span> <span class='ocrx_word' id='word_1_470' title='bbox 1795 3344 1988 3400; x_wconf 85' lang='lat' dir='ltr'><strong>Christi</strong></span> <span class='ocrx_word' id='word_1_471' title='bbox 2017 3348 2131 3401; x_wconf 83' lang='lat' dir='ltr'><strong>cul-</strong></span> 
     </span>
    </p>
   </div>
   <div class='ocr_carea' id='block_1_67' title="bbox 528 3438 2129 3513">
    <p class='ocr_par' dir='ltr' id='par_1_67' title="bbox 528 3438 2129 3513">
     <span class='ocr_line' id='line_1_67' title="bbox 528 3438 2129 3513; baseline 0.001 -19"><span class='ocrx_word' id='word_1_472' title='bbox 528 3449 700 3494; x_wconf 85' lang='lat' dir='ltr'><strong>turam</strong></span> <span class='ocrx_word' id='word_1_473' title='bbox 721 3448 826 3493; x_wconf 86' lang='lat' dir='ltr'><strong>toto</strong></span> <span class='ocrx_word' id='word_1_474' title='bbox 848 3438 1042 3493; x_wconf 89' lang='lat' dir='ltr'><strong>mundo</strong></span> <span class='ocrx_word' id='word_1_475' title='bbox 1063 3441 1372 3510; x_wconf 82' lang='lat' dir='ltr'><strong>confluente,</strong></span> <span class='ocrx_word' id='word_1_476' title='bbox 1388 3441 1501 3512; x_wconf 86' lang='lat' dir='ltr'><strong>jam</strong></span> <span class='ocrx_word' id='word_1_477' title='bbox 1524 3440 1663 3494; x_wconf 89' lang='lat' dir='ltr'><strong>dicta</strong></span> <span class='ocrx_word' id='word_1_478' title='bbox 1683 3441 1859 3495; x_wconf 86' lang='lat' dir='ltr'><strong>civitas</strong></span> <span class='ocrx_word' id='word_1_479' title='bbox 1879 3438 2129 3513; x_wconf 82' lang='lat' dir='ltr'><strong>(Mutina)</strong></span> 
     </span>
    </p>
   </div>
   <div class='ocr_carea' id='block_1_68' title="bbox 528 3530 2128 3604">
    <p class='ocr_par' dir='ltr' id='par_1_68' title="bbox 528 3530 2128 3604">
     <span class='ocr_line' id='line_1_68' title="bbox 528 3530 2128 3604; baseline 0.001 -18"><span class='ocrx_word' id='word_1_480' title='bbox 528 3548 621 3604; x_wconf 87' lang='lat' dir='ltr'><strong>per</strong></span> <span class='ocrx_word' id='word_1_481' title='bbox 657 3532 1007 3602; x_wconf 86' lang='lat' dir='ltr'><strong>apostolorum</strong></span> <span class='ocrx_word' id='word_1_482' title='bbox 1043 3548 1363 3586; x_wconf 79' lang='lat' dir='ltr'><strong>successores</strong></span> <span class='ocrx_word' id='word_1_483' title='bbox 1403 3530 1613 3586; x_wconf 87' lang='lat' dir='ltr'><strong>Domini</strong></span> <span class='ocrx_word' id='word_1_484' title='bbox 1650 3533 1804 3599; x_wconf 83' lang='lat' dir='ltr'><strong>ﬁdem</strong></span> <span class='ocrx_word' id='word_1_485' title='bbox 1842 3532 2093 3602; x_wconf 85' lang='lat' dir='ltr'><strong>recipiens</strong></span> <span class='ocrx_word' id='word_1_486' title='bbox 2114 3573 2128 3598; x_wconf 91' lang='lat'><strong>,</strong></span> 
     </span>
    </p>
   </div>
   <div class='ocr_carea' id='block_1_69' title="bbox 527 3623 2128 3696">
    <p class='ocr_par' dir='ltr' id='par_1_69' title="bbox 527 3623 2128 3696">
     <span class='ocr_line' id='line_1_69' title="bbox 527 3623 2128 3696; baseline -0.001 -16"><span class='ocrx_word' id='word_1_487' title='bbox 527 3640 716 3680; x_wconf 89' lang='lat' dir='ltr'><strong>vanam</strong></span> <span class='ocrx_word' id='word_1_488' title='bbox 744 3623 768 3678; x_wconf 84' lang='grc' dir='ltr'><strong><em>Ι</em></strong></span> <span class='ocrx_word' id='word_1_489' title='bbox 777 3624 1015 3679; x_wconf 89' lang='lat' dir='ltr'><strong>dolorum</strong></span> <span class='ocrx_word' id='word_1_490' title='bbox 1040 3625 1237 3694; x_wconf 82' lang='lat' dir='ltr'><strong>respuit</strong></span> <span class='ocrx_word' id='word_1_491' title='bbox 1260 3624 1562 3696; x_wconf 59' lang='lat' dir='ltr'><strong>foeditatem,</strong></span> <span class='ocrx_word' id='word_1_492' title='bbox 1599 3639 1661 3678; x_wconf 86' lang='lat' dir='ltr'><strong>ac</strong></span> <span class='ocrx_word' id='word_1_493' title='bbox 1678 3632 1971 3679; x_wconf 87' lang='lat' dir='ltr'><strong>sanctorum</strong></span> <span class='ocrx_word' id='word_1_494' title='bbox 1992 3640 2128 3695; x_wconf 73' lang='lat' dir='ltr'><strong>prm-</strong></span> 
     </span>
    </p>
   </div>
   <div class='ocr_carea' id='block_1_70' title="bbox 530 3715 2131 3785">
    <p class='ocr_par' dir='ltr' id='par_1_70' title="bbox 530 3715 2131 3785">
     <span class='ocr_line' id='line_1_70' title="bbox 530 3715 2131 3785; baseline -0.001 -15"><span class='ocrx_word' id='word_1_495' title='bbox 530 3718 788 3771; x_wconf 84' lang='lat' dir='ltr'><strong>dicutione</strong></span> <span class='ocrx_word' id='word_1_496' title='bbox 827 3716 1150 3771; x_wconf 85' lang='lat' dir='ltr'><strong>sacerdotum</strong></span> <span class='ocrx_word' id='word_1_497' title='bbox 1188 3717 1430 3771; x_wconf 74' lang='lat' dir='ltr'><strong>amissam</strong></span> <span class='ocrx_word' id='word_1_498' title='bbox 1457 3716 1550 3770; x_wconf 89' lang='lat' dir='ltr'><strong>diu</strong></span> <span class='ocrx_word' id='word_1_499' title='bbox 1578 3715 1690 3770; x_wconf 75' lang='lat' dir='ltr'><strong>cteli</strong></span> <span class='ocrx_word' id='word_1_500' title='bbox 1729 3718 1953 3785; x_wconf 84' lang='lat' dir='ltr'><strong>recipere</strong></span> <span class='ocrx_word' id='word_1_501' title='bbox 1979 3716 2131 3783; x_wconf 76' lang='lat' dir='ltr'><strong>coepit</strong></span> 
     </span>
    </p>
   </div>
   <div class='ocr_carea' id='block_1_71' title="bbox 532 3805 2132 3879">
    <p class='ocr_par' dir='ltr' id='par_1_71' title="bbox 532 3805 2132 3879">
     <span class='ocr_line' id='line_1_71' title="bbox 532 3805 2132 3879; baseline 0.001 -18"><span class='ocrx_word' id='word_1_502' title='bbox 532 3807 900 3863; x_wconf 64' lang='lat' dir='ltr'><strong>hereditatem.</strong></span> <span class='ocrx_word' id='word_1_503' title='bbox 929 3805 998 3861; x_wconf 88' lang='lat' dir='ltr'><strong>In</strong></span> <span class='ocrx_word' id='word_1_504' title='bbox 1035 3823 1254 3878; x_wconf 88' lang='lat' dir='ltr'><strong>quorum</strong></span> <span class='ocrx_word' id='word_1_505' title='bbox 1282 3808 1520 3879; x_wconf 82' lang='lat' dir='ltr'><strong>catalogo</strong></span> <span class='ocrx_word' id='word_1_506' title='bbox 1549 3810 1900 3878; x_wconf 80' lang='lat' dir='ltr'><strong>confessorum</strong></span> <span class='ocrx_word' id='word_1_507' title='bbox 1929 3806 2132 3862; x_wconf 83' lang='lat' dir='ltr'><strong>Beatis-</strong></span> 
     </span>
    </p>
   </div>
   <div class='ocr_carea' id='block_1_72' title="bbox 527 3898 2129 3971">
    <p class='ocr_par' dir='ltr' id='par_1_72' title="bbox 527 3898 2129 3971">
     <span class='ocr_line' id='line_1_72' title="bbox 527 3898 2129 3971; baseline -0.002 -15"><span class='ocrx_word' id='word_1_508' title='bbox 527 3898 1219 3956; x_wconf 66' lang='lat' dir='ltr'><strong>simum’Geminianum.....</strong></span> <span class='ocrx_word' id='word_1_509' title='bbox 1247 3900 1425 3955; x_wconf 85' lang='lat' dir='ltr'><strong>eadem</strong></span> <span class='ocrx_word' id='word_1_510' title='bbox 1446 3942 1460 3964; x_wconf 94' lang='lat'><strong>,</strong></span> <span class='ocrx_word' id='word_1_511' title='bbox 1488 3898 1709 3954; x_wconf 88' lang='lat' dir='ltr'><strong>Domino</strong></span> <span class='ocrx_word' id='word_1_512' title='bbox 1740 3900 1980 3971; x_wconf 85' lang='lat' dir='ltr'><strong>jubente,</strong></span> <span class='ocrx_word' id='word_1_513' title='bbox 2014 3916 2129 3954; x_wconf 86' lang='lat' dir='ltr'><strong>sus-</strong></span> 
     </span>
    </p>
   </div>
   <div class='ocr_carea' id='block_1_73' title="bbox 526 3991 2131 4064">
    <p class='ocr_par' dir='ltr' id='par_1_73' title="bbox 526 3991 2131 4064">
     <span class='ocr_line' id='line_1_73' title="bbox 526 3991 2131 4064; baseline 0 -17"><span class='ocrx_word' id='word_1_514' title='bbox 526 3995 660 4064; x_wconf 84' lang='lat' dir='ltr'><strong>cepit</strong></span> <span class='ocrx_word' id='word_1_515' title='bbox 688 3993 865 4047; x_wconf 84' lang='lat' dir='ltr'><strong>civitas</strong></span> <span class='ocrx_word' id='word_1_516' title='bbox 906 3992 1304 4060; x_wconf 79' lang='lat' dir='ltr'><strong>Mutinensium,</strong></span> <span class='ocrx_word' id='word_1_517' title='bbox 1334 3993 1645 4061; x_wconf 86' lang='lat' dir='ltr'><strong>temporibus</strong></span> <span class='ocrx_word' id='word_1_518' title='bbox 1671 3991 1881 4047; x_wconf 70' lang='lat' dir='ltr'><strong>Ioviani</strong></span> <span class='ocrx_word' id='word_1_519' title='bbox 1912 3993 2131 4063; x_wconf 79' lang='lat' dir='ltr'><strong>Augusti</strong></span> 
     </span>
    </p>
   </div>
   <div class='ocr_carea' id='block_1_74' title="bbox 528 4085 2128 4156">
    <p class='ocr_par' dir='ltr' id='par_1_74' title="bbox 528 4085 2128 4156">
     <span class='ocr_line' id='line_1_74' title="bbox 528 4085 2128 4156; baseline 0.001 -18"><span class='ocrx_word' id='word_1_520' title='bbox 528 4088 686 4139; x_wconf 85' lang='lat' dir='ltr'><strong>totius</strong></span> <span class='ocrx_word' id='word_1_521' title='bbox 716 4085 1035 4156; x_wconf 79' lang='lat' dir='ltr'><strong>Reipublij</strong></span> <span class='ocrx_word' id='word_1_522' title='bbox 1056 4085 1344 4156; x_wconf 86' lang='lat' dir='ltr'><strong>Principis.</strong></span> <span class='ocrx_word' id='word_1_523' title='bbox 1370 4088 1414 4141; x_wconf 83' lang='lat' dir='ltr'><strong>A</strong></span> <span class='ocrx_word' id='word_1_524' title='bbox 1432 4103 1534 4153; x_wconf 89' lang='lat' dir='ltr'><strong>quo</strong></span> <span class='ocrx_word' id='word_1_525' title='bbox 1561 4087 1776 4142; x_wconf 77' lang='lat' dir='ltr'><strong>ctelestis</strong></span> <span class='ocrx_word' id='word_1_526' title='bbox 1805 4087 1921 4140; x_wconf 75' lang='lat' dir='ltr'><strong>vita:</strong></span> <span class='ocrx_word' id='word_1_527' title='bbox 1942 4086 2128 4155; x_wconf 87' lang='lat' dir='ltr'><strong>pabulo</strong></span> 
     </span>
    </p>
   </div>
   <div class='ocr_carea' id='block_1_75' title="bbox 525 4179 2131 4250">
    <p class='ocr_par' dir='ltr' id='par_1_75' title="bbox 525 4179 2131 4250">
     <span class='ocr_line' id='line_1_75' title="bbox 525 4179 2131 4250; baseline -0.001 -18"><span class='ocrx_word' id='word_1_528' title='bbox 525 4189 790 4244; x_wconf 87' lang='lat' dir='ltr'><strong>recreata,</strong></span> <span class='ocrx_word' id='word_1_529' title='bbox 840 4188 1132 4248; x_wconf 75' lang='lat' dir='ltr'><strong>sanctwque</strong></span> <span class='ocrx_word' id='word_1_530' title='bbox 1159 4179 1539 4250; x_wconf 80' lang='lat' dir='ltr'><strong>puriﬁcationis</strong></span> <span class='ocrx_word' id='word_1_531' title='bbox 1578 4183 1720 4249; x_wconf 82' lang='lat' dir='ltr'><strong>fonte</strong></span> <span class='ocrx_word' id='word_1_532' title='bbox 1754 4188 2003 4250; x_wconf 88' lang='lat' dir='ltr'><strong>purgata,</strong></span> <span class='ocrx_word' id='word_1_533' title='bbox 2041 4194 2131 4231; x_wconf 84' lang='lat' dir='ltr'><strong>su-</strong></span> 
     </span>
    </p>
   </div>
   <div class='ocr_carea' id='block_1_76' title="bbox 528 4271 2129 4344">
    <p class='ocr_par' dir='ltr' id='par_1_76' title="bbox 528 4271 2129 4344">
     <span class='ocr_line' id='line_1_76' title="bbox 528 4271 2129 4344; baseline -0.002 -17"><span class='ocrx_word' id='word_1_534' title='bbox 528 4273 787 4344; x_wconf 77' lang='lat' dir='ltr'><strong>perﬂuam</strong></span> <span class='ocrx_word' id='word_1_535' title='bbox 830 4271 1103 4327; x_wconf 74' lang='lat' dir='ltr'><strong>[dolorum</strong></span> <span class='ocrx_word' id='word_1_536' title='bbox 1141 4273 1433 4328; x_wconf 81' lang='lat' dir='ltr'><strong>servitutem</strong></span> <span class='ocrx_word' id='word_1_537' title='bbox 1475 4273 1712 4342; x_wconf 88' lang='lat' dir='ltr'><strong>reliquit,</strong></span> <span class='ocrx_word' id='word_1_538' title='bbox 1758 4281 1806 4326; x_wconf 90' lang='lat' dir='ltr'><strong>et</strong></span> <span class='ocrx_word' id='word_1_539' title='bbox 1833 4271 1978 4326; x_wconf 87' lang='lat' dir='ltr'><strong>suavi</strong></span> <span class='ocrx_word' id='word_1_540' title='bbox 1996 4273 2129 4344; x_wconf 84' lang='lat' dir='ltr'><strong>jugo</strong></span> 
     </span>
    </p>
   </div>
   <div class='ocr_carea' id='block_1_77' title="bbox 528 4364 2130 4439">
    <p class='ocr_par' dir='ltr' id='par_1_77' title="bbox 528 4364 2130 4439">
     <span class='ocr_line' id='line_1_77' title="bbox 528 4364 2130 4439; baseline -0.003 -17"><span class='ocrx_word' id='word_1_541' title='bbox 528 4366 721 4422; x_wconf 81' lang='lat' dir='ltr'><strong>Christi</strong></span> <span class='ocrx_word' id='word_1_542' title='bbox 763 4368 898 4422; x_wconf 87' lang='lat' dir='ltr'><strong>colla</strong></span> <span class='ocrx_word' id='word_1_543' title='bbox 937 4367 1151 4439; x_wconf 87' lang='lat' dir='ltr'><strong>subegit.</strong></span> <span class='ocrx_word' id='word_1_544' title='bbox 1208 4365 1266 4421; x_wconf 86' lang='lat' dir='ltr'><strong>In</strong></span> <span class='ocrx_word' id='word_1_545' title='bbox 1314 4382 1435 4437; x_wconf 68' lang='lat' dir='ltr'><strong>qum</strong></span> <span class='ocrx_word' id='word_1_546' title='bbox 1476 4365 1641 4421; x_wconf 88' lang='lat' dir='ltr'><strong>verba</strong></span> <span class='ocrx_word' id='word_1_547' title='bbox 1694 4364 2130 4419; x_wconf 89' lang='lat' dir='ltr'><strong>animadvertens</strong></span> 
     </span>
    </p>
   </div>
   <div class='ocr_carea' id='block_1_78' title="bbox 525 4457 2127 4524">
    <p class='ocr_par' dir='ltr' id='par_1_78' title="bbox 525 4457 2127 4524">
     <span class='ocr_line' id='line_1_78' title="bbox 525 4457 2127 4524; baseline -0.004 -6"><span class='ocrx_word' id='word_1_548' title='bbox 525 4462 862 4518; x_wconf 78' lang='lat' dir='ltr'><strong>clarissimus</strong></span> <span class='ocrx_word' id='word_1_549' title='bbox 905 4463 1103 4524; x_wconf 84' lang='lat' dir='ltr'><strong>editor.</strong></span> <span class='ocrx_word' id='word_1_550' title='bbox 1154 4464 1199 4518; x_wconf 88' lang='lat' dir='ltr'><strong>si</strong></span> <span class='ocrx_word' id='word_1_551' title='bbox 1254 4463 1357 4517; x_wconf 91' lang='lat' dir='ltr'><strong>alia</strong></span> <span class='ocrx_word' id='word_1_552' title='bbox 1411 4461 1571 4517; x_wconf 89' lang='lat' dir='ltr'><strong>simul</strong></span> <span class='ocrx_word' id='word_1_553' title='bbox 1628 4461 1857 4515; x_wconf 89' lang='lat' dir='ltr'><strong>aliarum</strong></span> <span class='ocrx_word' id='word_1_554' title='bbox 1915 4457 2127 4514; x_wconf 88' lang='lat' dir='ltr'><strong>urbium</strong></span> 
     </span>
    </p>
   </div>
   <div class='ocr_carea' id='block_1_79' title="bbox 2235 3243 3838 3321">
    <p class='ocr_par' dir='ltr' id='par_1_79' title="bbox 2235 3243 3838 3321">
     <span class='ocr_line' id='line_1_79' title="bbox 2235 3243 3838 3321; baseline 0.011 -25"><span class='ocrx_word' id='word_1_555' title='bbox 2235 3243 2478 3300; x_wconf 88' lang='lat' dir='ltr'><strong>sionibus</strong></span> <span class='ocrx_word' id='word_1_556' title='bbox 2507 3246 2582 3310; x_wconf 89' lang='lat' dir='ltr'><strong>hi,</strong></span> <span class='ocrx_word' id='word_1_557' title='bbox 2610 3248 2865 3318; x_wconf 85' lang='lat' dir='ltr'><strong>episcopo</strong></span> <span class='ocrx_word' id='word_1_558' title='bbox 2884 3251 3180 3318; x_wconf 68' lang='lat' dir='ltr'><strong>prmsertim</strong></span> <span class='ocrx_word' id='word_1_559' title='bbox 3211 3252 3555 3321; x_wconf 85' lang='lat' dir='ltr'><strong>impellente,</strong></span> <span class='ocrx_word' id='word_1_560' title='bbox 3584 3254 3838 3313; x_wconf 82' lang='lat' dir='ltr'><strong>liberales</strong></span> 
     </span>
    </p>
   </div>
   <div class='ocr_carea' id='block_1_80' title="bbox 2234 3335 3839 3412">
    <p class='ocr_par' dir='ltr' id='par_1_80' title="bbox 2234 3335 3839 3412">
     <span class='ocr_line' id='line_1_80' title="bbox 2234 3335 3839 3412; baseline 0.009 -23"><span class='ocrx_word' id='word_1_561' title='bbox 2234 3348 2355 3390; x_wconf 92' lang='lat' dir='ltr'><strong>sese</strong></span> <span class='ocrx_word' id='word_1_562' title='bbox 2387 3335 2615 3411; x_wconf 76' lang='lat' dir='ltr'><strong>[cxsvu]</strong></span> <span class='ocrx_word' id='word_1_563' title='bbox 2643 3340 2982 3409; x_wconf 74' lang='lat' dir='ltr'><strong>przebueruut</strong></span> <span class='ocrx_word' id='word_1_564' title='bbox 3001 3384 3016 3408; x_wconf 87' lang='lat'><strong>,</strong></span> <span class='ocrx_word' id='word_1_565' title='bbox 3046 3342 3120 3397; x_wconf 92' lang='lat' dir='ltr'><strong>uti</strong></span> <span class='ocrx_word' id='word_1_566' title='bbox 3156 3343 3494 3412; x_wconf 89' lang='lat' dir='ltr'><strong>potissimum</strong></span> <span class='ocrx_word' id='word_1_567' title='bbox 3527 3344 3726 3401; x_wconf 81' lang='lat' dir='ltr'><strong>factum</strong></span> <span class='ocrx_word' id='word_1_568' title='bbox 3755 3357 3839 3403; x_wconf 91' lang='lat' dir='ltr'><strong>est</strong></span> 
     </span>
    </p>
   </div>
   <div class='ocr_carea' id='block_1_81' title="bbox 2237 3424 3838 3507">
    <p class='ocr_par' dir='ltr' id='par_1_81' title="bbox 2237 3424 3838 3507">
     <span class='ocr_line' id='line_1_81' title="bbox 2237 3424 3838 3507; baseline 0.01 -29"><span class='ocrx_word' id='word_1_569' title='bbox 2237 3424 2289 3479; x_wconf 90' lang='lat' dir='ltr'><strong>in</strong></span> <span class='ocrx_word' id='word_1_570' title='bbox 2318 3441 2379 3482; x_wconf 88' lang='lat' dir='ltr'><strong>ea</strong></span> <span class='ocrx_word' id='word_1_571' title='bbox 2406 3429 2748 3499; x_wconf 80' lang='lat' dir='ltr'><strong>captivorum</strong></span> <span class='ocrx_word' id='word_1_572' title='bbox 2774 3431 3163 3504; x_wconf 90' lang='lat' dir='ltr'><strong>redemptione,</strong></span> <span class='ocrx_word' id='word_1_573' title='bbox 3199 3447 3358 3504; x_wconf 88' lang='lat' dir='ltr'><strong>quam</strong></span> <span class='ocrx_word' id='word_1_574' title='bbox 3379 3434 3447 3490; x_wconf 91' lang='lat' dir='ltr'><strong>ab</strong></span> <span class='ocrx_word' id='word_1_575' title='bbox 3476 3437 3594 3507; x_wconf 90' lang='lat' dir='ltr'><strong>ipso</strong></span> <span class='ocrx_word' id='word_1_576' title='bbox 3622 3436 3838 3494; x_wconf 85' lang='lat' dir='ltr'><strong>Zenone</strong></span> 
     </span>
    </p>
   </div>
   <div class='ocr_carea' id='block_1_82' title="bbox 2233 3519 3838 3602">
    <p class='ocr_par' dir='ltr' id='par_1_82' title="bbox 2233 3519 3838 3602">
     <span class='ocr_line' id='line_1_82' title="bbox 2233 3519 3838 3602; baseline 0.01 -30"><span class='ocrx_word' id='word_1_577' title='bbox 2233 3519 2447 3576; x_wconf 81' lang='lat' dir='ltr'><strong>eximiis</strong></span> <span class='ocrx_word' id='word_1_578' title='bbox 2477 3521 2727 3579; x_wconf 85' lang='lat' dir='ltr'><strong>laudibus</strong></span> <span class='ocrx_word' id='word_1_579' title='bbox 2751 3540 2846 3594; x_wconf 89' lang='lat' dir='ltr'><strong>pro</strong></span> <span class='ocrx_word' id='word_1_580' title='bbox 2870 3526 3138 3582; x_wconf 89' lang='lat' dir='ltr'><strong>concione</strong></span> <span class='ocrx_word' id='word_1_581' title='bbox 3167 3526 3512 3597; x_wconf 84' lang='lat' dir='ltr'><strong>praedicatam</strong></span> <span class='ocrx_word' id='word_1_582' title='bbox 3533 3529 3720 3587; x_wconf 84' lang='lat' dir='ltr'><strong>videre</strong></span> <span class='ocrx_word' id='word_1_583' title='bbox 3746 3547 3838 3602; x_wconf 87' lang='lat' dir='ltr'><strong>po-</strong></span> 
     </span>
    </p>
   </div>
   <div class='ocr_carea' id='block_1_83' title="bbox 2236 3615 3140 3682">
    <p class='ocr_par' dir='ltr' id='par_1_83' title="bbox 2236 3615 3140 3682">
     <span class='ocr_line' id='line_1_83' title="bbox 2236 3615 3140 3682; baseline 0.009 -15"><span class='ocrx_word' id='word_1_584' title='bbox 2236 3615 2369 3671; x_wconf 88' lang='lat' dir='ltr'><strong>teris</strong></span> <span class='ocrx_word' id='word_1_585' title='bbox 2397 3624 2556 3671; x_wconf 90' lang='lat' dir='ltr'><strong>tract.</strong></span> <span class='ocrx_word' id='word_1_586' title='bbox 2588 3616 2677 3682; x_wconf 81' lang='lat' dir='ltr'><strong>to,</strong></span> <span class='ocrx_word' id='word_1_587' title='bbox 2706 3634 2857 3675; x_wconf 88' lang='lat' dir='ltr'><strong>num.</strong></span> <span class='ocrx_word' id='word_1_588' title='bbox 2887 3619 2943 3682; x_wconf 78' lang='lat'><strong>5.</strong></span> <span class='ocrx_word' id='word_1_589' title='bbox 2977 3621 3071 3676; x_wconf 86' lang='lat' dir='ltr'><strong>lib.</strong></span> <span class='ocrx_word' id='word_1_590' title='bbox 3103 3638 3140 3678; x_wconf 87' lang='grc' dir='ltr'><strong>ι.</strong></span> 
     </span>
    </p>
   </div>
   <div class='ocr_carea' id='block_1_84' title="bbox 2303 3708 3837 3793">
    <p class='ocr_par' dir='ltr' id='par_1_84' title="bbox 2303 3708 3837 3793">
     <span class='ocr_line' id='line_1_84' title="bbox 2303 3708 3837 3793; baseline 0.007 -30"><span class='ocrx_word' id='word_1_591' title='bbox 2303 3708 2572 3765; x_wconf 69' lang='lat' dir='ltr'><strong>Caeterum</strong></span> <span class='ocrx_word' id='word_1_592' title='bbox 2623 3714 2908 3784; x_wconf 89' lang='lat' dir='ltr'><strong>episcopus</strong></span> <span class='ocrx_word' id='word_1_593' title='bbox 2952 3726 3324 3787; x_wconf 88' lang='lat' dir='ltr'><strong>paupertatem</strong></span> <span class='ocrx_word' id='word_1_594' title='bbox 3372 3718 3724 3793; x_wconf 87' lang='lat' dir='ltr'><strong>proﬁtebatur</strong></span> <span class='ocrx_word' id='word_1_595' title='bbox 3767 3735 3837 3774; x_wconf 86' lang='lat' dir='ltr'><strong>ex</strong></span> 
     </span>
    </p>
   </div>
   <div class='ocr_carea' id='block_1_85' title="bbox 2233 3804 3836 3883">
    <p class='ocr_par' dir='ltr' id='par_1_85' title="bbox 2233 3804 3836 3883">
     <span class='ocr_line' id='line_1_85' title="bbox 2233 3804 3836 3883; baseline 0.006 -26"><span class='ocrx_word' id='word_1_596' title='bbox 2233 3811 2393 3859; x_wconf 88' lang='lat' dir='ltr'><strong>tract.</strong></span> <span class='ocrx_word' id='word_1_597' title='bbox 2424 3804 2495 3860; x_wconf 71' lang='grc'><strong>44</strong></span> <span class='ocrx_word' id='word_1_598' title='bbox 2528 3806 2622 3861; x_wconf 93' lang='lat' dir='ltr'><strong>lib.</strong></span> <span class='ocrx_word' id='word_1_599' title='bbox 2674 3822 2737 3876; x_wconf 91' lang='lat' dir='ltr'><strong>tt,</strong></span> <span class='ocrx_word' id='word_1_600' title='bbox 2771 3825 2838 3863; x_wconf 80' lang='lat' dir='ltr'><strong>ex</strong></span> <span class='ocrx_word' id='word_1_601' title='bbox 2859 3825 2969 3879; x_wconf 90' lang='lat' dir='ltr'><strong>quo</strong></span> <span class='ocrx_word' id='word_1_602' title='bbox 2997 3809 3160 3865; x_wconf 88' lang='lat' dir='ltr'><strong>etiam</strong></span> <span class='ocrx_word' id='word_1_603' title='bbox 3189 3812 3394 3868; x_wconf 89' lang='lat' dir='ltr'><strong>clerum</strong></span> <span class='ocrx_word' id='word_1_604' title='bbox 3436 3812 3511 3867; x_wconf 91' lang='lat' dir='ltr'><strong>illi</strong></span> <span class='ocrx_word' id='word_1_605' title='bbox 3539 3811 3708 3869; x_wconf 79' lang='lat' dir='ltr'><strong>fuisse</strong></span> <span class='ocrx_word' id='word_1_606' title='bbox 3737 3829 3836 3883; x_wconf 85' lang='lat' dir='ltr'><strong>pa-</strong></span> 
     </span>
    </p>
   </div>
   <div class='ocr_carea' id='block_1_86' title="bbox 2235 3898 3841 3977">
    <p class='ocr_par' dir='ltr' id='par_1_86' title="bbox 2235 3898 3841 3977">
     <span class='ocr_line' id='line_1_86' title="bbox 2235 3898 3841 3977; baseline 0.007 -27"><span class='ocrx_word' id='word_1_607' title='bbox 2235 3903 2344 3962; x_wconf 86' lang='lat' dir='ltr'><strong>tet;</strong></span> <span class='ocrx_word' id='word_1_608' title='bbox 2377 3898 2655 3968; x_wconf 89' lang='lat' dir='ltr'><strong>cnjusdam</strong></span> <span class='ocrx_word' id='word_1_609' title='bbox 2684 3901 2830 3956; x_wconf 92' lang='lat' dir='ltr'><strong>enim</strong></span> <span class='ocrx_word' id='word_1_610' title='bbox 2873 3904 2950 3957; x_wconf 89' lang='lat' dir='ltr'><strong>rei</strong></span> <span class='ocrx_word' id='word_1_611' title='bbox 2995 3911 3162 3959; x_wconf 80' lang='lat' dir='ltr'><strong>te5tes</strong></span> <span class='ocrx_word' id='word_1_612' title='bbox 3200 3905 3436 3976; x_wconf 86' lang='lat' dir='ltr'><strong>appellat</strong></span> <span class='ocrx_word' id='word_1_613' title='bbox 3462 3908 3725 3977; x_wconf 87' lang='lat' dir='ltr'><strong>operarios</strong></span> <span class='ocrx_word' id='word_1_614' title='bbox 3749 3909 3841 3976; x_wconf 88' lang='lat' dir='ltr'><strong>qui</strong></span> 
     </span>
    </p>
   </div>
   <div class='ocr_carea' id='block_1_87' title="bbox 2233 3995 3835 4066">
    <p class='ocr_par' dir='ltr' id='par_1_87' title="bbox 2233 3995 3835 4066">
     <span class='ocr_line' id='line_1_87' title="bbox 2233 3995 3835 4066; baseline 0.007 -23"><span class='ocrx_word' id='word_1_615' title='bbox 2233 4004 2432 4045; x_wconf 87' lang='lat' dir='ltr'><strong>mecum</strong></span> <span class='ocrx_word' id='word_1_616' title='bbox 2460 4004 2612 4060; x_wconf 87' lang='lat' dir='ltr'><strong>sunt,</strong></span> <span class='ocrx_word' id='word_1_617' title='bbox 2647 3995 2841 4065; x_wconf 90' lang='lat' dir='ltr'><strong>inquit.</strong></span> <span class='ocrx_word' id='word_1_618' title='bbox 2889 3995 3026 4051; x_wconf 87' lang='lat' dir='ltr'><strong>Hinc</strong></span> <span class='ocrx_word' id='word_1_619' title='bbox 3075 4008 3232 4053; x_wconf 89' lang='lat' dir='ltr'><strong>tract.</strong></span> <span class='ocrx_word' id='word_1_620' title='bbox 3283 3999 3350 4055; x_wconf 75' lang='lat' dir='ltr'><strong>t6</strong></span> <span class='ocrx_word' id='word_1_621' title='bbox 3386 3998 3482 4055; x_wconf 88' lang='lat' dir='ltr'><strong>lib.</strong></span> <span class='ocrx_word' id='word_1_622' title='bbox 3512 4016 3563 4066; x_wconf 86' lang='grc' dir='ltr'><strong>ι,</strong></span> <span class='ocrx_word' id='word_1_623' title='bbox 3595 4016 3744 4056; x_wconf 90' lang='lat' dir='ltr'><strong>num.</strong></span> <span class='ocrx_word' id='word_1_624' title='bbox 3778 4001 3835 4066; x_wconf 83' lang='lat'><strong>6,</strong></span> 
     </span>
    </p>
   </div>
   <div class='ocr_carea' id='block_1_88' title="bbox 2232 4082 3836 4163">
    <p class='ocr_par' dir='ltr' id='par_1_88' title="bbox 2232 4082 3836 4163">
     <span class='ocr_line' id='line_1_88' title="bbox 2232 4082 3836 4163; baseline 0.007 -28"><span class='ocrx_word' id='word_1_625' title='bbox 2232 4082 2545 4139; x_wconf 86' lang='lat' dir='ltr'><strong>sacerdotes</strong></span> <span class='ocrx_word' id='word_1_626' title='bbox 2576 4097 2877 4153; x_wconf 88' lang='lat' dir='ltr'><strong>memorat,</strong></span> <span class='ocrx_word' id='word_1_627' title='bbox 2909 4088 2998 4158; x_wconf 91' lang='lat' dir='ltr'><strong>qui</strong></span> <span class='ocrx_word' id='word_1_628' title='bbox 3031 4091 3367 4146; x_wconf 90' lang='lat' dir='ltr'><strong>solemnibus</strong></span> <span class='ocrx_word' id='word_1_629' title='bbox 3406 4092 3605 4149; x_wconf 77' lang='lat' dir='ltr'><strong>divinis</strong></span> <span class='ocrx_word' id='word_1_630' title='bbox 3648 4092 3836 4163; x_wconf 80' lang='lat' dir='ltr'><strong>qttics-</strong></span> 
     </span>
    </p>
   </div>
   <div class='ocr_carea' id='block_1_89' title="bbox 2232 4176 3834 4252">
    <p class='ocr_par' dir='ltr' id='par_1_89' title="bbox 2232 4176 3834 4252">
     <span class='ocr_line' id='line_1_89' title="bbox 2232 4176 3834 4252; baseline 0.008 -25"><span class='ocrx_word' id='word_1_631' title='bbox 2232 4176 2470 4229; x_wconf 91' lang='lat' dir='ltr'><strong>centium</strong></span> <span class='ocrx_word' id='word_1_632' title='bbox 2504 4176 2711 4231; x_wconf 87' lang='lat' dir='ltr'><strong>animas</strong></span> <span class='ocrx_word' id='word_1_633' title='bbox 2741 4179 2851 4234; x_wconf 93' lang='lat' dir='ltr'><strong>Deo</strong></span> <span class='ocrx_word' id='word_1_634' title='bbox 2878 4183 3261 4238; x_wconf 88' lang='lat' dir='ltr'><strong>commendare</strong></span> <span class='ocrx_word' id='word_1_635' title='bbox 3289 4184 3555 4252; x_wconf 89' lang='lat' dir='ltr'><strong>solebant,</strong></span> <span class='ocrx_word' id='word_1_636' title='bbox 3591 4196 3645 4241; x_wconf 90' lang='lat' dir='ltr'><strong>et</strong></span> <span class='ocrx_word' id='word_1_637' title='bbox 3672 4194 3834 4240; x_wconf 88' lang='lat' dir='ltr'><strong>tract.</strong></span> 
     </span>
    </p>
   </div>
   <div class='ocr_carea' id='block_1_90' title="bbox 2232 4263 3832 4347">
    <p class='ocr_par' dir='ltr' id='par_1_90' title="bbox 2232 4263 3832 4347">
     <span class='ocr_line' id='line_1_90' title="bbox 2232 4263 3832 4347; baseline 0.008 -28"><span class='ocrx_word' id='word_1_638' title='bbox 2232 4263 2303 4321; x_wconf 82' lang='lat'><strong>50</strong></span> <span class='ocrx_word' id='word_1_639' title='bbox 2353 4266 2448 4323; x_wconf 90' lang='lat' dir='ltr'><strong>lib.</strong></span> <span class='ocrx_word' id='word_1_640' title='bbox 2484 4283 2554 4332; x_wconf 88' lang='lat' dir='ltr'><strong>tt,</strong></span> <span class='ocrx_word' id='word_1_641' title='bbox 2589 4272 2916 4329; x_wconf 75' lang='lat' dir='ltr'><strong>intentionem</strong></span> <span class='ocrx_word' id='word_1_642' title='bbox 2975 4272 3104 4329; x_wconf 78' lang='lat' dir='ltr'><strong>facit</strong></span> <span class='ocrx_word' id='word_1_643' title='bbox 3147 4274 3553 4339; x_wconf 81' lang='lat' dir='ltr'><strong>ministrorum,</strong></span> <span class='ocrx_word' id='word_1_644' title='bbox 3585 4278 3675 4347; x_wconf 91' lang='lat' dir='ltr'><strong>qui</strong></span> <span class='ocrx_word' id='word_1_645' title='bbox 3708 4278 3832 4347; x_wconf 82' lang='lat' dir='ltr'><strong>epi-</strong></span> 
     </span>
    </p>
   </div>
   <div class='ocr_carea' id='block_1_91' title="bbox 2233 4359 3838 4429">
    <p class='ocr_par' dir='ltr' id='par_1_91' title="bbox 2233 4359 3838 4429">
     <span class='ocr_line' id='line_1_91' title="bbox 2233 4359 3838 4429; baseline 0.007 -18"><span class='ocrx_word' id='word_1_646' title='bbox 2233 4371 2373 4426; x_wconf 89' lang='lat' dir='ltr'><strong>c0po</strong></span> <span class='ocrx_word' id='word_1_647' title='bbox 2405 4359 2768 4417; x_wconf 86' lang='lat' dir='ltr'><strong>inserviebam</strong></span> <span class='ocrx_word' id='word_1_648' title='bbox 2795 4362 2849 4417; x_wconf 91' lang='lat' dir='ltr'><strong>in</strong></span> <span class='ocrx_word' id='word_1_649' title='bbox 2885 4364 3086 4429; x_wconf 88' lang='lat' dir='ltr'><strong>sacris,</strong></span> <span class='ocrx_word' id='word_1_650' title='bbox 3120 4380 3220 4421; x_wconf 91' lang='lat' dir='ltr'><strong>nec</strong></span> <span class='ocrx_word' id='word_1_651' title='bbox 3248 4382 3353 4420; x_wconf 90' lang='lat' dir='ltr'><strong>non</strong></span> <span class='ocrx_word' id='word_1_652' title='bbox 3380 4380 3657 4423; x_wconf 89' lang='lat' dir='ltr'><strong>sacrarum</strong></span> <span class='ocrx_word' id='word_1_653' title='bbox 3686 4367 3838 4423; x_wconf 89' lang='lat' dir='ltr'><strong>ordi-</strong></span> 
     </span>
    </p>
   </div>
   <div class='ocr_carea' id='block_1_92' title="bbox 2234 4452 3836 4529">
    <p class='ocr_par' dir='ltr' id='par_1_92' title="bbox 2234 4452 3836 4529">
     <span class='ocr_line' id='line_1_92' title="bbox 2234 4452 3836 4529; baseline 0.008 -26"><span class='ocrx_word' id='word_1_654' title='bbox 2234 4452 2550 4521; x_wconf 86' lang='lat' dir='ltr'><strong>nationum,</strong></span> <span class='ocrx_word' id='word_1_655' title='bbox 2598 4455 2794 4526; x_wconf 88' lang='lat' dir='ltr'><strong>quibus</strong></span> <span class='ocrx_word' id='word_1_656' title='bbox 2836 4457 3072 4527; x_wconf 89' lang='lat' dir='ltr'><strong>paschali</strong></span> <span class='ocrx_word' id='word_1_657' title='bbox 3119 4467 3364 4529; x_wconf 90' lang='lat' dir='ltr'><strong>tempore</strong></span> <span class='ocrx_word' id='word_1_658' title='bbox 3404 4460 3693 4516; x_wconf 78' lang='lat' dir='ltr'><strong>inferiores</strong></span> <span class='ocrx_word' id='word_1_659' title='bbox 3732 4464 3836 4517; x_wconf 85' lang='lat' dir='ltr'><strong>toi-</strong></span> 
     </span>
    </p>
   </div>
   <div class='ocr_carea' id='block_1_93' title="bbox 526 4546 3838 4636">
    <p class='ocr_par' dir='ltr' id='par_1_93' title="bbox 526 4546 3838 4636">
     <span class='ocr_line' id='line_1_93' title="bbox 526 4546 3838 4636; baseline -0 -25"><span class='ocrx_word' id='word_1_660' title='bbox 526 4554 775 4625; x_wconf 79' lang='lat' dir='ltr'><strong>esempla</strong></span> <span class='ocrx_word' id='word_1_661' title='bbox 818 4555 1214 4625; x_wconf 78' lang='lat' dir='ltr'><strong>prospexisset,</strong></span> <span class='ocrx_word' id='word_1_662' title='bbox 1244 4554 1441 4626; x_wconf 88' lang='lat' dir='ltr'><strong>quibus</strong></span> <span class='ocrx_word' id='word_1_663' title='bbox 1469 4554 1522 4609; x_wconf 89' lang='lat' dir='ltr'><strong>id</strong></span> <span class='ocrx_word' id='word_1_664' title='bbox 1555 4554 1728 4622; x_wconf 89' lang='lat' dir='ltr'><strong>ipsum</strong></span> <span class='ocrx_word' id='word_1_665' title='bbox 1758 4553 1917 4623; x_wconf 86' lang='lat' dir='ltr'><strong>plane</strong></span> <span class='ocrx_word' id='word_1_666' title='bbox 1956 4550 2130 4606; x_wconf 89' lang='lat' dir='ltr'><strong>centi-</strong></span> <span class='ocrx_word' id='word_1_667' title='bbox 2154 4549 2211 4611; x_wconf 85' lang='lat' dir='ltr'><strong>D</strong></span> <span class='ocrx_word' id='word_1_668' title='bbox 2236 4546 2390 4601; x_wconf 84' lang='lat' dir='ltr'><strong>nistri</strong></span> <span class='ocrx_word' id='word_1_669' title='bbox 2432 4547 2497 4603; x_wconf 89' lang='lat' dir='ltr'><strong>ad</strong></span> <span class='ocrx_word' id='word_1_670' title='bbox 2547 4551 2882 4619; x_wconf 91' lang='lat' dir='ltr'><strong>superiorem</strong></span> <span class='ocrx_word' id='word_1_671' title='bbox 2928 4550 3174 4607; x_wconf 90' lang='lat' dir='ltr'><strong>ordinem</strong></span> <span class='ocrx_word' id='word_1_672' title='bbox 3207 4553 3705 4636; x_wconf 34' lang='lat' dir='ltr'><strong>promovebantur;</strong></span> <span class='ocrx_word' id='word_1_673' title='bbox 3732 4556 3838 4626; x_wconf 87' lang='lat' dir='ltr'><strong>piis</strong></span> 
     </span>
    </p>
   </div>
   <div class='ocr_carea' id='block_1_94' title="bbox 524 4643 2125 4717">
    <p class='ocr_par' dir='ltr' id='par_1_94' title="bbox 524 4643 2125 4717">
     <span class='ocr_line' id='line_1_94' title="bbox 524 4643 2125 4717; baseline -0.002 -17"><span class='ocrx_word' id='word_1_674' title='bbox 524 4645 670 4716; x_wconf 85' lang='lat' dir='ltr'><strong>gisse</strong></span> <span class='ocrx_word' id='word_1_675' title='bbox 710 4646 1169 4716; x_wconf 85' lang='lat' dir='ltr'><strong>deprehenditur;</strong></span> <span class='ocrx_word' id='word_1_676' title='bbox 1213 4646 1456 4717; x_wconf 75' lang='lat' dir='ltr'><strong>preteeto</strong></span> <span class='ocrx_word' id='word_1_677' title='bbox 1505 4645 1623 4701; x_wconf 59' lang='lat' dir='ltr'><strong>haec</strong></span> <span class='ocrx_word' id='word_1_678' title='bbox 1654 4647 1705 4700; x_wconf 93' lang='lat' dir='ltr'><strong>in</strong></span> <span class='ocrx_word' id='word_1_679' title='bbox 1755 4643 2125 4714; x_wconf 71' lang='lat' dir='ltr'><strong>prtefationem</strong></span> 
     </span>
    </p>
   </div>
   <div class='ocr_carea' id='block_1_95' title="bbox 522 4739 2127 4813">
    <p class='ocr_par' dir='ltr' id='par_1_95' title="bbox 522 4739 2127 4813">
     <span class='ocr_line' id='line_1_95' title="bbox 522 4739 2127 4813; baseline -0.003 -18"><span class='ocrx_word' id='word_1_680' title='bbox 522 4754 630 4796; x_wconf 91' lang='lat' dir='ltr'><strong>non</strong></span> <span class='ocrx_word' id='word_1_681' title='bbox 671 4740 1027 4810; x_wconf 82' lang='lat' dir='ltr'><strong>conjecisset,</strong></span> <span class='ocrx_word' id='word_1_682' title='bbox 1060 4755 1182 4813; x_wconf 89' lang='lat' dir='ltr'><strong>pag.</strong></span> <span class='ocrx_word' id='word_1_683' title='bbox 1215 4740 1360 4796; x_wconf 86' lang='lat'><strong>687:</strong></span> <span class='ocrx_word' id='word_1_684' title='bbox 1395 4739 1545 4806; x_wconf 79' lang='lat' dir='ltr'><strong>Quod</strong></span> <span class='ocrx_word' id='word_1_685' title='bbox 1588 4748 1661 4794; x_wconf 87' lang='lat' dir='ltr'><strong>est</strong></span> <span class='ocrx_word' id='word_1_686' title='bbox 1691 4740 1758 4793; x_wconf 85' lang='lat' dir='ltr'><strong>ad</strong></span> <span class='ocrx_word' id='word_1_687' title='bbox 1796 4740 2053 4803; x_wconf 86' lang='lat' dir='ltr'><strong>eiuratam</strong></span> <span class='ocrx_word' id='word_1_688' title='bbox 2094 4754 2127 4790; x_wconf 82' lang='grc' dir='ltr'><em>α</em></span> 
     </span>
    </p>
   </div>
   <div class='ocr_carea' id='block_1_96' title="bbox 526 4828 2126 4904">
    <p class='ocr_par' dir='ltr' id='par_1_96' title="bbox 526 4828 2126 4904">
     <span class='ocr_line' id='line_1_96' title="bbox 526 4828 2126 4904; baseline -0.004 -17"><span class='ocrx_word' id='word_1_689' title='bbox 526 4832 906 4888; x_wconf 75' lang='lat' dir='ltr'><strong>Mutinensibus</strong></span> <span class='ocrx_word' id='word_1_690' title='bbox 933 4834 1203 4904; x_wconf 86' lang='lat' dir='ltr'><strong>gentilium</strong></span> <span class='ocrx_word' id='word_1_691' title='bbox 1226 4832 1635 4898; x_wconf 84' lang='lat' dir='ltr'><strong>superstitionem</strong></span> <span class='ocrx_word' id='word_1_692' title='bbox 1656 4832 1750 4885; x_wconf 87' lang='lat' dir='ltr'><strong>sub</strong></span> <span class='ocrx_word' id='word_1_693' title='bbox 1773 4828 1993 4883; x_wconf 80' lang='lat' dir='ltr'><strong>Joviano</strong></span> <span class='ocrx_word' id='word_1_694' title='bbox 2015 4838 2126 4882; x_wconf 85' lang='lat' dir='ltr'><strong>tan-</strong></span> 
     </span>
    </p>
   </div>
   <div class='ocr_carea' id='block_1_97' title="bbox 523 4912 2122 4999">
    <p class='ocr_par' dir='ltr' id='par_1_97' title="bbox 523 4912 2122 4999">
     <span class='ocr_line' id='line_1_97' title="bbox 523 4912 2122 4999; baseline -0.002 -21"><span class='ocrx_word' id='word_1_695' title='bbox 523 4934 630 4980; x_wconf 87' lang='lat' dir='ltr'><strong>tum</strong></span> <span class='ocrx_word' id='word_1_696' title='bbox 656 4912 887 4999; x_wconf 79' lang='lat' dir='ltr'><strong>Augusto</strong></span> <span class='ocrx_word' id='word_1_697' title='bbox 913 4925 1504 4997; x_wconf 83' lang='lat' dir='ltr'><strong>(Geminianiepiscopi</strong></span> <span class='ocrx_word' id='word_1_698' title='bbox 1535 4934 1745 4994; x_wconf 85' lang='lat' dir='ltr'><strong>opera),</strong></span> <span class='ocrx_word' id='word_1_699' title='bbox 1776 4924 1831 4978; x_wconf 89' lang='lat' dir='ltr'><strong>id</strong></span> <span class='ocrx_word' id='word_1_700' title='bbox 1869 4922 2011 4977; x_wconf 86' lang='lat' dir='ltr'><strong>nullo</strong></span> <span class='ocrx_word' id='word_1_701' title='bbox 2039 4936 2122 4975; x_wconf 82' lang='lat' dir='ltr'><strong>ve-</strong></span> 
     </span>
    </p>
   </div>
   <div class='ocr_carea' id='block_1_98' title="bbox 516 5013 2125 5090">
    <p class='ocr_par' dir='ltr' id='par_1_98' title="bbox 516 5013 2125 5090">
     <span class='ocr_line' id='line_1_98' title="bbox 516 5013 2125 5090; baseline -0.002 -21"><span class='ocrx_word' id='word_1_702' title='bbox 516 5016 689 5072; x_wconf 87' lang='lat' dir='ltr'><strong>ritatis</strong></span> <span class='ocrx_word' id='word_1_703' title='bbox 724 5028 817 5072; x_wconf 87' lang='lat' dir='ltr'><strong>aut</strong></span> <span class='ocrx_word' id='word_1_704' title='bbox 844 5017 1309 5073; x_wconf 76' lang='lat' dir='ltr'><strong>uerisimilitudinis</strong></span> <span class='ocrx_word' id='word_1_705' title='bbox 1343 5016 1512 5090; x_wconf 77' lang='lat' dir='ltr'><strong>fulcro</strong></span> <span class='ocrx_word' id='word_1_706' title='bbox 1552 5016 1732 5071; x_wconf 86' lang='lat' dir='ltr'><strong>nititur</strong></span> <span class='ocrx_word' id='word_1_707' title='bbox 1759 5025 1910 5086; x_wconf 84' lang='lat' dir='ltr'><strong>atque</strong></span> <span class='ocrx_word' id='word_1_708' title='bbox 1936 5013 2005 5067; x_wconf 89' lang='lat' dir='ltr'><strong>ad</strong></span> <span class='ocrx_word' id='word_1_709' title='bbox 2042 5013 2125 5083; x_wconf 81' lang='lat' dir='ltr'><strong>fa-</strong></span> 
     </span>
    </p>
   </div>
   <div class='ocr_carea' id='block_1_99' title="bbox 427 5090 2118 5166">
    <p class='ocr_par' dir='ltr' id='par_1_99' title="bbox 427 5090 2118 5166">
     <span class='ocr_line' id='line_1_99' title="bbox 427 5090 2118 5166; baseline -0.002 -4"><span class='ocrx_word' id='word_1_710' title='bbox 427 5090 434 5103; x_wconf 65' lang='grc'><strong>’</strong></span> <span class='ocrx_word' id='word_1_711' title='bbox 521 5108 669 5165; x_wconf 82' lang='lat' dir='ltr'><strong>bulas</strong></span> <span class='ocrx_word' id='word_1_712' title='bbox 697 5108 1103 5164; x_wconf 82' lang='lat' dir='ltr'><strong>emendandum.</strong></span> <span class='ocrx_word' id='word_1_713' title='bbox 1138 5110 1194 5166; x_wconf 92' lang='lat' dir='ltr'><strong>Si</strong></span> <span class='ocrx_word' id='word_1_714' title='bbox 1227 5108 1365 5165; x_wconf 69' lang='lat' dir='ltr'><strong>Vitae</strong></span> <span class='ocrx_word' id='word_1_715' title='bbox 1394 5118 1584 5165; x_wconf 90' lang='lat' dir='ltr'><strong>auctor</strong></span> <span class='ocrx_word' id='word_1_716' title='bbox 1610 5111 1712 5165; x_wconf 87' lang='lat' dir='ltr'><strong>sub</strong></span> <span class='ocrx_word' id='word_1_717' title='bbox 1741 5092 1970 5163; x_wconf 76' lang='lat' dir='ltr'><strong>Joviano</strong></span> <span class='ocrx_word' id='word_1_718' title='bbox 1999 5116 2118 5160; x_wconf 90' lang='lat' dir='ltr'><strong>tan-</strong></span> 
     </span>
    </p>
   </div>
   <div class='ocr_carea' id='block_1_100' title="bbox 520 5196 2119 5271">
    <p class='ocr_par' dir='ltr' id='par_1_100' title="bbox 520 5196 2119 5271">
     <span class='ocr_line' id='line_1_100' title="bbox 520 5196 2119 5271; baseline -0.001 -18"><span class='ocrx_word' id='word_1_719' title='bbox 520 5207 634 5254; x_wconf 92' lang='lat' dir='ltr'><strong>tum</strong></span> <span class='ocrx_word' id='word_1_720' title='bbox 663 5200 981 5271; x_wconf 89' lang='lat' dir='ltr'><strong>religionem</strong></span> <span class='ocrx_word' id='word_1_721' title='bbox 1013 5200 1375 5257; x_wconf 87' lang='lat' dir='ltr'><strong>Christianam</strong></span> <span class='ocrx_word' id='word_1_722' title='bbox 1407 5215 1438 5254; x_wconf 89' lang='lat' dir='ltr'><strong>a</strong></span> <span class='ocrx_word' id='word_1_723' title='bbox 1463 5201 1860 5257; x_wconf 85' lang='lat' dir='ltr'><strong>Mutinensibns</strong></span> <span class='ocrx_word' id='word_1_724' title='bbox 1889 5213 1985 5269; x_wconf 89' lang='lat' dir='ltr'><strong>per</strong></span> <span class='ocrx_word' id='word_1_725' title='bbox 2010 5196 2119 5253; x_wconf 87' lang='lat' dir='ltr'><strong>Ge-</strong></span> 
     </span>
    </p>
   </div>
   <div class='ocr_carea' id='block_1_101' title="bbox 516 5290 2120 5363">
    <p class='ocr_par' dir='ltr' id='par_1_101' title="bbox 516 5290 2120 5363">
     <span class='ocr_line' id='line_1_101' title="bbox 516 5290 2120 5363; baseline -0.001 -18"><span class='ocrx_word' id='word_1_726' title='bbox 516 5292 813 5347; x_wconf 89' lang='lat' dir='ltr'><strong>minianum</strong></span> <span class='ocrx_word' id='word_1_727' title='bbox 850 5294 1025 5361; x_wconf 91' lang='lat' dir='ltr'><strong>primo</strong></span> <span class='ocrx_word' id='word_1_728' title='bbox 1047 5303 1353 5363; x_wconf 87' lang='lat' dir='ltr'><strong>susceptam</strong></span> <span class='ocrx_word' id='word_1_729' title='bbox 1376 5293 1728 5363; x_wconf 81' lang='lat' dir='ltr'><strong>prodidisset;</strong></span> <span class='ocrx_word' id='word_1_730' title='bbox 1754 5293 1878 5363; x_wconf 85' lang='lat' dir='ltr'><strong>jure</strong></span> <span class='ocrx_word' id='word_1_731' title='bbox 1902 5290 2120 5362; x_wconf 91' lang='lat' dir='ltr'><strong>quidem</strong></span> 
     </span>
    </p>
   </div>
   <div class='ocr_carea' id='block_1_102' title="bbox 519 5384 2113 5456">
    <p class='ocr_par' dir='ltr' id='par_1_102' title="bbox 519 5384 2113 5456">
     <span class='ocr_line' id='line_1_102' title="bbox 519 5384 2113 5456; baseline 0 -19"><span class='ocrx_word' id='word_1_732' title='bbox 519 5385 589 5442; x_wconf 88' lang='lat' dir='ltr'><strong>ab</strong></span> <span class='ocrx_word' id='word_1_733' title='bbox 613 5384 825 5440; x_wconf 88' lang='lat' dir='ltr'><strong>editore</strong></span> <span class='ocrx_word' id='word_1_734' title='bbox 855 5384 1366 5456; x_wconf 88' lang='lat' dir='ltr'><strong>reprehenderetur.</strong></span> <span class='ocrx_word' id='word_1_735' title='bbox 1413 5385 1487 5441; x_wconf 86' lang='lat' dir='ltr'><strong>At</strong></span> <span class='ocrx_word' id='word_1_736' title='bbox 1526 5400 1632 5439; x_wconf 89' lang='lat' dir='ltr'><strong>non</strong></span> <span class='ocrx_word' id='word_1_737' title='bbox 1675 5385 1728 5439; x_wconf 93' lang='lat' dir='ltr'><strong>id</strong></span> <span class='ocrx_word' id='word_1_738' title='bbox 1776 5385 1866 5439; x_wconf 91' lang='lat' dir='ltr'><strong>ille</strong></span> <span class='ocrx_word' id='word_1_739' title='bbox 1910 5384 2113 5450; x_wconf 86' lang='lat' dir='ltr'><strong>innuit,</strong></span> 
     </span>
    </p>
   </div>
   <div class='ocr_carea' id='block_1_103' title="bbox 518 5475 2119 5548">
    <p class='ocr_par' dir='ltr' id='par_1_103' title="bbox 518 5475 2119 5548">
     <span class='ocr_line' id='line_1_103' title="bbox 518 5475 2119 5548; baseline -0.001 -18"><span class='ocrx_word' id='word_1_740' title='bbox 518 5475 628 5530; x_wconf 88' lang='lat' dir='ltr'><strong>imo</strong></span> <span class='ocrx_word' id='word_1_741' title='bbox 679 5491 774 5544; x_wconf 91' lang='lat' dir='ltr'><strong>per</strong></span> <span class='ocrx_word' id='word_1_742' title='bbox 827 5476 964 5532; x_wconf 86' lang='lat' dir='ltr'><strong>alios</strong></span> <span class='ocrx_word' id='word_1_743' title='bbox 1010 5478 1297 5548; x_wconf 87' lang='lat' dir='ltr'><strong>episcopos</strong></span> <span class='ocrx_word' id='word_1_744' title='bbox 1345 5476 1713 5548; x_wconf 88' lang='lat' dir='ltr'><strong>apostolorum</strong></span> <span class='ocrx_word' id='word_1_745' title='bbox 1770 5487 2119 5530; x_wconf 85' lang='lat' dir='ltr'><strong>successores</strong></span> 
     </span>
    </p>
   </div>
   <div class='ocr_carea' id='block_1_104' title="bbox 516 5567 2118 5641">
    <p class='ocr_par' dir='ltr' id='par_1_104' title="bbox 516 5567 2118 5641">
     <span class='ocr_line' id='line_1_104' title="bbox 516 5567 2118 5641; baseline 0.001 -20"><span class='ocrx_word' id='word_1_746' title='bbox 516 5568 675 5622; x_wconf 74' lang='lat' dir='ltr'><strong>ﬁdem</strong></span> <span class='ocrx_word' id='word_1_747' title='bbox 706 5569 1037 5624; x_wconf 84' lang='lat' dir='ltr'><strong>Mutinenses</strong></span> <span class='ocrx_word' id='word_1_748' title='bbox 1064 5572 1335 5641; x_wconf 79' lang='lat' dir='ltr'><strong>recepisse</strong></span> <span class='ocrx_word' id='word_1_749' title='bbox 1366 5570 1529 5625; x_wconf 89' lang='lat' dir='ltr'><strong>tradit</strong></span> <span class='ocrx_word' id='word_1_750' title='bbox 1558 5586 1572 5621; x_wconf 88' lang='lat'><strong>:</strong></span> <span class='ocrx_word' id='word_1_751' title='bbox 1602 5580 1653 5623; x_wconf 92' lang='lat' dir='ltr'><strong>et</strong></span> <span class='ocrx_word' id='word_1_752' title='bbox 1693 5569 1868 5622; x_wconf 87' lang='lat' dir='ltr'><strong>solum</strong></span> <span class='ocrx_word' id='word_1_753' title='bbox 1899 5568 2000 5623; x_wconf 88' lang='lat' dir='ltr'><strong>sub</strong></span> <span class='ocrx_word' id='word_1_754' title='bbox 2024 5567 2118 5623; x_wconf 85' lang='lat' dir='ltr'><strong>Jo-</strong></span> 
     </span>
    </p>
   </div>
   <div class='ocr_carea' id='block_1_105' title="bbox 511 5658 2115 5732">
    <p class='ocr_par' dir='ltr' id='par_1_105' title="bbox 511 5658 2115 5732">
     <span class='ocr_line' id='line_1_105' title="bbox 511 5658 2115 5732; baseline 0.001 -20"><span class='ocrx_word' id='word_1_755' title='bbox 511 5660 653 5713; x_wconf 85' lang='lat' dir='ltr'><strong>viani</strong></span> <span class='ocrx_word' id='word_1_756' title='bbox 677 5658 964 5732; x_wconf 90' lang='lat' dir='ltr'><strong>imperium</strong></span> <span class='ocrx_word' id='word_1_757' title='bbox 996 5659 1299 5718; x_wconf 79' lang='lat' dir='ltr'><strong>Gcminiani</strong></span> <span class='ocrx_word' id='word_1_758' title='bbox 1333 5663 1613 5718; x_wconf 87' lang='lat' dir='ltr'><strong>laboribus</strong></span> <span class='ocrx_word' id='word_1_759' title='bbox 1642 5660 1999 5716; x_wconf 89' lang='lat' dir='ltr'><strong>idololatriam</strong></span> <span class='ocrx_word' id='word_1_760' title='bbox 2030 5676 2115 5715; x_wconf 83' lang='lat' dir='ltr'><strong>re-</strong></span> 
     </span>
    </p>
   </div>
   <div class='ocr_carea' id='block_1_106' title="bbox 503 5748 2112 5827">
    <p class='ocr_par' dir='ltr' id='par_1_106' title="bbox 503 5748 2112 5827">
     <span class='ocr_line' id='line_1_106' title="bbox 503 5748 2112 5827; baseline 0.002 -21"><span class='ocrx_word' id='word_1_761' title='bbox 503 5749 729 5820; x_wconf 87' lang='lat' dir='ltr'><strong>liquisse</strong></span> <span class='ocrx_word' id='word_1_762' title='bbox 755 5748 851 5810; x_wconf 88' lang='lat' dir='ltr'><strong>eos</strong></span> <span class='ocrx_word' id='word_1_763' title='bbox 870 5764 1230 5827; x_wconf 53' lang='lat' dir='ltr'><strong>narrayqua:</strong></span> <span class='ocrx_word' id='word_1_764' title='bbox 1257 5764 1347 5812; x_wconf 81' lang='lat' dir='ltr'><strong>res</strong></span> <span class='ocrx_word' id='word_1_765' title='bbox 1371 5753 1502 5813; x_wconf 89' lang='lat' dir='ltr'><strong>illud</strong></span> <span class='ocrx_word' id='word_1_766' title='bbox 1528 5753 1685 5811; x_wconf 89' lang='lat' dir='ltr'><strong>unlce</strong></span> <span class='ocrx_word' id='word_1_767' title='bbox 1712 5752 1966 5822; x_wconf 81' lang='lat' dir='ltr'><strong>insinuat,</strong></span> <span class='ocrx_word' id='word_1_768' title='bbox 1996 5752 2112 5810; x_wconf 85' lang='lat' dir='ltr'><strong>Mu-</strong></span> 
     </span>
    </p>
   </div>
   <div class='ocr_carea' id='block_1_107' title="bbox 2231 4641 3839 4716">
    <p class='ocr_par' dir='ltr' id='par_1_107' title="bbox 2231 4641 3839 4716">
     <span class='ocr_line' id='line_1_107' title="bbox 2231 4641 3839 4716; baseline 0.007 -25"><span class='ocrx_word' id='word_1_769' title='bbox 2231 4648 2412 4692; x_wconf 88' lang='lat' dir='ltr'><strong>autem</strong></span> <span class='ocrx_word' id='word_1_770' title='bbox 2440 4641 2813 4698; x_wconf 80' lang='lat' dir='ltr'><strong>sacerdotibus</strong></span> <span class='ocrx_word' id='word_1_771' title='bbox 2839 4657 2933 4712; x_wconf 90' lang='lat' dir='ltr'><strong>per</strong></span> <span class='ocrx_word' id='word_1_772' title='bbox 2956 4642 3097 4698; x_wconf 92' lang='lat' dir='ltr'><strong>idem</strong></span> <span class='ocrx_word' id='word_1_773' title='bbox 3129 4654 3339 4712; x_wconf 89' lang='lat' dir='ltr'><strong>tempus</strong></span> <span class='ocrx_word' id='word_1_774' title='bbox 3368 4645 3670 4701; x_wconf 85' lang='lat' dir='ltr'><strong>mercedem</strong></span> <span class='ocrx_word' id='word_1_775' title='bbox 3696 4662 3839 4716; x_wconf 65' lang='lat' dir='ltr'><strong>prm-</strong></span> 
     </span>
    </p>
   </div>
   <div class='ocr_carea' id='block_1_108' title="bbox 2228 4727 3837 4807">
    <p class='ocr_par' dir='ltr' id='par_1_108' title="bbox 2228 4727 3837 4807">
     <span class='ocr_line' id='line_1_108' title="bbox 2228 4727 3837 4807; baseline 0.007 -26"><span class='ocrx_word' id='word_1_776' title='bbox 2228 4727 2409 4783; x_wconf 86' lang='lat' dir='ltr'><strong>stitam</strong></span> <span class='ocrx_word' id='word_1_777' title='bbox 2435 4729 2740 4798; x_wconf 79' lang='lat' dir='ltr'><strong>afﬁrmans,</strong></span> <span class='ocrx_word' id='word_1_778' title='bbox 2776 4733 2985 4802; x_wconf 90' lang='lat' dir='ltr'><strong>piorum</strong></span> <span class='ocrx_word' id='word_1_779' title='bbox 3017 4748 3150 4790; x_wconf 89' lang='lat' dir='ltr'><strong>sane</strong></span> <span class='ocrx_word' id='word_1_780' title='bbox 3177 4733 3282 4790; x_wconf 90' lang='lat' dir='ltr'><strong>sibi</strong></span> <span class='ocrx_word' id='word_1_781' title='bbox 3308 4738 3714 4807; x_wconf 88' lang='lat' dir='ltr'><strong>cooperantinm</strong></span> <span class='ocrx_word' id='word_1_782' title='bbox 3745 4752 3837 4793; x_wconf 83' lang='lat' dir='ltr'><strong>sa-</strong></span> 
     </span>
    </p>
   </div>
   <div class='ocr_carea' id='block_1_109' title="bbox 2227 4820 3833 4885">
    <p class='ocr_par' dir='ltr' id='par_1_109' title="bbox 2227 4820 3833 4885">
     <span class='ocr_line' id='line_1_109' title="bbox 2227 4820 3833 4885; baseline 0.007 -12"><span class='ocrx_word' id='word_1_783' title='bbox 2227 4820 2507 4875; x_wconf 88' lang='lat' dir='ltr'><strong>cerdotum</strong></span> <span class='ocrx_word' id='word_1_784' title='bbox 2542 4823 2860 4879; x_wconf 88' lang='lat' dir='ltr'><strong>industriam</strong></span> <span class='ocrx_word' id='word_1_785' title='bbox 2893 4824 3095 4881; x_wconf 88' lang='lat' dir='ltr'><strong>indicat</strong></span> <span class='ocrx_word' id='word_1_786' title='bbox 3122 4828 3237 4882; x_wconf 85' lang='lat' dir='ltr'><strong>sive</strong></span> <span class='ocrx_word' id='word_1_787' title='bbox 3266 4828 3318 4882; x_wconf 91' lang='lat' dir='ltr'><strong>in</strong></span> <span class='ocrx_word' id='word_1_788' title='bbox 3357 4828 3706 4884; x_wconf 88' lang='lat' dir='ltr'><strong>instituendis</strong></span> <span class='ocrx_word' id='word_1_789' title='bbox 3734 4844 3833 4885; x_wconf 82' lang='lat' dir='ltr'><strong>ca-</strong></span> 
     </span>
    </p>
   </div>
   <div class='ocr_carea' id='block_1_110' title="bbox 2228 4903 3835 4993">
    <p class='ocr_par' dir='ltr' id='par_1_110' title="bbox 2228 4903 3835 4993">
     <span class='ocr_line' id='line_1_110' title="bbox 2228 4903 3835 4993; baseline 0.009 -27"><span class='ocrx_word' id='word_1_790' title='bbox 2228 4914 2585 4993; x_wconf 78' lang='lat' dir='ltr'><strong>techumenis,</strong></span> <span class='ocrx_word' id='word_1_791' title='bbox 2613 4917 2807 4973; x_wconf 79' lang='lat' dir='ltr'><strong>sivein</strong></span> <span class='ocrx_word' id='word_1_792' title='bbox 2833 4920 3217 4988; x_wconf 66' lang='lat' dir='ltr'><strong>paenitentibus</strong></span> <span class='ocrx_word' id='word_1_793' title='bbox 3248 4903 3646 4991; x_wconf 67' lang='lat' dir='ltr'><strong>praeparandis,</strong></span> <span class='ocrx_word' id='word_1_794' title='bbox 3675 4922 3835 4993; x_wconf 85' lang='lat' dir='ltr'><strong>cujus</strong></span> 
     </span>
    </p>
   </div>
   <div class='ocr_carea' id='block_1_111' title="bbox 2227 5007 3830 5087">
    <p class='ocr_par' dir='ltr' id='par_1_111' title="bbox 2227 5007 3830 5087">
     <span class='ocr_line' id='line_1_111' title="bbox 2227 5007 3830 5087; baseline 0.008 -28"><span class='ocrx_word' id='word_1_795' title='bbox 2227 5019 2440 5061; x_wconf 90' lang='lat' dir='ltr'><strong>merces</strong></span> <span class='ocrx_word' id='word_1_796' title='bbox 2469 5007 2641 5076; x_wconf 88' lang='lat' dir='ltr'><strong>ipsum</strong></span> <span class='ocrx_word' id='word_1_797' title='bbox 2669 5021 2784 5064; x_wconf 89' lang='lat' dir='ltr'><strong>erat</strong></span> <span class='ocrx_word' id='word_1_798' title='bbox 2811 5010 3168 5081; x_wconf 84' lang='lat' dir='ltr'><strong>baptismum,</strong></span> <span class='ocrx_word' id='word_1_799' title='bbox 3198 5021 3253 5068; x_wconf 90' lang='lat' dir='ltr'><strong>et</strong></span> <span class='ocrx_word' id='word_1_800' title='bbox 3280 5013 3675 5081; x_wconf 89' lang='lat' dir='ltr'><strong>reconciliatio,</strong></span> <span class='ocrx_word' id='word_1_801' title='bbox 3707 5032 3830 5087; x_wconf 72' lang='lat' dir='ltr'><strong>qua:</strong></span> 
     </span>
    </p>
   </div>
   <div class='ocr_carea' id='block_1_112' title="bbox 2156 5097 3829 5174">
    <p class='ocr_par' dir='ltr' id='par_1_112' title="bbox 2156 5097 3829 5174">
     <span class='ocr_line' id='line_1_112' title="bbox 2156 5097 3829 5174; baseline 0.008 -24"><span class='ocrx_word' id='word_1_802' title='bbox 2156 5110 2171 5125; x_wconf 71' lang='grc' dir='ltr'><strong><em>τ</em></strong></span> <span class='ocrx_word' id='word_1_803' title='bbox 2227 5097 2465 5167; x_wconf 88' lang='lat' dir='ltr'><strong>paschali</strong></span> <span class='ocrx_word' id='word_1_804' title='bbox 2493 5107 2737 5172; x_wconf 90' lang='lat' dir='ltr'><strong>tempore</strong></span> <span class='ocrx_word' id='word_1_805' title='bbox 2760 5103 3117 5160; x_wconf 87' lang='lat' dir='ltr'><strong>solemniritu</strong></span> <span class='ocrx_word' id='word_1_806' title='bbox 3147 5105 3564 5174; x_wconf 85' lang='lat' dir='ltr'><strong>peragebantur.</strong></span> <span class='ocrx_word' id='word_1_807' title='bbox 3593 5105 3652 5162; x_wconf 86' lang='lat' dir='ltr'><strong>In</strong></span> <span class='ocrx_word' id='word_1_808' title='bbox 3686 5106 3829 5163; x_wconf 90' lang='lat' dir='ltr'><strong>hanc</strong></span> 
     </span>
    </p>
   </div>
   <div class='ocr_carea' id='block_1_113' title="bbox 2227 5195 3830 5262">
    <p class='ocr_par' dir='ltr' id='par_1_113' title="bbox 2227 5195 3830 5262">
     <span class='ocr_line' id='line_1_113' title="bbox 2227 5195 3830 5262; baseline 0.006 -17"><span class='ocrx_word' id='word_1_809' title='bbox 2227 5205 2439 5262; x_wconf 89' lang='lat' dir='ltr'><strong>quoque</strong></span> <span class='ocrx_word' id='word_1_810' title='bbox 2492 5207 2603 5248; x_wconf 92' lang='lat' dir='ltr'><strong>rem</strong></span> <span class='ocrx_word' id='word_1_811' title='bbox 2651 5195 2866 5252; x_wconf 83' lang='lat' dir='ltr'><strong>confert</strong></span> <span class='ocrx_word' id='word_1_812' title='bbox 2909 5198 3073 5252; x_wconf 87' lang='lat' dir='ltr'><strong>etiam</strong></span> <span class='ocrx_word' id='word_1_813' title='bbox 3130 5197 3279 5252; x_wconf 90' lang='lat' dir='ltr'><strong>locus</strong></span> <span class='ocrx_word' id='word_1_814' title='bbox 3329 5198 3388 5254; x_wconf 91' lang='lat' dir='ltr'><strong>S.</strong></span> <span class='ocrx_word' id='word_1_815' title='bbox 3434 5199 3709 5255; x_wconf 77' lang='lat' dir='ltr'><strong>AtnbrOsii</strong></span> <span class='ocrx_word' id='word_1_816' title='bbox 3754 5215 3830 5256; x_wconf 79' lang='lat' dir='ltr'><strong>ex</strong></span> 
     </span>
    </p>
   </div>
   <div class='ocr_carea' id='block_1_114' title="bbox 2225 5283 3835 5365">
    <p class='ocr_par' dir='ltr' id='par_1_114' title="bbox 2225 5283 3835 5365">
     <span class='ocr_line' id='line_1_114' title="bbox 2225 5283 3835 5365; baseline 0.007 -26"><span class='ocrx_word' id='word_1_817' title='bbox 2225 5283 2385 5354; x_wconf 90' lang='lat' dir='ltr'><strong>epist.</strong></span> <span class='ocrx_word' id='word_1_818' title='bbox 2421 5301 2475 5351; x_wconf 87' lang='lat' dir='ltr'><strong>v,</strong></span> <span class='ocrx_word' id='word_1_819' title='bbox 2508 5287 2574 5342; x_wconf 90' lang='lat' dir='ltr'><strong>ad</strong></span> <span class='ocrx_word' id='word_1_820' title='bbox 2606 5287 2887 5360; x_wconf 84' lang='lat' dir='ltr'><strong>Syagrium</strong></span> <span class='ocrx_word' id='word_1_821' title='bbox 2918 5288 3157 5344; x_wconf 83' lang='lat' dir='ltr'><strong>Zenonis</strong></span> <span class='ocrx_word' id='word_1_822' title='bbox 3203 5304 3599 5358; x_wconf 86' lang='lat' dir='ltr'><strong>successorem,</strong></span> <span class='ocrx_word' id='word_1_823' title='bbox 3638 5293 3693 5347; x_wconf 93' lang='lat' dir='ltr'><strong>in</strong></span> <span class='ocrx_word' id='word_1_824' title='bbox 3724 5309 3835 5365; x_wconf 84' lang='lat' dir='ltr'><strong>qua</strong></span> 
     </span>
    </p>
   </div>
   <div class='ocr_carea' id='block_1_115' title="bbox 2226 5378 3839 5442">
    <p class='ocr_par' dir='ltr' id='par_1_115' title="bbox 2226 5378 3839 5442">
     <span class='ocr_line' id='line_1_115' title="bbox 2226 5378 3839 5442; baseline 0.006 -11"><span class='ocrx_word' id='word_1_825' title='bbox 2226 5391 2348 5433; x_wconf 91' lang='lat' dir='ltr'><strong>cum</strong></span> <span class='ocrx_word' id='word_1_826' title='bbox 2380 5378 2636 5437; x_wconf 86' lang='lat' dir='ltr'><strong>lndiciam</strong></span> <span class='ocrx_word' id='word_1_827' title='bbox 2668 5382 2735 5437; x_wconf 90' lang='lat' dir='ltr'><strong>ab</strong></span> <span class='ocrx_word' id='word_1_828' title='bbox 2764 5383 2866 5437; x_wconf 90' lang='lat' dir='ltr'><strong>hoc</strong></span> <span class='ocrx_word' id='word_1_829' title='bbox 2892 5382 3230 5438; x_wconf 82' lang='lat' dir='ltr'><strong>benedicmm</strong></span> <span class='ocrx_word' id='word_1_830' title='bbox 3261 5382 3550 5438; x_wconf 84' lang='lat' dir='ltr'><strong>sacerdotes</strong></span> <span class='ocrx_word' id='word_1_831' title='bbox 3578 5385 3839 5442; x_wconf 83' lang='lat' dir='ltr'><strong>invisisse</strong></span> 
     </span>
    </p>
   </div>
   <div class='ocr_carea' id='block_1_116' title="bbox 2227 5471 3835 5538">
    <p class='ocr_par' dir='ltr' id='par_1_116' title="bbox 2227 5471 3835 5538">
     <span class='ocr_line' id='line_1_116' title="bbox 2227 5471 3835 5538; baseline 0.004 -11"><span class='ocrx_word' id='word_1_832' title='bbox 2227 5471 2525 5538; x_wconf 87' lang='lat' dir='ltr'><strong>tradantur,</strong></span> <span class='ocrx_word' id='word_1_833' title='bbox 2551 5473 2652 5529; x_wconf 90' lang='lat' dir='ltr'><strong>hoc</strong></span> <span class='ocrx_word' id='word_1_834' title='bbox 2673 5473 3016 5531; x_wconf 87' lang='lat' dir='ltr'><strong>sacerdotum</strong></span> <span class='ocrx_word' id='word_1_835' title='bbox 3043 5473 3279 5531; x_wconf 87' lang='lat' dir='ltr'><strong>Zenonis</strong></span> <span class='ocrx_word' id='word_1_836' title='bbox 3305 5490 3420 5530; x_wconf 76' lang='lat' dir='ltr'><strong>:cvo</strong></span> <span class='ocrx_word' id='word_1_837' title='bbox 3452 5476 3835 5534; x_wconf 87' lang='lat' dir='ltr'><strong>ordinatorum</strong></span> 
     </span>
    </p>
   </div>
   <div class='ocr_carea' id='block_1_117' title="bbox 2224 5569 3835 5647">
    <p class='ocr_par' dir='ltr' id='par_1_117' title="bbox 2224 5569 3835 5647">
     <span class='ocr_line' id='line_1_117' title="bbox 2224 5569 3835 5647; baseline 0.006 -24"><span class='ocrx_word' id='word_1_838' title='bbox 2224 5584 2333 5625; x_wconf 91' lang='lat' dir='ltr'><strong>non</strong></span> <span class='ocrx_word' id='word_1_839' title='bbox 2361 5569 2652 5626; x_wconf 89' lang='lat' dir='ltr'><strong>obscurum</strong></span> <span class='ocrx_word' id='word_1_840' title='bbox 2701 5573 3067 5645; x_wconf 83' lang='lat' dir='ltr'><strong>testimonium</strong></span> <span class='ocrx_word' id='word_1_841' title='bbox 3099 5573 3329 5628; x_wconf 87' lang='lat' dir='ltr'><strong>videtur.</strong></span> <span class='ocrx_word' id='word_1_842' title='bbox 3365 5573 3566 5630; x_wconf 85' lang='lat' dir='ltr'><strong>Horum</strong></span> <span class='ocrx_word' id='word_1_843' title='bbox 3607 5591 3835 5647; x_wconf 85' lang='lat' dir='ltr'><strong>quoque</strong></span> 
     </span>
    </p>
   </div>
   <div class='ocr_carea' id='block_1_118' title="bbox 2218 5662 3843 5731">
    <p class='ocr_par' dir='ltr' id='par_1_118' title="bbox 2218 5662 3843 5731">
     <span class='ocr_line' id='line_1_118' title="bbox 2218 5662 3843 5731; baseline 0.007 -16"><span class='ocrx_word' id='word_1_844' title='bbox 2218 5664 2560 5719; x_wconf 84' lang='lat' dir='ltr'><strong>sacerdotum</strong></span> <span class='ocrx_word' id='word_1_845' title='bbox 2596 5662 2903 5731; x_wconf 86' lang='lat' dir='ltr'><strong>pudicitiam</strong></span> <span class='ocrx_word' id='word_1_846' title='bbox 2931 5680 2995 5721; x_wconf 92' lang='lat' dir='ltr'><strong>ac</strong></span> <span class='ocrx_word' id='word_1_847' title='bbox 3019 5665 3332 5722; x_wconf 69' lang='lat' dir='ltr'><strong>caelibatum</strong></span> <span class='ocrx_word' id='word_1_848' title='bbox 3360 5666 3430 5721; x_wconf 88' lang='lat' dir='ltr'><strong>ab</strong></span> <span class='ocrx_word' id='word_1_849' title='bbox 3458 5667 3695 5725; x_wconf 82' lang='lat' dir='ltr'><strong>Auctore</strong></span> <span class='ocrx_word' id='word_1_850' title='bbox 3720 5669 3843 5725; x_wconf 68' lang='lat' dir='ltr'><strong>lau-</strong></span> 
     </span>
    </p>
   </div>
   <div class='ocr_carea' id='block_1_119' title="bbox 2215 5755 3627 5830">
    <p class='ocr_par' dir='ltr' id='par_1_119' title="bbox 2215 5755 3627 5830">
     <span class='ocr_line' id='line_1_119' title="bbox 2215 5755 3627 5830; baseline 0.004 -20"><span class='ocrx_word' id='word_1_851' title='bbox 2215 5755 2330 5811; x_wconf 85' lang='lat' dir='ltr'><strong>dari</strong></span> <span class='ocrx_word' id='word_1_852' title='bbox 2364 5765 2519 5813; x_wconf 84' lang='lat' dir='ltr'><strong>tract.</strong></span> <span class='ocrx_word' id='word_1_853' title='bbox 2547 5756 2585 5812; x_wconf 84' lang='lat'><strong>5</strong></span> <span class='ocrx_word' id='word_1_854' title='bbox 2605 5757 2699 5813; x_wconf 91' lang='lat' dir='ltr'><strong>lib.</strong></span> <span class='ocrx_word' id='word_1_855' title='bbox 2731 5771 2772 5826; x_wconf 86' lang='grc' dir='ltr'><strong>ι,</strong></span> <span class='ocrx_word' id='word_1_856' title='bbox 2804 5773 2959 5815; x_wconf 90' lang='lat' dir='ltr'><strong>num.</strong></span> <span class='ocrx_word' id='word_1_857' title='bbox 2985 5760 3041 5830; x_wconf 87' lang='lat'><strong>7,</strong></span> <span class='ocrx_word' id='word_1_858' title='bbox 3073 5759 3206 5817; x_wconf 87' lang='lat' dir='ltr'><strong>satis</strong></span> <span class='ocrx_word' id='word_1_859' title='bbox 3233 5758 3496 5819; x_wconf 87' lang='lat' dir='ltr'><strong>credibile</strong></span> <span class='ocrx_word' id='word_1_860' title='bbox 3523 5771 3627 5819; x_wconf 69' lang='lat' dir='ltr'><strong>eSt.</strong></span> 
     </span>
    </p>
   </div>
  </div>
