4242 6168
483 231 586 287 155

1889 225 2405 287 PROLEGOMENA
2418 268 2430 283 .

3681 228 3778 285 15:3

482 352 734 415 nimirum
760 367 848 421 an.
883 350 1008 427 589,
1038 352 1261 407 relatum
1285 357 1463 405 autem
1493 346 1669 405 cidem
1700 343 1942 419 pontifici
1969 342 2080 403 lue-
2106 343 2156 417 Α
2187 343 2259 396 tio
2299 343 2525 401 ecrlesiw
2556 343 2617 399 S.
2648 341 2909 401 Zenonis:
2941 340 2992 396 in
3025 340 3210 415 paucis
3251 349 3432 396 autem
3463 339 3525 395 S.
3555 338 3781 411 Zenonis

479 453 564 507 rat
597 459 626 507 a
657 443 868 501 Joanne
894 442 1165 517 Tribuno,
1204 442 1294 513 qui
1341 455 1464 495 eum
1515 437 1825 511 Pronulpho
1866 433 2078 495 Comite

481 535 584 606 ipsi
612 535 872 601 miraculo
899 532 1164 598 adfuerat,
1195 532 1320 607 hoc,
1350 533 1566 603 inquam
1585 572 1599 595 ,
1625 529 1942 595 miraculum
1968 525 2075 593 Co-

481 636 707 691 rouatus
731 641 1194 691 commemorans,
1222 624 1470 681 Auctoris
1510 623 1714 679 obitum
1749 623 1799 677 in
1830 619 2076 677 eamdem

483 718 644 789 hujus
685 718 928 775 miraculi
957 717 1100 775 diem
1141 732 1250 789 non
1289 717 1517 777 obscure
1544 713 1791 786 conjicit,
1832 713 2078 785 inquiens

484 827 632 866 num.
664 811 697 866 9
727 830 740 865 :
774 810 911 879 Dum
944 810 1028 871 die
1060 820 1235 865 sancto
1263 809 1450 865 natalis
1489 809 1653 886 ipsius
1678 804 2077 880 (Zenonis).....

486 904 807 963 convenirent
835 902 904 973 ad
928 904 1203 963 missarum
1230 901 1496 966 solemnia,
1519 912 1622 957 etc.
1655 900 1907 959 Rabanus
1934 899 2082 967 Mqu-

434 998 439 1001 ’
483 1011 598 1062 rus,
631 997 721 1068 qui
752 995 853 1052 sub
879 995 1115 1055 medium
1138 1009 1338 1053 nonum
1362 994 1616 1053 Saeculum
1639 992 1838 1059 ﬂoruit,
1864 991 1917 1047 in
1943 991 2082 1047 Mar-

486 1088 753 1163 tyrologio
782 1103 879 1158 per
905 1086 1177 1144 Canisium
1206 1085 1351 1142 edito
1376 1094 1512 1145 tom.
1541 1101 1597 1154 ιι,
1632 1095 1770 1156 part.
1802 1100 1861 1153 ιι,
1893 1083 2080 1138 novis-

487 1185 640 1245 simae
684 1183 932 1239 editionis
977 1180 1090 1237 haec
1135 1181 1339 1236 tradit;
1378 1179 1443 1235 Vl
1490 1178 1619 1234 ldus
1666 1178 1963 1233 decembris.
2018 1175 2084 1235 In

488 1276 701 1335 Civitate
739 1275 938 1331 Verona
973 1274 1159 1331 Natale
1197 1274 1257 1330 S.
1285 1273 1508 1331 Zenonis
1560 1274 1832 1342 martyris,
1878 1274 2084 1344 quando

489 1384 637 1440 aqute
658 1367 887 1439 ﬂuminis
907 1366 1108 1422 Athesis
1130 1381 1290 1437 usque
1306 1366 1373 1418 ad
1392 1364 1680 1439 superiores
1703 1365 1817 1418 tecti
1837 1368 2087 1434 fenestras

489 1463 710 1518 ecclesite
736 1462 879 1516 illius
920 1470 1273 1524 excreuerant,
1317 1476 1407 1514 nec
1439 1459 1493 1512 in
1542 1475 1653 1514 eam
1682 1459 1873 1517 intrare
1904 1441 2086 1535 polue-

489 1564 627 1617 rant,
660 1556 893 1613 virtutem
933 1554 1172 1625 martyris
1201 1554 1539 1609 asteitdentes.
1574 1555 1640 1606 At
1667 1552 1862 1607 Paulus
1898 1550 2086 1606 Diaen-

493 1663 593 1705 nns
625 1647 843 1707 Rabano
871 1647 1162 1718 antiquior,
1192 1647 1391 1716 quippe
1425 1645 1514 1717 qui
1542 1642 1737 1699 Carolo
1774 1643 1963 1715 Magno
1990 1643 2086 1699 im-

2181 436 2458 503 dedicatio,
2511 438 2595 505 vel
2639 437 2965 493 Consecratio
3017 435 3079 490 8.
3120 433 3385 500 Zenonis;
3415 441 3471 489 et
3510 432 3685 493 solum
3730 436 3780 489 ιιι

2181 529 2472 586 Zenoniani
2520 529 2834 603 monasterii
2886 529 3285 596 monumentis,
3342 542 3465 598 quae
3513 527 3782 585 decimum

2182 632 2430 695 quartum
2476 625 2729 679 saeculum
2765 639 2870 678 non
2901 623 3191 686 excedunt,
3226 636 3287 676 ea
3310 619 3398 676 die
3425 619 3669 692 signatur
3699 637 3785 687 or,-

2184 715 2380 770 dinatio
2421 714 2483 771 S.
2530 714 2785 783 Zenonis,
2833 723 2886 770 et
2914 714 3124 770 duobus
3151 712 3342 769 diebus
3370 722 3490 787 post
3528 711 3786 775 dedicatio

2184 805 2411 871 ecclesia
2452 806 2514 875 8.
2557 804 2915 865 Zenonis:de
2946 821 3052 877 quo
3100 805 3253 875 plura
3294 803 3679 860 dissertatione
3724 820 3782 870 t,

2184 913 2303 971 cap.
2351 900 2406 974 5,
2456 898 2507 973 ς.
2569 902 2622 955 5.
2675 898 3053 955 Dillicultatem
3089 900 3269 973 itaque
3307 899 3508 955 nullam
3538 899 3788 973 ingerunt

2185 992 2461 1058 Ecclesiae,
2495 1008 2613 1065 quae
2643 992 2743 1048 hac
2766 992 2852 1049 die
2880 1009 2935 1048 vr
2964 993 3038 1047 ld.
3074 992 3385 1049 Decembris
3407 991 3644 1049 Zenonis
3674 994 3781 1065 les-

2188 1095 2296 1140 tuttt
2324 1092 2601 1159 peragunt.
2647 1084 2779 1140 Cum
2812 1085 2956 1143 enim
2988 1085 3104 1140 dies
3145 1101 3217 1140 xu
3241 1085 3440 1159 Aprilis
3460 1084 3513 1141 in
3542 1085 3784 1165 Quadra-

2186 1180 2445 1253 gesimam
2479 1180 2571 1251 vel
2594 1180 2874 1236 Paselntlia
2907 1179 3041 1235 festa
3072 1180 3371 1252 saepissime
3399 1180 3621 1249 incidat,
3670 1180 3788 1252 qui-

2188 1270 2287 1327 bus
2314 1272 2502 1328 diebus
2538 1252 2851 1328 sanctorum
2878 1273 3116 1331 natalitia
3140 1274 3269 1329 olim
3303 1289 3408 1331 non
3433 1274 3787 1345 celebraban-

2190 1375 2309 1431 tur;
2342 1366 2455 1420 Inec
2483 1364 2755 1420 transferri
2788 1374 3185 1422 consueverunt
3217 1367 3270 1420 in
3308 1368 3470 1421 alium
3501 1365 3669 1433 diem,
3699 1367 3788 1438 qui

2189 1458 2397 1513 scilicet
2425 1460 2639 1530 propria
2670 1459 2721 1513 in
2752 1458 2996 1514 Ecclesia
3025 1460 3111 1515 vel
3141 1460 3503 1526 translationi,
3533 1460 3619 1516 vel
3647 1461 3792 1516 ordi-

2191 1552 2419 1619 nationi,
2451 1552 2535 1607 vel
2560 1552 2885 1608 tledieatitmi
2916 1553 3160 1609 ecclesiae
3187 1553 3356 1624 ipsius
3378 1563 3522 1610 esset
3546 1554 3793 1639 adsigna:

2193 1654 2299 1699 tus.
2351 1644 2440 1699 Sic
2480 1643 2697 1715 quidem
2730 1644 2960 1699 Radullo
2990 1654 3126 1701 teste
3170 1644 3238 1701 de
3265 1644 3492 1702 Observ.
3520 1660 3641 1701 ean.
3671 1661 3792 1717 cap.

494 1744 719 1813 peranre
751 1739 852 1797 sub
883 1740 1091 1795 initium
1122 1738 1362 1810 ejusdem
1390 1738 1569 1793 saeculi
1608 1736 1848 1807 scripsit,
1899 1737 1991 1792 lib.
2025 1751 2083 1792 ιιι
2114 1740 2163 1807 Β
2188 1751 2279 1791 xw
2311 1753 2324 1789 :
2361 1736 2673 1791 Solemnitas
2697 1735 2758 1792 S.
2793 1736 3024 1810 Gregorii
3057 1739 3180 1793 olim
3211 1738 3264 1792 in
3303 1738 3457 1802 diem,
3485 1755 3591 1811 qua
3622 1741 3789 1810 fuerat

494 1831 561 1889 de
597 1830 774 1901 Gestis
803 1830 1303 1902 Langobardorum,
1337 1844 1455 1901 cap.
1489 1830 1580 1896 95,
1610 1829 1748 1887 idem
1778 1827 2093 1885 miraculum

495 1923 661 1994 altigit
689 1934 831 1981 sexto
859 1925 1054 1983 decimo
1082 1923 1197 1979 Cal.
1227 1921 1572 1979 Novembris:
1599 1931 1655 1978 et
1687 1937 2009 1993 quamquam
2042 1923 2094 1978 in

498 2032 600 2071 ms.
633 2016 980 2072 Medoctiensi
1001 2060 1015 2084 ,
1064 2032 1127 2071 ac
1158 2017 1209 2070 in
1243 2014 1479 2070 editione
1518 2014 1857 2085 Lindebrogii
1889 2014 2097 2087 legatur

497 2107 612 2164 Cal.
650 2108 976 2164 Novembris:
1007 2109 1234 2163 omissas
1265 2117 1446 2163 tamen
1489 2106 1653 2163 fuisse
1684 2108 1988 2162 numerales
2012 2106 2098 2161 lit-

497 2208 642 2254 teras
672 2214 784 2271 xvt,
817 2213 936 2268 qua:
966 2200 1019 2255 in
1041 2198 1160 2256 aliis
1182 2212 1312 2254 mss.
1345 2209 1397 2254 et
1428 2197 1754 2257 editionibus
1779 2205 2095 2262 cernuntur,

499 2293 677 2363 palam
704 2300 786 2347 est
810 2333 824 2357 ,
858 2290 1018 2362 idque
1049 2292 1221 2362 ipsum
1253 2290 1604 2359 confirmatur
1642 2306 1709 2347 ex
1752 2290 2013 2347 Landulfo
2045 2292 2097 2346 in

498 2384 790 2440 Additione
816 2383 881 2439 ad
904 2383 1197 2441 Miscellam
1226 2384 1536 2463 nuperrime
1556 2383 1753 2449 editam
1783 2392 1910 2443 tom.
1956 2383 2100 2440 tRe-

499 2493 620 2534 rum
649 2477 971 2544 Italicarum,
1008 2494 1125 2553 pag.
1159 2478 1277 2547 l8l,
1306 2477 1395 2551 qui
1431 2477 1655 2533 Paulum
1693 2477 1983 2547 Diaconum
2008 2493 2100 2534 se-

500 2582 689 2638 cutus,
738 2570 847 2626 imo
872 2571 1218 2635 exscribens,
1273 2586 1364 2625 xvr
1402 2568 1517 2625 Cal.
1557 2568 1875 2626 Novembris
1906 2571 2098 2642 posuit.

501 2659 701 2715 Verum
733 2660 848 2717 haec
867 2662 1011 2729 dies,
1045 2661 1103 2735 in.
1128 2678 1230 2732 qua
1255 2660 1475 2718 Athesis
1502 2662 1813 2718 miraculum
1841 2663 2102 2734 contigit,

503 2751 560 2808 S.
604 2752 839 2813 Zenonis
884 2755 1196 2812 emortualis
1241 2770 1395 2826 esse,
1446 2764 1501 2813 ut
1544 2756 1845 2815 Coronatus
1894 2756 2100 2823 innuit,

506 2846 656 2901 nullo
701 2847 862 2902 modo
892 2858 1101 2917 potest;
1132 2864 1254 2904 cum
1288 2850 1426 2906 hanc
1464 2849 1609 2905 diem
1647 2849 1883 2906 Zenonis
1914 2848 2103 2904 festam

510 2939 656 3011 nulla
681 2939 1001 2997 documenta
1033 2942 1280 3012 signent,
1310 2957 1430 3013 quae
1472 2943 1799 3015 caeteroquin
1831 2941 1947 3005 dies
1971 2942 2106 3005 alios

510 3031 744 3103 Zenonis
774 3033 1051 3088 memoria:
1077 3022 1361 3091 dedicatos'
1382 3050 1445 3090 ac
1474 3037 1637 3091 festos
1657 3045 2102 3111 commemorant.

2196 1830 2506 1897 ordinatus,
2556 1830 2747 1886 solebat
2787 1832 3078 1903 transferri.
3132 1830 3185 1885 Id
3225 1830 3401 1902 ipsum
3444 1832 3797 1886 conlirmatur

2200 1935 2311 1981 tum
2350 1927 2418 1979 ab
2445 1935 2666 1981 auctore
2695 1925 2833 1981 Vita:
2871 1925 2931 1981 S.
2963 1924 3220 1996 Rudperti
3252 1924 3490 1995 episcopi
3520 1923 3794 1991 Salisbur-

2197 2018 2400 2089 gensis,
2424 2019 2638 2090 script-.e
2656 2018 2854 2074 saeculo
2873 2034 2967 2085 ιιιι,
2992 2028 3102 2073 tum
3117 2033 3183 2072 ex
3201 2026 3421 2074 auctore
3440 2016 3629 2089 capitis
3644 2031 3792 2087 xxiv,

2200 2111 2344 2181 quod
2389 2109 2659 2181 adjectum
2676 2109 2791 2165 ‘l‘uit
2838 2110 3021 2166 libello
3052 2110 3114 2166 de
3139 2109 3514 2181 Donationibus
3553 2108 3795 2186 ejusdem

2202 2200 2500 2259 Enclesiaz:
2534 2202 2745 2273 utrique
2771 2202 2913 2257 enim
2938 2203 3221 2274 loquentes
3241 2201 3309 2257 de
3328 2202 3458 2257 festa
3485 2200 3574 2257 die
3605 2201 3801 2272 ipsius-

2204 2305 2314 2349 met
2344 2294 2399 2350 8.
2432 2294 2713 2365 [ludperti,
2737 2296 2824 2367 qui
2854 2310 2885 2351 e
2910 2294 3044 2351 vivis
3075 2304 3387 2351 excesserat
3406 2311 3456 2351 vt
3476 2293 3591 2351 Cal.
3625 2293 3802 2366 Apti-

2204 2387 2292 2457 lis,
2317 2405 2435 2445 eam
2466 2404 2493 2442 a
2524 2389 2580 2444 S.
2615 2388 2837 2461 Vtrgilio
2862 2390 3161 2445 institutam
3203 2398 3425 2445 monent
3454 2404 3549 2459 pro
3577 2388 3800 2455 dimcesi

2205 2480 2419 2550 quidem
2439 2481 2527 2536 die
2546 2497 2635 2536 vut
2650 2482 3007 2561 Calendarum
3026 2482 3217 2541 Octob.
3240 2482 3290 2537 itt
3309 2480 3496 2556 [cxxx]
3518 2496 3623 2552 quo
3655 2481 3802 2536 Rud-

2208 2575 2343 2644 perti
2375 2588 2573 2645 corpus
2602 2575 2715 2646 ipse
2747 2576 3121 2642 transtulerat,
3172 2576 3222 2631 in
3251 2576 3382 2631 urbe
3404 2584 3587 2630 autem
3616 2576 3703 2645 die
3730 2590 3803 2630 vtt

2207 2664 2565 2723 Calendarum
2599 2667 2840 2737 ejusdem
2872 2668 3076 2723 mensis
3097 2708 3113 2733 ,
3159 2682 3284 2723 cum
3323 2677 3515 2723 octava
3542 2667 3805 2731 Calenda-

2210 2776 2328 2814 rum
2360 2760 2475 2815 dies
2506 2767 2766 2829 occupata
2804 2771 2949 2816 esset
2979 2758 3119 2815 festo
3147 2758 3510 2825 dedicationis
3531 2760 3801 2829 ecclesia},

2211 2851 2264 2905 in
2290 2868 2393 2923 qua
2424 2852 2541 2925 ejus
2567 2855 2735 2907 sancti
2761 2867 2958 2923 corpus
2987 2850 3249 2923 quiescit;
3283 2862 3336 2908 et
3376 2852 3671 2923 transducti
3702 2851 3801 2923 ltu.

2205 2943 2359 3014 ju~cc
2388 2944 2507 3019 testi
2538 2953 2688 2998 extra
2740 2944 2922 3000 obitus
2952 2944 3095 3000 diem
3145 2943 3288 2999 hanc
3331 2944 3618 3017 adsignant
3670 2960 3801 3011 cau-

2212 3050 2349 3109 sam,
2380 3036 2520 3106 quod
2554 3034 2668 3090 lucc
2699 3035 2815 3092 dies
2845 3046 3055 3109 prapter
3079 3037 3244 3109 ofﬁcia
3276 3036 3701 3109 Quadragesima:
3730 3038 3808 3111 vel

507 3124 645 3180 lline
672 3140 887 3198 quoque
917 3141 1212 3197 agnoscere
1243 3127 1396 3195 licet,
1429 3143 1549 3199 qua:
1575 3125 1845 3199 Coronato
1870 3129 2103 3199 attctori-
2133 3122 2179 3195 Β
2210 3127 2371 3199 ipsius
2400 3126 2614 3182 Pass/ue
2640 3144 2781 3196 raro,
2814 3129 2965 3185 sicuti
2990 3130 3202 3205 dignum
3229 3139 3322 3198 est,
3354 3131 3648 3201 contigisset
3672 3130 3805 3185 cele-

509 3229 589 3277 tas
622 3219 897 3276 tribuenda
918 3221 989 3275 sit
1014 3240 1028 3275 :
1053 3237 1152 3277 nec
1174 3224 1367 3281 mirum
1386 3237 1507 3279 esse
1531 3221 1711 3289 debet,
1740 3222 1785 3278 si
1808 3222 2106 3285 monachus

428 3312 445 3330 ‘
510 3310 888 3379 Zenoniauus,
942 3314 1032 3382 qui
1088 3322 1330 3368 sanctum
1386 3313 1706 3384 Episcopum
1758 3315 1924 3383 pridie
1978 3312 2107 3387 ldus

512 3404 707 3473 Aprilis
742 3406 968 3459 animum
998 3408 1218 3460 creatori
1256 3423 1347 3465 suo
1390 3406 1676 3463 reddidisse
1702 3407 1918 3477 scripsit
1943 3404 2103 3480 (Pag.

511 3496 618 3552 5:29
668 3494 801 3550 Hist.
838 3496 1067 3567 Diplom.
1102 3496 1248 3566 Mali:
1263 3498 1344 3569 ii),
1375 3498 1621 3555 eumdem
1650 3498 1864 3569 Athesis
1885 3498 2105 3565 coerciti

511 3589 654 3644 diem
712 3590 1004 3647 natalitium
1062 3590 1219 3662 paulo
1273 3598 1395 3661 post
1443 3591 1762 3663 appellavit;
1822 3592 1871 3651 id
1924 3591 2104 3655 enim,

513 3680 734 3761 perinde
780 3695 843 3739 ac
871 3682 972 3737 alia
1018 3681 1183 3741 multa
1204 3722 1220 3750 ,
1253 3696 1376 3738 eum
1409 3697 1472 3737 ex
1505 3680 1772 3747 Coronam
1814 3682 2108 3754 sumpsisse

511 3776 847 3848 exploratum
877 3785 981 3831 est.

585 3868 640 3923 ln
670 3869 850 3937 multis
876 3867 1267 3940 Martyrologiis
1294 3877 1349 3927 et
1392 3866 1746 3936 Calendariis,
1795 3881 1897 3925 nec
1921 3882 2026 3923 non
2056 3867 2108 3931 in

517 3959 774 4035 Ecclesiis
816 3960 1024 4026 multis,
1056 3974 1178 4031 quae
1206 3959 1441 4029 Zenonis
1479 3958 1676 4021 festum
1705 3958 1992 4029 quotannis
2024 3974 2109 4023 cc:

517 4051 745 4115 lebrant,
776 4050 902 4107 huic
933 4050 1070 4107 festo
1111 4038 1384 4122 adscripta
1412 4060 1495 4109 est
1522 4051 1638 4105 dies
1663 4065 1717 4106 γι
1759 4049 1836 4105 ld.
1882 4050 2110 4121 Decem-

517 4146 646 4202 bris.
695 4146 766 4225 ᾼι
796 4161 901 4207 non
947 4145 1048 4201 hac
1085 4144 1291 4201 idcirco
1322 4144 1411 4200 die
1442 4145 1530 4201 ille
1565 4144 1766 4205 obiisse
1810 4145 2114 4203 credendus

517 4250 620 4306 est,
652 4247 712 4296 ut
738 4240 950 4311 videtur
972 4239 1273 4312 signiﬁcare
1298 4239 1553 4296 Rabanus
1581 4239 1827 4297 laudatus
1852 4257 1865 4295 :
1899 4240 1944 4295 is
1969 4240 2112 4297 enim

517 4335 867 4399 emortualem
892 4333 1125 4395 Zenonis
1146 4334 1288 4389 diem
1321 4332 1373 4387 in
1398 4333 1588 4390 eodem
1615 4333 1997 4407 Martyrologio
2023 4348 2114 4403 nos

521 4438 724 4487 taverat
753 4429 927 4503 pridie
956 4429 1076 4485 ldus
1102 4430 1324 4507 Aprilis.
1367 4428 1550 4501 Neque
1581 4445 1714 4493 nova
1758 4429 1875 4486 hcce
1903 4430 2112 4495 Rnbaui

2209 3217 2350 3272 brari
2387 3236 2406 3273 :
2444 3220 2607 3275 verba
2640 3230 2765 3293 sunt
2810 3221 3062 3277 Auctoris
3090 3221 3247 3290 vitze,
3294 3222 3387 3305 qui
3434 3220 3561 3277 dein
3602 3220 3799 3289 addit:

2210 3311 2388 3385 Etiam
2417 3330 2699 3385 congruunt
2750 3331 2809 3369 ac
2853 3315 3151 3386 religiosum
3182 3326 3277 3381 est,
3320 3324 3376 3369 ut
3426 3313 3677 3386 quidquid
3705 3315 3813 3385 alia

2212 3404 2494 3463 observatio
2539 3405 2680 3475 illius
2708 3407 3060 3463 celebrationis
3087 3407 3264 3479 diebus
3306 3406 3630 3461 domuitionis
3668 3406 3811 3477 illius

2214 3498 2274 3577 ob
2303 3502 2637 3553 reverentiam
2660 3500 3124 3571 quadragesimalis
3140 3499 3313 3571 ofﬁcii,
3343 3498 3420 3559 vel
3441 3498 3702 3567 paschalis
3732 3498 3815 3567 ob:

2212 3594 2519 3659 servantiam
2538 3593 2716 3666 gaudii
2735 3594 2946 3660 ademit,
2971 3593 3060 3662 qui
3088 3603 3269 3659 auctor
3296 3590 3448 3646 Sedis
3470 3600 3517 3659 et
3544 3590 3813 3662 apostolus

2214 3687 2405 3763 cnstitit
2433 3687 2715 3761 religionis,
2756 3687 2838 3741 hic
2889 3686 3074 3739 saltem
3096 3686 3148 3739 in
3190 3685 3343 3738 domo
3371 3684 3564 3755 requiei
3590 3698 3700 3751 suae
3720 3682 3815 3755 illa

2212 3779 2482 3846 adsumpta
2497 3778 2577 3831 die
2590 3777 2941 3832 translationis
2957 3776 3331 3849 suppleatur.'l‘
3334 3775 3528 3830 andem
3552 3784 3610 3830 ut
3626 3789 3812 3837 exem:

2215 3871 2361 3947 plum
2393 3872 2639 3929 intimum
2667 3872 2944 3943 ettequale
2966 3872 3187 3935 omnino
3212 3869 3568 3944 proferamus,
3596 3868 3652 3929 S.
3685 3867 3817 3941 Pro-

2214 3965 2369 4038 culus
2399 3976 2620 4041 quartus
2651 3964 2980 4031 Veronensis
3021 3948 3338 4037 ettiscopus,
3370 3963 3559 4021 eadem
3589 3977 3816 4035 concur-

2215 4058 2387 4113 rentis
2428 4058 2869 4131 quadragesima:
2906 4057 2992 4112 vel
3023 4057 3300 4117 Paseltatis
3338 4071 3504 4125 causa
3533 4057 3585 4112 in
3637 4055 3819 4121 multis

2215 4149 2439 4209 aliarum
2495 4150 2861 4205 Ecclesiarum
2909 4148 3311 4222 Martyrologiis
3355 4156 3408 4205 et
3458 4148 3816 4231 Calendariis,

2217 4243 2357 4298 sicut
2380 4252 2433 4297 et
2464 4243 2519 4297 in
2550 4243 2830 4311 Romano;
2862 4257 2961 4299 nec
2985 4258 3091 4315 non
3125 4241 3386 4313 Venetiis,
3411 4242 3498 4299 ubi
3528 4242 3694 4325 ipsius
3717 4256 3819 4309 no;

2218 4338 2363 4397 mine
2400 4336 2577 4393 dicata
2620 4346 2794 4405 exstat
2822 4335 3089 4403 ecclesia,
3139 4336 3384 4409 signatus
3425 4334 3620 4409 legitur
3649 4350 3682 4387 v
3728 4332 3812 4407 id,

2223 4432 2557 4501 Decembris,
2579 4448 2699 4488 cntu
2724 4433 2775 4488 in
2797 4432 3031 4505 antiquis
3053 4432 3414 4499 monumentis
3436 4447 3470 4488 x
3510 4430 3631 4486 Kal.
3662 4428 3824 4501 Apri-

522 4524 804 4593 repetitio;
850 4539 972 4579 naut
1001 4532 1284 4597 postquam
1315 4522 1747 4587 Translationem
1790 4524 1847 4583 8.
1881 4523 2114 4599 Zenonis
2143 4507 2193 4569 Ῐ)
2223 4524 2286 4579 lis
2334 4536 2551 4583 notetur
2578 4524 2847 4601 Depositio
2893 4523 2956 4581 S.
2988 4523 3204 4583 Proculi
3249 4524 3590 4598 Confesspris,
3632 4523 3823 4597 quinto

520 4610 774 4686 posuerat
806 4631 881 4671 xu
908 4615 1026 4671 Kal.
1055 4615 1222 4684 Junii,
1253 4632 1360 4688 quo
1390 4616 1474 4671 die
1502 4625 1697 4673 caetera
1717 4616 1897 4673 omnia
1922 4632 2111 4673 monu-

521 4716 699 4773 menta
728 4708 871 4771 illam
896 4709 1236 4781 consignant,
1264 4718 1452 4779 aperto
1475 4708 1626 4781 lapsu
1649 4708 1894 4777 eamdem
1924 4707 2114 4769 iterum

522 4803 752 4873 signavit
771 4819 842 4858 xu
866 4802 983 4858 Kal.
1006 4803 1252 4874 Augusti,
1284 4802 1426 4879 quod
1454 4802 1648 4865 festum
1677 4803 1928 4867 omnibus
1953 4803 2114 4871 etiam

523 4896 928 4961 Veronensibus
982 4897 1347 4967 monumentis
1404 4897 1640 4967 ignotum
1691 4904 1793 4967 est,
1858 4894 2117 4959 Universa

526 5008 688 5065 porro
710 4992 1040 5055 Veronensis
1068 4990 1327 5047 Ecclesiae
1353 4990 1673 5051 documenta
1694 5004 1818 5053 cum
1846 4989 1968 5055 aliis
1989 4990 2117 5059 aliq-

526 5106 642 5146 rnm
674 5096 953 5145 auctorum
1005 5094 1061 5143 et
1108 5084 1468 5143 Ecclesiarum
1521 5084 1577 5143 S.
1612 5085 1846 5149 Zenonis
1889 5094 2117 5151 mortem

526 5183 698 5252 pridie
733 5182 857 5239 ldus
883 5180 1085 5252 Aprilis
1113 5188 1423 5237 Constanter
1446 5177 1778 5245 describunt,
1826 5194 1946 5250 quae
1989 5192 2120 5237 sane

528 5279 643 5336 dies
672 5280 744 5335 uti
767 5277 1084 5339 emortualis
1119 5276 1449 5341 Pretectoris
1476 5275 1643 5339 nostri
1675 5289 1819 5339 nunc
1845 5289 2060 5344 quoque
2087 5290 2119 5335 a

530 5382 709 5427 nostra
739 5370 978 5429 Ecclesia
1003 5369 1328 5427 celebratur.
1358 5367 1455 5433 Die
1475 5376 1652 5427 autem
1676 5384 1727 5421 Vl
1753 5367 1878 5429 ldus
1901 5367 2124 5425 Deccm-

529 5462 640 5525 bris
670 5464 721 5523 in
754 5461 1029 5534 plerisque
1059 5461 1294 5533 antiquis
1354 5459 1753 5521 Veronensibus
1784 5460 2123 5529 manuscrip-

527 5557 597 5613 tis
626 5556 761 5627 etin
789 5572 955 5628 parvo
987 5554 1370 5625 Martyrologio
1414 5554 1577 5624 (quod
1607 5551 1930 5615 Franciscus
1958 5553 2121 5613 Maria

531 5653 897 5719 Florentinius
925 5666 995 5707 es
1028 5664 1129 5711 ms.
1152 5647 1381 5711 Lucensi
1409 5646 1828 5720 llieronymiano
1855 5644 2122 5719 Martyro-

529 5749 676 5825 logio
701 5748 1005 5824 subjectum
1038 5745 1240 5833 publici
1259 5743 1400 5829 juris
1424 5742 1577 5823 iecit)
1602 5740 1891 5809 adnotatur
1919 5742 2126 5806 dedicao

2221 4625 2400 4679 autem
2431 4617 2553 4675 ldus
2585 4616 2894 4687 Decembris
2927 4615 3193 4684 Dedicatio
3218 4618 3444 4685 ecclesite
3472 4616 3533 4676 S.
3571 4615 3780 4679 Proculi
3804 4657 3818 4693 τ

2224 4719 2279 4766 et
2301 4711 2490 4767 eadem
2522 4713 2678 4782 plane
2728 4711 2797 4785 de
2838 4726 2998 4767 causa
3032 4712 3117 4783 (ut
3146 4711 3195 4767 id
3224 4710 3383 4775 etiam
3411 4710 3692 4782 addamus)
3716 4710 3826 4776 les:

2224 4811 2339 4859 tum
2371 4805 2428 4861 S.
2456 4803 2750 4872 Ambrosii,
2775 4805 2865 4875 qui
2897 4804 3033 4859 obiit
3063 4804 3234 4874 pridie
3255 4803 3435 4860 Nonas
3456 4804 3680 4875 Aprilis.
3706 4804 3825 4858 ubi-

2226 4910 2330 4965 que
2378 4905 2576 4967 przeter
2597 4895 3052 4953 Mediolanensem
3081 4895 3379 4965 Ecclesium
3412 4896 3721 4967 celebratur
3749 4910 3827 4965 vn

2224 4985 2350 5042 ldus
2382 4986 2700 5042 Decembris
2724 5028 2738 5050 .
2773 4986 2825 5043 in
2857 5002 3017 5059 quem
3046 4985 3284 5056 ejusdem
3314 4986 3585 5041 ordinatio
3613 4985 3824 5041 incidit.

2225 5077 2364 5133 Hinc
2395 5093 2523 5149 ergo
2556 5072 2958 5149 prteclat'um‘et
2985 5072 3326 5133 verissimum
3361 5076 3491 5131 illud
3520 5076 3829 5133 Cardinalis

2226 5169 2443 5225 Bar0nii
2469 5172 2729 5226 monitum
2756 5170 2806 5225 in
2829 5169 3267 5225 adnotationibus
3293 5169 3359 5223 ad
3386 5168 3826 5240 Martyrologitun

2224 5261 2313 5319 die
2344 5263 2408 5320 l8
2436 5263 2606 5319 Martii
2633 5281 2647 5317 :
2685 5262 2796 5318 Nec
2816 5264 3004 5317 mirum
3028 5304 3043 5328 ,
3074 5263 3119 5316 si
3142 5263 3278 5330 quod
3321 5275 3456 5331 stirpe
3480 5260 3696 5326 accidit,
3724 5262 3830 5315 alio

2230 5358 2314 5413 die
2345 5360 2399 5412 in
2439 5356 2673 5413 Romano
2703 5356 3094 5428 Hartyrologio,
3134 5357 3239 5411 alio
3262 5370 3380 5409 vero
3406 5353 3532 5408 alibi
3559 5354 3623 5408 de
3645 5353 3827 5408 eodem

2228 5456 2396 5524 agitur
2423 5452 2640 5520 Sancto,
2669 5452 2922 5524 siquidem
2947 5451 3139 5506 alicubi
3165 5448 3456 5515 translatio,
3498 5450 3576 5507 vel
3601 5451 3716 5522 ejus
3744 5464 3830 5505 ec-

2230 5546 2397 5602 clesia:
2434 5547 2705 5608 dedicatio,
2738 5545 2837 5610 vel,
2883 5543 3020 5614 quod
3047 5544 3111 5597 de
3136 5541 3410 5615 Episcopis
3437 5540 3646 5608 accidit,
3683 5540 3831 5594 ordi-

2230 5644 2374 5697 natio
2411 5641 2712 5696 eelebratur.
2765 5637 2875 5691 line
2920 5637 3082 5707 igitur
3108 5645 3416 5692 exterarum
3464 5634 3830 5690 Ecclesiarum

2232 5736 2341 5799 ritu
2360 5736 2422 5796 S.
2472 5733 2708 5801 lenonis
2730 5730 2907 5795 natals
2930 5728 3320 5798 celohmutiuttt
3347 5728 3436 5795 die
3458 5728 3494 5793 8
3522 5727 3833 5798 Decembris
