4242 6168
530 267 556 323 ¹1
567 268 636 322 39

1891 269 2428 329 PROLEGOMENA.

3733 278 3835 334 {60

531 391 650 457 lyre
684 383 1037 442 celebrandas
1080 385 1287 457 primus
1332 383 1566 441 instituit
1598 401 1610 439 :
1642 383 1928 455 eidemque
1954 383 2126 440 veteri
2153 389 2427 459 Agantur
2465 388 2603 445 inter
2640 388 2754 445 dies
2795 404 2921 457 VIII,
2959 405 3033 446 vn
3078 399 3133 446 et
3195 405 3247 446 Vl
3302 386 3420 446 Cal.
3495 388 3623 447 Julii
3656 408 3670 447 :
3710 389 3841 447 Ileic

527 482 655 538 ritui
684 497 804 540 sese
826 483 1225 539 conformantes
1255 481 1460 553 aliquot
1501 490 1744 537 externa:
1772 495 1988 553 quoque
2030 481 2130 535 Ec-

528 574 715 631 clesia:
740 592 860 645 cap.
904 575 962 642 4,
990 575 1017 648 §
1063 575 1098 630 2
1123 586 1174 631 et
1198 576 1253 643 5,
1277 574 1597 643 indicandae,
1626 590 1744 647 qua:
1772 574 1915 631 diem
1944 576 2002 631 S.
2028 574 2132 630 Ze-

529 670 689 724 nonis
741 669 935 725 festum
987 667 1215 740 singulis
1253 670 1411 725 annis
1452 684 1518 725 ex
1565 670 1787 741 antiqua
1841 669 2129 741 disciplina

528 760 939 829 concelebrant,
971 760 1321 828 confessoris,
1354 776 1459 817 non
1503 776 1635 817 vero
1675 761 1926 835 martyris
1956 760 2129 816 officia

533 860 591 908 et
616 854 811 908 missas
843 853 893 907 id
921 869 1135 925 quoque
1162 855 1419 925 temporis
1446 864 1722 926 peragunt.
1772 855 1845 910 At
1880 854 2006 910 huic
2035 856 2134 911 ob-

522 945 745 1019 jectioui
771 948 948 1004 ducta:
973 965 1039 1005 ex
1065 948 1393 1005 Veronensis
1414 951 1715 1018 praesertim
1744 949 2005 1006 Ecclesia:
2026 950 2131 1005 ritu

529 1057 688 1113 quem
715 1043 848 1099 alias
878 1043 1154 1099 Ecclesias
1186 1044 1503 1100 subsecutas
1541 1054 1786 1115 apparet,
1821 1043 1993 1099 facilis
2049 1060 2133 1099 re-

530 1138 759 1206 sponsio
787 1144 888 1192 est.
922 1137 1053 1192 Nam
1088 1146 1285 1208 prmtcr
1324 1153 1482 1208 quam
1512 1137 1665 1207 quod
1693 1137 1744 1191 in
1779 1135 1983 1207 Carpso
2030 1151 2131 1192 ms.

528 1224 864 1283 Veronensis
910 1228 1171 1284 Ecclesia:
1218 1241 1360 1282 nunc
1399 1242 1569 1297 nuper
1605 1227 1957 1283 memorando
1995 1227 2135 1281 anti-

528 1322 725 1393 phona:
755 1321 822 1377 ad
861 1322 1165 1387 introitum,
1197 1319 1570 1385 Olfertorium,
1604 1329 1659 1375 et
1688 1321 2134 1375 Communionem

529 1431 628 1487 pro
660 1417 796 1472 festo
838 1416 897 1472 S.
936 1414 1171 1471 Zenonis
1203 1416 1254 1470 in
1295 1416 1457 1471 missa
1500 1415 1824 1479 recitandae,
1864 1429 1947 1469 etc
1997 1412 2136 1469 indi-

516 1518 750 1581 .cantur,
782 1521 907 1579 quae
947 1507 1029 1562 vel
1078 1522 1219 1562 nunc
1258 1507 1312 1561 in
1344 1506 1525 1561 missis
1556 1517 1854 1578 martyrum
1887 1504 2135 1560 Paschali

537 1608 782 1671 tempore
830 1598 940 1655 dici
984 1599 1179 1666 solent,
1225 1609 1281 1655 et
1323 1599 1574 1654 similiter
1604 1599 1658 1653 in
1691 1597 2031 1653 Lectionario
2073 1596 2131 1652 S.

526 1692 843 1763 Euphemia:
868 1692 1083 1747 laudato
1110 1693 1160 1747 in
1194 1692 1416 1747 scltoliis
1447 1708 1476 1746 a
1508 1692 1744 1761 Baptista
1764 1690 2003 1757 Perettn,
2037 1704 2135 1761 pro

2235 480 2511 550 emergitur
2537 480 2814 553 Oprandus
2834 480 3257 554 Archipresbyter
3279 480 3333 537 Μ
3341 480 3483 537 CLX
3499 479 3595 536 VI.

2312 572 2412 627 Vl.
2490 573 2580 628 ld.
2609 574 2831 646 Augusti
2860 586 2902 631 Θ
2930 573 3143 630 Beatria:
3167 574 3479 633 MCLXXI.

2320 665 2377 720 V.
2494 664 2581 720 Id.
2614 664 2849 721 Octobris
2881 665 3008 721 Nat.
3038 667 3101 723 8.
3143 666 3397 723 Placidia:
3432 666 3495 722 V.
3531 668 3666 724 etin
3699 683 3842 725 mar-

2235 755 2358 827 gine
2389 755 2774 813 Institutio.....
2803 756 3059 814 MCLXX
3076 758 3136 816 V.

2311 847 2414 902 IV.
2493 848 2579 904 Id.
2621 850 2815 919 Aprilis
2880 851 3056 906 electio
3111 850 3330 907 Adriani
3398 851 3841 926 Archipresbyteri

2237 940 2655 999 MCLXXXVI.

2319 1033 2389 1087 Vl
2402 1033 2447 1089 1.
2490 1034 2576 1090 Id.
2604 1033 2755 1090 Junii
2779 1039 3095 1092 consecratio
3135 1037 3353 1093 Adriani
3393 1039 3839 1113 Archipresbyteri

2235 1128 2290 1182 in
2316 1130 2666 1200 presbyterum
2694 1128 3002 1184 MCLXXX
3020 1129 3115 1185 Vl.

2308 1222 2363 1277 In
2397 1222 2553 1293 hujus
2591 1237 2721 1294 ergo
2752 1221 2935 1294 Carpsi
2974 1222 3297 1281 (ialendario
3328 1224 3444 1283 hinc
3473 1225 3526 1283 in
3567 1242 3681 1283 rem
3713 1241 3840 1283 nos-

2240 1322 2374 1366 tram
2406 1312 2717 1369 scribuntur
2745 1332 2757 1367 :

2308 1400 2414 1457 IV.
2522 1403 2705 1460 Nonas
2733 1404 2888 1461 Febr.
2923 1405 3106 1461 Sancti
3136 1405 3295 1461 Blasii
3317 1408 3455 1480 conf.

2319 1494 2486 1551 VIII.
2521 1495 2637 1553 Cal.
2672 1497 2806 1572 Maji
2831 1499 2893 1555 8.
2918 1500 3183 1555 Adalberti
3212 1506 3352 1573 conf.

2312 1587 2457 1644 Non.
2488 1589 2639 1644 Junii
2666 1589 2725 1645 S,
2756 1588 3015 1660 Bonifacii
3045 1591 3171 1663 Epi.
3195 1604 3239 1648 et
3268 1596 3407 1667 conf.

2320 1680 2415 1735 VI.
2524 1683 2637 1737 Cal.
2666 1681 2822 1739 Julii.
2858 1682 2986 1739 Nat.
3020 1683 3109 1740 Ss.
3150 1686 3372 1742 Joannis
3410 1697 3459 1741 et
3488 1686 3648 1742 Pauli
3688 1704 3759 1744 m.
3795 1697 3841 1744 et

523 1786 612 1841 die
640 1786 1011 1841 translationis
1051 1786 1108 1842 S.
1153 1785 1388 1841 Zenonis
1427 1785 1742 1856 adsignatur
1770 1784 2124 1855 Evangelium
2157 1774 2203 1834 B
2234 1772 2305 1833 S.
2342 1772 2521 1847 Vigilii
2549 1776 2689 1847 conf.
2774 1800 2797 1823 ι

529 1876 647 1951 Ego
679 1894 794 1933 sum
814 1879 931 1933 vitis
958 1895 1096 1945 vera,
1126 1877 1267 1948 quod
1294 1878 1454 1932 hodie
1479 1878 1677 1947 pariter
1699 1876 1751 1931 in
1781 1875 1971 1931 iisdem
2004 1876 2133 1932 mis-

527 1972 605 2026 sis
632 1970 988 2026 Paschalibus
1018 1983 1314 2043 martyrum
1342 1971 1652 2032 recitamus,
1680 1969 1732 2023 in
1776 1969 2133 2040 eamdemque

532 2079 648 2120 rem
678 2080 741 2120 ex
767 2064 874 2120 alio
906 2081 1009 2119 ms.
1040 2064 1239 2120 blissali
1268 2064 1582 2120 monasterii
1612 2061 1668 2119 S.
1711 2062 1944 2117 Zenonis
1970 2062 2132 2118 disci-

528 2172 673 2225 mus,
705 2158 847 2215 idem
882 2159 1239 2231 Evangelium
1270 2159 1465 2214 lectum
1491 2157 1684 2225 fuisse,
1712 2172 1834 2212 cum
1862 2159 2129 2229 quaepiam

526 2250 771 2318 ejusdem
805 2250 988 2307 Sancti
1016 2249 1282 2307 festivitas
1307 2253 1360 2306 in
1390 2249 1648 2305 Paschale
1671 2258 1880 2321 tempus
1911 2250 2131 2307 incidis-

526 2353 647 2399 set:
675 2358 875 2415 prmter
905 2343 1043 2413 hinc,
1079 2344 1320 2417 inquam,
1360 2356 1543 2400 nostra
1577 2345 1905 2401 Veronensis
1938 2347 2129 2402 Eccle-

523 2438 605 2494 sia
634 2454 758 2495 eum
789 2440 1068 2508 antiquum
1110 2441 1351 2496 tenuisse
1380 2440 1541 2495 ritum
1570 2438 1801 2498 videtur.
1836 2455 1997 2510 quem
2029 2440 2130 2495 Mi-

531 2533 788 2604 crologns
830 2534 1037 2588 nutavit
1078 2534 1129 2588 in
1163 2533 1302 2588 libro
1338 2533 1406 2588 de
1451 2532 1844 2588 Ecclesiasticis
1869 2532 2131 2587 observa-

536 2627 775 2683 tionibus
840 2643 961 2698 cap.
999 2627 1104 2695 45,
1164 2628 1531 2683 testimonium
1574 2626 1846 2682 indicante
1886 2627 2129 2697 Baptista

532 2719 751 2775 Peretto
796 2721 847 2775 in
882 2720 1072 2774 iisdem
1120 2720 1354 2776 Scltoliis
1385 2720 1449 2774 ad
1484 2720 1659 2775 Vitam
1688 2720 1747 2775 S.
1772 2720 2027 2786 Zenonis,
2055 2722 2130 2777 lc-

522 2812 666 2884 gitur
686 2823 865 2868 autem
890 2821 1020 2867 tum.
1043 2828 1173 2867 xvut
1207 2812 1554 2867 Bibliotheca:
1578 2813 1815 2877 Patrum,
1842 2829 1960 2885 pag.
1987 2813 2125 2869 485:

538 2902 680 2959 Nota
708 2916 900 2977 autem,
935 2905 1125 2975 inquit,
1169 2904 1232 2960 8.
1265 2904 1569 2973 Gregorium
1608 2922 1799 2974 papam
1830 2907 2052 2977 primum
2077 2906 2132 2960 in

533 2996 788 3053 Graduali
824 2974 959 3051 libro
983 2974 1047 3052 de
1083 2998 1162 3051 Itis
1193 2998 1501 3069 martyribus
1537 2974 2130 3070 (Romanis-Pontifici-

530 3087 651 3158 bus)
689 3090 821 3143 sicut
858 3087 921 3141 de
947 3089 1325 3160 confessoribus
1357 3087 1685 3159 Ponti/icalia
1711 3088 1993 3144 instituisse
2020 3091 2129 3162 offi-

2310 1867 2556 1939 [cxxsttt]
2590 1869 2652 1924 Hi
2676 1868 2855 1941 itaque
2895 1887 3084 1928 omnes
3113 1874 3415 1937 certissimi
3444 1885 3730 1947 martyres,
3787 1885 3843 1931 ut

2234 1958 2455 2014 aliunde
2484 1961 2861 2031 supponimus,
2890 1964 2942 2017 in
2972 1963 3139 2033 ipsius
3160 1963 3345 2037 Carpsi
3370 1964 3693 2022 Calendario
3713 1982 3841 2023 con-

2235 2051 2473 2109 fessores
2497 2064 2773 2111 vocantur.
2791 2056 2959 2111 Porro
2976 2058 3103 2113 licet
3119 2058 3173 2113 in
3195 2073 3260 2114 eo
3274 2058 3593 2115 Calendario
3610 2061 3838 2132 legatur:

2244 2143 2285 2197 γ
2295 2143 2414 2199 111.
2442 2145 2573 2202 Idus
2602 2149 2820 2220 Augusti
2848 2148 3041 2206 Natale
3068 2152 3235 2220 Sirti,
3265 2150 3606 2222 Felicissimi,
3634 2164 3679 2209 et
3702 2156 3842 2228 Aga-

2236 2236 2330 2305 piti
2354 2249 2679 2309 martyrum;
2709 2253 2885 2297 tamen
2911 2243 2963 2297 in
2991 2242 3191 2309 Carpso
3218 2244 3276 2302 S.
3310 2244 3448 2301 Sisti
3475 2245 3713 2303 officium
3741 2264 3838 2304 no-

2236 2338 2382 2385 tatur
2410 2334 2475 2385 de
2503 2330 2803 2405 Confessore
2833 2334 3085 2408 Ponti/iac
3105 2380 3121 2403 ,
3149 2339 3374 2395 aliorum
3401 2351 3581 2396 autem
3606 2342 3837 2399 duorum

2235 2421 2545 2489 antiphouae
2586 2425 2651 2479 de
2693 2426 3028 2499 Martyribus.
3061 2429 3242 2501 Itaque
3280 2432 3422 2502 apud
3468 2432 3836 2492 Veronensem

2234 2513 2531 2572 Ecclesium
2562 2519 2606 2574 is
2631 2520 2763 2576 ritus
2792 2523 3090 2581 obtinuisse
3116 2538 3374 2597 apparet,
3411 2538 3469 2584 ut
3490 2529 3832 2589 coiifessores

2234 2607 2579 2679 dicerentur,
2610 2614 2699 2683 qui
2727 2619 3020 2688 (πυρωτοᾳυί
3048 2622 3160 2674 veri
3191 2632 3317 2676 sunt
3345 2636 3643 2696 martyres,
3687 2634 3742 2681 et
3770 2625 3840 2683 de

2237 2701 2425 2759 iisdem
2459 2721 2565 2760 non
2596 2707 2671 2762 uti
2699 2710 3055 2781 martyribus,
3083 2714 3178 2770 sed
3208 2714 3288 2769 uti
3328 2716 3729 2774 eoufessoribus
3758 2721 3839 2774 ol-

2236 2794 2355 2849 ficia
2384 2797 2807 2855 celebrarentur.
2845 2803 2918 2857 Ex
2950 2803 3067 2876 ipso
3098 2804 3379 2877 Ugbellio,
3409 2823 3533 2880 pag.
3562 2809 3660 2866 78l
3686 2852 3701 2877 ,
3735 2810 3841 2867 Ve-

2236 2903 2524 2945 ronensem
2556 2891 2961 2959 inscriptionem
3006 2896 3276 2954 referente
3324 2900 3375 2955 id
3422 2901 3596 2971 ipsum
3640 2903 3839 2960 eruditi

2235 2983 2496 3051 suspicari
2550 2995 2605 3038 et
2644 2985 2915 3056 conjicere
2956 3000 3205 3060 pmerant
3234 3008 3247 3045 :
3281 2992 3333 3047 in
3374 2993 3463 3048 illa
3496 2995 3638 3050 enim
3663 3037 3678 3061 ,
3718 3012 3839 3067 qua:

2236 3076 2569 3145 temporibus
2598 3078 2827 3135 Andreae
2857 3081 3180 3139 Patriurchae
3223 3083 3618 3155 Aquileiensis,
3663 3088 3713 3143 id
3755 3097 3839 3145 est

530 3181 633 3247 cia,
682 3191 738 3234 ut
765 3181 829 3234 de
856 3180 917 3234 s.
940 3179 1191 3235 Marcello
1212 3179 1424 3250 Atttiplt.
1452 3181 1666 3241 Statuit.
1694 3192 1741 3236 et
1767 3183 1831 3237 de
1858 3182 1919 3239 s.
1953 3180 2128 3237 Felice
2153 3162 2201 3226 C
2233 3176 2432 3230 saeculo
2450 3192 2522 3237 Ix.
2542 3177 2592 3231 in
2613 3178 2812 3249 templo
2825 3180 2954 3236 olim
2972 3180 3029 3237 S-
3051 3182 3463 3251 Gregoriimunc
3480 3196 3657 3242 autem
3679 3187 3838 3258 vulgo

528 3274 743 3344 Antiplt.
773 3273 1100 3336 Sacerdotes,
1124 3284 1171 3328 et
1195 3277 1290 3328 hoc
1319 3275 1492 3345 utique
1520 3275 1644 3328 satis
1673 3291 1894 3348 congrue
1918 3262 2128 3347 propter

529 3367 883 3421 excellentiam
924 3366 1187 3439 dignitatis
1234 3368 1562 3438 Apostolicaz.
1620 3366 1733 3422 Hoc
1773 3370 1926 3423 etiam
1966 3379 2130 3423 atten-

529 3460 697 3514 dendo
723 3460 947 3527 majores
977 3460 1139 3513 nostri
1165 3461 1228 3513 de
1258 3460 1441 3514 iisdem
1472 3459 1662 3514 sanctis
1684 3464 2032 3533 confessorttm
2054 3462 2131 3532 of-

528 3550 650 3622 ﬁcia
676 3551 744 3604 ad
764 3567 970 3606 cursum
999 3552 1103 3606 diei
1131 3562 1176 3605 et
1203 3552 1368 3607 noctis
1396 3554 1636 3622 leguntur
1658 3552 1947 3626 observasse
1970 3571 1982 3607 :
2013 3570 2130 3625 qua:

529 3654 575 3698 et
607 3642 876 3716 Pontiﬁcis
906 3645 1211 3716 dignitatem
1237 3648 1415 3700 eodem
1444 3646 1595 3701 modo
1623 3647 1911 3710 insinuant,
1937 3663 2026 3702 nec
2051 3659 2129 3701 ta-

530 3753 645 3792 men
689 3738 740 3791 in
789 3738 961 3807 aliqua
1004 3755 1181 3793 eorum
1203 3741 1452 3811 martyrio
1484 3740 1845 3810 prmiudicant.
1880 3740 2025 3796 Idem
2065 3743 2130 3796 de

537 3829 599 3887 S.
649 3831 950 3901 Apollinare
1019 3832 1388 3887 observandum
1419 3849 1526 3888 esse
1566 3832 1843 3889 Gradualis
1889 3835 2012 3889 liber
2039 3836 2128 3889 de-

532 3933 803 3980 monstrat.
830 3924 1101 3980 Hactenus
1133 3926 1475 3997 .‘llirrolugns.
1509 3928 1767 3997 Equidem
1797 3930 1939 3983 hunc
1965 3929 2125 3984 ritum

530 4014 583 4069 in
613 4015 713 4071 hac
741 4015 1045 4085 praesertim
1088 4015 1391 4073 Veronensi
1426 4019 1667 4074 Ecclesia
1714 4020 1950 4089 viguisse
1994 4021 2124 4076 illud

528 4105 887 4171 demonstrat,
930 4107 1074 4178 quod
1106 4108 1157 4162 iu
1206 4109 1442 4179 antiquis
1480 4110 1719 4180 ejusdem
1768 4111 2024 4167 Ecclesia:
2051 4113 2125 4167 ri-

528 4197 762 4255 tualibus
801 4196 954 4254 libris
988 4198 1274 4271 Episcopi,
1310 4201 1408 4255 etsi
1454 4208 1755 4273 martyres,
1785 4203 2127 4258 cunl'essores

527 4299 705 4346 tamen
749 4279 1125 4357 nominamur;
1157 4301 1210 4346 et
1236 4291 1472 4347 officium
1504 4292 1572 4349 de
1598 4292 2000 4350 confessoribus
2041 4310 2127 4350 re-

525 4382 799 4438 citandum
824 4383 1082 4438 innuitur.
1110 4382 1179 4439 Ut
1198 4397 1378 4439 autem
1401 4385 1714 4441 omittamus
1734 4402 1898 4457 pauca
1916 4402 2124 4454 eorum,

526 4475 618 4547 qui
651 4477 847 4531 ibidem
880 4487 1250 4542 recensentur,
1284 4476 1652 4534 Romanorum
1691 4478 2011 4535 Pontificum
2039 4497 2128 4534 no-

2236 3265 2297 3322 S.
2330 3266 2541 3323 Helena:
2568 3270 2620 3324 in
2646 3269 2998 3327 dedicationis
3026 3286 3429 3331 monumentum
3458 3288 3635 3333 erecta
3660 3278 3836 3336 adhuc

2234 3361 2502 3428 cernitur,
2534 3362 2674 3418 inter
2699 3362 3016 3421 Sanctorum
3035 3408 3051 3430 ,
3083 3383 3202 3438 quas
3231 3368 3425 3424 ibidem
3454 3370 3831 3439 cantinentur,

2235 3453 2489 3523 reliquias
2514 3455 2595 3510 har
2619 3468 2971 3514 recensentur
2998 3459 3251 3532 S.Vigilii
3273 3465 3468 3533 confes.
3491 3503 3506 3529 ,
3534 3462 3595 3518 S.
3624 3461 3836 3518 Proculi

2232 3545 2425 3617 confes.
2450 3587 2465 3612 ,
2499 3547 2559 3603 8.
2591 3546 2816 3603 Zenonis
2841 3553 3035 3623 confes.
3068 3552 3156 3607 ubi
3197 3569 3301 3607 non
3330 3561 3439 3607 tum
3470 3554 3529 3609 S.
3560 3554 3831 3611 Zenonem

2232 3652 2353 3693 cum
2385 3640 2611 3694 Proculo
2632 3682 2646 3705 ,
2680 3657 2837 3710 quam
2868 3643 2924 3697 S.
2957 3637 3211 3713 Vigilium
3243 3646 3432 3715 utique
3456 3644 3829 3702 Tridentinum

2232 3731 2541 3802 episcopum
2568 3775 2582 3799 ,
2622 3735 2711 3804 qui
2745 3736 2963 3793 indubie
3004 3747 3211 3808 martyr
3239 3739 3525 3808 occubuit,
3555 3740 3834 3797 confesso-

2230 3841 2319 3880 res
2348 3841 2594 3897 pera-que
2639 3814 2938 3899 appellatos
2978 3829 3168 3893 vides,
3212 3846 3370 3902 quam
3414 3834 3829 3903 appellationem

2231 3918 2534 3973 officiorum
2577 3935 2641 3975 ac
2688 3923 2972 3977 missarum
3021 3923 3157 3979 ritus
3203 3925 3547 3996 sequebatur.
3601 3928 3674 3981 Ex
3728 3926 3832 3983 hoc

2229 4024 2395 4081 porro
2440 4011 2766 4068 Veronensis
2796 4014 3048 4071 Ecclesim
3089 4018 3194 4072 ritu
3241 4017 3366 4073 illud
3410 4018 3716 4074 dimanasse
3747 4036 3829 4075 Vl-

2230 4101 2417 4168 detur,
2452 4116 2505 4155 nt
2532 4103 2588 4158 S.
2621 4103 2769 4158 Zeno
2796 4106 2847 4159 in
2895 4105 3012 4161 aliis
3041 4124 3254 4178 quoque
3279 4109 3521 4179 ejusdem
3571 4110 3832 4166 Ecclesiae

2232 4194 2599 4248 monumentis
2628 4195 2910 4251 confessor
2938 4197 3293 4265 inscribatur,
3342 4215 3448 4254 non
3491 4212 3731 4273 martyr;
3773 4211 3834 4256 ut

2231 4302 2298 4341 ne
2321 4294 2498 4342 tamen
2526 4286 2575 4342 id
2599 4288 2663 4342 ad
2694 4291 3008 4361 martyrium
3036 4293 3381 4349 inficiandum
3411 4294 3613 4351 traduci
3638 4296 3829 4365 possit.

2304 4377 2414 4432 Etsi
2445 4393 2575 4433 vero
2615 4380 2668 4434 in
2713 4382 2983 4453 plerisque
3019 4388 3384 4442 monumentis
3430 4386 3833 4444 Veronensibus

2230 4485 2373 4527 unus
2420 4472 2749 4529 confessoris
2795 4476 2979 4531 titulus
3028 4477 3203 4533 eidem
3256 4479 3594 4547 vindicetur;
3647 4491 3830 4538 tamen
3884 4472 3889 4475 ’

526 4569 669 4624 mina
688 4586 916 4641 quorum
948 4573 1267 4645 martyrium
1297 4574 1461 4628 certis
1485 4574 1823 4630 documentis
1868 4590 1973 4630 non
2010 4590 2129 4644 pro-

2238 4565 2484 4635 quaedam
2523 4583 2627 4623 nou
2653 4567 2849 4623 desunt
2875 4610 2889 4635 ,
2919 4570 2970 4623 in
3000 4571 3196 4642 quibus
3225 4582 3427 4642 martyr
3458 4574 3658 4630 diserte
3684 4589 3837 4631 asse-

528 4665 705 4733 batur,
734 4680 829 4721 eos
854 4675 1058 4722 tantum
1083 4668 1367 4739 episcopos
1392 4671 1964 4737 commemorabimns,
1994 4687 2131 4743 quos

528 4757 692 4815 fuisse
714 4768 976 4832 martyres
1007 4760 1347 4831 esploratum
1375 4769 1460 4816 est
1482 4778 1497 4826 ;
1522 4772 1576 4817 et
1607 4777 1675 4817 ne
1702 4763 1942 4833 singulos
1972 4763 2131 4834 hujus

529 4850 787 4907 Ecclesia:
828 4851 1053 4906 rituales
1083 4851 1253 4907 libros
1281 4867 1683 4922 percurramus,
1727 4855 1861 4908 satis
1887 4857 1994 4909 erit
2022 4871 2124 4910 ms.

525 4942 672 4999 illum
695 4945 1042 4999 considerare
1065 4942 1318 5014 Carpsum
1346 4945 1693 5015 appellatum,
1718 4946 1807 5017 qui
1841 4958 1957 5016 post
1989 4963 2130 5018 prae-

528 5035 788 5093 fationem
824 5037 1070 5093 Auctoris
1101 5052 1127 5088 a
1162 5035 1417 5103 Scipione
1451 5035 1661 5092 Maﬂ‘eio
1696 5039 1892 5093 editam
1925 5042 1977 5094 in
2020 5040 2130 5096 Ad-

528 5129 717 5186 dendis
749 5139 1036 5198 postrema:
1067 5129 1236 5198 partis
1275 5128 1504 5185 Verona-
1534 5130 1838 5197 “lustratae,
1869 5132 2129 5189 Calenda-

528 5223 667 5277 rium
692 5220 934 5288 exhibet,
960 5229 1218 5291 nutatque
1241 5221 1470 5277 subinde
1497 5221 1800 5278 officiorum
1827 5223 1923 5278 hac
1950 5225 2002 5279 in
2028 5224 2131 5281 Ec-

528 5312 690 5367 clesia
722 5311 1166 5367 celebrandorum
1202 5313 1389 5379 ritum,
1424 5328 1523 5369 nec
1547 5329 1655 5369 non
1685 5316 2123 5387 antipltonarum,

525 5402 1022 5473 responsoriorum,
1046 5404 1377 5473 psalmorum
1400 5403 1573 5468 initia,
1597 5421 1715 5476 qua:
1740 5406 1933 5476 cuique
1949 5407 2128 5463 officio

526 5492 877 5550 conveniunt.
912 5491 1025 5548 Hoc
1058 5491 1313 5563 Carpsum
1343 5512 1371 5548 a
1401 5494 1679 5565 Stephano
1711 5498 2026 5569 presbytero
2070 5508 2128 5555 et

524 5596 748 5643 cantare
786 5583 1029 5656 ejusdem
1055 5584 1311 5642 Ecclesia:
1337 5588 1597 5658 scriptum
1620 5589 1717 5643 fuit
1742 5597 1869 5645 ante
1890 5588 2128 5646 medium

520 5676 779 5736 sa'culum
836 5682 932 5740 sti,
982 5691 1104 5732 cum
1147 5681 1199 5734 in
1242 5678 1567 5737 Calendario
1593 5682 1830 5753 quinque
1859 5681 1942 5736 hzc
1971 5682 2131 5740 chro-

462 5822 465 5825 .
514 5772 652 5826 niese
676 5768 1065 5829 adnotationes
1109 5771 1211 5828 alia
1243 5780 1401 5828 manu
1436 5776 1485 5830 in
1521 5773 1763 5844 margine
1788 5774 2011 5846 adjecta:
2050 5777 2129 5833 le-

2240 4657 2395 4713 ritur.
2440 4658 2706 4715 Henricus
2752 4662 3082 4729 imperator,
3132 4664 3183 4718 in
3235 4664 3513 4737 privilegio
3559 4666 3698 4738 quod
3738 4682 3832 4723 an.

2240 4753 2379 4808 1055
2420 4753 2596 4807 abbati
2627 4756 2935 4810 monasterii
2965 4756 3023 4813 S.
3054 4756 3287 4812 Zenonis
3333 4774 3648 4816 ceucessum
3691 4760 3832 4827 fuit,

2239 4862 2360 4918 pag.
2389 4847 2497 4902 703
2534 4855 2667 4902 tom.
2699 4864 2732 4903 ν
2767 4848 2936 4904 India:
2980 4849 3167 4907 Sacrae
3202 4850 3431 4922 Ugbellii
3456 4894 3471 4917 ,
3519 4853 3600 4908 bis
3639 4862 3836 4925 marty-

2232 4956 2339 4993 rem
2370 4939 2519 4994 illum
2552 4952 2707 4996 vocat
2730 4959 2751 4996 λε
2782 4951 2837 4998 et
2877 4943 2931 4997 in
2961 4942 3067 4997 alio
3096 4944 3401 5016 privilegio,
3430 4945 3570 5016 quod
3612 4956 3838 5017 rogante

2234 5031 2396 5089 Vitali
2436 5031 2692 5104 episcopo
2722 5033 2967 5091 Vicetino
3000 5035 3340 5107 Beringarius
3367 5036 3543 5093 eidem
3572 5039 3629 5094 S.
3658 5037 3837 5094 Zeno-

2234 5125 2317 5179 nis
2347 5126 2675 5179 monasterio
2705 5126 2922 5181 tradidit
2949 5142 3038 5182 an.
3071 5128 3208 5193 90f,
3240 5144 3563 5200 quamquam
3611 5130 3692 5184 bis
3731 5146 3836 5201 ap-

2235 5219 2463 5288 pelletur
2503 5220 2792 5290 confessor,
2827 5230 3005 5277 tamen
3038 5234 3092 5277 et
3140 5233 3339 5294 martyr
3368 5225 3539 5280 semel
3585 5224 3837 5280 nomina-

2236 5319 2340 5366 tur.
2372 5309 2506 5367 Vide
2552 5311 2857 5383 Ugbellium
2908 5315 2961 5369 itt
2996 5315 3252 5371 Vicetinis
3291 5319 3560 5390 episcOpis
3602 5328 3733 5373 tom.
3768 5334 3836 5385 ν,

2239 5420 2357 5475 pag.
2398 5406 2552 5461 1051.
2588 5408 2905 5479 Anonymus
2952 5408 3300 5479 Pipinianus,
3351 5412 3444 5480 qui
3491 5412 3560 5467 de
3606 5412 3839 5468 Verona:

2236 5497 2481 5554 laudibus
2508 5499 2840 5572 Rbythmum
2874 5503 3206 5563 lucubravit.
3238 5505 3445 5575 peritus
3474 5505 3685 5577 quidem
3716 5506 3840 5576 ejus

2242 5588 2568 5646 Veronensis
2606 5593 2774 5657 ritus.
2816 5608 2976 5664 quem
3017 5595 3290 5664 diximus,
3338 5612 3519 5653 nonne
3560 5596 3732 5652 adhuc
3771 5597 3835 5654 S.

2235 5685 2507 5743 Zenonem
2548 5696 2602 5743 et
2630 5687 3001 5747 confessorem
3041 5699 3097 5748 et
3142 5676 3436 5763 martyrem
3475 5691 3631 5748 simul
3678 5692 3837 5748 affir-

2240 5776 2493 5837 m‘andum
2525 5774 2770 5852 putavit?
