4242 6168
379 217 479 274 ιυι

484 361 700 409 Octavus
717 359 885 418 pastor
909 356 963 399 et
985 344 1254 398 confessor
1274 341 1420 392 Zeno
1445 349 1642 402 martyr
1663 335 1899 398 inclytus.

384 463 716 523 Cuillcltnus
744 460 1077 526 Pastrcngus
1124 448 1472 506 Veronensis
1522 445 1671 500 inter
1713 440 1916 544 surculi
1975 453 2071 540 inv

385 561 690 630 scriptores
718 551 1118 610 eruditissimus
1139 588 1153 612 ,
1187 545 1275 651 cui
1321 535 2072 651 onum—rituru-

391 652 657 709 crcdibile
688 650 844 718 plane
874 656 989 709 est,
1026 655 1204 698 nonne
1232 637 1303 692 de
1335 634 1573 688 Zenone
1609 632 1854 696 scripsit
1883 632 2076 694 aperte

605 744 711 796 ium
740 737 978 813 patitur?
1698 811 1710 821 .
2063 809 2075 819 .

396 755 711 815 martyrium
740 755 933 813 ρσιιηιτ
953 755 977 791 -’
1698 811 1710 821 .
2063 809 2075 819 -

474 837 662 907 Neque
702 839 1004 903 opponatur
1034 828 1092 884 S.
1132 826 1407 925 Zenonem

397 947 511 988 non
551 901 826 999 potuisse,
855 925 900 978 si
929 933 1048 991 post
1072 918 1261 975 Juliani
1294 907 1609 979 imperium
1649 909 1938 964 νίκημα
1970 901 2079 954 dls-

400 1031 514 1044 ___.
578 1021 598 1044 ,
640 1015 973 1044 suum...“
1033 1010 1139 1044 im:
1180 1009 1320 1044 anim
1352 1007 1474 1044 onst
1515 993 1856 1044 lulianum
1903 992 2076 1044 nullas

396 993 604 1079 sert.-l
638 1015 998 1072 ostendimus.
1033 1010 1143 1066 Etsi
1180 1009 1320 1064 enim

397 1118 458 1173 in
504 1114 663 1169 ltalia
709 1109 971 1164 adversus
1017 1103 1344 1159 Christianos
1389 1091 1862 1194 persecutiones
1913 1083 2076 1194 [insse

396 1206 767 1267 conceditur,
797 1200 866 1255 de
893 1213 1002 1270 quo
1036 1197 1164 1249 satis
1210 1192 1392 1249 eadem
1433 1184 1678 1280 dissert.
1706 1217 1752 1284 τ’
1772 1193 1900 1284 (Βψῖ
1943 1178 2068 1284 :2_,.§

398 1304 643 1365 ultimo;
678 1296 858 1351 adhuc
891 1291 1240 1347 nihilominus
1277 1285 1333 1340 8.
1363 1281 1514 1336 Zeno
1551 1270 1763 1379 occuli
1813 1281 2066 1379 potuit'tn

399 1396 595 1463 aliquo
625 1391 970 1460 Paganorutn
990 1426 1002 1445 .
1033 1383 1229 1452 quibus
1255 1394 1375 1435 sese
1403 1369 1733 1443 imperterri
1751 1377 1808 1422 te
1835 1368 2059 1437 objecit,

406 1483 659 1540 tumultu
683 1522 698 1547 ,
732 1475 1192 1549 quemadmodum
1219 1470 1397 1536 ,simili
1426 1469 1508 1570 de.
1539 1478 1715 1570 causa
1745 1477 1897 1570 “non
1927 1463 2062 1570 mpl-

407 1589 497 1632 tos
534 1584 662 1646 post
691 1587 871 1626 annos
911 1571 962 1623 in
998 1566 1241 1622 finitimis
1269 1559 1608 1658 Tridentinis
1661 1555 1907 1628 vallibus
1944 1555 2060 1658 glu:

408 1671 622 1725 riosom
660 1680 762 1736 pro
791 1661 1010 1717 Christo
1056 1668 1287 1713 mortem
1329 1653 1842 1755 oppetierunt-tres
1883 1657 2052 1752 sancti

407 1771 694 1832 martyres
719 1757 1080 1810 Anaunenses
1104 1794 1118 1818 ,
1147 1759 1203 1806 et
1229 1743 1546 1807 subinde'S.
1580 1742 1819 1812 Vigilius
1850 1743 2059 1810 episco-

405 1870 514 1927 pus
548 1871 561 1904 ε
596 1850 682 1904 vel
715 1858 794 1903 tot
828 1855 1110 1915 tantasque
1142 1860 1241 1914 pro
1269 1843 1377 1898 lide
1405 1834 1766 1911 propaganda
1799 1849 2054 1904 persecu-

408 1949 593 2003 tiones
628 1943 803 2014 potuit
834 1938 984 1993 obire
1019 1949 1070 1992 et
1115 1936 1257 2007 pati,
1289 1945 1421 2006 quot
1453 1943 1812 2033 quan—taser
1846 1943 2060 2033 .passus

408 2039 518 2095 fuit
536 2048 760 2093 coaevus
789 2032 980 2086 Brixiae
1010 2030 1296 2100 episcopus
1323 2036 1548 2083 sanctus
1585 2023 1926 2080 Philastrius
1946 2064 1960 2088 ,
1991 2023 2058 2078 de

408 2149 522 2205 quo
553 2132 672 2186 lliBC
705 2126 898 2183 litteris
945 2122 1174 2194 prodidit
1218 2136 1505 2177 successor
1543 2119 1674 2190 ejus
1711 2115 1778 2172 S.
1811 2113 2060 2202 Cauden-

412 2228 521 2283 tius
553 2224 607 2279 in
635 2233 890 2277 sermone
914 2217 979 2271 de
1007 2217 1107 2269 vita
1135 2215 1192 2270 8.
1219 2214 1490 2270 PhilaStrii
1519 2228 1656 2312 pag.
1689 2210 1805 2265 2H
1833 2206 2021 2312 etiﬂz’.
2047 2226 2058 2261 :

416 2321 614 2376 Contra
643 2314 859 2389 gentiles
884 2321 1028 2381 atque
1057 2308 1334 2363 Judwos...
1367 2319 1415 2361 et
1443 2310 1712 2362 maxime.
1732 2346 1780 2359 ..
1812 2301 2063 2406 Arianam

421 2414 698 2488 perﬁdiam
729 2416 871 2462 tanto
915 2405 1084 2476 vigore
1124 2401 1361 2474 pugnavit
1387 2442 1401 2467 ,
1430 2408 1487 2454 ut
1537 2413 1716 2456 etiam
1773 2395 2068 2501 uerberibus

422 2509 758 2570 subderetur,
783 2515 829 2556 et
866 2501 918 2553 in
949 2512 1157 2568 corpore
1200 2511 1290 2550 suo
1318 2496 1565 2566 stigmata
1621 2494 1859 2548 Domini
1907 2494 2067 2543 nostri

426 2601 558 2657 Jesu
604 2597 797 2656 Christi
847 2602 1088 2666 portaret.
1137 2591 1193 2645 lu
1239 2591 1370 2642 hanc
1417 2589 1777 2688 setitrntiatn
1829 2582 2068 2688 Joan'nes

433 2692 770 2753 V'croitensis
799 2686 1052 2744 Ecclesia:
1083 2683 1358 2754 presbyter
1385 2677 1812 2733 mansionarius
1855 2675 1906 2728 in
1932 2675 2068 2778 "lm-

437 2790 628 2862 periali
659 2783 894 2841 lliStoria
928 2775 1289 2841 manuscripts
1327 2772 1440 2825 haec
1471 2772 1538 2826 de
1567 2772 1809 2873 Zenone
1839 2768 2027 2873 scrilut
2052 2784 2067 2821 :

443 2861 573 2941 Post
602 2881 766 2936 multa
791 2875 1052 2946 supplicia
1079 2869 1265 2936 quievit
1295 2867 1349 2919 in
1372 2863 1580 2919 Christo
1611 2882 1649 2920 ιι
1683 2864 1820 2918 ldus
1852 2861 2065 2929 Aprilis.

447 2979 607 3034 Licet
629 2974 774 3031 enim
805 2977 1037 3026 mortem
1059 2963 1245 3060 initiis
1263 2957 1733 3060 persecat-iunium
1759 2965 1921 3026 atque
1946 2971 2071 3060 sup.

451 3073 633 3144 plictis
664 3083 771 3124 non
804 3063 1001 3120 obierit
1022 3102 1038 3127 ,
1073 3050 1420 3113 nihil'tauten
1465 3050 1516 3104 id
1547 3051 1748 3152 I'Elclji,
1783 3050 2072 3152 quominus

454 3141 665 3234 martyr
692 3159 1029 3232 appelletur,
1061 3149 1208 3244 unde
1241 3155 1488 3244 martyres
1517 3159 1546 3196 a
1671 3141 1945 3244 Cyprianuo
1968 3157 2071 3244 ιιι)-

457 3231 732 3329 pellantur
761 3261 814 3303 et
859 3248 934 3302 illi
972 3241 1321 3299 confessores
1344 3278 1356 3302 ,
1399 3234 1487 3305 qui
1519 3235 1682 3287 multa
1716 3247 1812 3302 pro
1853 3231 2072 3288 ChriSto

458 3353 607 3424 passi
645 3345 883 3402 nondum
924 3342 978 3396 in
1024 3333 1307 3407 Suppliciis
1336 3338 1685 3430 excesseraut
1708 3369 1738 3430 ἴ.
1767 3336 2073 3430 etumartyr

460 3419 619 3514 itaque
649 3439 929 3496 confessor
958 3441 1187 3487 vocatur
1216 3443 1244 3478 a
1279 3424 1338 3480 8.
1369 3421 1595 3524 Paulino
1625 3419 1777 3524 lielix
1809 3419 2070 3524 Nolanus,

462 3513 964 3605 etmar‘tyresitem
999 3522 1384 3596 pra-dicantur,
1407 3532 1468 3569 ac
1499 3513 1956 3605 uiliciointartyris
1983 3528 2075 3568 co-

464 3598 819 3684 lunturQiilem
842 3621 896 3676 8.
924 3616 1075 3672 Felix
1099 3605 1437 3675 Nolanus,S.
1465 3603 1884 3710 Boseli.chcel.
1914 3613 2074 3709 atque

467 3721 598 3785 alii,
627 3715 719 3788 qui
775 3709 1103 3780 cazteroquin
1137 3703 1384 3776 qumdam
1425 3700 1598 3797 solum
1643 3713 1747 3797 pro
1769 3696 1874 3751 lide
1907 3699 2068 3767 passi,

467 3813 525 3868 in
576 3825 708 3880 pace
748 3804 944 3863 mortui
983 3801 1243 3869 deinceps
1274 3793 1515 3895 [exstitit]
1555 3799 1698 3846 sunt.
1730 3791 1912 3895 Itaque
1932 3807 2071 3895 cum

468 3904 723 3975 Aloysius
749 3900 1114 3969 Lippomanus
1143 3885 1385 3988 air-1554
1406 3885 1656 3988 .(l’eretto
1688 3891 1834 3988 teste.
1855 3886 1905 3939 in
1931 3883 2076 3988 Lati-

469 4000 555 4055 nis
578 3993 800 4051 scholits
822 3990 888 4045 ad
916 3990 1078 4043 vitam
1128 3983 1185 4039 S.
1217 3978 1470 4050 Zenonis)
1510 3977 1760 4032 universo
1790 3976 1934 4031 clero
1967 3975 2073 4031 Ve-

469 4087 719 4146 ronensis
748 4081 994 4139 dioecesis
1035 4075 1288 4146 prmcepit
1310 4114 1324 4138 ,
1357 4081 1415 4124 ut
1439 4069 1504 4125 de
1529 4084 1634 4122 uno
1666 4077 1905 4138 martyre
1935 4082 2072 4137 pon-

472 4183 618 4237 tilice
647 4177 882 4233 cilicium
911 4171 1275 4228 celebraretur
1297 4207 1311 4230 ,
1346 4161 1486 4235 quod
1523 4171 1678 4215 antea
1707 4159 1775 4214 de
1802 4174 1912 4212 uno
1940 4174 2070 4212 con-

471 4275 684 4330 lessore
714 4267 960 4338 pontilice
984 4263 1316 4320 celebratum
1361 4256 1558 4356 fuerat,
1596 4251 1756 4356 haud.
1778 4250 2074 4356 reprehen-

473 4365 687 4422 dendus
714 4371 828 4426 cst,
859 4373 1031 4429 neque
1074 4355 1137 4410 iis
1179 4346 1600 4407 succensendum
1637 4346 1922 4409 Ecclesiis,
1953 4361 2072 4416 qua:

477 4468 538 4514 ut
562 4457 631 4512 ad
661 4451 983 4509 Veronensis
1007 4445 1309 4523 exemplum
1339 4457 1458 4497 sese
1477 4436 1912 4544 conformaren-t,‘
1933 4438 2073 4493 hunc

478 4549 733 4608 cumdetn
762 4548 920 4600 ritum
953 4541 1181 4599 subinde
1223 4537 1513 4608 arripuisse
1537 4536 1668 4588 satis
1690 4532 1956 4614 credibile.
1977 4549 2075 4587 no-

483 4647 568 4702 bis
592 4654 712 4708 est,
739 4642 806 4697 de
835 4639 1026 4711 quibus
1051 4636 1225 4708 capite
1255 4642 1443 4700 quarto
1465 4629 1723 4730 dicemus.
1757 4627 1882 4730 Haec
1911 4639 2073 4730 sunt,

484 4747 840 4807 quaecumque
871 4746 968 4799 pro
1006 4725 1248 4798 martyrii
1284 4720 1574 4824 Zenoniani
1618 4720 1883 4824 sententia
1922 4718 2075 4772 colli-

481 4844 613 4902 gere
651 4825 946 4897 potuimus,
975 4830 1028 4877 et
1064 4819 1180 4874 haec
1203 4815 1414 4888 quidem
1447 4813 1670 4883 majori,
1705 4828 1808 4884 qua
1837 4828 1947 4918 per
1976 4827 2073 4918 nos

482 4921 641 4978 licuit
663 4918 743 4986 vi,
775 4916 1044 4989 proposita
1071 4923 1228 4984 atque
1257 4908 1751 5011 inculcatailector,
1801 4905 2075 5011 vides-ut

484 5031 558 5070 ne
587 5011 713 5083 quid
746 5010 952 5064 roboris
993 5005 1112 5060 huic
1139 5004 1273 5074 parti
1299 5043 1312 5067 ,
1343 5000 1857 5106 quamj’eronensis
1892 5001 2074 5056 Eccle-

487 5109 566 5165 sia
597 5119 739 5160 nunc
784 5102 1053 5173 sequitur,
1085 5099 1480 5166 decerperetur.
1511 5093 1662 5149 Nunc
1707 5093 1773 5150 de
1814 5093 1876 5150 iis
1900 5135 1914 5160 ,
1955 5111 2074 5165 quae

489 5214 594 5272 pro
627 5195 898 5252 contraria
930 5190 1192 5248 sententia
1231 5194 1534 5258 suppetunt.

555 5315 583 5388 §
611 5313 674 5369 ll.
693 5343 761 5354 —
782 5311 1086 5366 Asseruntur
1113 5312 1406 5376 argumenta
1431 5302 1703 5356 contrariae
1723 5303 2004 5358 sententiae.

567 5423 984 5496 Antiquissimus
1013 5417 1277 5484 omnium,
1309 5415 1398 5486 qui
1420 5413 1655 5470 Zenonis
1679 5415 2076 5484 meminerunt,

493 5521 655 5580 testis
690 5529 774 5577 est
802 5519 859 5575 S.
891 5513 1206 5572 Ambrosius
1235 5510 1670 5579 archiepiscopus
1715 5509 2082 5614 Mediolanen-

491 5615 609 5680 sis,
641 5621 826 5666 auctor
867 5624 989 5665 cum
1032 5605 1266 5676 pluribus
1307 5601 1614 5658 nominibus
1643 5602 2080 5660 accuratissimus

493 5717 553 5766 et
597 5705 843 5762 maximae
887 5700 1044 5767 ﬁdei,
1090 5707 1196 5754 tum
1242 5711 1368 5754 vero
1411 5694 1609 5750 Zenoni
1655 5709 1890 5766 suppar,
1918 5712 2077 5776 quem

1246 193 1730 257 DlSSERTATlO
1770 187 1865 255 Ill,
1915 187 2006 244 DE
2049 191 2112 243 8.
2157 183 2321 241 ΖΕΝ.
2371 183 2580 241 ACTIS
2623 186 2714 242 ΕΤ
2758 185 3034 246 CULTU.

3769 209 3872 264 “3'2

2097 312 2154 370 A
2186 319 2428 388 proinde
2460 320 2702 376 Zenonis
2741 339 2860 378 non
2902 326 3164 390 latuisset
3197 340 3529 412 martyrium
3552 385 3565 410 ,
3601 344 3865 415 siquidem

2183 409 2231 464 is
2253 453 2267 475 ,
2304 411 2428 477 ipso
2448 411 2560 480 jam
2605 416 2929 485 episcopo,
2963 438 3064 492 pro
3095 409 3412 487 Christiana
3448 409 3559 490 lide
3574 409 3860 506 gloriosam

2185 513 2427 558 mortem
2461 507 2834 575 οιιρειίίεεει.
2869 519 3196 579 Ambrosius
3223 542 3359 598 ergo
3391 528 3569 584 delata
3597 531 3660 585 ad
3691 547 3748 586 se
3776 531 3862 585 In-

2184 595 2352 650 (Ῑίείω
2378 596 2618 666 Virginis
2641 614 2675 653 8
2703 599 2784 655 S.
2811 603 3038 670 Zenone
3064 618 3192 671 olim
3217 595 3459 688 probatae
3481 638 3544 677 ac
3566 623 3856 678 benedicta:

2184 701 2355 740 causa
2382 732 2396 754 ,
2429 703 2552 743 cum
2613 705 2732 758 pro
2775 694 2875 752 illa
2907 706 3072 762 multa
3101 710 3319 780 scripsit
3348 713 3416 766 ad
3445 714 3723 784 Syagrium
3751 715 3851 768 Ze-

2185 780 2351 834 ηθυίδ
2380 795 2798 840 δυοθθδεοΐειη
2823 830 2839 856 ,
2871 803 2978 851 tmn
3007 815 3137 854 vero
3163 801 3321 870 hujus
3352 806 3558 870 sancti,
3586 807 3676 876 qui
3700 807 3839 858 illam

2183 875 2624 939 θριπυὺίινθτίιι.
2658 875 2948 944 l'ldICium
2971 891 3281 960 proferens,
3312 897 3562 964 martyris
3588 898 3793 950 titulum
3818 929 3831 951 ,

2181 967 2275 1032 (Ιυί
2301 965 2372 1018 θά
2397 969 2808 1029 auctoritatem
2834 983 3146 1036 contulisset
3171 983 3493 1050 plurimum,
3522 985 3704 1056 procul
3731 980 3830 1032 du-

2180 1053 2274 1109 bio
2304 1073 2418 1112 non
2451 1063 2764 1119 omisisset.
2800 1073 2870 1125 At
2896 1072 3166 1126 Zenonem
3188 1085 3386 1127 sancta'
3413 1078 3668 1129 memoria!
3710 1064 3824 1132 BP"

2178 1162 2412 1218 scopum
2450 1156 2608 1210 unice
2664 1164 2945 1229 appellat,
2989 1180 3098 1217 non
3147 1175 3477 1234 martyrem,
3520 1162 3769 1252 inquielfs
3803 1167 3817 1202 :

2178 1237 2259 1292 Tu
2297 1255 2475 1297 autem
2504 1248 2617 1300 sine
2648 1249 2877 1322 alicujus
2921 1253 3104 1323 fratris
3155 1256 3370 1306 consilio
3415 1254 3512 1308 hoc
3555 1250 3821 1324 judicnmt

2171 1335 2544 1405 Pl‘wjudicium
2573 1341 2847 1410 feceris,ut
2872 1345 3119 1414 puellam,
3145 1340 3372 1398 Zenonis
3400 1356 3600 1436 sanctae
3628 1348 3824 1436 metuo-

2167 1424 2261 1476 ritc
2296 1429 2508 1492 judicio
2549 1433 2819 1500 probatam
2863 1439 3102 1508 ejusque,
3144 1436 3524 1503 sanctiﬁcatum
3579 1427 3826 1484 benedic-

2165 1516 2321 1581 tione,
2355 1530 2478 1587 post
2504 1531 2579 1575 tot
2609 1540 2776 1580 annos
2804 1529 2913 1580 sine
2936 1534 3146 1577 auctore
3166 1526 3574 1590 criminationis,
3605 1519 3722 1577 sine
3745 1543 3831 1584 ac-

2165 1621 2409 1666 cusatore
2431 1655 2447 1679 ,
2474 1616 2585 1669 sine
2615 1622 2910 1688 professore
2947 1619 3250 1684 delationis,
3285 1620 3337 1672 in
3368 1615 3700 1689 periculum
3722 1640 3837 1687 rea.

2090 1704 2137 1763 Β
2168 1713 2248 1756 tus
2280 1704 2639 1761 deducendam
2666 1713 3003 1764 arbitrarere.
3038 1709 3219 1777 ltaque
3251 1711 3384 1764 nihil
3429 1711 3506 1764 de
3549 1723 3844 1802 Illanyr'lo

2170 1793 2292 1862 ejus
2344 1796 2699 1855 Ambrosium
2754 1801 3081 1870 cogtIOViSSC
3135 1802 3305 1870 Palam
3350 1803 3608 1860 ﬁdem"
3653 1836 3668 1873 ε
3711 1841 3760 1884 et
3803 1835 3849 1889 si

2168 1886 2498 1943 Ambrosius
2536 1891 2667 1946 nihil
2720 1895 2800 1949 de
2832 1895 2925 1949 illo
2957 1895 3204 1964 rescivit,
3238 1896 3349 1968 jam
3382 1898 3702 1975 Zenonem
3730 1942 3837 1985 ηοη

2169 1981 2434 2049 martyrio
2458 2022 2472 2046 ,
2505 1982 2604 2036 sed
2636 1987 2891 2040 naturali
2921 1997 3092 2044 νισι-ιο
3140 1989 3192 2044 iu
3227 2007 3355 2061 pace
3402 1992 3674 2064 iunctum
3707 2032 3836 2082 pro-

2168 2071 2567 2130 habilissimum
2601 2087 2690 2131 est
2715 2118 2732 2142 ,
2774 2079 2886 2136 nisi
2913 2098 3017 2154 quo
3049 2084 3189 2156 paris
3221 2087 3392 2143 (etatis
3423 2099 3601 2159 atque
3632 2118 3808 2160 αυριο.

2169 2164 2342 2218 ritatis
2399 2165 2744 2222 documento
2805 2172 3076 2233 Ambrosii
3133 2184 3500 2237 testimonium
3547 2188 3808 2251 elidatur.

2171 2255 2290 2310 Pra:
2318 2257 2420 2314 hoc
2449 2273 2633 2316 autem
2651 2267 2953 2326 Ambrosii
2977 2275 3280 2332 testimonio
3301 2281 3514 2349 sequior
3536 2285 3702 2341 nimis
3724 2301 3808 2344 est

2172 2348 2231 2402 S.
2260 2348 2507 2421 Gregorii
2541 2354 2730 2424 Magni
2763 2398 2782 2422 ,
2817 2377 2939 2431 quae
2970 2383 3063 2435 pro
3087 2375 3342 2442 martyrio
3371 2372 3643 2444 antiquior
3674 2395 3803 2449 sup-

2176 2444 2649 2513 petit,auctoritas.
2670 2449 2728 2503 ls
2759 2459 2921 2512 enim
2940 2463 3027 2529 qui
3050 2462 3254 2520 duobus
3273 2481 3389 2535 puSt
3409 2469 3622 2526 saeculis
3646 2474 3798 2541 vixit,

2175 2548 2299 2588 cum
2340 2536 2559 2594 Athesis
2603 2541 2952 2604 miraculum
3002 2556 3266 2622 recitatis,
3309 2570 3598 2631 martyrem
3648 2563 3800 2620 illum

2177 2629 2507 2697 appellavit,
2541 2632 2653 2688 fieri
2694 2643 2891 2703 putuit
2925 2653 2980 2699 ut
3009 2651 3264 2705 memoria
3298 2629 3476 2724 lapsus
3506 2671 3626 2711 eum
3659 2675 3810 2713 mar-

2178 2729 2349 2791 tyrem
2395 2725 2598 2782 dictum
2631 2729 2984 2806 crediderit,
3019 2760 3174 2813 quem
3221 2747 3489 2818 Joannes,
3523 2769 3554 2807 a
3593 2768 3700 2823 quo
3730 2758 3800 2811 de

2187 2818 2446 2872 miraculo
2475 2821 2644 2875 fuerat
2675 2820 2991 2889 ilISlt‘uctus
3011 2877 3026 2900 ,
3055 2838 3352 2909 simplicem
3398 2843 3704 2917 episcopum
3747 2856 3804 2903 et

2181 2913 2548 2968 conlessoretn
2578 2927 3076 2986 pronuntiaverat:
3109 2935 3209 2988 nisi
3242 2934 3378 2991 forte
3419 2940 3532 3006 ipse
3559 2939 3796 2997 Joannes

2183 3020 2248 3060 eo
2270 3005 2318 3060 in
2353 3008 2506 3062 titulo
2534 3011 2712 3078 lapsus
2745 3020 3091 3082 probabilius
3118 3028 3391 3087 credatur.
3423 3005 3480 3087 In
3511 3034 3568 3090 S.
3593 3035 3801 3106 Grego-

2098 3099 2148 3165 C
2186 3104 2265 3155 rio
2309 3101 2523 3171 quidem
2574 3105 2826 3162 delectus
2880 3114 2929 3167 id
2972 3120 3184 3186 generis
3227 3123 3344 3178 sine
3389 3129 3637 3196 exemplo
3687 3146 3794 3186 non

2183 3203 2347 3248 sunt:
2379 3210 2500 3248 nam
2547 3195 2762 3250 Molano
2813 3204 3282 3269 animadwrtente
3314 3217 3365 3270 in
3394 3221 3624 3273 secunda
3659 3220 3796 3276 Usu-

2181 3286 2294 3340 παῖ
2323 3285 2582 3352 εάίιίοηθν
2613 3285 2670 3341 8.
2697 3286 2978 3352 iuvenalis
3005 3300 3322 3362 Narniensis
3351 3311 3668 3381 episcopus,
3698 3329 3793 3368 cu-

2175 3379 2264 3450 jus
2292 3379 2424 3434 lesta
2458 3380 2572 3436 dies
2601 3397 2634 3435 v
2658 3380 2845 3442 Nonas
2891 3390 3014 3448 Maii
3047 3397 3098 3449 itt
3132 3397 3378 3457 Romano
3405 3379 3791 3476 martyrologio

2182 3471 2421 3540 signatur
2442 3513 2456 3535 ,
2493 3483 2696 3544 martyr
2721 3475 2921 3536 dicitur
2951 3485 3043 3540 lib.
3081 3504 3134 3543 tv
3155 3531 3168 3555 ,
3213 3507 3332 3562 cap.
3367 3495 3432 3548 12
3452 3537 3465 3562 ,
3495 3514 3522 3550 a
3654 3471 3790 3556 Cie-

2178 3564 2360 3631 gorio,
2395 3578 2519 3619 cum
2552 3580 2732 3620 merus
2760 3572 3045 3632 eonl'essor
3073 3577 3253 3636 fuerit.
3283 3583 3440 3640 Aliud
3465 3603 3565 3644 nos
3591 3606 3784 3646 exem-

2179 3656 2325 3724 pltttn
2356 3655 2658 3713 adserimus
2702 3675 2766 3716 ex
2796 3667 3023 3733 epistola
3067 3673 3196 3728 olim
3253 3677 3322 3730 75
3373 3679 3471 3736 lib.
3502 3697 3556 3736 ix
3583 3724 3599 3751 ,
3643 3700 3786 3742 nunc

2180 3745 2248 3801 6?.
2291 3747 2328 3803 l.
2389 3765 2475 3816 Vl,
2508 3753 2592 3808 ubi
2636 3753 2776 3810 idem
2825 3763 3062 3829 pontifex
3107 3765 3458 3828 beatissimum
3505 3789 3780 3849 martyrem

2181 3850 2337 3898 vocat
2390 3843 2448 3898 8.
2483 3845 2736 3904 Leucium
2769 3855 3081 3925 episcOpum
3128 3860 3523 3922 Brundusinum
3548 3911 3564 3937 ,
3607 3873 3695 3941 qui
3727 3875 3780 3926 in

2189 3933 2410 3991 laudato
2439 3939 2819 4015 Martyrologio
2853 3963 2952 4001 nec
2983 3966 3091 4006 non
3123 3954 3172 4008 in
3203 3954 3524 4015 Calendario
3564 3978 3666 4016 ms.
3697 3964 3782 4020 Βία

2179 4025 2462 4085 bliotheca:
2504 4030 2883 4092 Casauatensis
2929 4041 3130 4111 scripto
3177 4048 3396 4104 ineunte
3449 4054 3647 4110 swculo
3688 4071 3778 4120 ix,

2183 4119 2248 4170 ad
2284 4129 2668 4180 monasterium
2700 4131 2966 4198 quoddam
3011 4135 3449 4197 Beneventanum
3479 4145 3608 4200 olim
3658 4163 3780 4218 per-

2182 4211 2421 4280 tinente,
2454 4231 2512 4270 ιιι
2555 4217 2677 4272 ldus
2703 4219 2941 4279 Januarii
2987 4228 3254 4298 episcopus
3298 4243 3345 4286 et
3385 4239 3646 4304 confessor
3674 4256 3773 4293 no-

2180 4303 2444 4371 minatur,
2477 4318 2636 4379 atque
2665 4312 2738 4366 uti
2765 4316 3043 4372 confessor
3072 4322 3286 4389 quidem
3311 4326 3363 4380 in
3391 4327 3503 4396 ipsa
3526 4332 3644 4399 ejus
3674 4333 3778 4389 Ec-

2179 4396 2343 4452 clesia
2375 4398 2712 4459 Brundusina
2743 4422 3117 4482 nuncquoque
3148 4420 3403 4486 temporis
3431 4421 3643 4478 colitur.
3678 4425 3776 4482 Vc-

2101 4495 2153 4555 D
2181 4503 2296 4542 rum
2328 4491 2542 4560 quidem
2575 4505 2658 4550 est
2683 4496 2967 4556 Leontium
2996 4505 3045 4558 itt
3075 4505 3401 4566 editiOuibus
3429 4525 3548 4583 post
3576 4516 3773 4574 [toma-

2184 4597 2306 4637 nam
2352 4584 2499 4640 illum
2541 4590 2834 4660 appellari,
2889 4611 2996 4650 non
3041 4598 3298 4658 Leucium
3334 4623 3346 4659 :
3390 4615 3446 4659 at
3490 4623 3612 4664 cum
3654 4611 3772 4681 ejus

2183 4688 2378 4745 corpus
2402 4678 2684 4737 Brundusii
2709 4689 3056 4755 requiescens
3085 4693 3281 4750 ibidem
3307 4699 3578 4769 tradatur,
3604 4703 3776 4761 Brun-

2183 4771 2376 4826 dusina
2407 4784 2586 4831 autem
2614 4779 2740 4834 urbs
2767 4783 2970 4838 nullum
3000 4788 3317 4860 cujusquam
3344 4796 3516 4850 sancti
3560 4797 3771 4856 Leontii

2182 4879 2378 4932 corpus
2409 4870 2548 4938 apud
2578 4885 2638 4927 se
2670 4876 3012 4943 requiescens
3053 4897 3305 4953 umquam
3351 4895 3666 4962 agnoverit,
3713 4903 3774 4950 ut

2184 4956 2318 5014 illttd
2341 4961 2396 5016 S.
2417 4961 2597 5020 Leucii
2626 4968 2862 5039 episcopi
2884 4972 3008 5028 olim
3039 4975 3256 5046 habuit,
3286 4956 3570 5054 antequam
3603 4956 3774 5046 Bene-

2182 5061 2398 5105 ventum
2430 5056 2848 5114 transferretur:
2895 5067 3086 5120 melior
3115 5069 3324 5126 videtur
3351 5072 3508 5132 lectio
3535 5079 3772 5148 priorum

2184 5140 2427 5212 Gregorii
2456 5146 2752 5204 editionum
2780 5192 2793 5214 ,
2841 5170 2961 5223 quae
2991 5171 3112 5212 cum
3143 5162 3380 5233 quinque
3409 5181 3536 5223 mss.
3571 5170 3623 5223 in
3667 5172 3774 5228 Be-

2187 5232 2456 5290 nedictina
2495 5238 2740 5310 allegatis
2766 5241 3022 5302 Leucium
3048 5232 3356 5319 prteierunt.
3383 5258 3462 5312 Ex
3491 5259 3574 5316 his
3596 5273 3776 5319 autem

2189 5326 2398 5412 duobus
2424 5328 2481 5385 S.
2515 5330 2791 5390 Pontiﬁcis
2821 5337 3058 5408 lapsibus
3090 5342 3144 5398 itt
3176 5349 3426 5418 martyris
3458 5351 3609 5408 titulo
3637 5353 3776 5410 Con-

2187 5403 2481 5479 fessoribus
2510 5427 2736 5495 tributo;
2773 5431 2914 5488 haud
2947 5443 3150 5493 temere
3175 5440 3364 5497 similis
3392 5444 3575 5515 lapsus
3602 5449 3791 5516 suSpi-.

2187 5516 2272 5572 cio
2297 5521 2540 5576 exoritur
2559 5563 2573 5586 ,
2603 5538 2722 5578 cum
2753 5524 2896 5582 idem
2925 5530 2982 5586 S.
3008 5531 3258 5590 Pontifex
3285 5535 3555 5598 Zenonem
3584 5553 3782 5613 marty-

2188 5626 2304 5666 rem
2353 5613 2604 5682 scripsit,
2649 5632 2809 5687 quam
2861 5618 2921 5676 S.
2966 5624 3284 5681 Ambrosius
3331 5640 3622 5701 martyrem
3670 5645 3780 5689 non

2189 5703 2426 5774 agnovit.
2462 5704 2720 5762 Coronati
2752 5707 2960 5767 Notarii
2993 5712 3114 5771 Vita
3153 5731 3272 5772 cum
3303 5717 3546 5786 pluribus
3586 5724 3784 5791 impro-
