4242 6168
479 282 580 349 163

1848 258 2386 338 raotaCousNA.
2485 271 2496 277 ·

3676 270 3777 339 itit

476 407 892 478 liahilihus,qu:c
912 396 1827 469 alibiconsideravimus,adiunctis
1842 402 2068 461 seateat,
2101 407 2154 467 Α
2180 412 2305 451 mox
2332 394 2655 451 videbimus.
2687 391 2863 449 Simili
2911 392 3069 464 plane
3101 391 3309 449 ratione
3359 392 3413 449 in
3445 407 3551 451 ms.
3579 393 3781 467 Matty-

472 498 703 574 [cxxxv]
726 500 1011 556 levissimae
1027 496 1239 569 quidem
1256 502 1334 549 est
1361 491 1486 548 fich
1506 509 1521 559 ;
1540 501 1594 548 at
1608 492 1789 563 negari
1809 490 1939 547 illud
1964 496 2069 545 no'n

468 603 650 665 potest
671 635 685 655 ,
718 591 857 663 quod
886 606 1006 647 cum
1037 587 1128 643 ille
1156 584 1222 643 de
1266 582 1485 640 Zenone
1514 584 1800 639 afﬁrmavit
1839 590 2071 653 receptus

470 697 544 740 est
576 685 628 739 in
659 700 781 755 pace
801 724 816 746 ,
848 683 987 737 inter
1017 688 1094 736 tot
1136 676 1510 750 improbabilia
1532 718 1545 742 ,
1576 688 1699 748 quae
1743 675 1812 731 ad
1841 682 2070 745 estagge-

479 778 699 833 raudam
731 774 790 832 S.
824 772 1074 845 EpiscOpi
1115 771 1345 843 gloriam
1376 784 1442 825 ex
1498 771 1610 840 ipsa
1654 766 1893 840 populari
1928 765 2067 821 fama

469 869 776 940 COtIgCSsil,
813 868 947 924 nihil
988 869 1055 924 de
1087 866 1346 939 martyrio
1375 864 1617 935 ejusdem
1663 860 1943 927 audierat,
1987 860 2068 916 ni-

466 964 649 1036 bilque
673 963 724 1019 id
747 962 1042 1033 temporis,
1086 958 1315 1029 Septimo
1363 954 1569 1012 scilicet
1600 956 1679 1011 vel
1730 964 1923 1010 octavo
1967 966 2068 1008 sa:-

463 1058 588 1113 eulo
608 1098 623 1124 ,
655 1072 759 1111 non
792 1053 962 1109 nmito
989 1061 1111 1125 post
1141 1050 1201 1107 S.
1229 1049 1473 1120 Gregorii
1520 1047 1723 1103 obitum
1745 1091 1761 1115 ,
1801 1045 1903 1102 hac
1950 1045 2067 1114 ipsa

464 1149 519 1204 in
544 1148 845 1204 Veronensi
874 1144 1113 1201 Ecclesia
1137 1138 1203 1198 de
1225 1142 1415 1197 eodem
1444 1132 1737 1197 ferebatur.
1756 1137 1908 1195 Adde
1923 1135 2065 1209 quod

465 1244 725 1299 (Seronati
770 1242 902 1297 Vitas
924 1284 939 1306 ,
969 1254 1089 1311 quae
1119 1239 1172 1293 in
1220 1236 1542 1308 perantiquo
1570 1233 1821 1289 Remensi
1869 1232 2065 1287 Codice

463 1338 689 1408 legitur,
732 1334 825 1391 ubi
872 1333 1159 1403 exponitur
1201 1328 1520 1384 miraculum
1562 1327 1816 1391 Athesis,
1863 1324 2062 1380 inserta

460 1442 722 1503 apparent
764 1431 878 1500 ipsa
923 1426 979 1484 S.
1009 1424 1254 1496 Gregorii
1284 1424 1480 1489 verba,
1515 1431 1573 1477 ut
1620 1420 1671 1476 in
1715 1416 2063 1475 adnotatione

460 1524 529 1580 10
554 1521 619 1577 ad
651 1520 896 1577 eamdem
921 1517 1097 1574 Vitam
1130 1518 1371 1573 dicemus
1397 1533 1410 1570 :
1438 1516 1566 1570 etin
1592 1513 1675 1569 his
1699 1526 1794 1581 pro
1822 1524 1889 1568 eo
1918 1510 2061 1581 quod

458 1614 598 1685 apud
622 1614 679 1670 S.
705 1610 1028 1684 Gregorium
1057 1609 1313 1666 scribitur
1333 1609 1401 1664 ad
1427 1602 1795 1664 ostendendum
1824 1606 2061 1659 meritum

458 1706 733 1777 martyris,
768 1705 968 1760 ibidem
1011 1704 1243 1773 positum
1276 1701 1374 1756 fuit
1401 1700 1469 1754 ad
1510 1698 1878 1754 ostendendum
1908 1696 2062 1752 meri-

2178 494 2386 565 rologio
2432 488 2743 548 monasterii
2792 490 3119 547 Veronensis
3163 492 3222 546 S.
3269 492 3543 563 Spiritus,
3588 509 3781 550 mense

2178 585 2347 656 Aprili
2399 585 2579 641 brevis
2632 583 2874 654 martyrii
2915 583 2971 638 S.
3022 582 3258 639 Zenonis
3295 583 3591 656 descriptio
3624 585 3676 641 fit
3725 587 3778 641 in

2177 676 2685 749 Marty’rologiorum
2730 674 2960 730 formam
3019 675 3205 729 iisdem
3248 674 3363 731 fere
3404 677 3615 744 verbis,
3657 694 3779 748 qua:

2176 771 2228 826 in
2267 770 2481 840 vulgato
2511 766 2756 824 Usuardo
2800 768 3083 837 leguntur,
3129 767 3481 840 martyriique
3528 770 3775 825 testimo-

2177 864 2326 918 nium
2349 878 2381 919 θ
2408 862 2466 919 S.
2500 860 2745 933 Gregorii
2773 860 3098 916 auctoritate
3124 861 3191 915 ab
3218 861 3339 916 aliis
3368 860 3776 936 Martyrologiu-

2184 971 2303 1010 rum
2333 955 2690 1026 scriptoribus
2720 964 2942 1023 excepta
2974 954 3345 1020 deduxerunt;
3377 950 3434 1008 at
3462 955 3692 1011 subinde
3717 957 3770 1011 in

2173 1046 2383 1102 duobus
2409 1047 2530 1101 aliis
2559 1046 2712 1101 festis
2735 1046 2790 1103 S.
2816 1045 3051 1101 Zenonis
3081 1062 3271 1102 mense
3296 1044 3436 1102 Maio
3465 1055 3520 1102 et
3553 1048 3765 1104 Decem-

2174 1139 2290 1203 bri,
2323 1154 2443 1209 qua:
2484 1153 2552 1194 ex
2580 1138 2715 1194 solis
2746 1137 3148 1194 Veronensibus
3189 1137 3339 1193 libris
3384 1148 3564 1193 notata
3609 1126 3770 1206 sunt,

2171 1231 2263 1287 ille
2292 1230 2574 1288 confessor
2598 1230 2839 1301 pontifex
2868 1230 3208 1286 solummodo
3233 1231 3556 1302 appellatur.
3596 1302 3603 1315 Ι

2242 1328 2638 1396 Argumentum
2662 1366 2678 1394 ,
2710 1326 2854 1396 quod
2885 1340 2951 1380 ex
2975 1327 3199 1397 antiquo
3222 1323 3555 1381 Veronensis
3587 1325 3773 1382 ECt'lC"

2168 1420 2263 1474 sia:
2293 1420 2401 1475 ritu
2426 1419 2728 1475 ducebatur
2749 1460 2764 1487 ,
2793 1431 2854 1474 ut
2882 1419 2940 1475 S.
2971 1419 3124 1476 Zeno
3152 1460 3168 1483 ,
3210 1421 3364 1489 cujus
3393 1421 3529 1476 festa
3560 1420 3676 1476 dies
3702 1423 3767 1477 ad

2168 1514 2561 1585 Lippomanum
2612 1530 2781 1585 usque
2824 1517 3188 1582 confessoris,
3243 1532 3350 1571 non
3383 1518 3634 1590 martyris
3681 1520 3766 1574 of-

2168 1611 2290 1665 ﬁcio
2320 1625 2383 1665 ac
2414 1610 2576 1665 missa
2605 1609 2985 1666 celebrabatur
3008 1649 3023 1675 ,
3055 1622 3104 1665 et
3138 1610 3445 1666 celebratur
3474 1611 3650 1666 adhuc
3700 1627 3766 1668 ex

2168 1707 2389 1774 antiqua
2417 1704 2809 1758 consuetudine
2830 1703 2970 1773 apud
2994 1703 3174 1773 plures
3194 1714 3444 1759 externas
3471 1703 3768 1772 Ecelcsias,

461 1809 567 1852 tum
592 1797 938 1867 confessoris;
967 1795 1107 1849 unde
1137 1794 1374 1865 suspicio
1401 1803 1485 1849 est
1513 1791 1881 1848 Veronensem
1901 1832 1914 1857 ,
1946 1790 2058 1860 qui-
2094 1800 2145 1861 Β
2169 1797 2241 1850 uti
2271 1811 2319 1851 c.
2366 1795 2400 1849 4
2430 1794 2734 1850 ridebimus
2755 1836 2769 1861 ,
2800 1796 2903 1851 hoc
2926 1837 2942 1863 ,
2979 1797 3200 1865 inquam
3226 1837 3242 1863 ,
3292 1808 3670 1867 argumentum
3701 1814 3770 1853 ex

455 1906 687 1962 cumque
718 1880 912 1956 fuerit,
944 1891 1033 1959 qui
1076 1905 1195 1944 eam
1229 1884 1557 1943 additioncm
1587 1888 1638 1941 in
1670 1900 1773 1941 ms.
1816 1885 1906 1940 illo
1934 1885 2060 1940 olim

459 1982 780 2051 Veronensi,
803 1997 946 2037 nunc
975 1992 1153 2037 autem
1185 1981 1435 2056 ltemensi
1468 1980 1742 2049 apposuit,
1766 1992 1832 2032 ex
1856 1976 2062 2047 Grego-

455 2075 525 2130 rii
577 2075 758 2150 verbis
800 2085 1079 2145 martyrem
1110 2074 1160 2128 in
1191 2077 1535 2145 confessorem
1562 2069 1870 2127 correxisse
1893 2111 1906 2134 ,
1935 2083 2062 2123 san-

398 2230 404 2238 ,
455 2180 715 2238 etumque
765 2166 1078 2223 Pontilicem
1109 2165 1162 2221 in
1195 2178 1260 2221 eo
1299 2166 1507 2236 lapsum
1548 2175 1795 2234 putasse,
1824 2159 1966 2232 quod
1997 2158 2056 2215 S.

451 2263 599 2320 Zeno
629 2260 859 2320 Vernme
899 2263 1160 2333 confessor
1193 2261 1516 2324 haberetur,
1547 2272 1652 2315 non
1686 2266 1880 2329 martyr
1907 2272 1926 2311 :
1956 2273 2059 2328 qua

455 2359 649 2415 eadem
699 2356 769 2414 de
815 2372 977 2413 causa
1018 2355 1317 2412 monachus
1362 2352 1702 2410 Zénouianus
1740 2350 2057 2422 Gregorium

452 2453 735 2524 appellans
755 2493 769 2517 ,
798 2451 1022 2522 ejusque
1062 2448 1223 2504 verba
1268 2448 1531 2512 recitans,
1560 2444 1812 2517 martyris
1840 2432 2059 2498 nomine

451 2546 816 2617 praetermisso
846 2544 1028 2600 Sancti
1067 2541 1350 2613 supposuit
1389 2540 1664 2603 scribens,
1690 2536 1760 2592 ad
1789 2536 2059 2592 ostenden-
2142 2610 2151 2613 γ

449 2641 571 2695 dum
610 2641 845 2694 meritum
887 2637 1100 2704 Sancti,
1133 2634 1249 2700 vel,
1284 2636 1341 2689 ut
1366 2632 1418 2689 in
1454 2642 1554 2688 ms.
1590 2629 1908 2687 lectionario
1940 2617 2057 2683 Bri-

450 2736 611 2789 xiano
642 2732 872 2803 legitur,
913 2731 1067 2800 cujus
1116 2730 1446 2785 mentionem
1497 2724 1627 2781 facit
1662 2722 1902 2779 Matreius
1962 2736 2057 2776 no-

448 2840 562 2882 Ster
593 2827 649 2881 in
678 2824 992 2896 praefatione
1022 2823 1087 2877 ad
1120 2819 1438 2876 Monachum
1469 2816 1838 2874 Zenoulanum
1863 2859 1878 2883 ,
1932 2829 2051 2885 pag.

447 2920 553 2976 5l7
593 2916 729 2974 Hist.
764 2914 1014 2986 diplom.,
1047 2913 1117 2967 ad
1139 2911 1507 2969 ostendendum
1538 2912 1773 2965 meritum
1799 2910 2057 2979 confessa-

446 3012 519 3067 ris
544 3027 562 3065 :
595 3010 694 3065 nisi
727 3010 863 3064 forte
893 3007 994 3062 hoc
1018 3023 1117 3061 ms.
1143 3004 1517 3060 lcctionarium
1547 3003 1857 3058 Brixianum
1884 3002 2054 3071 ipsam

445 3101 703 3158 Coronati
728 3098 906 3157 Vitam
931 3116 995 3154 ex
1020 3098 1183 3155 simili
1212 3099 1462 3167 exemplo
1490 3092 1747 3151 Remeusi
1782 3104 2052 3164 sumptam

2169 1886 2502 1941 Veronensis
2531 1888 2830 1957 przesertim
2860 1887 3120 1944 Ecclesia:
3142 1889 3248 1943 ritu
3278 1887 3498 1944 duetum
3517 1926 3532 1957 ,
3567 1888 3670 1944 (ειὲί
3695 1889 3763 1945 ad

2168 1982 2489 2052 martyrium
2533 1997 2562 2033 a
2592 1960 2811 2037 Zenone
2855 1982 3273 2053 adjudieaudum
3324 1998 3430 2038 non
3466 1983 3600 2038 tanti
3640 1993 3763 2049 est,

2165 2073 2350 2139 quanti
2381 2070 2513 2125 illud
2547 2073 2729 2142 plures
2774 2088 2894 2128 cum
2926 2073 3268 2130 llenscheuio
3313 2074 3559 2129 fecerunt
3604 2083 3660 2130 et
3690 2074 3767 2130 fa-

2164 2163 2343 2230 ciunt,
2378 2162 2521 2235 quod
2549 2165 2816 2235 superiori
2841 2168 3179 2237 paragrapho
3200 2166 3363 2222 latius
3388 2168 3723 2223 ostendimus
3750 2184 3765 2221 :

2164 2266 2318 2311 certe
2351 2267 2528 2313 tamen
2560 2272 2681 2330 quae
2714 2258 2912 2314 ibidem
2945 2258 3224 2315 attulimus
3264 2259 3319 2315 in
3350 2259 3584 2316 medium
3611 2301 3625 2328 ,
3656 2276 3765 2316 non

2162 2361 2287 2429 sunt
2314 2350 2619 2421 ejusmodi,
2668 2361 2755 2420 ut,
2786 2367 2907 2408 cum
2940 2353 3147 2425 aliquot
3188 2354 3323 2409 certi
3373 2364 3641 2428 martyres
3666 2355 3767 2412 hac

2162 2440 2218 2496 in
2253 2441 2493 2498 Ecclesia
2530 2444 2907 2500 confessorum
2956 2446 3061 2501 ritu
3105 2446 3233 2501 culti
3286 2445 3521 2514 fuerint,
3562 2458 3765 2520 martyr

2163 2536 2329 2588 etiam
2378 2536 2736 2591 eonvincatur
2765 2536 2826 2593 S.
2858 2537 3038 2604 Zeno,
3085 2538 3191 2593 nisi
3230 2538 3446 2595 aliunde
3484 2541 3761 2610 probetur.

2161 2624 2359 2696 Negari
2383 2626 2600 2698 quidem
2631 2644 2737 2683 non
2768 2637 2944 2700 potest
2988 2624 3312 2700 antiphonas
3350 2630 3531 2687 missa:
3575 2632 3633 2691 8.
3666 2633 3762 2689 Ze-

2164 2720 2321 2772 nonis
2353 2733 2449 2789 pro
2477 2719 2720 2789 paschali
2750 2730 2990 2792 tempore
3013 2722 3068 2777 in
3098 2721 3304 2793 Carpso
3336 2722 3632 2792 iudicatas,
3663 2741 3762 2780 nec

2162 2828 2267 2867 non
2313 2813 2665 2885 Evangelium
2708 2815 2951 2886 ejusdem
2998 2818 3255 2886 temporis
3295 2817 3508 2874 duobus
3554 2820 3675 2876 aliis
3706 2821 3760 2875 in

2160 2904 2437 2961 codicibus
2493 2907 2825 2979 descriptum
2889 2910 3155 2981 ejusmodi
3203 2927 3326 2968 esse
3354 2929 3518 2984 ,qum
3563 2930 3658 2985 per
3706 2904 3761 2970 id

2161 3009 2373 3070 tempus
2398 3000 2467 3057 de
2486 3003 2809 3072 martyribus
2838 3004 2944 3060 dici
2969 3008 3144 3062 solent
3169 3024 3181 3061 :
3203 3017 3258 3062 at
3273 3023 3333 3064 ea
3351 3005 3437 3080 [ex
3450 3008 3598 3083 xxvr]
3620 3012 3759 3065 auti-

2159 3093 2279 3163 qnis
2296 3094 2629 3162 temporibus
2644 3095 2911 3163 paschalis
2922 3090 3136 3166 qdfdcm
3154 3100 3435 3170 temporis,
3451 3117 3557 3156 non
3578 3111 3757 3158 tamen

446 3196 758 3263 Contineat,
795 3193 867 3249 uti
902 3208 1032 3249 sane
1056 3192 1202 3247 illam
1230 3191 1474 3247 centinet
1500 3191 1875 3247 lectionarium
1905 3186 2049 3243 aliud
2075 3188 2122 3254 (ἶ
2155 3194 2453 3256 martyrum
2514 3187 2730 3256 propria
2788 3186 2955 3244 fuisse
2999 3189 3271 3247 videntur.
3327 3192 3485 3248 Enim
3509 3209 3650 3263 vero
3702 3194 3757 3250 iu

446 3306 547 3345 ms.
582 3286 843 3343 Ecclesiae
867 3285 1201 3340 Tridentiua:
1221 3327 1235 3351 ,
1266 3284 1409 3354 quod
1440 3282 1685 3339 eamdem
1717 3281 2047 3337 additioncm

444 3392 501 3438 et
532 3379 817 3436 formulam
850 3376 1091 3448 Gregorii
1124 3377 1301 3432 verbis
1330 3376 1568 3445 praefert.
1593 3374 1647 3430 Si
1681 3386 1842 3444 porro
1869 3388 1935 3428 ex
1967 3374 2049 3429 his

445 3468 726 3543 probabile
753 3468 824 3524 sit
851 3466 909 3525 S.
933 3467 1291 3539 Gregorium,
1324 3467 1451 3521 dum
1493 3465 1767 3519 Zenonem
1801 3465 2046 3535 appella-

442 3567 521 3621 vit
547 3572 837 3632 martyrem
861 3605 875 3629 ,
914 3563 1074 3617 unius
1105 3561 1339 3619 nominis
1370 3574 1556 3616 errore
1581 3556 1847 3614 defecisse
1867 3598 1882 3623 ,
1913 3558 2046 3615 nihil

443 3668 671 3729 prosunt
713 3654 863 3712 Pauli
900 3653 1147 3719 Diaconi,
1195 3652 1419 3710 Joannis
1466 3652 1593 3707 item
1641 3652 1897 3716 Diacoui,
1943 3650 2046 3706 Ra-

440 3752 567 3808 bani
600 3749 767 3805 Mauri
793 3791 808 3815 ,
838 3746 1082 3805 Notkerii
1113 3745 1421 3803 testimonia
1441 3788 1455 3811 ,
1497 3745 1697 3815 quippe
1724 3758 1859 3814 quos
1886 3759 1948 3797 ex
1983 3742 2041 3799 S.

440 3842 687 3915 Gregorii
746 3840 977 3912 Dialogis
1021 3840 1178 3895 sicuti
1234 3837 1554 3894 miraCulum
1595 3835 1852 3901 Athesis,
1901 3833 2045 3906 quod

441 3943 784 4001 memorant,
820 3934 892 3989 ita
936 3940 993 3989 et
1037 3932 1290 4001 martyris
1329 3929 1541 3984 titulum
1568 3970 1584 3993 ,
1625 3940 1784 3998 quem
1838 3927 2045 3982 Zenoni

445 4026 707 4097 aﬂigun‘t,
751 4023 1029 4079 derivasse
1074 4019 1417 4077 manifestum
1447 4029 1551 4075 est.
1584 4016 1784 4073 Eadem
1835 4018 2046 4073 ratione

448 4119 649 4174 cadunt
702 4119 866 4173 etiam
936 4114 1119 4172 caeteri
1184 4111 1539 4186 posteriores,
1574 4110 1997 4167 Wandelbertus
2027 4152 2043 4176 ,

443 4210 763 4278 Usuardtts,
807 4219 898 4266 aut
947 4211 1124 4281 potius
1169 4205 1401 4265 Usuardi
1452 4202 1942 4261 additinrentorum
1991 4212 2046 4260 et

435 4305 640 4360 Adonis
683 4310 968 4370 auctores,
1000 4308 1057 4357 et
1103 4301 1232 4366 alii,
1280 4298 1368 4369 qui
1400 4296 1598 4354 adferri
1646 4298 1860 4365 solent,
1893 4306 2028 4367 quos

435 4400 519 4457 rei
540 4417 603 4456 ex
632 4399 689 4456 S.
714 4398 1016 4471 Gregorio,
1045 4396 1127 4451 vel
1156 4410 1227 4452 ex
1258 4392 1378 4449 aliis
1401 4391 1644 4464 Gregorii
1670 4390 1891 4447 asseclis
1922 4403 2044 4460 pro-

435 4492 630 4550 fecisse
659 4493 789 4547 Satis
813 4489 1073 4546 credibile
1095 4496 1198 4543 est.
1237 4486 1379 4541 Duos
1411 4494 1617 4539 tantum
1650 4482 1867 4539 Codices
1900 4495 2042 4551 prm-

2152 3280 2381 3349 antiqnis
2414 3278 2694 3335 Missurum
2746 3281 2891 3336 libris
2923 3298 2952 3337 a
2998 3285 3293 3340 venerabili
3336 3284 3562 3342 Cardin.
3614 3287 3760 3344 Tho-

2154 3376 2328 3428 masio
2348 3374 2509 3430 editis
2530 3374 2645 3430 haec
2670 3377 2902 3445 rubrica,
2936 3376 3002 3432 In
3033 3382 3288 3435 communi
3313 3382 3464 3437 unius
3489 3388 3755 3455 martyris,

2151 3467 2230 3520 rei
2257 3468 2570 3537 confessoris
2612 3469 2854 3538 apposita
2910 3469 3106 3541 legitur
3153 3482 3265 3529 tum
3311 3472 3364 3529 iu
3418 3473 3758 3545 Antiphona-

2151 3559 2258 3627 rio,
2290 3575 2412 3631 pag.
2444 3561 2544 3617 281
2573 3603 2588 3627 ,
2625 3572 2735 3618 tum
2768 3564 2820 3618 in
2857 3563 3201 3623 Leetionario
3225 3609 3241 3634 ,
3272 3583 3393 3640 pag.
3423 3569 3525 3637 80,
3559 3580 3669 3627 tum
3701 3572 3756 3628 in

2152 3654 2464 3725 Capitulare
2491 3656 2929 3727 Erangeliorum,
2954 3674 3075 3730 pag.
3097 3660 3161 3715 Si
3174 3662 3228 3729 7,
3252 3670 3306 3717 et
3337 3662 3387 3717 id
3413 3663 3585 3734 ipsum
3618 3682 3755 3737 quo-

2149 3760 2255 3815 que
2282 3755 2498 3800 notatur
2542 3746 2594 3801 in
2644 3747 3070 3819 liesponsoriale
3123 3759 3179 3807 et
3223 3753 3617 3824 Antiphouario
3653 3772 3752 3829 pro

2148 3837 2336 3893 officio
2368 3840 2627 3910 temporis
2677 3843 2980 3913 paschalis,
3013 3860 3133 3917 pag.
3161 3838 3268 3903 5M
3296 3888 3312 3913 ,
3352 3856 3408 3903 et
3450 3864 3546 3919 pro
3572 3849 3754 3906 ofﬁcio

2146 3933 2456 3998 communi,
2490 3947 2612 4004 pag.
2645 3935 2772 4001 561,
2804 3936 2942 3993 adeo
2964 3949 3019 3992 ut
3048 3939 3191 4010 quod
3220 3955 3287 3996 ex
3329 3942 3380 3997 id
3408 3945 3625 4013 generis
3653 3961 3751 4000 an—

2152 4023 2392 4093 tiphonis
2420 4033 2476 4080 et
2502 4026 2806 4097 Evangeliis
2837 4031 3046 4085 eruitur
3081 4044 3457 4104 argumentum
3484 4074 3498 4101 ,
3540 4037 3607 4091 ad
3635 4046 3749 4093 sta-

2150 4116 2407 4171 tuendum
2440 4117 2647 4171 cultum
2684 4120 2938 4191 martyris
2989 4124 3201 4192 potius,
3228 4140 3388 4195 quam
3417 4127 3751 4185 confessoris

2150 4209 2355 4267 traduci
2384 4225 2489 4264 non
2520 4212 2710 4282 possit.
2740 4212 2876 4268 Illud
2899 4223 3077 4270 autem
3107 4256 3122 4283 ,
3153 4217 3395 4287 quodex
3431 4219 3608 4275 missis
3630 4238 3749 4276 cer-

2149 4310 2259 4357 tum
2289 4301 2489 4360 elicere
2515 4319 2808 4374 possumus
2833 4307 3009 4363 Cultus
3039 4312 3407 4367 testimonium
3426 4352 3443 4378 ,
3471 4324 3597 4369 sunt
3625 4330 3748 4369 ora-

2147 4396 2347 4462 tiones,
2373 4397 2455 4451 vel
2479 4398 2696 4468 gradale
2717 4403 3151 4471 responsorium,
3175 4403 3439 4475 siquidem
3470 4409 3746 4479 proprium

2148 4486 2330 4543 Sancti
2364 4505 2562 4546 nomen
2593 4491 2877 4562 praeferat;
2916 4492 2988 4551 ibi
3026 4497 3175 4552 enim
3205 4500 3459 4571 martyris
3495 4502 3577 4556 vel
3608 4516 3745 4558 eon-

437 4589 593 4657 cipue
616 4584 1051 4640 consideratione
1067 4582 1255 4651 dignos
1274 4578 1327 4634 in
1344 4572 1811 4634 confirmationem
1833 4570 2043 4629 adferre
2069 4578 2125 4642 1)
2152 4581 2371 4639 [θεεονῖε
2403 4583 2590 4640 titulus
2632 4588 2839 4643 nomini
2872 4591 3094 4659 ρι-ορτίο
3115 4570 3373 4662 additus
3406 4604 3583 4651 unum
3608 4611 3745 4652 εοη,

433 4674 603 4745 libet,
630 4674 947 4732 Vaticanum
979 4670 1158 4739 5806,
1200 4669 1470 4743 superiori
1516 4667 1859 4740 paragrapho
1902 4664 2036 4721 alle-

432 4780 614 4841 gatum
634 4812 648 4837 ,
678 4778 733 4825 et
763 4769 927 4823 alium
954 4764 1324 4820 Veronensem
1352 4763 1667 4816 monasterii
1698 4758 1758 4816 S.
1784 4752 2035 4828 Spiritus.

435 4864 724 4918 Vaticanus
748 4902 764 4929 ,
796 4860 887 4931 qui
921 4857 1091 4928 Aprili
1122 4869 1310 4911 mense
1342 4853 1402 4910 S.
1438 4852 1660 4908 Zenonis
1689 4850 1936 4922 martyris
1981 4852 2033 4907 in

429 4956 751 5013 Calendario
775 4953 1047 5020 meminit,
1075 4949 1267 5006 eodem
1299 4961 1490 5003 mense
1522 4944 1573 5002 in
1599 4945 2034 5002 Sacramentario

431 5050 569 5107 nihil
611 5049 794 5121 ponit,
827 5054 882 5102 et
909 5046 1084 5103 solum
1127 5052 1317 5098 mense
1348 5039 1631 5097 Decembri
1655 5079 1671 5106 ,
1705 5038 1757 5094 in
1795 5052 1903 5108 quo
1932 5038 2033 5093 Ca-

435 5146 739 5202 lendarium
768 5139 837 5198 de
866 5140 1058 5197 eodem
1088 5138 1293 5194 Sancto
1318 5132 1454 5192 nihil
1485 5142 1632 5191 notat
1656 5178 1670 5202 ,
1699 5133 1870 5204 ipsius
1904 5131 2034 5189 Mis-

428 5254 545 5295 sam
575 5236 797 5295 exhibet
823 5276 837 5299 ,
866 5231 1112 5290 eamdem
1142 5245 1261 5300 quae
1292 5231 1346 5286 in
1389 5233 1592 5287 nostris
1630 5226 1908 5283 codicibus
1950 5225 2031 5283 le»

424 5330 569 5404 gitur
589 5374 605 5399 ,
632 5338 688 5388 et
718 5331 771 5385 in
804 5340 866 5385 ea
899 5326 991 5384 ille
1033 5322 1300 5397 confessor
1328 5322 1561 5397 pontifex
1591 5322 1751 5378 unice
1795 5318 2051 5391 dieitur,‘

426 5435 487 5481 ut
536 5442 603 5482 ex
637 5423 792 5480 tertia
826 5421 988 5477 missa
1017 5416 1202 5475 videre
1244 5417 1468 5488 poteris.
1499 5410 1627 5472 Haec
1658 5428 1767 5471 non
1813 5413 2029 5470 aliunde

433 5518 685 5575 videntur
716 5512 956 5586 profecta
976 5555 990 5579 ,
1015 5508 1338 5583 qtta‘mquo'd
1368 5508 1619 5580 martyris
1647 5514 1845 5562 nomen
1874 5512 2028 5561 men-

425 5628 484 5671 se
513 5612 683 5684 Aprili
716 5609 777 5664 in
809 5604 1136 5663 Caiendario
1176 5605 1436 5661 msertum
1458 5645 1473 5671 ,
1506 5616 1537 5658 e
1565 5594 1623 5658 Β.
1653 5593 1915 5672 Gregorio
1941 5594 2027 5655 vel

330 5704 333 5707 ’
420 5712 483 5764 ex
516 5709 625 5765 alio
651 5705 772 5776 ejt'ts
798 5700 1134 5771 eiscriptore
1171 5705 1443 5769 sumptum
1476 5694 1609 5761 fuit;
1637 5693 1799 5749 Missa
1843 5698 2025 5750 autem

420 5800 683 5858 derivavit
705 5815 737 5856 e
762 5795 1065 5857 Veronensi
1094 5792 1273 5863 fonte,
1300 5793 1386 5849 cui
1414 5792 1464 5852 id
1493 5806 1694 5850 nomen
1725 5790 2023 5862 ignoratum

2144 4677 2318 4733 lesser
2345 4693 2410 4733 an
2443 4691 2649 4749 martyr
2695 4681 2909 4737 habitus
2938 4682 3122 4751 fuerit,
3165 4694 3280 4743 tute
3308 4686 3581 4745 indicabit.
3615 4689 3745 4746 Om~

2143 4783 2242 4824 nes
2267 4783 2400 4826 vero
2447 4771 2765 4839 orationes,
2804 4788 2940 4844 quas
2994 4775 3048 4830 in
3097 4793 3204 4837 sex.
3226 4794 3358 4836 mss.
3409 4780 3743 4839 Veronensis

2143 4859 2399 4918 Ecclesiae
2448 4861 2637 4929 libris,
2686 4867 2825 4922 etin
2870 4867 3124 4925 omnibus
3152 4870 3369 4941 quidem
3399 4873 3455 4929 S.
3506 4874 3745 4933 Zenonis

2141 4954 2323 5009 missis
2348 4953 2572 5010 inferius
2603 4956 2978 5017 deseribcndis
3018 4961 3200 5034 legere
3230 4965 3378 5033 licet,
3407 4982 3574 5024 unum
3604 4984 3744 5026 con-

2141 5046 2365 5102 fessoris
2393 5048 2691 5118 pontiﬁcis,
2720 5067 2826 5107 non
2859 5065 3043 5109 autem
3081 5059 3336 5130 martyris
3368 5059 3583 5117 titulum
3612 5077 3744 5118 con-

2136 5148 2346 5197 stanter
2373 5140 2652 5212 ingerunt;
2678 5153 2731 5201 et
2753 5150 3160 5218 responsorium
3187 5152 3407 5223 gradale
3435 5155 3740 5226 subjectum

2139 5236 2386 5305 epistolae
2410 5236 2529 5308 ipso
2569 5239 2622 5295 in
2654 5238 2866 5312 Carpso
2899 5243 3243 5316 designatum
3265 5288 3281 5315 ,
3310 5265 3417 5305 non
3444 5250 3555 5306 alio
3583 5252 3741 5310 titulo

2137 5327 2386 5384 eumdem
2404 5342 2649 5387 sanctum
2671 5334 2910 5404 appellat
2931 5353 2942 5389 :
2960 5335 3155 5394 Sancte
3173 5343 3611 5415 confessorZeno,
3627 5336 3734 5403 etc.

2135 5420 2267 5488 Quis
2297 5437 2427 5493 ergo
2449 5438 2517 5478 ex
2550 5426 2864 5496 antiphonis
2890 5437 2945 5484 et
2984 5431 3294 5504 Evangelia,
3321 5451 3444 5506 qua:
3476 5452 3573 5507 pro
3595 5432 3738 5493 mar-

2136 5518 2254 5583 tyre
2284 5513 2366 5569 vel
2392 5513 2707 5573 confess‘ore
2733 5514 2860 5574 olim
2892 5526 3201 5579 communia
3238 5522 3406 5583 fuisse
3432 5524 3741 5600 deprehen-

2135 5602 2372 5676 duntur,
2419 5618 2607 5664 contra
2653 5624 2969 5683 expreSsum
3014 5619 3320 5676 orationum
3365 5620 3734 5681 testimonium

2137 5706 2234 5768 pro
2285 5694 2547 5773 martyrio
2592 5704 2883 5761 s‘t‘atuendo'
2923 5712 3152 5781 arguere
3221 5712 3387 5768 velit?
3442 5708 3555 5773 lmo
3610 5714 3738 5775 hinc

2132 5794 2315 5862 potius
2343 5790 2668 5855 conﬁrmare
2699 5795 2861 5869 licet,
2905 5816 2999 5860 eas
3045 5806 3372 5878 antiphonas
3401 5812 3457 5867 et
3483 5792 3736 5885 Evange-
