4216 6178
545 182 646 238 167

1949 184 2486 243 PROLEGOMENA.

3747 202 3848 258 168

542 305 752 376 quievit,
795 313 885 358 aut
910 311 1138 375 receptus
1167 312 1241 358 est
1269 303 1321 357 in
1349 320 1492 375 pace.
1523 305 1580 359 ιιι
1605 304 1936 360 Veronensis
1958 304 2145 358 civila-
2172 309 2221 365 Λ
2251 319 2350 359 nec
2381 305 2690 372 Ratherius,
2740 306 2829 377 qui
2860 305 2918 362 8.
2953 307 3228 366 Zenonem
3277 310 3388 367 suis
3420 312 3472 368 in
3515 315 3770 383 operibus
3792 327 3852 374 ct

541 397 610 452 tis
639 397 882 463 Statutis,
913 408 966 451 et
997 398 1047 449 in
1079 397 1162 462 iis,
1192 412 1312 466 qua:
1341 398 1515 452 adhuc
1546 398 1745 468 vigent,
1779 415 1899 453 cum
1941 399 1996 452 S.
2034 399 2132 452 Ze-

539 504 609 543 no
634 505 858 560 magnus
897 491 1042 545 urbis
1073 490 1334 547 Patronus
1358 495 1684 559 nominatur,
1717 493 1990 564 Confessor
2020 500 2136 547 tan-

537 591 646 636 tum
676 581 890 646 dicitur,
908 582 956 637 id
975 583 1757 654 ipsumqueacciditincteteris
1787 586 2020 640 civitatis
2036 586 2134 641 de-

530 674 836 744 cretis,quae
853 690 946 743 pro
965 675 1083 744 ejus
1095 675 1239 731 cultu
1271 677 1376 731 lata
1399 677 1632 732 fuerunt.
1653 679 1706 732 ln
1735 678 1986 733 omnibus
2014 677 2134 732 lita-

529 766 636 822 niis
654 777 768 831 tum
788 777 985 823 nostra:
1008 779 1118 824 tum
1140 769 1367 824 aliarum
1394 771 1926 844 Ecclesiarum,quas
1950 787 2070 843 cap.
2099 773 2133 827 4

533 864 822 941 [cxxxvm]
839 867 1211 934 iudicabimus,
1232 869 1321 925 ille
1337 870 1475 924 inter
1489 868 1840 924 confessurus
1871 879 2129 923 cmistan-

531 969 610 1016 ter
626 968 1016 1025 recensetur,et
1033 959 1083 1014 in
1104 961 1208 1015 illis
1226 975 1441 1030 quoque
1461 959 1661 1014 litaniis
1681 959 1858 1014 adhuc
1877 969 1993 1030 post
2010 958 2132 1030 Lip-

528 1067 822 1122 pomannm
854 1054 908 1107 in
935 1052 1407 1108 commendatione
1435 1050 1632 1106 anima:
1654 1052 2130 1107 recitarisolitisin

527 1147 768 1202 Ecclesia
823 1147 1145 1216 Veronensi,
1185 1162 1304 1216 quae
1336 1163 1364 1200 a
1389 1145 1598 1201 Joanne
1625 1144 1881 1199 Matthaeo
1905 1144 2131 1200 Giherlo

525 1257 612 1296 an.
634 1242 765 1298 1556
796 1244 1022 1311 primum
1052 1242 1392 1312 impresszein
1411 1239 1540 1293 libro
1558 1238 2040 1293 catechumenorum
2063 1238 2132 1292 ad

525 1351 673 1388 usum
695 1334 938 1389 Ecclesia:
960 1333 1268 1388 cathedralis
1289 1332 1528 1400 Veronw,
1548 1347 1692 1386 anno
1713 1329 1941 1386 subinde
1966 1330 2122 1398 1575,

520 1427 821 1498 Augustino
841 1424 1058 1482 Valerio
1087 1425 1343 1495 episcopo
1372 1424 1594 1478 nihilum
1627 1426 1943 1478 immutante
1973 1439 2130 1477 recu-

442 1555 447 1561 -
517 1533 592 1574 sa:
621 1517 836 1574 luerunt
867 1538 879 1574 :
911 1534 1071 1588 quam
1113 1518 1327 1588 quidem
1380 1516 1732 1571 mutationem
1774 1516 1946 1570 solum
1984 1529 2128 1571 anno

517 1612 692 1680 1609,
751 1612 852 1667 sub
908 1612 1132 1667 Alberto
1191 1609 1402 1664 Valerio
1429 1609 1622 1663 factam
1671 1609 1901 1679 legimus
1947 1609 1998 1662 in
2033 1607 2126 1661 lii-

2241 395 2556 452 honorilicis
2601 398 2816 469 quidem
2859 400 3027 455 titulis
3077 401 3294 473 allegat,
3349 419 3448 460 nec
3499 409 3850 478 manuscripti

2242 499 2500 544 tractatus
2526 490 2644 568 ejus
2670 491 3033 561 continentes,
3067 495 3208 550 inter
3236 512 3371 566 quos
3402 499 3685 556 ltemensis
3711 503 3851 557 anti-

2237 584 2528 654 quissimus
2560 584 2682 639 huic
2714 586 2812 654 ipsi
2839 586 3096 643 Ecclesia:
3119 589 3259 645 inter
3283 605 3434 645 sacra
3463 591 3642 648 oflicia
3677 593 3850 649 inser-

2237 679 2386 745 vivit,
2423 695 2520 735 nec
2539 678 2852 735 Calendaria
2883 682 2996 738 sive
3015 693 3217 749 nostra,
3252 685 3365 741 sive
3387 687 3586 754 aliena,
3615 703 3846 758 quorum

2236 771 2391 840 plura
2415 773 2868 844 viditindicatque
2898 774 2960 830 P.
2989 775 3359 833 ilcnschenius
3381 793 3500 849 cap.
3536 782 3589 845 1,
3611 797 3759 836 num.
3791 783 3844 848 5,

2237 879 2357 934 pag.
2394 866 2483 931 70,
2517 863 2802 937 martyrem'
2827 868 2978 923 illum
3005 881 3218 938 vocant,
3259 873 3352 927 sed
3387 873 3506 928 solo
3536 879 3848 946 confessoris

2237 955 2398 1010 titulo
2443 957 2760 1028 insignium.

2307 1046 2531 1104 Videtur
2559 1051 2720 1105 etiam
2748 1051 2992 1120 difficile,
3021 1051 3080 1109 8.
3113 1054 3406 1122 Zenonem,
3438 1059 3528 1127 qui
3556 1057 3841 1129 Gratiano,

2236 1137 2618 1196 Valentiniano
2661 1141 2909 1210 Juuiore,
2957 1155 3010 1198 ct
3056 1144 3366 1202 Theodosio
3397 1149 3782 1218 imperantibus
3811 1171 3842 1208 c

2235 1231 2370 1286 vivis
2399 1235 2656 1301 excessit,
2693 1239 3162 1305 persecutionibus
3207 1241 3318 1310 jam
3360 1246 3676 1315 consopitis,
3725 1263 3844 1316 pas-

2232 1339 2351 1378 sum
2379 1324 2543 1382 fuisse
2571 1331 2885 1401 martyrium
2913 1332 3090 1403 :qnod
3113 1333 3156 1387 si
3187 1349 3216 1388 a
3249 1334 3474 1406 l’aganis
3506 1339 3841 1395 tumultuan-

2233 1418 2374 1472 tibus
2404 1419 2479 1474 illi
2512 1421 2842 1489 obvenisset,
2872 1435 2929 1479 ut
2959 1430 3374 1483 Anaunensibus
3405 1432 3733 1498 martyribus
3777 1448 3843 1489 ac

2231 1510 2290 1566 S.
2325 1511 2518 1579 Vigilio
2546 1512 2862 1570 Tridentino
2890 1517 3145 1589 episcopo
3175 1520 3392 1584 accidit,
3422 1522 3473 1577 id
3511 1524 3708 1579 factum
3733 1541 3840 1580 non

2230 1603 2410 1659 minus
2439 1605 2633 1661 fuisset
2662 1609 2896 1676 celebre,
2925 1626 3084 1680 quam
3112 1611 3164 1665 in
3191 1612 3522 1670 Tridentinis
3554 1616 3660 1671 illis
3691 1634 3837 1672 mat-

517 1705 646 1760 tuali
691 1703 1022 1759 Veronensis
1059 1704 1337 1769 ecclesia),
1383 1701 1441 1756 S.
1507 1700 1727 1755 Zenone
1794 1715 1824 1753 a
1901 1698 2118 1754 confes-
2152 1689 2202 1750 B
2232 1699 2438 1769 tyribns
2491 1702 2730 1769 exstitit,
2781 1705 3006 1775 ejusque
3056 1707 3257 1761 mentio
3307 1708 3506 1779 aliqua,
3554 1710 3620 1764 ad
3668 1727 3837 1781 genus

508 1797 724 1852 scribus
772 1796 837 1852 ad
891 1808 1158 1866 martyres
1219 1797 1270 1850 in
1331 1794 1519 1850 iisdem
1588 1793 1788 1848 litaniis
1876 1793 2124 1848 traducto

508 1905 632 1962 pag.
662 1889 752 1953 86,
786 1899 842 1944 et
870 1890 1066 1944 iterum
1097 1890 1148 1942 in
1178 1887 1298 1942 aliis
1331 1897 1450 1957 post
1487 1887 1732 1943 Psalmos
1776 1887 2123 1956 paenitentia-

508 1982 611 2051 les,
636 2000 756 2056 pag.
786 1984 913 2041 209.
943 1984 1184 2052 Quatuor
1207 1994 1466 2052 praeterea
1489 1983 1961 2038 Sacramentorum
1996 1982 2116 2038 libri

506 2077 836 2135 Veronensis
865 2077 1144 2140 Ecclesiae,
1195 2077 1449 2130 nimirum
1481 2087 1592 2130 tres
1631 2073 1968 2144 Capitulares
1998 2119 2012 2140 ,
2063 2083 2119 2130 et

507 2187 648 2227 unus
670 2171 920 2226 Sodalitii
960 2170 1018 2226 S.
1049 2169 1231 2224 Mariae
1270 2168 1337 2224 de
1368 2167 1558 2232 Domo,
1605 2167 1654 2220 in
1678 2164 1903 2222 Cauone
1935 2165 2113 2221 missa:

500 2267 560 2324 S.
594 2266 866 2322 Zenonem
916 2266 1056 2320 inter
1085 2263 1424 2319 confessores
1473 2260 1738 2327 referunt,
1793 2269 1848 2316 et
1897 2271 2006 2316 tres
2045 2276 2110 2314 ex

501 2360 608 2427 his,
639 2362 888 2416 nimirum
916 2359 1273 2432 Capitulares,
1307 2356 1380 2411 ita
1415 2355 1475 2411 8.
1508 2355 1781 2409 Zenonem
1827 2352 2108 2408 confesso-

497 2455 650 2512 ribus
697 2455 921 2519 addunt,
975 2462 1031 2508 ut
1076 2451 1173 2508 SS.
1228 2449 1469 2505 Firmntu
1527 2459 1582 2504 et
1632 2448 1913 2502 Rusﬁeum
1970 2447 2110 2501 inter

493 2559 759 2619 martyres
789 2547 1018 2604 recitent
1044 2546 1124 2600 sic
1154 2562 1166 2597 :
1221 2542 1762 2597 Communicantes....
1798 2538 2062 2593 Laurentii
2087 2580 2101 2606 ,

493 2640 666 2696 Firmi
693 2651 740 2695 et
769 2639 1000 2702 Rustici,
1031 2635 1315 2708 Crysogoni
1332 2677 1346 2699 ,
1370 2633 1592 2687 Joannis
1617 2641 1664 2685 et
1694 2629 1874 2697 Pauli,
1905 2628 2104 2685 Cosmte

490 2743 537 2788 et
554 2733 812 2799 Damiani,
836 2730 1044 2794 Hilarii,
1063 2728 1297 2790 Martini,
1324 2723 1878 2798 Augustini,Gregorii,
1905 2723 2096 2776 Hiero-

489 2825 648 2895 nymi,
668 2838 816 2894 atque
841 2821 1125 2882 Benedicti,
1146 2817 1359 2872 Proculi
1381 2827 1425 2871 et
1448 2815 1691 2883 Zenonis,
1719 2824 1827 2870 etc.
1857 2815 2095 2882 Nullum,

488 2928 545 2972 ut
566 2917 858 2983 credimus,
882 2917 1192 2984 exemplum
1215 2910 1429 2966 adferre
1451 2912 1714 2980 quispiam
1744 2909 1959 2979 poterit,
1988 2924 2096 2980 quo

485 3008 1086 3080 aliquismartyrsivein
1109 3004 1306 3060 litaniis
1333 3003 1447 3058 sive
1477 3003 1528 3055 in
1553 3001 1772 3058 Canone
1800 3002 1979 3057 missa;
2011 3003 2091 3056 iu-

2232 1794 2422 1848 mortis
2451 1795 2592 1862 quod
2626 1795 2876 1865 pertinet,
2925 1800 3224 1867 posteritati
3262 1803 3576 1858 transmissa
3627 1802 3832 1861 fuisset.

2228 1882 2518 1940 Probabile
2550 1887 2763 1956 quidem
2811 1898 2894 1944 est
2925 1889 3098 1956 illum,
3148 1901 3202 1945 ut
3233 1890 3500 1948 Veronam
3555 1893 3623 1949 ad
3677 1895 3832 1951 fidem

2225 1976 2566 2046 perduceret,
2594 1979 2719 2034 dum
2748 1995 2872 2036 sese
2902 1982 3233 2053 Paganorum
3261 1985 3654 2059 superstitioni
3676 1987 3831 2044 forti-

2226 2081 2308 2128 ter
2347 2090 2646 2144 opponens,
2681 2075 2823 2132 idola
2855 2077 3184 2134 deSIruenda
3215 2078 3442 2151 fanaque
3469 2083 3830 2140 subvertenda

2220 2167 2447 2234 curavit,
2488 2167 2556 2222 ab
2586 2167 2816 2223 ethnicis
2863 2171 3161 2240 pra-sertim
3207 2172 3422 2226 rusticis
3452 2174 3620 2228 multa
3665 2175 3830 2232 fuisse

2220 2272 2560 2328 perpessum,
2594 2261 2675 2315 vel
2717 2262 2878 2316 etiam
2910 2262 2978 2316 ab
3009 2264 3244 2330 Arianis,
3276 2264 3404 2319 dum
3453 2280 3642 2322 corum
3685 2278 3828 2323 artes

2216 2350 2500 2424 detegere,
2547 2354 2886 2428 impetusque
2934 2361 3260 2426 reprimere,
3294 2375 3592 2433 eorumque
3620 2372 3825 2432 pestem

2214 2457 2244 2496 a
2271 2459 2365 2498 sua
2398 2445 2618 2502 direcesi
2649 2463 2834 2505 amere
2863 2450 3072 2505 naviter
3112 2451 3410 2511 laboravit.
3445 2462 3502 2507 ut
3529 2454 3587 2510 8.
3621 2454 3826 2509 Philas-

2215 2534 2317 2592 lrio
2345 2536 2602 2608 episcopo
2626 2539 2884 2595 Brixiano
2931 2543 3178 2598 evenisse
3208 2529 3265 2600 SI.
3312 2543 3646 2601 Gaudentius
3676 2562 3821 2601 com-

2211 2637 2501 2682 memorat.
2554 2632 2625 2682 At
2654 2631 2792 2685 sicut
2829 2633 2886 2688 8.
2925 2632 3242 2690 f’hilastrius
3284 2652 3574 2708 numquam
3623 2639 3822 2696 idcirco

2208 2727 2413 2790 martyr
2439 2732 2519 2774 est
2561 2723 2776 2777 habitus
2801 2765 2817 2790 ,
2852 2725 2922 2779 ita
2954 2741 3054 2781 nec
3105 2727 3161 2784 S.
3197 2727 3372 2797 Zeno;
3410 2729 3553 2786 unde
3582 2731 3651 2785 ab
3688 2733 3820 2788 Am-

2204 2808 2388 2864 brosio
2419 2823 2629 2884 martyr
2655 2815 2832 2871 dictus
2859 2818 3106 2873 nonfuit.
3141 2819 3325 2890 Neque
3358 2822 3543 2892 Cat-psi
3576 2838 3819 2893 oppona_

2205 2910 2292 2956 tur
2332 2908 2626 2961 auctoritas
2654 2950 2669 2975 ,
2699 2910 2788 2978 qui
2830 2911 3078 2967 eumdem
3132 2911 3477 2969 Philastrium
3521 2925 3815 2988 martyrem

2202 2996 2410 3066 prodit;
2464 2999 2507 3052 is
2547 3000 2715 3065 enim,
2746 3010 2802 3055 ut
2845 3002 3076 3058 vidimus
3106 3005 3268 3075 paulo
3296 3015 3444 3074 ante,
3498 3008 3817 3064 manifestus

485 3066 930 3156 terbonfessdres
955 3099 1161 3169 positus
1179 3095 1494 3151 ostendatur
1520 3111 1532 3148 :
1558 3102 1614 3148 et
1636 3094 1680 3148 si
1709 3094 1766 3149 S.
1791 3093 1938 3149 Zeno
1967 3110 2095 3149 nos-
2123 3066 2170 3129 δ
2202 3099 2489 3157 est'crror,
2525 3109 2684 3162 quem
2711 3093 2778 3148 ad
2810 3093 3084 3151 Philastrii
3121 3098 3436 3170 martyrium
3469 3102 3811 3156 statuendum

486 3203 566 3248 ter
590 3209 718 3250 vere
769 3192 958 3248 fuisset
1012 3198 1237 3262 martyr,
1293 3189 1430 3242 sicut
1477 3188 1705 3243 Sanctus
1749 3186 1999 3242 Firmum'
2039 3196 2094 3243 et

483 3286 760 3341 Rusticum
792 3285 930 3340 inter
954 3294 1224 3352 martyres
1251 3281 1495 3335 inserere
1518 3297 1624 3334 non
1652 3280 1986 3345 dubitarunt,
2016 3280 2090 3334 ita

483 3380 540 3435 8.
574 3379 846 3434 Zenonem
889 3392 1141 3447 maguum
1177 3375 1470 3429 Patronum
1510 3374 1649 3429 inter
1677 3373 1894 3429 eosdem
1920 3375 2089 3429 multo

482 3474 654 3544 magis
685 3471 1075 3527 recensendum
1113 3467 1465 3538 iudicassent.
1517 3466 1689 3521 Simili
1730 3466 1945 3537 quidem
1996 3483 2086 3522 ra-

2201 3184 2501 3239 transferre
2531 3202 2640 3240 non
2691 3187 2836 3253 licet,
2890 3198 2946 3242 et
2991 3189 3159 3245 multo
3190 3191 3364 3246 minus
3394 3192 3459 3247 ad
3493 3196 3809 3264 martyrium

2199 3273 2258 3330 S.
2301 3276 2554 3345 Zenonis,
2587 3277 2828 3353 [CXXXIX]
2875 3283 2962 3350 qui
2994 3282 3182 3337 eodem
3212 3285 3261 3336 in
3287 3284 3491 3355 Garpso
3529 3288 3810 3342 confessor

2195 3369 2536 3425 solummodo
2563 3372 2809 3427 traditur.
2845 3374 2948 3428 Sed
2981 3385 3036 3429 ut
3059 3375 3181 3430 linis
3204 3377 3396 3447 aliquis
3427 3377 3810 3448 huicdisputa-

2196 3461 2324 3516 tioni
2357 3465 2807 3532 imponatur,htec
2829 3475 3302 3538 suutargnmeuta,
3321 3487 3442 3542 qua:
3460 3473 3711 3543 utrinque
3733 3473 3804 3528 ad

2193 3553 2319 3610 ferri
2351 3567 2575 3627 queunt,
2603 3559 2743 3614 inter
2757 3577 2876 3630 qure
2901 3563 3410 3632 nostrumjudicinm
3441 3582 3507 3620 ne
3523 3567 3796 3637 exquiras,

2191 3647 2391 3714 lector;
2432 3650 2588 3705 nobis
2620 3653 2762 3707 enim
2807 3652 2907 3708 hac
2939 3653 2991 3707 in
3041 3656 3411 3712 controversia
3449 3656 3576 3712 illud
3631 3674 3798 3713 unum

2183 3736 2294 3806 jam
2323 3740 2390 3793 ah
2419 3741 2568 3796 initio
2597 3745 2998 3813 proposuimus,
3027 3745 3205 3800 omnia
3239 3788 3252 3811 ,
3280 3763 3402 3818 quae
3431 3749 3802 3820 in-utramque

2187 3840 2394 3901 partem
2425 3845 2741 3905 suppetunt,
2771 3838 3026 3909 colligere
3055 3851 3105 3893 et
3138 3841 3430 3910 extilieare,
3480 3859 3586 3898 non
3613 3854 3794 3925 autem

2185 3927 2518 3982 sententiam
2565 3928 2796 3985 dicere:
2848 3945 2911 3986 ac
2965 3933 3194 4002 proinde
3243 3935 3417 3991 Patris
3466 3931 3796 3994 ilenschenil

2183 4019 2424 4086 prudens
2452 4021 2740 4076 consilium
2772 4024 2965 4089 secuti,
3020 4025 3102 4080 his
3131 4025 3249 4096 ejus
3289 4028 3466 4084 verbis
3511 4031 3788 4086 concludi-

2181 4129 2320 4178 mus,
2353 4131 2472 4184 qua:
2499 4115 2592 4171 ille
2619 4118 2912 4187 pr0positis
2937 4119 3140 4190 aliquot
3175 4122 3428 4192 utrinque
3457 4127 3791 4194 argmnentis

407 4205 420 4212 λ
465 4219 675 4291 giorum
727 4215 972 4272 ordinem
1025 4213 1334 4286 adsignatis,
1392 4209 1493 4267 88.
1545 4219 1842 4281 martyrum
1899 4210 2070 4279 primo
2174 4207 2370 4275 scripta
2397 4207 2608 4277 reliquit
2633 4211 2736 4265 sub
2769 4211 2928 4267 finem
2962 4229 3081 4284 cap.
3107 4214 3162 4283 ἓ,
3192 4231 3309 4287 pag.
3343 4217 3446 4274 75:
3478 4216 3590 4273 Nos
3615 4221 3790 4274 omnia

465 4312 608 4378 loco,
637 4311 762 4368 dein
809 4310 870 4366 8.
914 4308 1145 4364 Zenonis
1193 4305 1766 4361 commemorationem
1807 4302 2066 4373 agendam
2165 4298 2367 4368 judicio
2397 4301 2728 4372 prudentium
2751 4305 2973 4359 uirorum
3007 4309 3368 4376 permittimus.
3401 4311 3584 4367 Solum
3612 4313 3783 4368 histo-

466 4407 726 4468 iusinuat,
752 4403 894 4475 quod
911 4419 1042 4459 sane
1071 4402 1270 4458 factum
1297 4415 1402 4454 non
1429 4396 1642 4464 fuisset,
1668 4397 1770 4452 nisi
1800 4395 1940 4467 quod
1968 4396 2068 4450 hac
2093 4464 2140 4475 ᾳ
2171 4394 2299 4448 rica:
2338 4396 2542 4451 n0titite
2591 4413 2752 4453 causa
2779 4399 3040 4455 addemus
3070 4401 3418 4461 Franciscum
3460 4405 3681 4462 Mariam
3713 4409 3781 4463 de

461 4503 516 4560 in
547 4464 788 4558 Ecclesia
809 4499 1088 4557 confessor
1133 4499 1420 4552 haberetur
1463 4495 1523 4550 S.
1575 4493 1743 4558 Zeno,
1787 4508 1893 4546 non
1919 4508 2063 4546 mar-
2091 4464 2147 4525 Ῑ)
2171 4486 2320 4551 Astc,
2370 4489 2838 4561 archiepiscOpum
2871 4491 3293 4564 Hydruntinum,
3327 4499 3418 4569 qui
3459 4499 3777 4556 luculentis-

461 4605 546 4667 tyr
576 4613 589 4650 :
619 4591 1165 4650 commemorationes
1209 4595 1390 4643 autem
1438 4598 1757 4656 martyrum,
1788 4583 2065 4639 confesso-
2167 4579 2333 4636 simas
2383 4581 2806 4654 disceptationes
2871 4586 2922 4640 in
2981 4587 3421 4662 Martyrologium
3473 4592 3776 4651 Romanum

458 4665 580 4742 rum
624 4665 1229 4742 commemorationibus
1273 4692 1491 4746 semper
1531 4685 1795 4746 praeeunt.
1831 4673 1965 4728 Hinc
2009 4674 2060 4728 in
2166 4670 2461 4730 Beneventi
2487 4675 2656 4730 edidit
2700 4693 2787 4730 an.
2837 4677 3008 4746 1716,
3043 4681 3144 4735 sub
3188 4683 3444 4753 auspiciis
3471 4683 3776 4741 Cardinalis

455 4783 738 4839 vetustiori
764 4794 978 4851 quoque
1026 4776 1215 4832 codice
1261 4769 1561 4840 Capitulari
1606 4769 1788 4824 smculi
1841 4768 2059 4824 circiter
2168 4764 2368 4830 Ursini,
2397 4767 2486 4836 qui
2515 4777 2697 4834 postea
2731 4768 2827 4823 fuit
2861 4769 3187 4829 Benedictus
3216 4774 3351 4844 Xlll,
3397 4775 3498 4832 hoc
3530 4777 3583 4832 in
3605 4793 3773 4848 Opere

455 4890 582 4941 xm,
610 4875 662 4928 in
690 4888 798 4944 quo
823 4871 1128 4933 orationes,
1178 4865 1473 4928 lectiones,
1523 4872 1577 4916 et
1622 4860 1933 4930 antiphonae
1963 4877 2060 4932 per
2167 4855 2386 4912 laudato
2414 4857 2632 4914 disertis
2673 4861 2869 4918 litteris
2899 4860 3200 4921 Clementis
3229 4866 3300 4923 XI
3335 4880 3442 4924 tum
3470 4874 3769 4941 regnantis,

451 4981 650 5022 annum
675 4973 730 5020 et
753 4962 982 5032 propria:
1009 4970 1062 5015 et
1086 4972 1399 5015 communes
1429 4957 1745 5011 Sanctorqu
1769 4955 2056 5010 eontinen-
2164 4949 2492 5007 Henscheuii
2521 4957 2871 5026 argumentis
2895 4967 3098 5013 motum
3127 5001 3142 5027 ,
3186 4961 3425 5018 noluisse
3454 4973 3772 5021 controver-

452 5059 562 5125 tur,
592 5058 705 5113 hinc
727 5053 978 5125 suifragia
1000 5052 1191 5109 eodem
1223 5050 1412 5106 ordine
1435 5050 1741 5120 praescripta
1772 5048 2053 5118 reperiun-
2163 5044 2298 5098 siam
2330 5043 2602 5109 decidere,
2633 5056 2686 5102 et
2717 5049 2817 5102 hoc
2845 5049 3062 5105 interim
3095 5052 3260 5107 tutius
3285 5057 3617 5125 suggessisse
3636 5072 3768 5114 con-

450 5161 541 5208 tur
565 5153 616 5206 in
639 5149 914 5206 matutinis
955 5158 1010 5203 et
1030 5144 1276 5214 vesperis
1306 5162 1319 5196 :
1364 5152 1421 5197 ut
1467 5145 1696 5212 primum
1737 5142 1806 5197 de.
1831 5139 2006 5197 Cruce
2031 5183 2047 5205 ,
2161 5134 2368 5202 silium,
2398 5146 2454 5189 ut
2496 5139 2547 5191 in
2575 5137 2765 5194 eodem
2797 5139 3178 5212 Martyrologio
3219 5145 3287 5197 ad
3321 5146 3486 5201 instar
3527 5146 3763 5214 Malam”.

449 5239 564 5300 mm
594 5243 660 5299 de
692 5256 841 5313 pace,
869 5240 993 5295 dein
1023 5239 1092 5295 de
1113 5239 1172 5294 S.
1200 5236 1364 5292 Maria
1388 5233 1566 5305 (cnjus
1607 5234 1847 5304 quotidie
1879 5245 2056 5288 muta-
2161 5228 2353 5300 inquit,
2384 5231 2672 5285 enuntietur
2703 5249 2723 5287 :
2757 5231 2969 5289 Verona:
2998 5234 3060 5290 S.
3107 5235 3326 5293 Zenonis
3370 5242 3621 5312 episcopi,
3673 5247 3764 5313 qui

447 5336 605 5394 batur
641 5335 972 5406 Antiphonti)
1005 5343 1192 5404 postea
1215 5331 1283 5387 de
1311 5330 1370 5386 S.
1401 5329 1655 5399 Georgio,
1683 5327 1751 5383 de
1787 5325 1882 5382 SS.
1915 5326 2047 5381 Her.
2153 5319 2287 5375 inter
2324 5322 2580 5392 procellas
2609 5326 2974 5392 persecutionis
3015 5343 3126 5381 eam
3176 5328 3460 5385 Ecclesium
3498 5334 3658 5398 rexit,
3709 5346 3762 5390 ct

447 5445 666 5500 magoni
697 5439 750 5485 et
773 5427 1092 5492 Fortunato,
1121 5425 1304 5481 Firmo
1333 5432 1387 5478 et
1431 5421 1674 5484 Rustico,
1724 5419 1956 5475 subinde
1981 5421 2050 5475 de
2155 5414 2319 5468 multa
2363 5433 2543 5485 passus
2587 5417 2744 5470 uitam
2785 5417 2990 5485 ﬁnivit;
3034 5421 3227 5491 quibus
3273 5423 3456 5482 verbis
3485 5437 3540 5480 et
3568 5441 3756 5483 vocem

444 5522 502 5580 S.
533 5523 771 5591 Zenone,
805 5530 862 5578 et
889 5519 1106 5575 tandem
1130 5518 1196 5573 de
1224 5517 1475 5572 omnibus
1507 5513 1758 5578 Sanctis;
1788 5520 1841 5566 et
1884 5512 1936 5565 in
1970 5511 2050 5583 ip-
2154 5510 2324 5578 passio
2344 5551 2360 5576 ,
2404 5519 2460 5565 et
2483 5513 2578 5565 has
2607 5509 2829 5565 Gallieni
2850 5520 3078 5580 tempore
3103 5517 3352 5588 martyrio
3381 5526 3655 5572 coronatus
3680 5531 3756 5574 est

439 5620 514 5675 sis
535 5615 752 5688 quidem
778 5614 1069 5686 suffragiis,
1102 5630 1220 5687 qua:
1246 5627 1311 5667 ex
1336 5610 1526 5667 eodem
1555 5607 1744 5663 codice
1771 5603 2043 5672 dabimus,
2151 5601 2222 5656 ita
2245 5600 2622 5657 subducendas
2649 5603 2874 5671 putavit,
2905 5615 2964 5658 ut
2982 5608 3147 5662 multa
3174 5618 3350 5665 tamen
3374 5609 3601 5667 Sanctus
3628 5629 3755 5667 nos-

433 5711 492 5768 s.
515 5710 663 5766 Zeno
711 5711 830 5769 solo
867 5706 1188 5779 Confessoris
1219 5704 1436 5768 nomine
1473 5699 1691 5775 gaudet.
1724 5697 1874 5754 Adde
1902 5696 2046 5769 quod
2152 5703 2234 5754 ter
2261 5712 2439 5768 passus
2467 5710 2573 5752 non
2601 5704 2842 5768 negetur.
2877 5696 2983 5756 Sed
3013 5697 3131 5759 haec
3149 5717 3363 5776 quoque
3401 5718 3520 5760 cum
3557 5705 3749 5764 eodem

479 3567 626 3622 tione
651 3566 706 3621 in
733 3562 1024 3633 suifragiis,
1053 3578 1172 3633 qua:
1201 3561 1282 3615 vel
1307 3561 1435 3615 olim
1468 3559 1568 3614 hac
1595 3564 1648 3613 in
1675 3559 1915 3614 Ecclesia
1946 3561 2086 3615 inter

477 3658 651 3714 officia
681 3657 1068 3722 recitabantur,
1111 3654 1216 3710 etsi
1243 3653 1514 3709 Tebaldus
1554 3669 1642 3708 an.
1677 3654 1850 3720 1505,
1887 3655 1937 3708 iu
1966 3654 2080 3725 ipsa

475 3751 859 3806 constitutione
879 3749 948 3804 ab
974 3749 1230 3820 episcOpo
1264 3747 1422 3801 Petro
1455 3746 1729 3817 Scaligero
1757 3746 1947 3802 eodem
1980 3764 2082 3803 Ste-

475 3845 595 3900 culo
631 3845 968 3908 confirmata,
1001 3858 1104 3912 qua
1149 3840 1338 3896 eadem
1385 3838 1636 3910 sull'ragia
1679 3840 1892 3908 indixit,
1924 3840 1993 3896 de
2019 3840 2076 3896 S.

471 3937 692 3995 Zenone
719 3939 877 3992 Patre
917 3945 970 3991 et
991 3934 1225 3990 Patrono
1253 3932 1413 4002 hujus
1437 3931 1684 3988 Civitatis
1714 3933 1941 4002 primum
1976 3931 2077 3987 ho-

419 4047 428 4053 δ
471 4029 994 4085 norilicentissimam
1051 4026 1378 4082 mentionem
1437 4023 1614 4090 faciat,
1666 4032 1777 4078 tum
1808 4039 1936 4079 vero
1971 4023 2069 4081 SS.

468 4135 764 4195 martyrum
792 4121 1007 4192 Georgii
1030 4131 1083 4176 et
1105 4119 1271 4174 Firmi
1299 4133 1361 4172 ac
1387 4117 1628 4172 Rustici:
1663 4125 1843 4172 tamen
1871 4115 2072 4170 suffra-
