4216 6178
357 185 469 251 1τό

1251 173 1734 235 DISSERTATIO
1760 177 1850 244 ΙΙΙ,
1884 175 1985 237 DE
2018 172 2083 235 Β.
2118 173 2277 239 ῑΕΝ.
2318 176 2521 237 ACTIS
2555 179 2646 239 ET
2671 182 2929 248 CULTU.

3670 216 3804 287 ’174

356 309 484 353 tore
513 292 876 352 describitur:
900 290 1083 395 prima
1108 304 1259 362 qua:
1281 292 1483 395 incidit
1514 294 1569 349 in
1604 309 1856 351 mensem
1888 293 2043 395 hiat»-
2074 292 2123 353 Α
2156 292 2337 348 villam
2372 293 2541 352 Utina:
2562 300 2758 368 aliaue,
2788 304 3037 372 plurimis
3065 328 3163 382 per
3183 315 3292 373 [iam
3320 327 3548 395 ιεηητονα
3588 331 3798 388 ειανηε,

356 394 498 448 tium
527 405 619 445 an.
647 387 777 452 900,
810 402 873 441 ex
899 385 992 440 lib.
1017 400 1054 440 ιι
1083 398 1216 456 cap.
1251 399 1332 451 tv,
1366 384 1543 451 Hist.,
1594 396 1734 442 tom.
1780 403 1845 454 ιι,
1901 385 2046 439 Rer.

351 484 598 540 ltalicar.
628 496 750 551 pag.
778 479 902 545 545;
933 493 1054 535 eam
1110 478 1269 534 enim
1329 477 1564 549 subjicit
1621 487 1754 549 post
1820 477 2051 534 Amulli

353 585 619 640 mortem,
656 590 778 646 qua:
797 574 1099 643 contigerat
1146 569 1257 626 sub
1313 571 1486 624 linem
1538 570 1897 626 Novembris
1950 585 2048 623 an.

352 669 466 727 899
511 686 525 722 :
572 667 748 724 altera
780 704 794 732 ,
836 679 954 735 qua:
993 661 1197 718 accidit
1236 661 1468 718 biennio
1518 670 1656 731 post
1712 676 1791 717 ex
1848 660 2052 717 eodem

357 762 692 834 Lnitprandi
717 760 875 825 libro,
904 755 1138 828 cap.ii;
1167 756 1311 811 hanc
1337 756 1488 811 enim
1503 754 1900 809 subsecutam
1921 770 2052 825 pro.

352 860 437 916 dit
462 858 658 912 statim
683 862 804 926 post
830 850 1094 919 Ludovici
1126 849 1364 905 Bosonis
1412 846 1509 902 lilii
1545 845 2047 914 obcmcationem,

351 968 478 1024 qua:
505 950 752 1007 Verona:
778 945 957 1003 evenit
988 960 1082 999 an.
1113 943 1224 1000 902
1250 960 1263 995 :
1293 942 1454 997 tertia
1477 946 1613 1012 post
1644 948 1907 997 martem
1936 941 2043 998 Be-

348 1042 602 1115 rengarii
643 1042 685 1111 Ι,
712 1044 817 1096 vita
846 1036 1022 1093 iuncti
1044 1053 1136 1092 an.
1181 1034 1314 1102 924,
1345 1049 1456 1106 quo
1500 1039 1688 1086 anno
1756 1030 2041 1106 llungaros

343 1136 610 1193 Ticinum
644 1131 953 1189 incendisse
982 1128 1171 1203 prodit
1202 1126 1349 1185 libro
1378 1140 1608 1194 m,cap.
1643 1115 1711 1173 2.
1746 1123 1884 1182 Cum
1907 1145 2035 1186 vero

336 1233 543 1289 harum
573 1224 1344 1301 irruptionumceleberrima
1398 1223 1473 1278 sit
1521 1220 1741 1292 prima,
1804 1223 1876 1279 de
1924 1241 2028 1297 qua

336 1326 574 1402 quidem
607 1340 723 1381 una
751 1339 835 1379 an.
860 1320 973 1379 900
998 1317 1350 1376 mentionem
1391 1315 1596 1372 iaciunt
1615 1312 1874 1376 Annales
1895 1320 2025 1377 Ber-

339 1420 543 1478 tiniani
570 1417 775 1475 eodem
808 1423 938 1471 tom.
976 1429 1017 1468 ιι
1045 1412 1176 1468 Ber.
1202 1410 1457 1467 Italicar.
1489 1425 1612 1483 pag.
1645 1405 1794 1480 576,
1830 1423 1884 1470 et
1926 1408 2069 1471 alii"

341 1515 666 1584 scriptores
693 1525 726 1565 ιι
757 1507 916 1575 Pagio
952 1504 1238 1562 memorati
1265 1502 1344 1557 ad
1380 1518 1476 1558 an.
1507 1502 1639 1568 900,
1668 1518 1823 1558 num.
1861 1506 1930 1560 17
1961 1513 2018 1563 et

348 1624 537 1681 seqq,
575 1617 817 1678 cumque
862 1599 914 1657 in
969 1613 1035 1655 ea
1090 1598 1381 1668 llungaros
1419 1596 1679 1653 Veronam
1723 1601 2018 1669 pervenisse

2160 396 2279 500 Eunt
2312 388 2596 448 miraculis.
2651 394 2726 449 lla
2778 397 2868 453 ille
2901 415 3128 461 corevus
3159 419 3216 465 et
3244 388 3541 473 Germanus
3568 425 3792 500 [cum]

2162 476 2429 579 Scriptor,
2446 485 2536 553 qui
2559 484 2773 579 duobus
2798 492 3122 565 annispost,
3139 500 3194 554 id
3209 514 3389 562 estan.
3421 476 3783 579 l05l,‘evviv—isl

2161 574 2394 678 excessit
2496 578 2581 678 cui
2611 581 2733 636 testi
2764 582 2884 652 plus
2916 601 3047 644 sane
3079 592 3206 648 lidei
3231 574 3575 669 habendum,
3612 621 3776 678 quam

2161 667 2737 773 posterioricuiquam,
2770 675 2858 746 qui
2894 678 3011 750 ejus
3052 688 3425 744 narrationem
3467 667 3765 773 adtingens,

2159 769 2256 861 pro
2274 757 2713 861 reliquiishipsum
2743 782 2941 839 corpus
2966 772 3181 831 Ulmam
3210 779 3438 837 allatum
3460 757 3766 861 supposuit:

2244 850 2470 945 ecclesia
2499 852 2553 911 S.
2585 856 2876 915 Salvatoris
2905 862 2972 919 de
2996 865 3182 924 Monte
3204 870 3429 931 Amiato
3462 847 3767 945 (ιῑὶέοθὲρτζέ

2150 940 2379 1048 Slusina:
2413 946 2469 1002 S.
2496 944 2733 1010 Zenonis
2780 956 3025 1028 reliquia:
3081 978 3181 1017 una
3230 981 3360 1021 cum
3412 974 3659 1048 reliquiis
3681 940 3763 1039 is:

2145 1032 2360 1143 .Proculi
2392 1041 2726 1143 aliorumque
2756 1048 3077 1107 Sanctorum
3134 1070 3224 1111 an.
3285 1058 3434 1117 1056
3464 1034 3505 1131 ,⁵
3536 1032 3761 1143 ξυνα]οέ

2142 1126 2383 1187 Ιιιιείιίοω
2411 1132 2749 1194 dedicatione
2774 1142 3005 1198 condita:
3028 1146 3319 1203 traduntur
3341 1150 3399 1207 in
3429 1126 3758 1220 decumis;

2134 1221 2276 1326 apud
2308 1222 2607 1326 Ughellium
2636 1240 2765 1326 tom.
2798 1248 2878 1299 ιιι,
2910 1250 3029 1306 pag.
3063 1238 3756 1326 624.Tarvisinainscrip-

2133 1311 2283 1371 tione
2312 1331 2402 1413 an.
2450 1319 2608 1387 mss,
2660 1323 2729 1378 ab
2756 1325 2949 1381 eodem
3007 1327 3260 1400 lighellio
3301 1337 3446 1393 edita
3486 1357 3610 1413 pag.
3640 1311 3749 1403 sis

2129 1414 2260 1461 tom.
2296 1425 2351 1478 v,
2385 1410 2527 1468 inter
2552 1414 2792 1484 plurium
2818 1418 3138 1479 Sanctorum
3195 1425 3458 1498 reliquias
3482 1410 3534 1488 in
3561 1410 3742 1494 eccle-

2123 1498 2261 1554 siam
2289 1502 2345 1557 S.
2378 1503 2587 1561 Nicolai
2616 1509 2755 1578 apud
2782 1509 3083 1570 Tarvisium
3115 1518 3383 1589 conditas,
3448 1541 3742 1586 recensen-

2125 1602 2211 1647 tur
2235 1595 2394 1651 etiam
2423 1599 2668 1670 reliquiae
2706 1600 2771 1658 S.
2798 1602 3023 1662 Zenonis
3067 1614 3396 1684 confessoris.
3444 1616 3502 1672 lu
3562 1619 3738 1678 diario

358 1697 748 1770 Luitprandus
769 1697 879 1764 ipse
907 1701 1140 1751 restem.-
1165 1732 1178 1758 ,
1208 1690 1315 1744 hoc
1344 1704 1501 1747 anno
1523 1690 1629 1747 900
1664 1689 1725 1746 S.
1770 1691 2016 1748 Zenonis
2046 1690 2095 1752 Β
2123 1685 2493 1759 reliquiarum,
2529 1706 2650 1762 qua:
2682 1694 2736 1748 in
2759 1694 3017 1769 Pragensi
3039 1701 3451 1775 Metropolitana
3503 1711 3737 1768 ecclesia

362 1808 565 1865 corpus
592 1791 668 1847 ad
696 1787 985 1845 ecclesiam
1039 1782 1416 1841 cathedralem
1466 1782 1767 1838 traductum
1815 1786 2019 1855 opina-

366 1902 494 1944 mur
519 1904 536 1943 :
568 1901 685 1957 quo
716 1899 858 1939 anno
877 1881 1085 1938 rexerit
1129 1892 1294 1935 necne
1321 1876 1471 1933 hanc
1492 1878 1792 1934 Ecclesiam
1832 1878 2023 1935 Adel-

368 1984 568 2041 bertus
596 1980 913 2049 episcopus,
944 1985 1003 2030 ut
1024 1991 1055 2030 e
1084 1970 1345 2030 Pauvinio
1396 1971 1641 2042 proditur
1668 2012 1684 2039 ,
1725 1974 2023 2043 inquirere

371 2084 431 2131 ct
463 2072 702 2129 delinire
747 2082 992 2126 nostrum
1053 2082 1159 2123 non
1210 2074 1313 2122 est.
1366 2064 1484 2133 Quo
1535 2075 1714 2121 autem
1756 2074 2022 2137 tempore

374 2167 528 2223 idem
560 2179 784 2219 sacrum
808 2176 1007 2231 corpus
1028 2160 1083 2215 in
1109 2174 1268 2216 suum
1294 2157 1476 2212 locum
1497 2156 1794 2213 resututum
1816 2158 2015 2229 fuerit,

374 2263 730 2319 constituere
760 2273 868 2315 non
894 2257 1041 2311 licet.
1070 2254 1260 2312 Solum
1309 2266 1509 2323 [raucos
1538 2260 1657 2322 post
1683 2267 1856 2309 annos
1904 2254 2017 2311 ibi-

377 2354 510 2409 dem
542 2352 739 2412 l’uisse,
774 2360 826 2404 et
850 2347 1048 2404 exinde
1078 2345 1147 2400 ad
1182 2347 1297 2398 haec
1322 2357 1495 2413 usque
1523 2350 1762 2412 tempora
1811 2346 2013 2403 eodem

380 2447 437 2501 in
474 2446 600 2499 loro
632 2441 807 2498 fuisse
834 2439 1090 2510 religiose
1113 2444 1412 2499 servatum,
1432 2434 1634 2507 aliquot
1662 2448 2012 2495 monumenta

382 2538 532 2608 apud
563 2534 883 2607 Ughellinm
908 2532 1150 2601 locuples
1173 2528 1542 2585 testimoniqu
1594 2527 1857 2598 prtebent,
1886 2547 2012 2598 qua:

385 2628 639 2683 indicare
694 2640 804 2681 non
854 2624 1050 2679 inutile
1100 2621 1285 2677 fuerit.
1335 2620 1462 2689 Pag.
1507 2620 1634 2686 728,
1668 2619 1719 2674 in
1767 2620 2012 2677 Nolkerii

384 2720 637 2791 episcopi
667 2726 1016 2781 testamento,
1046 2730 1138 2769 an.
1175 2712 1286 2768 922
1318 2721 1651 2767 memoratur
1702 2713 2007 2768 ctenobium

384 2816 446 2871 8.
480 2811 750 2876 Zenonis,
775 2811 864 2866 ubi
888 2810 1000 2880 ejus
1037 2824 1228 2879 corpus
1276 2809 1547 2861 Immotum
1592 2805 1825 2873 quiescit.
1873 2806 2006 2878 Pag.

386 2907 522 2971 727,
557 2906 613 2959 in
635 2904 936 2975 diplomate
969 2900 1212 2971 llugonis
1252 2898 1414 2970 Regis
1464 2897 1630 2952 Italia:
1665 2938 1680 2963 ,
1731 2913 1820 2952 an.
1878 2897 2006 2963 926,

385 2998 789 3053 conﬁrmantur
802 2994 925 3065 jura
958 2992 1135 3048 eidem
1185 2990 1519 3047 monasterio
1564 3003 1819 3044 concessa
1846 3030 1862 3058 ,
1921 2991 2008 3044 ubi

2122 1780 2525 1851 custodiuntur,
2582 1794 2826 1855 notatur,
2886 1801 3118 1850 testante
3159 1796 3217 1852 P.
3279 1797 3624 1860 Henschenio
3678 1806 3736 1861 in

2122 1870 2486 1931 additionibus
2517 1875 2583 1931 ad
2614 1887 2749 1934 tom.
2784 1897 2822 1937 ιι
2857 1885 3074 1955 Aprilis,
3109 1903 3230 1962 pag.
3263 1891 3390 1959 958,
3420 1894 3483 1950 S.
3507 1894 3736 1953 Zenonis

2124 1964 2350 2038 episc0pi
2398 1972 2623 2038 frustum
2653 1971 2858 2046 insigne
2884 1979 3100 2035 allatum
3129 2000 3220 2054 per
3266 1982 3535 2047 Carolum.
3562 1988 3737 2061 Impe-

2110 2064 2369 2156 ratorem,
2400 2077 2493 2116 an.
2522 2062 2686 2118 1570.
2714 2064 2890 2126 Ticini
2918 2072 2969 2126 in
2994 2076 3167 2131 Sancti
3198 2074 3425 2135 Thoma:
3478 2083 3736 2156 reliquias

2125 2147 2187 2205 S.
2211 2149 2437 2210 Zenonis
2460 2157 2718 2228 episcopi,
2764 2178 2923 2232 quem
2946 2164 3003 2222 8.
3029 2165 3303 2227 Zenonem
3360 2147 3732 2234 Veronensem

2122 2258 2243 2301 esse
2274 2261 2351 2317 ex,
2372 2248 2619 2306 dicendis
2651 2254 2831 2324 capite
2862 2261 3112 2330 sequenti
3142 2263 3271 2319 nihil
3298 2264 3446 2323 dubii
3474 2270 3598 2338 erit,
3649 2271 3730 2327 in-

2122 2345 2205 2391 ter
2231 2338 2368 2395 alias
2389 2342 2619 2398 aliorum
2648 2357 2964 2406 sanctorum
3005 2367 3249 2413 servatas
3295 2360 3458 2416 tradit
3511 2363 3571 2418 P.
3626 2363 3734 2423 Ro-

2118 2432 2376 2528 mualdns
2396 2450 2431 2528 7a
2462 2436 2521 2493 S.
2552 2436 2719 2494 Maria
2748 2443 2801 2495 in
2834 2441 3009 2514 Papia
3030 2445 3198 2503 Sacra
3216 2462 3356 2520 part.
3384 2470 3459 2519 ιιι,
3481 2470 3603 2528 pag.
3637 2458 3731 2515 85.

2117 2520 2360 2620 (Ia-asena:
2393 2527 2670 2584 brachium
2699 2531 2757 2587 S.
2794 2532 3034 2590 Zenonis
3064 2538 3116 2592 in
3151 2520 3527 2613 antiquissima
3550 2520 3734 2620 'paro-

2116 2612 2276 2670 chiali
2310 2619 2538 2676 ecclesia
2591 2621 2660 2678 de
2700 2626 2872 2695 ipsius
2930 2631 3152 2687 nomine
3198 2612 3466 2706 appellata
3525 2612 3731 2700 servari

2116 2706 2314 2763 dicitur
2340 2711 2393 2766 in
2417 2710 2780 2788 Chronologia
2804 2718 3047 2777 Caesena:
3076 2723 3393 2784 Bernardini
3433 2731 3723 2805 Manzonii,

2115 2815 2236 2872 pag.
2273 2801 2364 2857 62.
2390 2805 2510 2861 Alia
2544 2808 2596 2862 id
2624 2812 2846 2880 generis
2893 2823 3085 2871 notare
3112 2828 3168 2873 et
3195 2819 3469 2893 inquirere
3498 2844 3603 2884 non
3633 2801 3726 2886 va;
3782 2874 3787 2875 κ

2113 2893 2290 2993 cavit._
2310 2895 2393 2951 Ad
2422 2897 2692 2969 insignem
2737 2913 2918 2961 autem
2963 2912 3288 2970 sanctissimi
3322 2919 3559 2993 cpiscOpi
3609 2925 3725 2981 cul-

2114 2993 2227 3081 tum
2259 2986 2747 3048 demonstrandum
2778 2998 2921 3066 quod
2953 3003 3208 3072 pertinet,
3233 2986 3560 3081 diligentiori
3591 3033 3721 3075 cura

386 3106 582 3162 corpus
613 3092 727 3162 ejus
752 3096 988 3143 sanctum
1030 3084 1245 3154 quiescit
1300 3082 1590 3137 humatum.
1643 3080 1845 3137 Similis
1892 3080 2003 3136 lor-
2035 3074 2081 3138 C
2113 3086 2166 3131 ει
2187 3077 2544 3150 i"(illisitione
2571 3086 2653 3140 “Si
2684 3101 2874 3145 5""“15
2900 3110 2914 3160 ς
2946 3094 3066 3151 Elis
3094 3112 3217 3156 cum
3258 3074 3448 3162 nostro
3492 3074 3719 3167 Auctori

386 3183 537 3237 mula
590 3184 794 3251 pariter
841 3179 1038 3250 legitur
1085 3179 1138 3234 in
1166 3177 1498 3232 documento
1536 3189 1625 3227 an.
1666 3172 1828 3241 1021,
1860 3174 2002 3244 apud

384 3274 775 3341 Muratorium,
810 3271 1075 3342 Antiquit.
1109 3270 1328 3326 Estens.
1361 3282 1481 3338 pag.
1532 3266 1655 3333 129,
1687 3281 1896 3322 necnon
1942 3267 1997 3321 in

384 3368 514 3424 aliis
543 3364 939 3435 compluribus,
969 3361 1035 3417 de
1065 3362 1258 3434 quibus
1304 3359 1634 3416 mentionem
1685 3356 1811 3413 facit
1856 3372 1997 3427 malr-

384 3461 515 3516 chio
543 3456 814 3525 Maiieius,
845 3462 980 3513 tom.
1031 3472 1048 3511 ι
1081 3455 1308 3511 Verona:
1352 3450 1659 3519 lllnstratte,
1700 3466 1820 3522 pag.
1866 3450 1991 3519 670,

382 3554 528 3610 adeo
558 3562 618 3607 nt
639 3553 692 3608 in
724 3551 922 3607 Missali
955 3550 1267 3605 monasterii
1299 3549 1356 3605 S.
1385 3546 1640 3612 Zenonis,
1671 3545 1873 3619 scripto
1895 3559 1995 3602 sa:-

384 3647 514 3702 culo
558 3662 672 3712 xrv,
717 3645 787 3701 de
830 3643 1021 3700 eodem
1062 3642 1261 3700 Sancto
1319 3639 1682 3697 testimonium
1714 3637 1986 3708 prodatur,

385 3740 547 3812 quiin
572 3738 815 3811 prensanti
834 3737 1101 3810 requiescit
1131 3735 1382 3791 Ecclesia.
1416 3733 1571 3788 Initio
1597 3730 1718 3787 libri
1737 3730 1770 3786 J
1777 3731 1883 3785 uris
1907 3729 1993 3785 Ci-

389 3832 505 3886 rilis
544 3831 761 3887 Verona:
788 3830 970 3902 scripti
1000 3845 1087 3884 an.
1122 3829 1283 3895 1228,
1312 3837 1364 3884 ct
1389 3842 1491 3883 ms.
1514 3824 1788 3896 eCapituli
1823 3824 1990 3880 Vero-

388 3924 575 3980 nensis
601 3940 772 3996 nuper
814 3922 939 3979 editi
990 3950 1021 3980 a
1072 3921 1471 3978 Bartbolomwo
1516 3917 1878 3991 Campagnola
1925 3916 1984 3974 S.

384 4018 621 4073 Ctecilia:
649 4015 1132 4088 Archipresbytero
1161 4016 1274 4070 hcce
1302 4023 1428 4069 sunt
1461 4030 1473 4065 :
1504 4011 1584 4065 Ad
1608 4010 1853 4065 honorem
1890 4009 1986 4064 Dei

380 4122 431 4163 et
457 4106 844 4180 gloriosissime
864 4110 975 4180 ejus
1012 4105 1305 4172 Genitricis,
1340 4116 1385 4160 et
1414 4104 1689 4159 beatissimi
1732 4103 1979 4168 Zenonis,

381 4203 537 4273 cujus
561 4198 893 4254 sacratissimi
919 4199 1148 4269 corporis
1178 4195 1524 4252 consolatione
1551 4195 1850 4267 gaudemus,
1881 4203 1977 4247 etc.

380 4293 515 4348 lltec
546 4291 733 4348 eadem
764 4292 1026 4348 sententia
1048 4292 1169 4348 aliis
1193 4293 1372 4349 verbis
1429 4292 1655 4362 repetita
1701 4289 1897 4360 legitur
1926 4289 1976 4343 in

379 4384 651 4459 prooemio
680 4384 1003 4440 Statutorum
1037 4382 1429 4452 Veronensium,
1468 4381 1612 4454 quod
1652 4398 1680 4435 ει
1713 4381 1976 4438 Silvestro

2104 3171 2350 3269 maxime
2363 3174 2641 3245 gloriosus
2674 3178 2887 3241 futurus
2916 3186 3009 3256 sit,
3061 3205 3313 3263 separato
3338 3197 3515 3269 capite
3545 3203 3719 3262 fusius

2101 3265 2417 3323 statuendus
2443 3269 2600 3325 visus
2626 3283 2730 3330 cst.

2728 3393 2958 3452 CAPUT
2995 3364 3132 3457 ιιι..

2168 3507 2236 3550 DE
2267 3510 2654 3564 ANTIQUISSIIIO
2690 3521 2755 3563 AC
2800 3523 2939 3566 LATE
2970 3526 3290 3575 PERVAGATO
3329 3535 3378 3577 8.
3414 3539 3638 3587 25110le

2802 3619 3001 3663 CUL'I'U.

2096 3698 2124 3773 ξ
2162 3699 2201 3756 ι.
2234 3733 2305 3743 -—
2331 3706 2629 3778 Antiquitas
2657 3724 2703 3769 et
2733 3721 3036 3792 prOpagatio
3063 3726 3232 3783 cultus
3261 3732 3331 3784 ad
3354 3735 3541 3793 eximia
3577 3757 3701 3797 sau-

2164 3803 2363 3849 clorum
2392 3800 2575 3855 merita
2620 3806 3061 3881 celebritatemque
3098 3826 3507 3889 cognoscendam
3539 3848 3702 3903 quan-

2162 3892 2584 3985 tum-conferant.
2616 3894 2799 3956 Cultus
2841 3902 2902 3959 S.
2936 3905 3160 3966 Zenonis
3185 3916 3326 3985 apud
3363 3892 3699 3983 Veronensem

2160 3980 2446 4036 Ecclesium
2471 3987 2694 4055 primunt
2725 3997 3013 4065 exponitur.

2158 4095 2214 4151 Si
2242 4098 2362 4201 quis
2399 4100 2742 4170 antiquorum
2770 4120 3080 4170 sanctorum
3115 4118 3342 4179 virtutes
3381 4134 3437 4182 et
3462 4131 3688 4203 merita,

2086 4203 2203 4258 qua:
2234 4206 2296 4244 ex
2331 4190 2460 4261 ipsis
2490 4194 2648 4253 rebus
2676 4200 2844 4270 gestis
2888 4204 2959 4259 ob
2990 4208 3246 4266 Actorum
3278 4214 3551 4278 defectum
3597 4190 3690 4283 co:-

2083 4297 2347 4381 gnoscere
2377 4286 2601 4381 minime
2625 4290 2803 4359 liceat,
2847 4296 3061 4355 aliunde
3094 4304 3220 4359 velit
3249 4309 3532 4381 colligere;
3567 4320 3689 4375 nul-

2082 4375 2190 4430 lutn
2216 4376 2418 4479 certius
2442 4388 2494 4433 et
2517 4380 2778 4453 insignius
2806 4400 3213 4450 monumentum
3240 4375 3496 4471 suppetit,
3518 4375 3685 4479 quam

378 4477 596 4547 Laudo,
640 4476 961 4536 Veronensis
1011 4479 1242 4533 civitatis
1287 4475 1637 4543 cancellario,
1694 4490 1784 4529 an.
1840 4465 2126 4530 liSODsi
2157 4469 2432 4541 antiquum
2478 4471 2794 4548 longiusque
2837 4494 3180 4554 pervagatum
3231 4465 3685 4557 coiumdemmul-i

378 4582 664 4629 exaratum
693 4570 827 4627 fuit:
870 4583 929 4628 ut
966 4572 1238 4627 mittamus
1290 4571 1391 4626 alia
1440 4568 1749 4626 testimonia
1789 4609 1802 4633 ,
1856 4584 1976 4637 qua:

376 4670 719 4719 constantem
750 4663 988 4735 ejusdem
1011 4663 1255 4734 corporis
1276 4662 1505 4718 Verona:
1558 4659 1611 4717 in
1661 4658 1887 4716 ecclesia
1912 4657 1970 4714 S.

376 4754 620 4811 Zenonis
648 4756 845 4812 servati
873 4755 1217 4813 traditionem
1243 4754 1310 4811 ad
1338 4764 1578 4811 nostram
1623 4767 1792 4825 usque
1838 4761 1970 4808 {Bitt-

380 4853 493 4905 lcm
521 4846 838 4918 perducunt.

455 4936 586 4992 Hmc
613 4945 786 4994 tamen
814 4939 991 4994 omnia
1013 4938 1143 4995 nihil
1171 4938 1481 5012 prohibent,
1532 4937 1824 5009 quominus
1870 4936 1971 4991 ali-

377 5042 505 5099 qua:
530 5027 587 5083 S.
618 5026 848 5085 ZBuonis
902 5030 1140 5101 reliquiae
1196 5031 1302 5087 alio
1342 5028 1624 5102 pervenire
1671 5027 1967 5101 pomerint.

376 5118 455 5177 Ut
505 5129 885 5191 praetereamus
914 5123 1053 5191 illas,
1080 5138 1213 5195 quas
1240 5124 1444 5195 aliquot
1485 5124 1539 5179 in
1575 5123 1819 5178 ecclesiis
1872 5121 1972 5176 Vc-

376 5212 702 5268 ronensibus
733 5212 927 5284 Bagata
952 5223 1008 5270 et
1030 5213 1273 5270 Perottus
1302 5223 1727 5271 commemorant
1755 5215 1808 5267 in
1832 5228 1965 5283 one-

376 5319 443 5360 re
467 5304 719 5374 inscripto
754 5324 766 5361 :
796 5305 901 5379 SS.
938 5303 1308 5380 Episcoporum
1341 5304 1706 5361 Veronensium
1756 5306 1966 5377 antiqua

375 5408 751 5466 monumenta;
780 5398 1077 5458 llermanus
1104 5398 1425 5456 Contractus
1476 5400 1531 5456 in
1588 5400 1856 5455 Chronico
1894 5399 1960 5456 ad

375 5510 472 5550 an.
508 5492 669 5562 1052,
700 5505 826 5550 ιοιιι.
860 5509 941 5564 ιιι,
964 5502 1102 5565 part.
1136 5510 1174 5559 ι,
1208 5509 1327 5565 pag.
1356 5494 1464 5550 272
1484 5492 1964 5565 CanisiiAntiqua-

372 5604 498 5645 rum
529 5587 837 5645 Lectionum
868 5589 942 5643 ait
972 5604 985 5639 :
1018 5586 1263 5659 Reliquia:
1291 5586 1420 5642 beati
1445 5585 1667 5643 Zenonis
1690 5586 1961 5660 Confessa-

373 5684 448 5736 ris
500 5699 566 5738 ea:
588 5680 845 5738 Waltario
871 5680 1149 5737 Veronensi
1174 5683 1410 5756 episcopo
1438 5682 1489 5738 in
1521 5680 1846 5761 Alamannam
1891 5682 1962 5739 ad

2084 4570 2194 4617 tum
2225 4563 2513 4622 ostendere
2543 4568 2807 4637 quispiam
2839 4576 3026 4643 possit.
3065 4578 3174 4655 Etsi
3206 4585 3350 4640 enim
3380 4592 3554 4647 sancti
3581 4596 3682 4655 viri

2080 4656 2376 4757 semper‘iu
2410 4665 2521 4757 tota
2566 4660 2803 4719 Ecclesia
2852 4670 3183 4728 venerationi
3232 4678 3463 4749 l'ueriut,
3499 4685 3680 4757 ibique

2081 4749 2401 4819 praesertim,
2439 4751 2524 4807 ubi
2549 4756 2822 4824 praeclaris
2849 4759 3121 4818 laboribus
3151 4782 3249 4836 pro
3272 4770 3383 4828 Deo
3412 4786 3463 4831 et
3483 4749 3675 4837 Eccle-

2078 4842 2155 4897 sia
2176 4841 2341 4899 l'uncti
2372 4854 2520 4912 sunt,
2542 4846 2721 4904 obitus
2747 4849 2987 4921 ipsorum
3019 4855 3134 4912 dies
3161 4862 3388 4921 solemni
3407 4868 3515 4927 ritu
3535 4875 3678 4932 cele-

2077 4935 2228 4992 brata
2256 4937 2353 5004 sit;
2385 4939 2618 5010 antiquis
2665 4951 2840 4999 tamen
2876 4950 3210 5017 temporibus
3235 4972 3341 5014 non
3378 4960 3447 5017 ita
3478 4969 3676 5035 praeci-

2075 5044 2211 5101 puus
2237 5046 2421 5086 eorum
2453 5034 2657 5089 exstitit
2713 5036 2907 5105 cultus,
2962 5049 3018 5095 ut
3047 5044 3228 5100 statim
3279 5062 3400 5118 post
3439 5034 3672 5117 ηίοηεη,

2074 5121 2378 5186 invaluerit,
2403 5133 2456 5179 et
2482 5135 2631 5180 extra
2663 5128 2836 5185 solum
2865 5135 3139 5204 proprium
3180 5140 3387 5211 longius
3409 5149 3670 5221 prodiret,

2076 5214 2179 5269 nisi
2211 5215 2475 5287 prmeipua
2506 5217 2792 5275 admodum
2826 5222 3066 5291 ipsormn
3094 5234 3348 5291 sanctitas
3365 5214 3425 5293 et
3445 5214 3674 5300 celebri.

2075 5318 2156 5363 tas
2186 5309 2362 5376 fuerit,
2418 5326 2536 5380 qua:
2575 5327 2642 5367 eo
2684 5314 2856 5385 major
2884 5333 3005 5374 esse
3051 5321 3236 5381 debuit
3277 5346 3383 5398 quo
3413 5343 3466 5389 et
3509 5338 3668 5397 citius

2068 5418 2101 5459 a
2124 5413 2320 5473 morte,
2347 5412 2401 5460 et
2429 5405 2584 5461 latius
2605 5423 2793 5465 eorum
2816 5411 2992 5469 cultus
3017 5429 3344 5491 propagatus
3366 5425 3660 5488 invenitur.

2071 5496 2206 5554 llinc
2233 5498 2466 5569 plurium
2497 5500 2900 5574 episcoporum,
2931 5524 3065 5577 quos
3089 5515 3295 5582 qumvis
3314 5523 3535 5592 antiqua
3576 5541 3665 5579 sc-

2069 5591 2164 5647 des
2190 5593 2328 5648 inter
2356 5602 2571 5649 sanctos
2597 5596 2746 5662 colit,
2780 5601 3039 5655 memoria
3070 5602 3209 5660 intra
3256 5591 3478 5681 exiguos
3527 5614 3659 5672 lines

2068 5684 2477 5758 circumscripta
2521 5686 2649 5776 olim
2684 5687 2805 5756 luit,
2853 5705 2953 5747 nec
2992 5693 3093 5749 nisi
3137 5696 3424 5759 admodum
3457 5708 3660 5776 paucis,
