4216 6178
542 245 647 326 175

1915 264 2285 324 PROLEGOM
2295 265 2449 322 ENA.

3738 283 3840 343 176

543 390 638 458 qui
662 388 988 444 celebriores
1017 386 1187 449 fuere,
1216 385 1462 456 contigit,
1494 394 1552 441 ut
1572 386 1693 441 aliis
1722 399 1934 455 quoque
1963 386 2016 439 in
2047 399 2138 438 ur-
2165 384 2217 446 Α
2242 393 2295 438 et
2340 381 2580 437 Lotltarii
2632 384 2994 456 Augustorum
3046 395 3103 443 et
3148 387 3522 459 Ermingardis
3566 394 3841 464 Augttstw,

541 481 700 537 bibus
744 489 905 550 atque
935 476 1223 548 provinciis
1262 477 1593 533 colerentur.
1634 476 1709 531 Nc
1753 477 1981 546 cuipiam
2014 491 2137 531 san-

538 583 754 628 ctorum
785 587 848 627 ex
876 569 1281 641 comparatione
1308 568 1501 639 injuria
1532 570 1641 635 fiat,
1665 570 1937 625 neminem
1966 568 2139 624 nomi-

542 680 775 722 namus:
802 675 858 720 at
884 663 1026 734 quod
1072 661 1495 729 al‘lirmavimus,
1540 661 1913 732 antiquitatum
1956 661 2138 716 eccle-

541 761 879 819 siasticarum
910 758 1099 828 peritis
1128 740 1631 828 exploratissimum
1663 764 1765 811 est.
1797 754 1931 811 Illud
1974 768 2138 809 unum

482 918 503 931 ‘_
540 855 594 906 in
625 865 739 905 rem
770 856 1007 904 nostram
1037 848 1240 902 nemini
1270 846 1593 917 iniuriosum
1622 846 1953 902 constituere
1979 845 2141 917 hujus

544 954 629 1001 est
657 943 876 1012 capitis,
901 941 960 999 S.
981 941 1257 997 Zenonem
1286 944 1425 996 inter
1444 942 1563 997 illos
1591 940 1778 1007 fuisse,
1802 954 1938 1011 quos
1964 940 2142 995 omni-

542 1039 644 1095 bus
674 1037 933 1110 praecipui
975 1036 1153 1092 cultus
1197 1034 1520 1090 testimoniis
1551 1032 1841 1103 antiquitas
1874 1033 2031 1101 longe
2054 1031 2140 1087 la-

545 1142 705 1203 teque
737 1141 1023 1204 prosecuta
1050 1128 1251 1205 [cxuv]
1265 1139 1381 1185 est:
1414 1128 1555 1197 quod
1573 1144 1638 1185 eo
1661 1127 1917 1199 majorem
1941 1126 2059 1197 ejus
2089 1125 2141 1180 in

544 1226 772 1298 gloriam
796 1224 961 1290 cedit,
1004 1224 1050 1278 si
1076 1224 1356 1278 confessor
1378 1231 1607 1284 tantum,
1657 1234 1760 1275 non
1790 1228 1994 1291 martyr
2021 1217 2141 1284 ftit,

541 1335 668 1376 cum
699 1320 783 1374 vix
809 1318 899 1373 ulli
930 1316 1247 1381 confesSori.
1281 1314 1377 1370 sed
1420 1314 1592 1369 solum
1623 1313 1897 1367 nonnullis
1941 1319 2145 1382 marty-

544 1413 696 1469 ribus
738 1411 854 1466 fere
876 1409 1184 1477 contigerit,
1215 1415 1274 1461 ut
1311 1407 1549 1477 antiquis
1594 1404 1927 1474 temporibus
1965 1401 2145 1457 cultus

545 1515 697 1562 extra
729 1501 1003 1574 proprium
1052 1501 1227 1556 solum
1274 1500 1497 1555 latiores
1540 1497 1740 1553 limites
1794 1494 2138 1565 produceret.

548 1600 695 1655 Inter
744 1599 921 1654 cultus
954 1595 1258 1652 testimonia
1284 1609 1405 1665 quae
1436 1593 1588 1663 plura
1618 1589 1892 1648 recenseri
1916 1594 2141 1659 queunt,

541 1696 659 1751 haec
671 1694 939 1768 praecipua
954 1700 1099 1748 sunt:
1126 1690 1477 1746 ecclesiarum
1492 1687 1545 1742 in
1558 1687 1738 1743 Sancti
1761 1684 1979 1740 nomine
1995 1682 2147 1737 dedi-

2242 490 2402 546 qnem
2432 475 2600 530 edidit
2629 475 2949 534 Franciscus
2973 479 3327 537 Blanchinitts
3356 482 3411 537 in
3441 483 3850 557 Prolegomenis

2242 570 2309 623 ad
2358 570 2724 638 Anastasium,
2768 581 2899 628 tom.
2933 590 3024 641 ιιι,
3074 591 3194 647 pag.
3232 576 3321 639 5i,
3374 576 3493 633 haec
3547 579 3846 652 leguntur:

2245 660 2478 729 Exaudi,
2511 662 2777 719 Christe...
2811 675 2985 721 nostra
3036 667 3119 734 ill,
3165 685 3197 722 a
3245 668 3351 724 Deo
3391 673 3550 727 electo
3599 672 3853 748 Ponti/iw

2253 756 2390 813 Vita.
2420 756 2536 813 Ill.
2578 758 2645 815 S.
2694 758 2887 816 Firme.
2924 748 3281 834 Respondetur
3305 779 3324 818 :
3352 762 3431 818 Tu
3456 765 3605 820 illum
3637 769 3849 839 adjuva.

2248 851 2308 905 S.
2345 850 2585 906 Procule.
2641 853 2998 922 Respondetur
3028 871 3047 909 :
3096 853 3173 909 Tu
3217 855 3368 911 illum
3409 857 3623 930 adjuva.
3659 861 3855 927 Sancte;

2245 942 2406 997 Zeno.
2443 942 2519 997 Tu
2550 944 2702 999 illum
2746 945 2959 1018 adjuva.
2995 946 3149 1003 Hunc
3196 947 3541 1007 Veronenses
3590 954 3718 1009 olim
3762 972 3856 1026 pa-

2249 1045 2463 1092 tronum
2516 1038 2620 1093 sibi
2650 1039 2943 1095 maximum
2987 1041 3292 1112 elegerunt,
3341 1044 3483 1101 unde
3525 1061 3556 1101 a
3597 1046 3854 1107 Ratlterio

2247 1131 2505 1202 episcopo
2552 1133 2605 1187 in
2639 1134 2989 1203 Apblngetico
3025 1150 3144 1206 pag.
3200 1137 3326 1204 566,
3361 1147 3493 1195 tom.
3529 1156 3547 1195 ι
3580 1141 3854 1215 Spicilegii
3951 1186 3962 1196 .

2248 1224 2559 1290 Acheriani,
2590 1227 2865 1297 peculiaris
2907 1238 3081 1282 noster
3106 1238 3391 1300 patronus;
3434 1244 3488 1287 et
3516 1232 3570 1288 in
3598 1236 3854 1305 synodica

2248 1317 2314 1372 ad
2345 1319 2693 1391 presbyteros
2719 1335 2840 1391 pag.
2884 1321 3015 1394 577,
3047 1324 3287 1389 specialis
3310 1336 3480 1381 noster
3504 1329 3685 1384 doctor
3704 1340 3858 1401 atque

2249 1412 2484 1481 provisor
2510 1423 2752 1467 vocatur.
2783 1412 3014 1469 Civitatis
3056 1414 3271 1472 Verona:
3298 1432 3543 1489 patronus
3564 1432 3717 1493 atque
3755 1442 3856 1495 gua

2249 1505 2486 1560 bernator
2516 1508 2767 1563 similiter
2796 1508 2995 1565 dicitur
3024 1511 3075 1565 in
3106 1511 3340 1569 Othonis
3373 1518 3721 1585 imperatoris
3745 1523 3855 1592 pri-

2248 1594 2464 1666 vilegio,
2498 1612 2588 1653 an.
2621 1597 2747 1655 988.
2777 1600 2918 1666 apud
2950 1600 3255 1673 Ugliellium
3301 1623 3419 1677 pag.
3448 1608 3577 1673 745,
3612 1611 3689 1666 uti
3716 1621 3772 1667 et
3799 1614 3853 1670 in

2249 1685 2358 1740 alio
2384 1702 2475 1741 an.
2509 1687 2634 1754 996,
2670 1704 2794 1760 pag.
2826 1690 2952 1760 749,
2986 1692 3040 1747 in
3072 1697 3267 1765 quibus
3295 1700 3538 1770 utrisque
3572 1700 3853 1761 Veronen-

539 1790 703 1855 cali",
729 1787 904 1842 οπίείη
946 1800 1009 1841 ac
1036 1785 1217 1840 missae
1246 1783 1501 1854 propriae,
1535 1780 1654 1850 ejus
1699 1794 1897 1835 nomen
1948 1776 2002 1832 in
2043 1774 2145 1830 Ca-
2175 1778 2224 1838 B
2250 1779 2326 1834 sis
2379 1781 2667 1851 episcopus
2701 1782 2939 1840 Vicarius
2969 1785 3028 1843 S.
3059 1787 3285 1845 Zenonis
3311 1794 3539 1849 honoris
3566 1811 3729 1853 causa
3759 1815 3858 1855 no-

538 1897 736 1937 nonem
765 1895 829 1934 ac
856 1879 1068 1933 litanias
1098 1877 1385 1936 insertum,
1413 1882 1470 1929 et
1505 1871 1556 1928 id
1582 1872 1799 1943 generis
1828 1870 1929 1925 alia
1971 1887 1983 1921 :
2025 1880 2147 1936 qua:

537 1974 678 2030 side
727 1973 945 2028 Zenone
994 1978 1183 2026 nostro
1232 1968 1413 2025 omnia
1455 1966 1565 2036 jam
1618 1964 1745 2019 inde
1789 1962 1858 2017 ab
1910 1962 2146 2030 antiquis

540 2067 875 2139 tetnporibns
904 2074 957 2120 et
983 2064 1217 2121 Verona:
1267 2070 1322 2116 et
1372 2060 1501 2115 alibi
1548 2058 1814 2113 latissime
1854 2063 2146 2126 propagata

539 2159 818 2215 nonnullis
872 2159 1104 2228 antiquis
1128 2164 1184 2211 et
1209 2155 1372 2210 certis
1396 2152 1735 2207 documentis
1761 2147 2142 2211 statuerimus;

540 2252 609 2307 ad
637 2250 838 2306 cultum
869 2258 927 2305 et
946 2248 1288 2304 sanctitatem
1313 2243 1431 2314 ejus
1465 2242 1727 2313 insignem
1758 2240 2139 2296 demonstran-

542 2347 666 2403 dam
696 2344 829 2401 nihil
854 2341 1269 2399 desiderabitur.
1292 2339 1366 2394 De
1396 2332 1514 2408 eju‘s
1541 2336 1685 2391 cultu
1709 2332 1851 2405 apud
1877 2330 2145 2388 Veronam

542 2441 776 2513 primum
807 2438 1067 2501 dicamus.

616 2534 796 2590 Multa:
850 2529 1098 2601 inprimis
1140 2525 1389 2583 ecclesia:
1436 2531 1549 2577 tum
1599 2521 1651 2575 in
1705 2518 1836 2574 urbe
1864 2559 1880 2584 ,
1931 2526 2043 2571 tum
2090 2515 2146 2569 in

542 2626 764 2684 dioecesi
808 2620 1112 2680 Veronensi
1160 2620 1219 2675 S.
1265 2615 1499 2672 Zenonis
1529 2613 1681 2667 titulo
1729 2618 2144 2679 nuncupantur,

543 2735 677 2792 quas
722 2730 1010 2772 numerare
1051 2712 1212 2767 nimis
1244 2717 1391 2765 esset
1431 2706 1671 2775 longum.
1728 2702 1995 2757 Praeterea
2038 2708 2147 2753 tres

542 2811 665 2865 festi
695 2809 812 2863 dies
836 2808 889 2860 in
917 2802 1161 2876 ejusdem
1189 2800 1371 2856 Sancti
1417 2794 1734 2852 memoriam
1768 2793 2011 2849 celebres
2052 2805 2149 2860 per

546 2903 700 2973 plura
727 2900 923 2955 saecula
951 2898 1009 2953 in
1037 2892 1274 2964 antiquis
1296 2888 1664 2947 monumentis
1694 2895 1970 2946 notantur.
2012 2896 2148 2952 quos

547 2995 777 3052 solemni
804 2995 910 3049 ritu
936 2988 1269 3049 Veronensis
1313 2986 1552 3041 Ecclesia
1582 2981 1871 3053 quotannis
1899 2977 2104 3050 peregit
2130 2993 2143 3029 :

545 3087 721 3160 pridie
742 3085 869 3141 Idus
894 3084 1094 3155 Aprilis
1116 3080 1368 3153 depositio
1392 3078 1455 3134 S.
1489 3076 1735 3139 Zenonis,
1762 3089 1838 3129 xu
1855 3072 1973 3129 Cal.
1998 3071 2144 3127 Junii

2250 1874 2506 1930 minatur.
2563 1875 2619 1930 In
2652 1880 2917 1946 procemio
2958 1891 3279 1939 statutorum
3331 1885 3719 1947 Veronensium
3767 1910 3858 1963 pa-

2251 1966 2410 2028 troni,
2440 1969 2743 2037 protectoris
2774 1981 2827 2024 et
2855 1969 3142 2037 defensoris
3174 1976 3481 2033 nominibus
3513 1982 3852 2052 appellatur;

2252 2072 2585 2129 magnusque
2611 2060 2786 2117 cidem
2815 2063 2995 2119 cultus
3017 2067 3223 2136 aliquot
3240 2070 3291 2124 in
3315 2072 3583 2142 capitibus
3609 2076 3853 2147 ejusdem

2250 2150 2448 2207 Statuti
2479 2153 2713 2225 aliisque”
2740 2158 2793 2210 in
2818 2158 3072 2227 partibus,
3109 2162 3185 2217 uti
3219 2177 3432 2232 vocant,
3462 2183 3597 2239 quas
3624 2171 3677 2226 in
3708 2171 3855 2230 Civi-

2249 2247 2372 2301 tatis
2411 2248 2732 2303 caueellaria
2768 2251 2954 2309 videre
2988 2254 3134 2319 licet,
3186 2255 3440 2316 decretus
3490 2277 3708 2334 semper
3736 2267 3853 2323 fuit.

2251 2340 2489 2396 Tandem
2525 2344 2853 2414 przeeipuum
2876 2345 3207 2405 Veronensis
3236 2351 3497 2409 Ecclesiae
3526 2356 3690 2412 ritum
3714 2376 3856 2417 nunc

2250 2446 2467 2502 quoque
2497 2434 2769 2504 vigentem
2803 2448 2994 2495 notare
3033 2440 3182 2503 libet.
3234 2444 3491 2501 nimirum
3535 2447 3594 2503 S.
3624 2449 3857 2509 Zenonis

2250 2530 2825 2584 commemorationem
2869 2532 2984 2587 fieri
3026 2548 3055 2588 a
3082 2532 3311 2593 Clericis
3341 2541 3713 2608 saecularibus.
3745 2555 3798 2601 et
3825 2562 3857 2603 a

2252 2619 2614 2704 Regularibus
2641 2625 2924 2698 utriusque
2950 2643 3112 2684 sexus
3131 2631 3183 2686 in
3204 2632 3480 2691 Matutinis
3501 2646 3557 2692 et
3580 2638 3854 2711 Vesperis,

2251 2728 2371 2767 cum
2396 2713 2649 2786 suffragia
2678 2718 2997 2783 recitantur,
3031 2737 3132 2778 nec
3160 2739 3265 2778 non
3297 2726 3347 2780 in
3381 2725 3619 2785 Collecta
3645 2731 3690 2786 A
3731 2750 3858 2788 cun-

2251 2804 2347 2858 ctis
2379 2817 2498 2873 post
2529 2808 2913 2874 Apostolorum
2944 2811 3091 2867 Petri
3122 2823 3177 2869 et
3210 2815 3355 2871 Pauli
3384 2826 3861 2881 commemoratio-

2253 2912 2422 2952 nem:
2455 2898 2544 2968 qui
2594 2899 2731 2955 ritus
2778 2914 3081 2973 praeceptus
3120 2922 3150 2962 a
3194 2907 3279 2964 Jo.
3331 2909 3586 2968 Mattbaeo
3632 2914 3858 2973 Giberto

2252 2989 2512 3058 episc0p0
2562 2990 2614 3044 in
2642 2989 3153 3081 constitutionibus,
3208 3001 3290 3054 tit.
3316 3001 3372 3064 2.
3414 3019 3535 3075 cap.
3569 3006 3624 3068 2,
3652 3006 3862 3066 duobus
3944 3028 3957 3035 ’

2253 3083 2465 3137 sarculis
2493 3094 2618 3141 ante
2636 3096 2690 3141 et
2718 3102 2786 3142 eo
2815 3091 3047 3160 amplius
3071 3092 3127 3148 in
3156 3093 3518 3167 Synodalibus
3551 3117 3680 3157 mss.
3712 3102 3859 3161 The-

546 3180 792 3253 ejusdem
818 3160 1118 3243 translatio,
1169 3182 1225 3230 et
1250 3189 1299 3228 vt
1331 3172 1407 3265 Id.
1446 3168 1758 3265 Decembris
1788 3168 1842 3222 in
1880 3164 2148 3265 aliquibus
2175 3160 2218 3224 C
2252 3173 2394 3229 btldi
2433 3178 2673 3247 episc0pi
2715 3160 3262 3251 CthSliltltinnibtlS-a
3298 3188 3459 3245 Petro
3489 3192 3765 3265 Scaligero
3796 3160 3851 3251 in

546 3273 913 3329 monumentis
946 3268 1008 3325 S.
1034 3266 1257 3323 Zenonis
1279 3263 1533 3319 dedicatio
1551 3304 1566 3328 ,
1593 3261 1679 3316 vel
1725 3259 2058 3324 consecratio,
2093 3256 2149 3311 in

541 3368 817 3437 plerisque
837 3370 1016 3417 autem
1052 3358 1305 3415 dedicatio
1337 3355 1563 3410 basilicte
1591 3352 1653 3410 S.
1676 3352 1899 3407 Zenonis
1930 3351 2024 3417 ;in
2048 3349 2168 3404 hac

548 3464 728 3512 autem
784 3452 1006 3510 basilica
1052 3460 1301 3521 quartum
1345 3446 1543 3502 festum
1592 3444 1937 3499 ordinationis
1967 3441 2150 3511 adjec-

551 3558 688 3611 tum,
719 3544 863 3617 quod
902 3557 1047 3600 nunc
1072 3539 1431 3598 dedicationis
1468 3536 1607 3592 festo
1637 3536 1983 3605 subrogatum
2008 3534 2153 3590 cele-

549 3641 761 3706 bratur,
792 3653 895 3709 qua
928 3636 997 3692 de
1019 3650 1079 3692 re
1101 3634 1344 3705 pluribus
1370 3631 1503 3686 diss.
1535 3646 1571 3695 ι,
1596 3644 1717 3700 cap.
1745 3629 1805 3695 ’5,
1836 3628 1865 3701 §
1895 3628 1950 3694 5,
1973 3636 2028 3684 et
2052 3628 2153 3683 hac

462 3756 469 3765 ·
546 3734 681 3790 diss.
714 3746 833 3803 cap.
863 3748 901 3796 ι,
930 3729 1038 3803 δε,
1067 3728 1271 3794 missae,
1300 3724 1503 3798 hymni.
1532 3723 1866 3807 antiphonae,
1898 3723 2149 3779 benedic-

550 3829 742 3895 tiones,
776 3824 1054 3895 suffragia,
1087 3817 1543 3895 re'sponsoriaque
1571 3821 1823 3889 leguntur
1849 3819 2066 3888 propria
2098 3817 2153 3873 in

551 3930 752 3976 nostra:
781 3916 1042 3973 Ecclesia:
1071 3929 1202 3970 mss.
1249 3913 1423 3979 libris,
1458 3927 1578 3983 quae
1620 3911 1761 3967 inter
1803 3922 2152 3967 monumenta

552 4010 784 4069 inferius
810 4006 1208 4064 describentur.
1246 3984 1301 4060 ιὶι
1343 4002 1792 4059 Sacramentariis
1835 4013 2013 4057 autem
2057 4002 2155 4057 tri-

551 4106 657 4161 bus
682 4120 714 4160 x
740 4103 925 4160 saeculi
959 4102 1125 4157 missa
1163 4100 1222 4156 S.
1260 4098 1499 4156 Zenonis
1536 4098 1748 4169 propria
1776 4111 1898 4152 cum
1939 4095 2158 4167 propria

553 4200 684 4255 item
732 4195 903 4267 ipsius
953 4193 1276 4267 praefatione
1326 4192 1659 4254 continetur,
1713 4205 1942 4259 quorum
1991 4205 2157 4245 unum

554 4283 946 4361 Rege‘Othone
990 4295 1047 4342 et
1070 4282 1357 4355 Wolfango
1387 4283 1644 4354 episcopo
1691 4283 1975 4353 scriptum,
2024 4282 2159 4337 mis-

553 4397 670 4439 sam
700 4381 759 4436 S.
793 4378 1031 4436 Zenonis
1054 4377 1228 4448 primo
1255 4377 1373 4432 loco
1402 4377 1630 4445 positam
1660 4376 1841 4430 aureis
1880 4374 2162 4430 characte-

555 4475 705 4530 ribns
752 4471 1079 4541 descriptam
1130 4471 1365 4539 praefert.
1415 4466 1652 4523 Zenonis
1704 4481 1901 4522 nomen
1953 4466 2161 4522 Canoni

558 4567 703 4621 inter
739 4564 1080 4620 confessores
1127 4561 1390 4617 insertum
1431 4567 1660 4630 quatuor
1687 4557 2161 4615 Sacramentorum
2190 4559 2245 4619 D
2269 4571 2427 4616 cutus
2454 4570 2557 4629 est,
2579 4565 2673 4619 sed
2700 4569 2841 4636 apud
2864 4570 2997 4626 alias
3025 4589 3131 4631 non
3158 4588 3264 4633 tam
3294 4581 3550 4643 ﬁnitimas

557 4659 683 4716 libri
728 4657 1006 4723 exhibent,
1046 4672 1275 4726 quorum
1307 4654 1635 4709 mentionem
1668 4653 1893 4709 fecimus
1933 4668 2052 4723 cap.
2100 4653 2159 4722 2,

561 4752 591 4827 ς
617 4751 674 4818 2,
706 4760 761 4807 et
791 4761 900 4805 tres
923 4764 988 4804 es
1022 4747 1107 4803 his
1136 4746 1479 4817 Capitulares
1502 4760 1607 4799 non
1641 4755 1747 4799 tam
1776 4745 1832 4799 in
1862 4743 2164 4799 Communi-

558 4855 753 4911 cantes,
781 4858 941 4916 quam
974 4852 1094 4910 post
1122 4842 1420 4896 orationem
1449 4838 1778 4894 Dominicam
1801 4839 2048 4895 eumdem
2083 4841 2164 4896 in-

560 4948 759 4999 Vocant
786 4938 864 4993 sic
890 4956 901 4990 :
933 4935 1117 4991 Libera
1165 4951 1279 5000 nos,
1310 4949 1621 5005 quwsumus,
1667 4930 1909 4999 Domine,
1940 4946 2044 4989 etc.
2069 4976 2083 5000 ,
2115 4944 2162 4989 et

563 5031 773 5089 Sanctis
799 5028 1049 5098 apostolis
1079 5028 1179 5081 tuis
1207 5025 1363 5081 Petro
1402 5036 1449 5080 et
1485 5023 1654 5078 Paulo
1680 5035 1829 5095 atque
1855 5024 2082 5089 Andrea,
2116 5035 2164 5081 et

560 5120 733 5177 Beatis
779 5117 1153 5190 confessorilms
1202 5118 1301 5171 tuis
1335 5115 1583 5182 Martino,
1634 5113 1860 5171 Proculo
1883 5160 1896 5178 ,
1929 5115 2160 5185 Zenone,

559 5224 709 5286 atque
738 5212 1012 5268 Benedicto
1042 5227 1157 5265 cum
1202 5207 1435 5265 omnibus
1482 5208 1691 5271 sanctis,
1735 5222 1841 5264 etc.
1868 5209 1923 5263 In
1961 5209 2161 5265 litaniis

559 5324 797 5379 quoque,
827 5322 960 5377 quas
990 5304 1198 5375 aliquot
1243 5304 1294 5357 in
1325 5318 1455 5357 mss.
1490 5317 1584 5357 xm
1619 5309 1675 5357 et
1702 5318 1793 5357 xiv
1826 5303 2011 5358 saeculi
2049 5314 2159 5359 tum

558 5401 617 5456 in
661 5400 994 5457 Bibliotheca
1034 5394 1269 5468 Capituli
1307 5395 1653 5461 Veronensis,
1690 5404 1802 5450 tum
1855 5396 1984 5450 alibi
2034 5397 2163 5468 legi-

563 5507 706 5561 mus,
766 5506 978 5546 necnon
1029 5491 1082 5544 in
1110 5486 1430 5559 quibusdam
1461 5486 1795 5542 orationibus
1820 5501 1885 5543 ac
1910 5487 2164 5546 benedic-

558 5584 816 5649 tionibus,
849 5598 974 5654 quae
1014 5581 1207 5637 iisdcm
1253 5581 1305 5635 in
1349 5593 1481 5634 mss.
1514 5579 1880 5635 continentur.
1917 5581 1973 5637 S.
2017 5581 2163 5640 Zeno

557 5679 703 5733 inter
727 5685 956 5733 caeteros
984 5684 1201 5731 sanctos
1227 5672 1572 5730 confessores
1603 5671 1903 5728 invocatur.
1948 5672 2004 5730 In
2051 5674 2160 5733 Ro-

554 5786 717 5828 mano
745 5768 954 5829 Ordine
979 5765 1275 5840 Capitulari
1303 5764 1505 5838 scripto
1538 5765 1871 5838 temporibus
1898 5766 2161 5828 Ludovici

2252 3266 2355 3320 alia
2384 3265 2607 3338 Synodo
2652 3270 2987 3330 confirmatis
3028 3281 3378 3350 praescriptus
3415 3283 3644 3355 legitur,
3687 3297 3746 3343 ut
3786 3305 3858 3345 ex

2252 3360 2621 3415 monumentis
2638 3362 2992 3439 sulijiciendis
3014 3371 3241 3438 patebit.
3270 3372 3346 3428 Ex
3375 3374 3459 3430 his
3486 3379 3640 3445 satis,
3666 3390 3723 3437 ut
3741 3398 3860 3439 cre-

2253 3447 2453 3543 dimus,
2474 3451 2661 3524 colligi
2687 3464 2884 3523 potest,
2906 3471 3106 3529 quanto
3132 3462 3184 3516 in
3216 3463 3426 3523 honore
3453 3468 3509 3524 S.
3546 3470 3690 3526 Zeno
3709 3475 3853 3543 apud

2253 3541 2596 3601 Veronenses
2637 3549 2766 3603 olim
2809 3550 3003 3619 fuerit;
3056 3558 3420 3632 eamdemque
3446 3565 3652 3621 cultum
3707 3541 3853 3626 nunc

2254 3650 2470 3707 quoque
2492 3637 2653 3693 iidem
2678 3641 3048 3710 confoventes,
3077 3652 3454 3718 processiones
3480 3671 3602 3712 cum
3629 3659 3863 3718 oblatio-

2257 3728 2418 3825 nibus
2448 3730 2528 3825 _ad
2560 3728 2742 3807 [chv]
2774 3736 2892 3805 ejus
2944 3738 3248 3809 basilicam,
3301 3747 3390 3802 ubi
3412 3764 3625 3806 sacrum
3657 3768 3855 3825 corpus

2257 3820 2508 3890 quiescit,
2535 3826 2688 3879 statis
2712 3825 2906 3884 diebus
2948 3829 3173 3902 faciunt,
3216 3852 3281 3892 ac
3306 3838 3618 3899 idemtidem
3640 3861 3708 3901 eo
3740 3820 3857 3903 tota

2256 3912 2445 4018 civitas
2471 3931 2672 4018 magna
2697 3933 2829 4018 eum
2853 3921 3153 3995 frequentia
3181 3931 3427 4001 conﬂuit,
3464 3946 3521 3991 ut
3548 3941 3725 4012 magni
3766 3921 3862 4013 pii.

2260 4010 2402 4060 troni
2427 4021 2582 4077 opem
2609 4010 2713 4067 sibi
2742 4012 2792 4068 in
2814 4018 3144 4084 egestatibus
3170 4024 3314 4093 apud
3335 4026 3502 4083 Deum
3528 4010 3859 4106 interponat.

2264 4141 2292 4213 §
2320 4140 2383 4197 ll.
2403 4143 2667 4201 —Citttus
2696 4148 2758 4204 S.
2783 4148 3008 4209 Zenonis
3033 4174 3191 4229 quam
3215 4162 3318 4217 tate
3343 4165 3397 4220 in
3425 4165 3542 4222 aliis
3564 4166 3734 4228 Italiae
3758 4174 3868 4231 Ec-

2751 4243 2923 4302 clesiis
2949 4264 3265 4324 propagatus
3284 4258 3371 4314 sit.

2334 4373 2405 4429 At
2427 4377 2779 4475 nonVcronce
2797 4382 2994 4475 solum,
3019 4386 3089 4444 de
3113 4404 3215 4460 qua
3235 4392 3397 4450 rebus
3415 4400 3671 4465 praeclare
3687 4406 3857 4475 gestis

2267 4464 2792 4529 benemeritissimus
2819 4473 2941 4543 fuit,
2960 4483 3233 4553 prmcipuo
3252 4464 3472 4547 cultu
3505 4491 3653 4550 Zeno
3681 4464 3871 4567 prose-

2529 4606 2557 4668 1,
2579 4606 2673 4619 ..νυ
2696 4606 2841 4670 :Iyuu
2864 4606 2997 4626 uulua
3025 4606 3131 4631 IIUII
3158 4606 3264 4633 tam
3294 4606 3567 4656 lllllllmas,
3594 4606 3751 4661 quam
3776 4610 3869 4651 1⁸8-

2269 4660 2444 4706 motas
2470 4660 2633 4712 etiam
2661 4660 2907 4719 civitates
2932 4672 3095 4737 atque
3128 4675 3435 4741 provincias
3461 4720 3475 4744 ,
3503 4660 3619 4750 jam
3645 4685 3768 4742 inde
3794 4689 3867 4747 ab

2269 4750 2506 4820 antiquis
2559 4757 2891 4826 temporibus
2926 4761 3187 4836 insignem
3235 4771 3437 4828 cultum
3471 4786 3551 4832 est
3602 4794 3868 4839 consecu-

2272 4848 2377 4906 tus,
2399 4859 2506 4910 quo
2532 4847 2598 4901 ad
2626 4850 2926 4909 sanctitatis
2949 4855 3068 4925 ejus
3102 4863 3526 4932 magnitudinem
3572 4872 3867 4934 celebrita-

2271 4943 2488 5031 tentqne
2532 4944 2985 5008 comprobandam
3034 4951 3165 5007 nihil
3218 4959 3439 5026 reperiri
3489 4971 3667 5031 potest
3712 4968 3869 5025 illus-

2272 5028 2423 5132 tritis.
2446 5028 2591 5130 .Cutn
2622 5031 2932 5132 -Coronatns
2954 5040 3205 5102 Notarius
3230 5090 3247 5114 ,
3277 5028 3555 5132 descrith
3601 5060 3867 5119 miraculo

2270 5118 2705 5213 alliesismujus
2745 5128 2871 5183 alibi
2927 5136 3253 5192 mentionem
3307 5118 3578 5213 fecint'us:
3623 5118 3861 5208 scribat:

2275 5209 2424 5265 Unde
2448 5217 2661 5270 accrevit
2690 5222 2945 5278 veneratio
2986 5236 3034 5280 et
3055 5228 3204 5283 timor
3225 5231 3364 5286 circa
3394 5209 3585 5290 Christi
3627 5244 3871 5300 θαι-στάθ-

2272 5313 2406 5405 temi-
2434 5317 2551 5405 post
2578 5308 2627 5364 id
2653 5312 2968 5371 miraculum
2996 5322 3138 5389 quod
3170 5340 3197 5375 a
3240 5322 3298 5380 S.
3322 5326 3584 5399 Gregorio
3609 5336 3869 5403 pontifice

2272 5395 2324 5449 in
2357 5395 2581 5470 dialogis
2608 5406 3000 5478 promulgatum
3029 5412 3165 5481 fuit,
3196 5418 3398 5475 cultum
3428 5395 3547 5492 ejus
3578 5395 3729 5482 c'xtra
3761 5427 3869 5485 Ve-

2267 5503 2454 5545 ronam
2510 5500 2792 5568 propagari
2825 5515 3058 5575 emptum
3098 5511 3353 5567 ‘nonnttlli
3401 5513 3635 5575 fortasse
3660 5521 3869 5576 existi-

2269 5594 2436 5639 ment.
2469 5584 2687 5643 Pistorii
2739 5593 2791 5647 in
2840 5595 3085 5655 Hetruria
3133 5603 3348 5674 quidem
3392 5610 3719 5668 catliedralis
3767 5592 3866 5669 ec?

2265 5678 2427 5778 etesia
2458 5680 2518 5737 S.
2548 5681 2783 5742 Zenonis
2808 5692 3029 5750 nomine
3059 5695 3302 5756 dedicata
3322 5702 3556 5760 traditur
3579 5707 3644 5762 ab
3665 5705 3867 5778 Ugliel-

2266 5772 2339 5832 lio
2369 5784 2491 5845 post
2530 5792 2618 5835 an.
2646 5780 2776 5852 595,
2804 5798 2927 5845 cum
2954 5789 3074 5862 ejus
3117 5793 3268 5851 urbis
3310 5796 3512 5857 ﬂumen
3554 5772 3864 5875 exundans,
