4216 6178
358 303 479 365 177
1236 287 1736 349 DISSERTATIO
1765 286 1860 351 III,
1890 282 1979 339 DF.
2005 281 2066 337 8.

2197 284 2258 341 Ν.
2295 288 2497 348 AGTIS
2525 293 2613 350 ET
2639 295 2912 359 CUIII‘U.
3714 313 3815 367 178

358 425 599 481 Zenone
630 418 916 479 invocato,
938 409 1221 468 coercitus
1240 401 1492 459 miriﬁce
1521 400 1653 455 fuit.
1674 398 1829 495 Vide
1850 405 1985 451 lom-
2014 410 2073 450 ιιι
2105 404 2159 464 Α
2186 402 2519 495 inlusiquod
2550 408 2818 485 sciamus)
2850 415 3006 471 nihil
3060 435 3307 495 superest
3355 429 3457 484 nisi
3487 427 3645 483 index
3675 467 3689 491 ,
3720 426 3813 495 qui

360 517 546 575 Italia:
571 526 773 569 sacrae.
827 521 956 577 pag.
1006 502 1141 568 284,
1170 499 1260 556 ubi
1286 495 1694 551 Pistorienses
1715 491 1785 547 ad
1816 491 2087 584 inmcan-
2189 492 2244 584 in
2278 493 2605 555 bibliotheca
2638 501 2911 564 Vaticana
2951 491 3198 575 servat-ur
3217 520 3333 576 cod.
3367 520 3531 584 5835,
3558 528 3613 575 et
3640 518 3692 571 in
3724 491 3811 571 in-

354 613 499 670 dum
531 623 599 664 co
632 606 687 660 in
719 613 852 657 casu
874 598 933 653 S.
959 597 1243 652 Zenonem
1263 602 1333 643 ex
1361 586 1599 641 recenti
1620 581 2083 677 etdivulgato‘vix
2188 583 2310 641 dice
2339 588 2566 647 Decadis
2609 597 2897 666 secundae,
2940 617 3063 676 pag.
3110 610 3231 677 281,
3266 581 3524 665 Ιιθϋθιυνέ
3575 606 3655 661 De
3680 615 3825 663 lem-.

356 708 416 765 id
434 698 712 772 temporis
731 689 1003 750 miraculo
1018 677 1504 743 Atltesisexcitati
1531 671 1955 772 videntum-Sed
1972 671 2086 725 PiS'
2188 678 2289 747 plis
2314 679 2377 735 D.
2412 681 2748 741 Mercurialis
2791 671 3041 763 episcopi
3072 671 3326 753 ἰίιοίεὶιείε
3350 708 3401 753 ει
3437 696 3662 751 Zenoni,
3702 695 3801 750 γε.

358 765 633 861 toriensis
675 794 895 848 auctor,
925 799 993 837 ex
1024 795 1140 853 quo
1166 774 1486 832 additiones
1519 771 1579 825 in
1619 765 1947 864 Ughellium
1989 781 2083 820 ex-
2161 776 2419 864 'ronensis
2446 786 2590 834 extra
2613 790 2819 849 portam
2846 782 3199 845 Hadrianum.
3220 790 3275 844 Si
3308 804 3436 844 vero
3460 803 3529 843 ex
3560 786 3642 840 his
3669 801 3800 855 pro-

355 858 574 970 ccrptaa
589 895 879 952 sunt,cum
900 874 1145 948 Ugltellii
1167 865 1508 927 sententiam
1531 864 1702 919 nullo
1722 858 2081 969 iundamento
2161 858 2361 923 'babile
2390 871 2461 924 sit
2488 872 2753 929 ecclesiam
2778 891 3005 948 quoque
3035 880 3094 936 S,
3123 880 3343 935 Ζεηοηῑε
3385 882 3442 933 in
3474 878 3709 934 σωεανεα
3724 879 3794 936 de

356 956 665 1054 Sttbitixam
687 983 969 1042 afﬁrmare
989 990 1112 1030 non
1134 964 1442 1027 dubitavit;
1468 972 1539 1017 et
1562 976 1700 1017 cum
1733 956 1923 1054 ineius
1951 973 2078 1054 uars
2183 962 2374 1017 eodem
2408 962 2708 1021 Veronensi
2728 969 2990 1041 episcopo
3019 980 3377 1041 nuncupatam
3426 969 3625 1034 fuisse;
3667 986 3789 1025 cum

356 1050 583 1147 ratione
615 1077 870 1155 qua'dam
925 1061 1306 1141 reprehendit
1328 1100 1343 1119 .
1370 1073 1499 1128 qua:
1556 1056 1648 1112 hic
1703 1050 1911 1155 referre
1941 1051 2077 1155 nihil
2182 1054 2297 1111 inec
2326 1056 2394 1111 ab
2419 1058 2648 1129 Agnello
2671 1061 3087 1137 archiepiscopo
3112 1062 3467 1121 reconciliata
3515 1064 3781 1132 tradatur,

358 1145 776 1240 interestitum
802 1180 933 1225 vero
955 1158 1268 1231 antiquius
1290 1151 1591 1221 aliquanto
1615 1159 1751 1240 ea")
1785 1145 2072 1240 eCCieSi-Win
2179 1150 2274 1240 lu-it
2305 1155 2490 1219 procul
2522 1151 2685 1209 dubio
2729 1156 2831 1211 sub
2861 1156 3164 1214 Gothorum
3197 1163 3471 1227 potestate
3492 1195 3508 1222 ,
3541 1171 3604 1212 ac
3649 1158 3792 1213 inter

613 1221 786 1324 inisse
815 1270 1038 1317 sacram
1080 1241 1442 1320 prontltttiul,
1467 1259 1544 1298 ex
1570 1254 1686 1314 quo
1721 1234 1918 1334 facium
1944 1238 2073 1294 sub-
2175 1220 2268 1301 εἷς
2333 1245 2550 1317 quidem
2587 1290 2601 1315 ,
2679 1264 2812 1319 quas
2886 1252 3076 1307 Ariani
3145 1248 3318 1306 Gothi
3355 1288 3370 1312 ,
3432 1263 3496 1305 ac
3555 1267 3791 1323 ριιτρμειο.

358 1329 495 1429 ζώω
552 1364 657 1421 fuit
683 1404 698 1426 ’
734 1369 791 1415 ω
822 1348 1225 1410 Pismrienses
1282 1336 1350 1393 S.
1399 1336 1697 1429 Zenonem
1732 1329 1832 1429 sibi
1888 1340 2071 1429 patro-
2177 1341 2272 1395 tim
2306 1340 2677 1399 Theodericus
2705 1344 3008 1399 Gothorum
3035 1345 3251 1415 primus
3284 1342 3338 1396 in
3368 1341 3524 1402 Italia
3548 1363 3647 1405 rex
3671 1349 3803 1406 tedi—

547 1423 857 1524 de‘ekerim
879 1488 895 1512 ,
936 1443 1204 1520 ejusque
1250 1430 1600 1524 memoriam
1628 1425 1844 1524 duobus
1874 1423 2068 1524 diebus
2171 1434 2363 1491 ﬁcasse
2392 1436 2638 1492 traditur.
2669 1437 2853 1506 Itaque
2887 1440 3029 1494 inter
3056 1452 3275 1493 annum
3327 1436 3434 1495 495
3457 1484 3472 1509 ,
3502 1459 3610 1513 quo
3639 1444 3805 1502 Gothi

368 1517 556 1613 adhuc
579 1517 803 1621 quoque
826 1517 1036 1596 colant.
1074 1527 1235 1585 Prid.
1268 1523 1361 1621 lti-
1387 1523 1714 1593 Aprilis,et
1743 1517 2062 1621 solemniort

2197 1530 2482 1585 lavennam
2507 1531 2682 1600 primo
2710 1540 3083 1615 occuparunt.
3115 1540 3175 1587 et
3205 1544 3422 1591 annum
3445 1537 3574 1606 552,
3602 1556 3712 1613 quo
3741 1541 3810 1598 ab

375 1610 523 1707 ἔδω
666 1610 749 1695 ι
786 1623 1149 1691 Decembris.
1176 1616 1329 1691 quod
1362 1632 1547 1686 quam
1601 1610 2061 1707 nostroAntistiti
2168 1637 2232 1677 ea
2255 1623 2389 1677 urbe
2417 1623 2630 1692 penitus
2652 1622 2873 1679 fuerunt
2897 1610 3130 1691 exclusi,
3162 1622 3462 1686 Ravennae
3484 1633 3536 1687 in
3563 1610 3811 1692 Caesarea

374 1704 858 1816 gerhonmmcum
894 1724 960 1779 sit
1001 1728 1197 1771 nemo
1243 1726 1362 1767 non
1394 1710 1579 1765 videt.
1633 1704 2057 1816 Equideillnelfi
2169 1715 2224 1769 in
2251 1714 2308 1770 8.
2333 1715 2568 1770 Zenonis
2600 1714 2939 1772 Veronensis
2972 1718 3246 1772 honorem
3297 1724 3527 1779 ecclesia
3578 1726 3691 1782 Deo
3728 1727 3812 1783 di-

383 1795 867 1906 ;Ls‘miracuﬁm
898 1811 1174 1872 Μηδὶς,
1206 1800 1359 1875 qum]
1391 1801 1598 1856 incidit
1627 1801 1681 1855 in
1849 1795 2062 1906 589,};
2094 1807 2143 1868 Β
2172 1815 2289 1861 cata
2323 1808 2449 1871 fuit;
2476 1817 2531 1863 et
2558 1808 2697 1863 forte
2722 1802 3073 1865 Thetidorico
3105 1808 3213 1877 ipsi
3245 1850 3262 1873 ,
3312 1815 3403 1883 qui
3450 1815 3681 1873 Veronae
3706 1820 3809 1874 ali-

386 1889 635 1984 rZenonis.
656 1916 869 1973 cultum
895 1903 1071 1974 magis
1110 1898 1288 1954 multo
1341 1906 1672 1967 promotum
1724 1889 1892 1944 fuisse
1933 1890 2067 1946 nihil

389 2021 471 2076 sit
500 2005 936 2079 ambigendum:
969 2007 1164 2050 tamen
1200 2000 1328 2045 ante
1358 1988 1412 2044 id
1443 2002 1672 2060 quoque
1696 1992 1917 2079 tempus
1949 1998 2067 2038 me-

392 2109 641 2169 moriam
664 2077 796 2168 eius
816 2094 1141 2158 cultumque
1189 2094 1347 2141 extra
1377 2083 1661 2140 Veronam
1711 2077 1855 2169 late,
1882 2090 2071 2169 perva-

396 2167 548 2261 sisse
581 2167 720 2253 illud
754 2190 1098 2245 demonstrat
1140 2178 1288 2249 quod
1320 2177 1489 2233 tradit
1537 2170 1818 2247 Agnellus
1845 2167 1896 2261 in
1933 2168 2073 2224 Pon-

398 2260 600 2350 tilicnli
622 2270 949 2341 Ravennate
966 2273 1117 2330 edito
1146 2271 1380 2341 primum
1422 2286 1455 2325 a
1482 2269 1545 2325 P.
1580 2260 1901 2325 Bacchinio
1925 2304 1939 2329 ,
1971 2279 2072 2318 nu-

401 2387 718 2457 parantem
740 2374 949 2429 inserto
986 2367 1187 2419 lterum
1220 2361 1532 2417 Italicarum
1582 2371 1748 2417 tumo
1804 2354 2069 2411 secundo.

404 2449 490 2536 ᾖε
519 2471 653 2544 quid
685 2459 1043 2523 dubitationis
1076 2461 1383 2528 ingeratur,
1431 2472 1519 2512 res
1567 2458 1653 2513 ab
1679 2449 1858 2510 initio
1907 2464 2071 2519 repe-

411 2570 726 2631 tettda’est.
766 2557 971 2619 Gothi,
1004 2553 1217 2609 Ariona:
1262 2562 1427 2608 sectae
1473 2550 1752 2607 homines
1799 2588 1819 2612 ,
1853 2544 2077 2600 nam“-

414 2681 545 2723 nam
573 2659 973 2725 occupaverant
1000 2664 1089 2703 an.
1122 2646 1244 2703 493.
1280 2646 1429 2702 Licet
1467 2656 1671 2700 autem
1703 2655 1851 2699 eam
1885 2640 2077 2694 urbem

416 2778 513 2816 an.
566 2751 675 2810 540
702 2743 995 2805 Belisarius
1023 2739 1451 2809 recuperaverit,
1502 2747 1705 2795 tamen
1741 2731 1926 2806 paulo
1954 2740 2081 2803 post

418 2855 476 2909 in
508 2845 814 2905 Gothorum
864 2842 1186 2908 potestatem
1215 2831 1416 2896 rediit,
1460 2830 1564 2885 sub
1608 2842 1947 2897 eorumque
1999 2826 2082 2881 di-

423 2947 579 3002 tione
608 2938 765 2995 stetit
790 2946 962 3001 usque
988 2929 1055 2983 ad
1091 2945 1178 2981 au.
1211 2924 1337 2982 552.
1367 2923 1526 2979 Anno
1554 2921 1851 2996 sequenti
1881 2918 2083 2990 Agnel-

426 3040 539 3101 lus,
569 3021 855 3088 catholica:
887 3009 1012 3079 ﬁdei
1040 3019 1286 3084 antistes,
1312 3018 1366 3072 in
1384 3015 1512 3086 ejus
1536 3016 1711 3070 urbis
1743 3012 2081 3072 cathedram
2187 3021 2340 3093 cujus
2374 3022 2578 3077 cultum
2614 3021 2787 3077 Vitam
2818 3023 2936 3094 ejus
2965 3039 2993 3076 a
3023 3022 3264 3095 Sulpicio
3293 3024 3549 3094 scriptam
3580 3037 3796 3092 promo—-

429 3124 683 3186 εεεθιιάὶῑ
709 3164 724 3185 ι
775 3121 935 3190 eique
974 3113 1315 3172 JuSiiniallllS
1354 3112 1671 3176 ῑιιὶνετδιοι*
1702 3105 1971 3180 quidquid
2014 3105 2083 3160 αά
2191 3113 2330 3168 visse
2361 3113 2653 3184 plurimum
2684 3114 2949 3171 credibile
2977 3125 3060 3169 est
3100 3114 3267 3187 (unde
3296 3114 3497 3170 nemini
3537 3114 3628 3169 alii
3656 3128 3789 3170 con-

434 3235 618 3278 eorum
644 3213 945 3272 Gothorum
969 3210 1084 3280 jus,
1115 3205 1190 3260 vel
1216 3204 1370 3258 ritum
1398 3201 1674 3273 pertinere
1705 3202 1923 3272 potuit,
1957 3216 2079 3254 con-
2105 3199 2150 3262 C
2184 3203 2376 3260 fessori
2402 3244 2418 3269 ,
2469 3204 2566 3261 sed
2607 3205 2742 3260 solis
2798 3206 3130 3278 martyribus
3179 3205 3420 3277 reliquite
3456 3205 3794 3278 .Ravennatis

438 3310 657 3368 donavit
690 3315 736 3360 et
782 3300 1056 3359 concessit.
1119 3298 1387 3353 Recenset
1427 3303 1612 3347 autem
1673 3292 1830 3349 inter
1887 3302 2086 3348 caetera
2191 3297 2436 3354 ecclesiae
2454 3312 2624 3353 sacrae
2644 3300 3483 3373 traduntur),jamS.Zenonem,
3503 3301 3546 3356 si
3566 3316 3795 3373 praeser-

445 3420 572 3460 aras
600 3412 650 3455 et
672 3397 882 3466 templa.
912 3393 1055 3450 Tum
1079 3405 1212 3446 vero
1242 3390 1360 3443 haec
1379 3382 1690 3440 historicus
1710 3385 1938 3455 subjicit
1963 3400 2085 3454 cap.

2197 3395 2288 3448 tim
2312 3392 2594 3449 confessor
2626 3392 2786 3451 unice
2818 3395 2917 3450 fuit
2945 3438 2960 3464 ,
3012 3396 3179 3451 multo
3211 3410 3305 3466 per
3356 3410 3478 3452 sese
3520 3396 3791 3452 celebrem

2175 1994 2274 2064 pit,
2302 2010 2363 2049 ea
2388 1995 2674 2052 mdiﬁcatio
2717 1995 3011 2053 referenda
3044 2006 3147 2053 est.
3183 1994 3377 2067 Neque
3407 2015 3656 2071 oppones
3679 2016 3805 2058 cre-

2175 2084 2338 2140 dibile
2356 2102 2461 2141 non
2490 2088 2659 2144 videri
2686 2087 2958 2145 Arianutn
2984 2105 3167 2163 regem
3188 2089 3490 2148 :ediﬁcasse
3508 2093 3795 2149 ecclesiam

2179 2178 2298 2248 ejus
2329 2181 2550 2236 nomine
2582 2226 2596 2247 ,
2644 2181 2735 2252 qui
2770 2182 3011 2239 Arianos
3042 2185 3452 2254 impugnaverat
3496 2184 3796 2251 acerrime;

2180 2286 2304 2326 nam
2321 2282 2374 2327 et
2397 2273 2455 2327 8.
2480 2272 2709 2329 Martino
2735 2272 3065 2349 Arianorum
3091 2277 3216 2332 item
3268 2277 3629 2347 impugnatori
3656 2293 3794 2345 prte—

2181 2366 2515 2419 stantissimo
2538 2365 2769 2422 ecclesia
2793 2368 2865 2424 ab
2888 2369 3080 2425 eodem
3112 2383 3237 2440 rege
3280 2368 3551 2425 Ravenna:
3575 2379 3794 2425 exstru—

2182 2468 2292 2525 cta,
2321 2468 2374 2515 et
2402 2459 2471 2514 ab
2510 2459 2741 2530 Agnello
2790 2461 3045 2519 similiter
3094 2462 3445 2518 reconciliata
3474 2462 3669 2519 eodem
3701 2479 3796 2518 ca-

2184 2549 2350 2622 pite?
2393 2552 2645 2606 traditur.
2679 2552 2866 2623 Itaque
2910 2563 3128 2609 centum
3184 2569 3356 2609 annos
3387 2564 3441 2608 et
3493 2554 3651 2624 paulo
3676 2569 3795 2609 am-

2187 2645 2326 2716 plius
2354 2654 2478 2717 post
2504 2645 2566 2701 S.
2596 2646 2833 2701 Zenonis
2853 2657 3107 2715 mortem,
3132 2658 3187 2704 et
3214 2659 3340 2704 ante
3364 2648 3541 2716 ipsum
3573 2646 3796 2703 Athesis

2186 2738 2526 2803 miraculum,
2554 2739 2726 2808 ipsius
2755 2739 2813 2796 S.
2862 2740 3096 2795 Zenonis
3125 2741 3301 2795 cultus
3344 2748 3495 2796 extra
3520 2739 3792 2795 Veronam

2187 2833 2296 2888 late
2323 2843 2658 2902 propagatus
2679 2842 2797 2888 est:
2828 2834 2971 2902 quod
3003 2849 3125 2889 cum
3148 2834 3350 2889 nemini
3389 2834 3616 2889 aliorum
3646 2832 3794 2890 Con-

2186 2925 2449 2981 fessorum
2472 2926 2767 2997 contigerit
2788 2936 2983 2996 praeter
3002 2928 3060 2984 S.
3084 2928 3366 2983 Martinum
3391 2927 3787 2995 Turonensem,

2172 1901 2428 1972 quamdiu
2458 1904 2721 1973 regnavit,
2754 1910 2812 1957 et
2854 1903 2972 1973 ipso
3011 1918 3154 1959 anno
3185 1902 3300 1959 λιθὸ
3331 1907 3647 1966 Ravennam
3692 1926 3807 1966 coe-
3898 1962 3903 1969 .

448 3500 507 3566 2,
544 3513 669 3569 pag.
696 3495 830 3549 HS:
874 3489 1048 3561 Igitur
1094 3486 1191 3538 iste
1219 3480 1544 3536 beatissimus
1591 3492 1779 3532 omnes
1803 3477 2089 3533 Gothorum

456 3590 705 3647 ecclesias
732 3578 1085 3640 reconciliavit
1109 3618 1122 3637 ,
1146 3589 1260 3645 qua:
1293 3572 1586 3627 Gothorum
1628 3570 1951 3638 temporibus
1976 3612 1989 3634 ,
2012 3571 2092 3625 vel

463 3683 629 3753 Regis
659 3673 966 3733 Theoderici
1014 3676 1323 3724 constructa:
1371 3672 1516 3719 sunt.
1567 3659 1747 3716 Porro
1794 3661 1959 3717 hasce
2002 3678 2093 3719 ec-

467 3774 670 3831 clesias
712 3780 822 3825 tum
867 3765 1106 3820 urbanas
1138 3802 1153 3826 ,
1210 3769 1321 3813 tum
1369 3755 1675 3812 rusticanus
1726 3768 2091 3823 enumerans,

473 3871 725 3924 recenset
750 3862 891 3916 inter
909 3866 1140 3912 caeteras
1161 3848 1448 3907 ecclesiam
1484 3844 1629 3899 Beati
1652 3842 1880 3901 Zenonis
1906 3848 1961 3901 in
1983 3846 2095 3902 Ca:-

475 3975 648 4015 sarea.
683 3956 835 4009 lianc
861 3949 1111 4007 eamdem
1157 3958 1280 4002 esse
1319 3958 1383 3997 ac
1412 3940 1561 3995 illam
1585 3980 1598 4003 ,
1631 3952 1793 4006 quam
1844 3940 2095 3997 Urbanus

476 4053 573 4120 IV,
608 4052 660 4105 in
685 4047 832 4103 Bulla
868 4060 957 4099 an.
992 4040 1133 4097 1262
1181 4040 1247 4092 ad
1275 4033 1587 4091 Canonicos
1626 4029 1947 4088 Cartlinales
1991 4033 2095 4089 Ra-

480 4160 680 4200 vennaa
712 4139 853 4211 apud
885 4137 1126 4191 tlubeum
1159 4131 1256 4185 lib.
1292 4146 1341 4182 vt
1378 4127 1517 4181 Hist.
1552 4122 1781 4188 Raven.,
1814 4139 1934 4195 pag.
1963 4126 2093 4191 458,

484 4238 622 4293 edit.
650 4234 708 4298 2,
738 4230 1002 4285 ecclesiam
1032 4226 1094 4283 S.
1124 4216 1348 4278 Zenohis
1391 4218 1461 4273 ad
1490 4214 1717 4269 Puteum
1748 4227 1927 4281 vocat,
1964 4218 2095 4273 illud

486 4329 694 4387 indicio
726 4333 848 4389 est,
876 4321 1018 4392 quod
1049 4319 1240 4373 eodem
1287 4315 1339 4368 in
1371 4313 1525 4377 loco,
1560 4307 1647 4362 tibi
1704 4307 1833 4362 olim
1887 4310 2097 4365 exstitit

486 4426 742 4480 Cmsarea
769 4459 784 4478 ,
817 4416 897 4470 via
929 4412 1103 4468 adhuc
1149 4412 1240 4475 sit,
1269 4422 1389 4477 qum
1426 4403 1705 4458 Puteorttm
1761 4402 2093 4458 nominatur.

491 4519 666 4572 Porro
691 4511 732 4567 S
777 4508 1049 4564 Zenonem
1074 4547 1089 4568 ,
1120 4503 1206 4558 cui
1238 4505 1353 4556 bace
1376 4497 1611 4555 ecclesia
1642 4506 1948 4565 nuncupata
1975 4497 2094 4563 fuit,

2193 3500 2524 3557 cognoscere
2545 3486 2697 3553 licet,
2726 3490 2817 3557 qui
2848 3489 2913 3543 ad
2942 3488 3172 3543 similem
3203 3488 3402 3543 cultum
3439 3489 3705 3559 pervenit,
3740 3499 3799 3544 ttt

2195 3596 2263 3637 ne
2283 3580 2395 3635 ulla
2424 3580 2556 3634 Vita:
2586 3581 3060 3637 commendatione
3101 3580 3508 3653 provelteretur.
3555 3578 3674 3649 Quo
3712 3596 3797 3638 re-

2196 3674 2437 3744 Spiscere
2478 3672 2731 3727 videntur
2762 3672 2850 3728 illa
2882 3674 3124 3729 Ratberii
3172 3674 3226 3728 in
3260 3674 3672 3745 Proloquiorum
3700 3673 3796 3731 lib.

2200 3781 2255 3833 v,
2286 3781 2408 3836 pag.
2437 3765 2562 3831 550,
2593 3774 2724 3820 tom.
2757 3781 2835 3834 tx,
2865 3766 3068 3822 noviss.
3092 3766 3321 3822 Collect.
3352 3775 3461 3822 Vt't.
3495 3765 3695 3838 Script.
3730 3766 3789 3822 P.

2199 3859 2459 3925 Martene,
2487 3858 2682 3930 quibus
2705 3860 2993 3916 nonnullos
3040 3861 3323 3932 loquentes
3351 3859 3613 3916 inducens
3639 3901 3655 3929 ,
3702 3860 3796 3931 qui

2202 3952 2456 4009 Sanctum
2488 3952 2720 4022 aliquem
2772 3953 3185 4008 celeberrimum
3223 3954 3507 4009 nominare
3557 3952 3796 4021 vellent,

2202 4044 2258 4101 S.
2292 4044 2561 4099 Zenonem
2592 4058 2655 4098 ac
2680 4043 2737 4102 S.
2764 4045 3049 4100 Martiuum
3093 4059 3408 4115 nuncupare
3448 4044 3639 4100 solitos
3672 4059 3796 4115 pro-

2202 4137 2301 4205 dit,
2344 4152 2406 4205 ac
2430 4139 2473 4191 si
2493 4136 2682 4206 aequali
2714 4136 3034 4192 celebritate
3067 4138 3118 4191 in
3148 4153 3243 4193 ore
3269 4137 3410 4208 vulgi
3437 4138 3654 4208 utrique
3677 4136 3798 4192 ver-

2202 4240 2473 4286 sarentur.
2510 4229 2611 4283 Hic
2640 4242 2713 4283 est
2739 4271 2752 4293 ,
2786 4231 2993 4294 dicent,
3019 4228 3252 4283 novellus
3294 4229 3580 4305 praplteta,
3624 4245 3799 4283 recens

2202 4324 2490 4392 apostolus,
2519 4322 2684 4376 subito
2706 4321 2919 4393 angelus
2958 4320 3186 4388 effectus.
3220 4320 3330 4374 Iste
3369 4332 3578 4375 sanctus
3608 4319 3796 4375 Marti-

2203 4433 2318 4480 nus,
2357 4415 2498 4469 Zeno
2526 4426 2597 4468 est
2623 4416 2720 4468 iste
2757 4423 2987 4477 sanctus,
3020 4412 3171 4467 modo
3197 4413 3263 4466 de
3287 4412 3427 4466 catis
3466 4414 3705 4468 emissus.

2272 4508 2378 4564 Sed
2414 4524 2441 4560 a
2489 4506 2802 4561 Ravennate
2851 4505 2982 4560 urbe
3031 4505 3141 4559 alio
3188 4515 3562 4571 transeamus;
3614 4504 3800 4577 plures

491 4624 621 4668 esse
645 4604 704 4662 8.
730 4603 997 4657 Zenonem
1025 4598 1336 4667 episcopum
1370 4591 1739 4646 νθνθηθηεθω
1767 4630 1781 4653 ο
1813 4590 1915 4643 eisi
1948 4590 2094 4644 "Ulla
2121 4595 2174 4654 D
2201 4602 2345 4657 enim
2369 4598 2617 4655 ecclesiae
2643 4599 2701 4654 8.
2730 4598 2931 4653 Zenoni
2963 4597 3089 4651 alibi
3129 4611 3300 4651 sacra;
3345 4595 3598 4667 leguntur
3622 4637 3637 4661 ,
3667 4611 3801 4667 qua-

492 4702 822 4758 docutnenta
850 4694 1105 4747 hactenus
1136 4688 1290 4743 nobis
1312 4684 1531 4754 cognita
1552 4680 1830 4749 explorate
1858 4680 2091 4747 tradant,

496 4793 759 4861 colligere
780 4798 953 4842 tamen
987 4782 1112 4838 licet
1138 4796 1204 4837 ex
1247 4792 1313 4835 eo
1338 4774 1483 4849 quod
1527 4782 1741 4828 veteres
1770 4771 1893 4827 alia:
1920 4772 2097 4828 cccle-

495 4888 621 4950 δίε,
652 4895 771 4953 quae
792 4879 915 4935 alibi
945 4893 1039 4948 per
1080 4873 1330 4929 ﬁnitimas
1363 4870 1527 4924 Itali-.e
1570 4866 1875 4935 provincias
1922 4865 1988 4921 de
2033 4865 2094 4922 S.

500 4974 739 5033 Zenonis
769 4972 984 5027 nomine
1004 4966 1359 5038 appellantur,
1391 4973 1581 5017 omnes
1614 4973 1716 5013 non
1744 4959 1906 5014 alium
1933 4972 2095 5029 quam

507 5072 878 5127 Veronensem
911 5064 1222 5134 episcopum
1251 5065 1537 5130 patronum
1570 5060 1900 5124 agnoscant,
1933 5062 1991 5108 ut
2031 5068 2100 5109 ex

506 5162 757 5221 dicendis
782 5158 1017 5231 patebit;
1055 5169 1118 5209 ac
1150 5160 1406 5222 praeterea
1456 5149 1508 5203 in
1546 5146 1734 5202 eadem
1786 5140 2102 5203 Ravennate

508 5254 739 5312 dimcesi
763 5254 863 5308 alia
885 5259 1036 5305 extra
1066 5244 1386 5302 Hadrianam
1420 5250 1632 5313 portam
1666 5240 1721 5296 S.
1750 5240 1983 5297 Zenonis
2008 5255 2097 5295 ec-

510 5348 682 5407 clesia
713 5346 910 5401 exstitit
943 5385 957 5408 ,
987 5355 1152 5413 quam
1191 5336 1439 5393 eumdem
1494 5342 1739 5389 nostrum
1790 5333 2100 5404 episcopum

513 5458 804 5519 patronum
828 5440 1079 5495 habuisse
1119 5433 1204 5489 Jo.
1245 5431 1499 5487 Ferretus
1530 5428 1837 5491 Ravennas,
1875 5426 2107 5484 Lavelli-

514 5542 726 5599 natium
749 5538 1054 5607 episcopus,
1085 5531 1290 5586 diserte
1319 5535 1566 5581 testatur.
1608 5525 1656 5579 Is
1687 5526 1854 5590 enim,
1888 5526 1975 5595 qui
2006 5527 2108 5580 sub

515 5636 759 5695 medium
783 5645 872 5686 xvt
898 5626 1152 5683 saeculum
1173 5638 1203 5678 e
1222 5622 1359 5674 vivis
1384 5621 1638 5684 excussit,
1671 5616 1900 5672 decedes
1930 5617 2107 5673 llisto-

515 5735 611 5789 ria:
638 5723 968 5783 Ravennatis
989 5719 1058 5774 ab
1075 5714 1320 5788 Ughcllio
1336 5713 1521 5779 lectas,
1546 5720 1601 5767 et
1628 5722 1956 5764 memoratas
1974 5719 2103 5766 tom.

516 5841 620 5889 vn,
657 5834 783 5892 pag.
818 5815 943 5879 πε,
972 5796 1036 5866 in
1066 5807 1284 5865 schedis
1313 5804 1546 5874 reliquit,
1591 5819 1659 5858 ex
1688 5802 1882 5872 quibus
1913 5801 2109 5878 icxcvr]

2203 4710 2322 4748 rum
2356 4693 2503 4747 initia
2534 4690 2633 4745 etsi
2665 4707 2771 4745 non
2815 4688 3038 4759 perinde
3057 4682 3310 4743 cu'nsmnt
3335 4728 3349 4753 ,
3381 4699 3436 4742 ut
3487 4686 3557 4743 de
3586 4687 3799 4741 Raven-

2204 4795 2330 4842 nate
2359 4784 2666 4844 statuimus.
2697 4791 2875 4838 tamen
2908 4796 3028 4837 cum
3073 4781 3140 4834 ab
3164 4778 3575 4835 immemorabili
3601 4778 3799 4849 plerae-

2205 4893 2310 4948 que
2336 4876 2568 4933 condita:
2594 4875 2814 4937 iuerint,
2844 4873 2975 4929 satis
2995 4872 3255 4930 credibile
3272 4881 3358 4928 est
3384 4870 3450 4926 ad
3472 4869 3611 4925 idem
3636 4869 3805 4926 l‘crme

2206 4978 2421 5040 tempus
2448 4967 2705 5039 quasdam
2733 4969 2929 5023 saltem
2964 4968 3289 5037 pertingere.
3320 4964 3557 5020 Cisseus:
3587 4963 3807 5035 quidem

2205 5064 2593 5120 monasterium
2626 5063 2723 5119 SS.
2750 5063 3022 5118 Laurentii
3048 5071 3102 5118 et
3139 5061 3375 5116 Zenonis
3420 5061 3734 5115 nominatur
3772 5075 3807 5114 a

2206 5155 2263 5211 S.
2297 5155 2561 5224 Gregorio
2590 5197 2603 5220 ,
2636 5170 2699 5209 ac
2724 5161 2851 5210 ante
2880 5169 2947 5208 vn
2996 5153 3223 5224 proinde
3267 5151 3525 5207 saeculum
3570 5150 3808 5207 aediﬁca-

2209 5257 2318 5303 tum
2362 5249 2530 5303 fuisse
2574 5246 2835 5303 discimus
2891 5261 2959 5301 ex
3013 5246 3171 5315 epist.
3202 5246 3238 5300 6
3294 5244 3385 5299 lib.
3428 5260 3516 5299 XIV
3562 5243 3808 5313 ejusdem

2212 5339 2460 5411 Gregorii
2485 5355 2576 5395 an.
2603 5337 2732 5403 θοι,
2765 5338 2828 5392 ad
2859 5337 3212 5393 Marinianum
3244 5338 3554 5408 episcopum
3595 5335 3811 5389 Raven-

2215 5443 2394 5489 natem
2440 5431 2735 5504 perscripta
2767 5473 2782 5496 ,
2825 5430 2911 5485 ubi
2956 5430 3070 5486 haec
3127 5429 3394 5485 habentur
3424 5470 3439 5495 ,
3485 5443 3608 5499 pag.
3669 5425 3816 5482 1264

2215 5534 2349 5579 tum.
2398 5542 2431 5580 tt
2480 5525 2612 5582 edit.
2668 5524 2980 5580 novissimae
3031 5542 3043 5577 ι
3097 5522 3417 5577 Fortunatus
3469 5520 3639 5588 itaque
3678 5518 3813 5571 lator

2214 5620 2562 5689 pra’sentium,
2590 5621 2642 5673 in
2675 5618 2978 5672 monasterio
3007 5616 3319 5672 Sanctorum
3350 5612 3613 5666 Laurentii
3640 5616 3688 5662 et
3711 5606 3812 5660 Ze-

2216 5713 2367 5766 nonis
2391 5753 2406 5779 ,
2437 5713 2572 5783 quod
2600 5715 2649 5767 in
2674 5708 2921 5765 Ctesenali
2953 5718 3124 5764 rastro
3155 5718 3225 5762 est
3252 5704 3606 5768 constitutum,
3638 5716 3667 5750 tt
3701 5697 3817 5750 Na—

2221 5805 2314 5858 tali
2348 5807 2603 5873 quondam
2661 5809 2899 5872 episcopo
2950 5800 3175 5869 ofﬁcium
3218 5797 3312 5849 sibi
3351 5795 3564 5848 Ablmtis
3603 5800 3832 5843 asserens
