4216 6178
532 310 635 368 179

1945 302 2312 362 PROLEGOM
2322 304 2475 363 ENA.

3742 300 3842 362 ΗΜ

533 443 639 481 esse
668 426 1012 492 commissum,
1042 433 1149 481 etc.
1200 423 1345 480 Idem
1373 421 1476 478 hoc
1500 420 1600 478 SS.
1634 420 1910 476 Laurentii
1938 432 1988 476 ct
2029 420 2129 476 Ze-
2154 420 2207 484 Α
2238 418 2377 475 Hist.
2402 421 2775 490 nzanuscripta,
2805 418 3264 493 Longobardorum
3307 427 3538 487 tempore
3567 419 3841 499 exstitisse,

535 520 694 586 nonis
744 520 1130 576 monasterium
1182 526 1540 574 memoratum
1593 517 1798 587 pariter
1842 515 2032 587 legitur
2076 515 2130 570 in

535 609 858 681 quibusdam
904 609 1242 665 documentis
1274 609 1473 669 szeculo
1499 624 1575 675 xt,
1609 616 1664 663 et
1701 606 1956 677 deinceps
2000 608 2136 663 scri-

537 701 647 773 ptis
670 701 808 771 apud
836 700 1138 771 Ugbellium
1171 703 1222 754 in
1249 698 1535 769 Episcopis
1550 696 1919 758 Cmsenatibus
1944 708 2072 752 tom.
2096 713 2133 753 ιι

538 793 706 850 Italiae
760 809 948 849 sacrae.
997 793 1153 849 Hunc
1196 808 1359 865 porro
1405 791 1465 848 S.
1526 790 1823 857 Zenonem,
1877 790 1970 862 qui
2011 805 2133 845 cum

534 885 593 942 S.
609 884 902 941 Laurentio
927 884 1284 940 celeberrimo
1313 890 1549 954 martyre
1568 881 1850 953 copulatur
1876 881 2042 954 (quod
2067 881 2133 936 ad

534 980 654 1051 ejus
681 980 1053 1036 celebritatem
1085 977 1564 1035 demonstrandam
1591 977 1878 1047 plurimum
1900 974 2133 1047 confert)

548 1088 657 1128 non
708 1072 873 1127 alium
903 1071 1068 1127 luisse
1095 1086 1254 1142 quam
1299 1071 1570 1126 Zenonem
1622 1068 1984 1124 Veronensem
2016 1067 2143 1138 Epi-

543 1179 773 1235 scopum
827 1180 934 1219 non
961 1164 1136 1220 solum
1181 1178 1243 1218 ea
1283 1162 1424 1217 ratio
1450 1160 1682 1225 suadet,
1712 1175 1870 1230 quam
1902 1175 1998 1227 pro
2028 1158 2137 1235 R_a-

536 1267 769 1313 veuuate
795 1256 1022 1312 ecclesia
1049 1255 1109 1312 S.
1142 1255 1379 1311 Zenonis
1428 1254 1479 1308 in
1512 1255 1761 1309 Cassarca
1788 1228 2138 1322 allegavim‘is

537 1353 704 1423 paulo
732 1360 888 1417 ante;
918 1349 1012 1405 sed
1044 1359 1301 1420 przeterea
1337 1349 1579 1405 Czeseme
1608 1359 1750 1402 nunc
1780 1359 1994 1416 quoque
2045 1359 2141 1400 ex-

540 1452 652 1501 stat
671 1444 900 1499 ecclesia
920 1441 1246 1513 parocliialis
1270 1451 1457 1498 nostro
1478 1440 1680 1496 Sancto
1704 1446 2031 1507 nuncupata,
2048 1452 2142 1527 cu:

534 1536 622 1606 jus
653 1534 1018 1593 Bernardinus
1047 1532 1360 1590 Mausonius
1401 1531 1649 1589 meminit
1678 1531 1732 1586 in
1779 1527 2141 1601 Cbronologia

538 1629 779 1684 Caeseuae
810 1643 931 1700 pag.
966 1627 1057 1695 62,
1088 1642 1208 1697 quas
1243 1641 1364 1681 cum
1392 1624 1522 1681 olim
1554 1622 1942 1679 monasterium
1974 1620 2143 1677 fuisse

542 1722 795 1777 tradatur
820 1721 872 1776 in
903 1720 1108 1790 aliquot
1139 1718 1505 1777 monumentis
1533 1714 1926 1780 Czesenatibus,
1952 1712 2142 1768 eadem

2234 511 2374 581 quod
2400 516 2687 583 frequenter
2712 513 2887 568 devote
2910 512 3143 567 adibant.
3187 510 3373 566 Mouet
3399 525 3563 583 porro
3594 510 3732 567 hanc
3759 527 3849 567 ec-

2236 606 2461 661 clesiam
2498 607 2627 661 olim
2671 615 3036 676 nuncupatam
3069 605 3226 659 titulo
3269 612 3582 659 sanctorum
3615 604 3851 660 chouis

2237 707 2293 753 et
2324 696 2518 752 Vitalis
2544 713 2557 763 ;
2597 714 2734 753 nunc
2761 713 2878 751 vero
2908 697 3151 767 temporis
3182 696 3379 766 inquit,
3412 696 3476 750 de
3522 696 3583 751 S.
3625 695 3850 751 Zenonis

2238 788 2506 843 dumtaxat
2532 789 2736 843 nomine
2757 789 3070 861 appellatur.
3114 788 3315 843 Probat
3344 786 3558 843 tandem
3589 788 3661 843 ibi
3685 788 3851 844 fuisse

2239 882 2450 952 insigne
2475 881 2874 937 Cauonicorum
2895 881 3211 953 collegium,
3241 879 3329 937 cui
3351 881 3680 952 Prmpositus
3706 898 3844 953 prm-

2239 973 2480 1041 sidebat,
2510 983 2567 1031 et
2594 976 2810 1029 chartas
2838 974 3037 1046 allegat
3065 975 3245 1030 saeculi
3269 991 3304 1030 x
3328 1016 3343 1040 ,
3387 977 3441 1030 in
3462 975 3660 1046 quibus
3688 974 3851 1046 hujus

2238 1064 2482 1121 θοριθεὶςιι
2529 1065 2737 1121 mentio
2780 1074 2883 1121 cst.
2917 1065 2975 1121 In
3016 1066 3241 1127 dioecesi
3285 1083 3448 1138 porro
3488 1068 3760 1124 Ticiuensi
3795 1071 3850 1125 in

2241 1157 2385 1224 loco,
2417 1158 2506 1229 qui
2534 1159 2860 1231 Lardiragus
2905 1168 3155 1227 vocatur,
3199 1168 3375 1215 exstat
3405 1159 3584 1215 adhuc
3607 1160 3844 1216 ecclesia

2243 1248 2303 1303 S.
2338 1248 2573 1305 Zenonis
2596 1291 2610 1318 ,
2641 1251 2796 1321 cujus
2825 1250 3022 1307 festum
3053 1250 3140 1306 dic
3170 1250 3205 1307 8
3254 1252 3567 1308 Decembris
3599 1252 3849 1309 celebra-

2245 1351 2352 1395 ιυν.

2316 1437 2732 1495 Mediolanensis
2773 1440 3020 1497 ecclesias
3060 1442 3264 1497 cultum
3293 1449 3350 1498 ut
3392 1456 3751 1513 exponamus,
3778 1445 3847 1499 ab

2246 1530 2493 1586 ecclesiis
2527 1539 2609 1586 est
2636 1531 3053 1589 exordiendum.
3087 1534 3163 1589 Ex
3195 1533 3580 1591 Mediolanensi
3607 1536 3853 1594 archivio

2247 1621 2352 1677 I'P.
2398 1622 2840 1680 Cisierciensium
2891 1625 2950 1680 S.
2999 1625 3269 1681 Ambrosii
3313 1627 3557 1683 marchio
3610 1626 3852 1684 Maffcius

2249 1720 2435 1770 noster
2480 1714 2536 1768 in
2564 1713 2793 1771 Verona:
2824 1715 3105 1771 illustratur
3134 1726 3285 1786 parte
3311 1733 3326 1771 ι
3351 1758 3365 1783 ,
3398 1716 3507 1773 duo
3549 1718 3846 1775 documen-

539 1816 630 1870 illa
665 1815 911 1885 profecto
936 1806 1039 1876 est.
1072 1827 1136 1869 ac
1169 1812 1263 1867 illa
1311 1827 1430 1881 qum
1457 1809 1514 1866 S.
1540 1808 1787 1879 Gregorii
1838 1821 1953 1862 sevo
1992 1804 2136 1859 ccle—
2167 1817 2216 1878 Β
2244 1817 2295 1862 ta
2324 1821 2376 1862 tv
2404 1813 2461 1861 et
2488 1822 2520 1861 v
2547 1805 2737 1875 edidit,
2762 1824 2989 1878 quorum
3014 1809 3246 1863 alterum
3271 1808 3486 1865 Aistulti
3526 1810 3843 1883 Longobar.

490 1928 497 1933 -
540 1908 670 1971 bris,
699 1906 765 1961 de
792 1904 891 1961 SS.
926 1902 1202 1961 Laurentii
1232 1917 1294 1957 ac
1327 1900 1563 1956 Zenonis
1603 1896 1909 1957 nominibus
1938 1894 2140 1965 appel-

542 1997 773 2052 labatur.
827 1996 947 2050 Alia
976 1998 1103 2051 item
1158 2003 1274 2050 erat
1318 1992 1548 2049 ecclesia
1599 1990 1655 2045 S.
1700 1989 1936 2045 Zenonis
1981 1997 2137 2044 extra

538 2104 750 2163 portam
808 2109 928 2164 quae
975 2091 1224 2147 Cerviam
1255 2090 1435 2155 ducit,
1484 2098 1796 2146 memoratae
1843 2087 2140 2159 parocliiali

540 2187 825 2257 subjecta;
859 2201 976 2255 qua:
1030 2184 1261 2240 subinde
1292 2183 1445 2239 titulo
1474 2182 1814 2239 Visitationis
1846 2180 1906 2236 Β.
1958 2179 2140 2235 Maria:

542 2278 782 2348 Virginis
828 2285 1133 2347 nuncupata
1165 2274 1284 2330 luit.
1315 2274 1547 2353 Tres'in
1577 2272 1788 2330 laudata
1839 2272 2139 2343 parocltiali

541 2371 665 2428 festi
695 2371 755 2427 S.
789 2371 1025 2426 Zenonis
1045 2370 1163 2425 dies
1192 2384 1334 2425 nunc
1361 2384 1574 2439 quoque
1609 2368 1977 2435 celebrantur,
2008 2382 2142 2437 quo-

537 2480 658 2521 rum
710 2474 886 2520 tamen
934 2464 1235 2533 praecipuus
1276 2471 1439 2518 sexto
1477 2459 1556 2517 Id.
1610 2461 1922 2517 Decembris
1976 2474 2135 2531 pera-

542 2558 705 2628 gitur.
1668 2576 1671 2579 π

614 2648 752 2704 Pisis
770 2648 1241 2719 opulentissimum
1261 2647 1651 2704 monasterium
1665 2646 1795 2704 olim
1808 2644 1973 2702 fuisse
1985 2661 2144 2702 acce-

542 2743 757 2812 pimus,
788 2741 927 2811 quod
958 2742 1016 2797 S.
1043 2740 1280 2797 Zenonis
1305 2741 1460 2797 titulo
1480 2740 1713 2795 donatur
1737 2742 1788 2796 in
1815 2740 2144 2796 documento

544 2834 731 2889 saeculi
756 2850 833 2896 xt.
864 2842 996 2888 tom.
1025 2848 1084 2889 ιιι
1140 2832 1369 2903 Ughellii
1391 2874 1405 2898 ,
1443 2848 1564 2902 pag.
1599 2831 1728 2889 504.
1764 2828 1931 2901 Hujus
1960 2841 2142 2888 autem

548 2927 863 2983 monasterii
892 2927 1117 2982 ecclesia
1142 2923 1368 2998 [cxcvn]
1391 2923 1623 2981 subinde
1642 2924 1695 2980 in
1719 2925 2027 2995 parochiam
2055 2926 2149 2981 mi-

542 3025 735 3095 gravit.
766 3040 888 3095 qua:
911 3023 1104 3079 eodem
1134 3024 1291 3083 titulo
1324 3038 1467 3079 nunc
1492 3039 1709 3094 quoque
1738 3024 1954 3095 gaudet,
1980 3037 2143 3095 atque

544 3125 603 3171 ut
632 3116 867 3171 Zenonis
893 3116 1061 3171 nostri
1088 3130 1211 3170 esse
1244 3116 1415 3185 palam
1443 3116 1552 3179 sit,
1593 3114 1736 3171 diem
1776 3114 1970 3169 festum
2001 3117 2144 3172 cele-

542 3209 663 3264 brat
717 3224 767 3264 u
810 3207 886 3263 ld.
943 3207 1254 3264 Decembris
1300 3207 1407 3262 ritu
1451 3205 1781 3261 confessoris
1822 3206 2093 3278 pontificis
2124 3250 2138 3273 ,
2169 3186 2215 3249 Ο

543 3318 664 3372 qua:
691 3301 807 3357 dies
836 3307 1021 3357 nostro
1042 3300 1307 3368 Episcopo
1337 3313 1488 3353 sacra
1524 3307 1626 3353 est.
1661 3297 1845 3368 Neque
1897 3314 2025 3353 vero
2050 3298 2142 3353 Pi-

543 3396 618 3451 sis
642 3409 709 3448 eo
733 3395 850 3450 solo
879 3395 930 3447 in
964 3392 1293 3447 monasterio
1315 3432 1330 3456 ,
1362 3404 1503 3449 nunc
1536 3401 1714 3444 autem
1740 3389 2013 3460 parochia,
2039 3390 2145 3446 Ze-

484 3545 496 3554 ,
546 3487 707 3542 nonis
729 3485 989 3541 memoria
1017 3484 1159 3539 culta
1194 3481 1312 3549 fuit,
1345 3485 1424 3537 vel
1455 3483 1671 3548 Colitur,
1701 3482 1797 3538 scd
1830 3492 1938 3538 tota
1971 3484 2021 3538 in
2056 3484 2143 3538 Pi-

545 3594 674 3635 saua
705 3577 950 3634 Ecclesia
972 3576 1062 3632 die
1091 3575 1337 3645 sequenti
1366 3574 1468 3631 sub
1496 3575 1599 3630 ritu
1636 3573 1973 3644 semiduplici
2001 3589 2143 3630 nunc

522 3671 875 3741 celebratur,
910 3670 1173 3726 translato
1207 3668 1367 3736 liujus
1399 3667 1650 3737 Episc0pi
1682 3666 1885 3733 olllcio,
1916 3674 1978 3722 ut
2000 3665 2145 3722 Cou-

547 3762 816 3833 eeptionis
842 3762 901 3819 S.
935 3761 1116 3817 Marize
1140 3759 1281 3817 festo
1309 3759 1457 3815 locus
1484 3759 1681 3823 detur,
1713 3758 1856 3828 quod
1900 3758 2144 3828 profecto

547 3872 612 3912 ex
647 3856 1022 3926 antiquissimo
1051 3853 1224 3911 sancti
1266 3851 1500 3908 Zenonis
1527 3850 1669 3923 apud
1697 3866 1816 3906 eam
1845 3851 2141 3907 Ecclesium

546 3949 693 4006 cultu
715 3947 983 4019 originem
1007 3946 1174 4002 ducit.

620 4040 839 4110 Capella
876 4038 936 4095 S.
966 4037 1203 4095 Zenonis
1226 4036 1397 4107 posita
1434 4035 1488 4092 in
1517 4033 1711 4091 Castro
1740 4034 1934 4093 Montis
1961 4033 2144 4091 Casuli

548 4133 803 4191 dltecesis
840 4133 1126 4206 Begiensis
1171 4132 1225 4189 in
1262 4129 1482 4188 Emilia
1527 4129 1838 4187 nominatur
1877 4130 1945 4205 in_
1979 4130 2147 4186 docu-

549 4237 739 4282 mento
758 4225 1002 4282 Anselmi
1022 4226 1265 4295 arcbiep.
1291 4222 1621 4280 Ravennatis
1640 4239 1729 4280 an.
1767 4223 1926 4290 1156.
1952 4232 2082 4279 tom.
2107 4238 2144 4279 ιι

547 4318 784 4392 Ughelii,
812 4334 934 4391 pag.
959 4318 1049 4375 57.

620 4413 791 4469 Clusii
839 4414 895 4469 in
953 4411 1124 4468 veteri
1160 4408 1393 4467 ecclesia
1435 4408 1751 4467 monasterii
1799 4408 1858 4466 S.
1900 4407 2146 4466 Salvato-

549 4506 629 4561 ris
665 4506 733 4567 de
761 4513 950 4561 monte
979 4504 1194 4562 Amiato
1224 4503 1282 4561 S.
1308 4502 1584 4559 Zenonem
1616 4502 1820 4561 cultum
1854 4499 2022 4560 fuisse
2050 4518 2144 4557 ve-

2242 1901 2438 1956 dorum
2462 1900 2605 1971 regis
2647 1915 2792 1957 anno
2831 1918 2948 1969 vni,
2982 1902 3035 1957 id
3062 1911 3146 1958 est
3170 1917 3261 1961 an.
3296 1904 3423 1971 757,
3453 1904 3685 1959 alterum
3717 1922 3846 1962 vero

2247 1993 2509 2050 Desiderii
2528 2009 2671 2049 anno
2694 2010 2811 2062 χιιι,
2835 2005 2891 2051 et
2912 1994 3157 2051 Adelcltii
3179 2010 3326 2052 anno
3346 2012 3420 2063 xi,
3442 1997 3493 2051 id
3507 2008 3696 2055 estan.
3719 1998 3845 2069 769,

2243 2086 2506 2156 scriptum
2537 2085 2637 2140 fuit
2657 2129 2671 2152 ,
2705 2097 2760 2142 et
2790 2086 2844 2141 in
2882 2087 3130 2158 utrisque
3158 2089 3360 2144 mentio
3387 2089 3445 2142 lit
3471 2088 3697 2145 basilica:
3732 2090 3847 2144 bea-

2244 2180 2430 2233 tissimi
2442 2188 2487 2233 et
2505 2180 2812 2251 confessoris
2825 2177 3018 2247 Christi
3038 2179 3263 2235 Zenonis
3275 2182 3327 2235 in
3349 2182 3458 2235 uico
3474 2181 3843 2254 Campellione,

2244 2273 2397 2345 uulgo
2419 2270 2718 2344 Campione,
2768 2288 2927 2345 quam
2961 2274 3013 2329 in
3043 2274 3428 2331 Mediolanensi
3453 2275 3675 2333 ditecesi
3702 2277 3846 2347 Mag-

2246 2366 2464 2423 neradae
2511 2377 2764 2435 parentes
2807 2367 3249 2437 acditicaverant,
3319 2371 3593 2425 nonnullis
3665 2382 3844 2426 autem

2245 2458 2477 2515 subinde
2506 2458 2810 2515 redditibus
2838 2463 3065 2531 ipsamet
3104 2462 3427 2533 Magnerada
3468 2472 3524 2518 et
3553 2462 3838 2519 Valderata

2246 2551 2573 2608 ditaveraut.
2602 2552 2901 2610 Fortunate
2930 2570 3095 2626 porro
3125 2555 3323 2611 accidit
3345 2556 3663 2612 inventum‘
3678 2558 3845 2614 fuisse

2246 2646 2304 2700 in
2334 2643 2663 2701 bibliotheca
2689 2642 2926 2716 Capituli
2958 2649 3360 2719 metropolitani
3390 2649 3636 2706 codicem
3675 2666 3846 2704 mem-

2246 2737 2573 2797 branaceum
2597 2740 2915 2813 inscriptum
2942 2761 2955 2797 :
2983 2743 3060 2799 De
3079 2746 3219 2812 uitis,
3240 2747 3489 2813 ecclesiis,
3518 2756 3568 2802 et
3592 2763 3846 2801 memora-

2246 2828 2431 2885 bilibus
2452 2834 2679 2888 ecelesite
2701 2844 2751 2889 et
2777 2835 3005 2890 diceresis
3026 2834 3448 2902 Mediolanensis,
3472 2852 3693 2894 auctore
3708 2838 3844 2893 Gul-

2247 2923 2388 2979 lrido
2429 2925 2498 2980 de
2523 2925 2755 2993 Buxern,
2788 2924 3028 2997 parocho
3062 2928 3277 2985 liodelli
3307 2930 3361 2985 in
3402 2931 3562 3001 plebe
3590 2931 3844 3002 Applaui,

2246 3017 2338 3088 qui
2365 3018 2565 3073 vixisse
2591 3018 2821 3073 traditur
2849 3020 2992 3076 circa
3018 3035 3217 3076 asinum
3245 3021 3403 3089 1500,
3438 3024 3490 3078 in
3523 3038 3632 3094 quo
3658 3023 3846 3079 codice

2248 3126 2398 3166 num.
2449 3110 2575 3176 456,
2624 3121 2802 3168 exstat
2844 3112 3099 3169 Memoria
3126 3116 3453 3170 ecclesiarum
3489 3117 3551 3172 8.
3582 3116 3806 3171 Zenonis
3827 3160 3842 3183 ,

2248 3222 2369 3276 qua:
2400 3205 2484 3261 bis
2513 3205 2692 3262 verbis
2719 3216 3113 3264 recensentur:
3149 3209 3338 3265 Decino
3378 3210 3593 3265 ecclesia
3638 3210 3697 3267 8.
3744 3210 3845 3265 Ze-

2246 3302 2413 3355 nonis.
2447 3300 2513 3354 In
2542 3302 2685 3373 plebe
2712 3302 2910 3357 Roxate
2933 3304 3045 3357 loco
3082 3303 3324 3358 Vermezo
3346 3305 3561 3359 ecclesia
3588 3305 3648 3360 S.
3677 3303 3844 3360 Zeno-

2246 3394 2343 3447 nis.
2378 3392 2443 3447 In
2469 3392 2613 3462 plebe
2635 3394 2945 3449 Cornaliano
2966 3396 3078 3450 loco
3098 3394 3386 3467 Albignnno
3410 3398 3625 3451 ecclesia
3648 3397 3706 3452 8.
3739 3396 3842 3450 Ze-

2246 3487 2413 3539 nonis.
2451 3483 2518 3541 In
2554 3486 2696 3557 plebe
2725 3487 2905 3542 Ulzate
2941 3488 3054 3543 loco
3081 3488 3300 3561 Cayratc
3326 3490 3492 3545 altare
3521 3488 3579 3544 S.
3618 3488 3844 3544 Zenonis

2245 3588 2292 3631 et
2318 3580 2440 3649 Syri
2455 3579 2508 3633 in
2525 3580 2738 3634 ecclesia
2754 3580 2816 3636 8.
2844 3580 3009 3635 Petri.
3036 3583 3059 3634 Ι
3067 3598 3101 3635 ιι
3122 3582 3265 3652 plebe
3294 3579 3488 3637 Vatisio
3509 3583 3626 3637 loco
3644 3581 3843 3654 Lia'ago

2246 3673 2464 3727 ecclesia
2504 3673 2565 3728 S.
2597 3673 2843 3729 Zenonis.
2884 3674 2949 3729 In
2987 3676 3131 3745 plebe
3177 3674 3442 3730 Gallarotc
3479 3675 3593 3730 loco
3640 3674 3844 3731 Crenna

2247 3766 2456 3820 ecclesia
2486 3765 2547 3821 S.
2581 3766 2821 3821 Zenonis.
2867 3766 3163 3823 Gerensano
3208 3766 3373 3822 altare
3407 3768 3469 3822 S.
3493 3767 3738 3823 Zenonis.
3769 3767 3835 3822 In

2248 3857 2391 3928 plebe
2430 3857 2735 3913 Vilmercato
2782 3859 2893 3913 loco
2928 3859 3152 3914 Uxinate
3190 3860 3404 3915 ecclesia
3435 3858 3495 3915 S.
3528 3859 3751 3915 Zenonis
3796 3871 3843 3916 et

2248 3947 2573 4020 Margaritte.
2595 3949 2793 4005 Vonate
2810 3950 2975 4005 altare
3000 3949 3061 4005 8.
3077 3949 3302 4006 Zenonis
3326 3952 3381 4006 in
3397 3952 3612 4007 ecclesia
3637 3950 3844 4008 S.Pau-

2247 4041 2305 4096 li.
2331 4040 2594 4096 Martiano
2612 4042 2826 4097 ecclesia
2849 4042 2911 4097 8.
2932 4040 3175 4097 Zenonis.
3199 4040 3397 4114 Calugo
3424 4043 3636 4099 ecclesia
3660 4042 3721 4099 8.
3746 4042 3845 4097 Ze-

2248 4135 2416 4188 nonis.
2451 4133 2518 4188 ln
2549 4134 2693 4204 plebe
2718 4133 2907 4189 Alliate
2934 4136 3045 4190 loco
3084 4133 3375 4190 Zuccorino
3414 4136 3630 4191 ecclesia
3659 4135 3722 4191 8.
3750 4135 3847 4189 Ze-

2247 4227 2417 4280 nonis.
2453 4224 2523 4279 ln
2560 4224 2706 4297 plebe
2733 4223 2981 4298 Dayrago
3008 4226 3121 4281 loco
3148 4225 3373 4282 Castano
3402 4227 3617 4282 ecclesia
3644 4226 3706 4282 8.
3738 4226 3841 4281 Ze-

2247 4319 2416 4373 nonis.
2448 4316 2515 4372 1η
2544 4318 2687 4388 plebe
2713 4317 2952 4374 Travnlia
2979 4317 3092 4374 loco
3121 4318 3329 4374 Lacinio
3350 4319 3560 4376 ecclesia
3583 4319 3645 4375 8.
3671 4318 3842 4375 Zeno-

2248 4414 2347 4468 nis.
2371 4411 2438 4466 In
2455 4412 2597 4485 plebe
2624 4412 2796 4466 incino
2810 4412 2921 4467 loco
2944 4412 3176 4468 Serzana
3195 4414 3409 4469 ecclesia
3422 4412 3487 4471 8.
3499 4412 3745 4470 Zenonis.
3777 4413 3843 4469 In

2248 4504 2393 4577 plebe
2411 4503 2585 4558 Brivio
2606 4504 2716 4559 loco
2743 4501 3006 4559 Porcltera
3019 4505 3235 4560 ecclesia
3257 4506 3317 4562 S.
3340 4504 3599 4572 lenonia,
3617 4505 3682 4561 In
3700 4508 3845 4578 plebe

551 4596 776 4665 risimile
816 4605 921 4665 est,
949 4611 1070 4652 eum
1104 4612 1192 4652 an.
1229 4595 1368 4652 1056
1406 4595 1646 4665 ejusdem
1676 4594 1859 4651 Sancti
1888 4594 2144 4665 reliquias
2168 4582 2225 4644 D
2251 4595 2490 4652 Missatia
2519 4597 2630 4652 loco
2656 4595 2969 4653 Massaliora
3006 4598 3217 4654 ecclesia
3248 4599 3309 4654 8.
3340 4598 3584 4655 Zenonis.
3610 4599 3675 4655 In
3700 4601 3842 4671 plebe

550 4688 752 4744 ibidem
781 4688 1028 4743 conditas
1077 4687 1520 4752 observavimus,
1556 4700 1675 4755 cap.
1707 4686 1761 4751 3,
1810 4686 1861 4741 in
1912 4686 2038 4750 line,
2081 4700 2146 4741 ac

551 4792 815 4852 prmterca
837 4794 910 4835 ex
934 4780 1050 4850 ejus
1070 4779 1385 4836 monasterii
1408 4778 1724 4833 lectiouario
1739 4793 1843 4833 ms.
1869 4776 2145 4848 Ughellius

552 4875 784 4931 ediderit
805 4875 865 4930 S.
885 4872 1121 4928 Zenonis
1149 4871 1324 4928 Vitam
1355 4885 1385 4927 a
1410 4868 1683 4926 Coronan
1711 4869 1935 4926 Notario
1956 4885 2145 4926 exara-

552 4975 661 5021 tam
687 5007 702 5033 ,
738 4980 859 5036 qme
887 4963 1029 5019 inter
1055 4962 1197 5019 sacri
1219 4960 1377 5017 cilicii
1408 4959 1670 5018 lectiones
1696 4975 1765 5017 ex
1797 4960 1967 5033 ipsius
1990 4960 2139 5017 codi-

551 5059 631 5115 cis
658 5056 869 5113 ratione
900 5056 1122 5115 recitata
1149 5064 1391 5125 apparet.

624 5151 796 5207 Ticini
818 5148 1104 5205 ecclesiam
1130 5149 1365 5204 existere
1389 5144 1449 5203 S.
1473 5146 1709 5205 Zenonis
1757 5145 2143 5219 Langobardo—

553 5257 672 5298 rum
696 5241 890 5298 saltem
922 5248 1080 5296 aetate.
1107 5248 1438 5299 exstructam
1472 5237 1635 5295 tradit
1663 5238 1723 5294 P.
1749 5236 2083 5295 Bomualdus
2112 5253 2142 5293 a

550 5335 609 5391 8.
642 5335 810 5391 Maria
842 5333 896 5390 in
920 5334 1089 5405 Papia
1112 5349 1282 5399 sacra,
1312 5343 1452 5404 part.
1480 5348 1559 5399 ιιι,
1591 5347 1711 5403 pag.
1742 5330 1814 5391 86
1843 5350 1857 5388 :
1885 5330 1983 5388 Ubi
2016 5332 2145 5386 dici-

551 5439 634 5484 tur
666 5431 719 5483 in
770 5438 914 5499 porta
970 5426 1188 5496 Palatii,
1233 5428 1430 5499 inquit,
1471 5427 1751 5499 adsurgere
1789 5428 2017 5484 cernitur
2053 5444 2149 5483 an-

554 5523 751 5593 tiquum
780 5520 1050 5575 delubrum
1077 5523 1187 5583 hoc,
1215 5519 1352 5590 quod
1381 5519 1493 5576 licet
1522 5519 1931 5577 ez‘Breventano
1958 5519 2149 5576 habea-

551 5625 635 5671 tur
663 5630 793 5684 opus
829 5614 990 5683 [uisse
1019 5612 1270 5669 nobilium
1310 5611 1659 5669 Ticinensium
1709 5613 1772 5668 de
1812 5612 2149 5670 Mediabarba

553 5708 694 5763 Hist.
713 5705 875 5779 Pap.,
893 5705 995 5781 fol.
1009 5704 1098 5775 95,
1118 5705 1172 5762 id
1198 5704 1506 5762 censendum
1529 5716 1602 5763 est
1630 5707 1694 5762 de
1708 5708 2147 5764 restauratione...

542 5811 779 5858 constans
811 5799 1068 5875 siquidem
1098 5809 1176 5857 est
1218 5800 1363 5881 apud
1400 5798 1777 5874 Hieronymum
1825 5798 2142 5875 Calcagnum

2249 4687 2452 4744 Bollate
2495 4690 2607 4744 loco
2640 4688 2964 4759 Garbagnate
2991 4692 3201 4746 ecclesia
3230 4690 3292 4746 8.
3321 4689 3563 4747 Zenonis.
3595 4691 3661 4747 In
3701 4693 3843 4763 plebe

2252 4781 2523 4837 Pontirolo
2552 4782 2664 4835 loco
2698 4780 2833 4836 Uisio
2861 4782 3076 4837 ecclesia
3107 4782 3167 4838 S.
3212 4781 3456 4839 Zenonis.
3485 4783 3659 4839 Tretio
3679 4786 3844 4840 altare

2250 4875 2619 4943 S.'Zenonis_;in
2641 4875 2855 4931 ecclesia
2876 4874 2939 4931 S.
2963 4874 3215 4932 Protamii.
3235 4875 3369 4931 Item
3387 4876 3669 4933 Mediolani
3683 4880 3843 4933 eccle-

2246 4969 2489 5039 siaiduw.
2521 4968 2763 5036 [CLXVIII]
2789 4968 2971 5041 Itaque
3000 4979 3198 5041 praeter
3221 4971 3410 5026 altaria
3432 4982 3681 5042 quatuor,
3724 4973 3845 5028 dure

2252 5073 2381 5117 tunc
2418 5063 2678 5133 temporis
2714 5073 2869 5118 erant
2906 5064 3155 5119 ecclesias
3197 5064 3250 5118 in
3290 5065 3425 5120 urbe
3455 5064 3846 5121 Mediolanensi

2251 5152 2309 5209 S.
2336 5153 2571 5209 Zenonis
2594 5154 2813 5212 nomine
2834 5154 3049 5224 dicatzc,
3079 5156 3132 5211 in
3159 5155 3381 5213 ditecesi
3410 5165 3593 5214 autem
3619 5159 3843 5231 viginti:

2254 5262 2376 5303 eum
2417 5246 2580 5303 modo
2611 5250 2831 5304 mutatis
2858 5248 3119 5317 subinde,
3151 5260 3209 5305 ut
3240 5249 3293 5304 in
3339 5250 3494 5306 novis
3534 5251 3849 5307 aediﬁcatio-

2258 5339 2439 5405 nibus,
2462 5340 2546 5395 vel
2578 5340 3065 5396 reslauratiooibus
3095 5339 3211 5397 ﬁeri
3233 5356 3638 5414 nonnumquam
3686 5344 3848 5412 solet,

2260 5433 2587 5500 titularibus,
2620 5443 2678 5488 ut
2704 5440 2920 5499 vocant,
2971 5433 3184 5489 nonnisi
3216 5449 3321 5489 una
3348 5435 3581 5490 ecclesia
3614 5431 3856 5508 reperia-

2258 5533 2346 5580 tur
2381 5526 2433 5581 in
2469 5525 2627 5593 urbe,
2656 5534 2711 5581 et
2752 5527 2805 5580 in
2849 5525 3074 5582 ditecesi
3108 5541 3333 5593 novem,
3385 5524 3532 5583 inter
3566 5542 3700 5598 quas
3746 5542 3854 5582 una

2255 5620 2530 5689 posterius
2555 5616 2816 5673 aedificata
2863 5617 2916 5673 in
2945 5619 3170 5675 recitato
3195 5618 3439 5689 catalogo
3469 5634 3578 5674 non
3602 5619 3855 5674 contine-

2255 5718 2377 5777 tur;
2406 5710 2563 5766 sicuti
2596 5724 2768 5780 neque
2791 5709 2905 5777 illa,
2930 5726 3090 5781 quam
3113 5711 3168 5765 in
3186 5711 3298 5766 uico
3320 5709 3674 5782 Conspellionc
3694 5711 3856 5767 sitam

2254 5802 2363 5869 duo
2394 5818 2483 5871 vui
2514 5803 2697 5871 stecnli
2725 5802 3048 5863 documenta
3070 5811 3355 5874 testantur.
3388 5803 3526 5861 Hinc
3557 5818 3720 5887 porro
3744 5819 3855 5875 non
