4216 6178
226 1276 242 1290 .
329 1238 601 1295 lendaria
623 1240 848 1308 edidit,
878 1242 935 1296 in
963 1242 1158 1311 quibus
1186 1240 1443 1310 utrisque
1463 1241 1518 1297 S.
1545 1241 1782 1299 Zenonis
1808 1243 2004 1301 festum

356 192 462 257 181
1320 193 1773 257 DISSERTATIO
1800 194 1887 266 Ill,
1925 195 2013 257 DE
2042 196 2102 256 Β.
2136 196 2289 257 ΖΕΝ.
2321 198 2540 258 ACTIS
2568 201 2665 260 ET
2692 201 2959 270 CUL’I‘U.

355 313 544 373 solum
570 315 833 387 colligere
862 313 1023 380 licet,
1058 314 1356 429 quantt'ts,
1389 319 1444 368 et
1461 323 1622 382 quam
1645 308 1878 429 antiqluae
1906 309 2019 366 ori-
2050 315 2103 375 Α
2222 309 2530 379 Ambrosii,
2568 322 2625 367 et
2654 319 2881 385 psallen.
2909 324 2972 383 S.
2992 326 3289 399 Zenonis,
3309 308 3799 429 πηηεᾳνίέηυε

357 404 506 429 ..:..:..
557 405 712 429 I’.--_.:.
767 406 931 429 L-_:_--
968 401 1149 429 -..ηηιέ
1181 410 1262 429 nn
1301 410 1390 429 ...η
1459 402 1542 429 ι..ιῖ
1579 410 1650 429 uno
1691 415 1781 429 Ann
1808 402 1934 429 nn:m
1968 404 2017 429 ξ...
2171 402 2450 429 ...η-..Σιιιυιηι
2532 418 2694 429 --.ηιμ
2755 413 2777 429 ι-
2839 415 2850 425 ο
2895 425 2906 429 ,
2977 417 3016 429 τ-
3155 418 3167 429 .
3194 420 3204 429 .
3797 406 3799 417 ⁴

399 404 411 414 .
462 405 474 415 .
679 382 727 418 ,⁷
848 406 859 418 .
1136 401 1149 413 ο
1531 402 1542 413 .
1870 402 1881 413 .
1968 404 1978 414 .
2283 402 2294 412 .
2656 382 2666 385 “
2839 415 2850 425 .
2926 382 2931 383 ⁷
3046 382 3053 383 '
3078 382 3083 383 ⁷
3140 382 3147 383 '
3228 382 3253 386 ν
3270 382 3289 399 ³
3312 382 3831 434 ’ν’-ι*σνσιιδᾳυεμιαεια

357 418 508 474 guns
552 405 722 463 fuerit
767 406 932 478 hujus
964 410 1149 462 sancti
1180 400 1427 470 cultus,
1456 418 1544 458 cut
1579 410 1654 456 tot
1689 402 1936 458 ecelesna:
1968 419 2020 459 ιιι
2129 402 2453 457 devotionem
2528 418 2699 465 suam
2748 413 2926 483 faciat.
2977 417 3054 475 Es
3149 418 3240 477 lns
3323 430 3482 505 igitur
3529 457 3673 519 pate,
3724 469 3819 510 cm.

361 512 467 519 η---
501 498 715 519 Δεμ-ᾼ-9
752 500 868 519 ,νη
910 499 1276 519 _,-A---—nIM
1315 495 1668 519 :._..-_:-...n....
1735 496 1825 519 -..Α
1860 497 2016 519 -.ε.....
2127 494 2160 519 Ω
2219 494 2461 519 νι...υ...ι,.
2503 495 2707 519 ΑΡΩΑΞῌ
2970 509 2984 519 .
3134 509 3196 519 -.
3616 506 3619 509 -

361 498 718 603 una-iliacasi
744 500 875 559 olim
908 499 1278 597 nuncupata:
1314 495 1668 603 inveniuntur
1692 537 1708 563 ,
1734 496 2020 603 sedeliam
2127 494 2185 551 S.
2219 494 2466 603 Zenonis
2502 495 2767 600 officium
2789 546 2804 571 ,
2844 509 2985 581 quod
3020 528 3078 568 vr
3134 509 3281 573 ldus
3334 494 3799 603 ὖοςέωιξῖξξόᾖις

364 587 505 644 nihil
534 590 871 659 dubitamus,
898 594 1061 664 quin,
1091 586 1146 645 si
1188 599 1384 649 Dares
1411 590 1636 645 aliarum
1670 588 2018 649 θοείθείδΐυω
2126 589 2560 687 ρετιιεεῠειιιξξχ
2594 588 2652 647 in
2685 605 3296 668 Commemoralionem
3329 586 3791 687 sensimﬂtran‘si:

363 682 587 738 codices
612 684 683 739 ad
715 701 819 745 nos
847 685 1074 743 fuissent
1107 682 1496 749 transmissi,
1526 681 1782 738 ecclesias
1811 681 1973 739 Zeno:

2124 681 2214 748 τὴν
2239 695 2357 737 cum
2385 677 2611 735 omCio
2641 684 3013 761 ConcePlionis
3044 695 3125 750 Β.
3158 696 3237 775 Μ’.
3276 703 3333 761 ν.
3353 677 3777 775 ιοοιιὲάιᾷιῖὲξ-

366 787 558 834 nostro
578 778 798 835 dicatas
821 782 1000 852 plures
1021 770 1307 837 similiter
1336 776 1589 835 invenire
1614 778 1821 846 liceret,
1853 796 2013 852 quam
2122 776 2231 845 pii;
2259 773 2402 847 quod
2436 773 2647 842 ipsum
2670 780 2787 836 aliis
2814 782 2864 839 in
2891 783 3169 843 Ecclesiis
3195 766 3463 865 nsuvenit,
3484 766 3762 859 Vet—

363 882 489 937 quae
530 885 685 926 nunc
728 872 853 941 ejus
882 873 951 929 de
981 872 1203 929 nomine
1265 871 1646 940 appellantur.
1681 870 1786 928 Sed
1820 883 2014 942 praeter
2121 868 2339 939 quidem
2367 867 2420 922 in
2466 873 2875 935 posterioribus
2902 876 3139 944 ofﬁciis,
3174 894 3336 956 atque
3362 889 3417 944 in
3446 895 3606 951 missa
3635 897 3748 949 sola

357 959 629 1018 ecclesias
653 962 770 1019 alia
799 965 1008 1035 antiqui
1029 964 1210 1019 cultus
1246 974 1617 1019 monumenta
1643 964 1783 1034 apud
1812 964 2014 1021 Medio-
2118 960 2177 1017 S.
2209 959 2448 1015 Zenonis
2483 968 2938 1021 commemoratio
2964 976 3211 1040 notatur,
3240 977 3413 1045 qualis
3439 995 3586 1037 nunc
3611 997 3744 1051 quo-

348 1054 540 1113 lanum
594 1065 937 1129 suppetunt.
961 1056 1277 1115 Ludovicus
1301 1054 1633 1113 Muratorius
1654 1066 1780 1113 tom.
1814 1074 1848 1113 ιι
1880 1059 2008 1115 Ber.
2117 1068 2224 1124 que
2251 1053 2449 1124 legitur
2502 1051 2560 1108 in
2602 1056 2905 1113 Missalibus
2932 1058 3464 1136 Mediolanensibus,
3493 1080 3656 1141 atque
3678 1073 3732 1129 in

339 1146 708 1217 Italicarum,
747 1159 895 1219 part.
930 1165 991 1217 ιι,
1015 1151 1118 1205 duo
1144 1144 1584 1205 Mediolanensis
1616 1149 1871 1206 Ecclesia:
1908 1150 1973 1206 Ca

2113 1145 2404 1207 Ordinario
2448 1144 2699 1218 ejusdem
2738 1149 3000 1217 Ecclesiae
3031 1141 3383 1227 praecipitur,
3415 1160 3523 1217 hoc
3563 1163 3724 1218 etiam

2112 1255 2305 1297 recens
2332 1248 2565 1309 mutato,
2590 1242 2734 1314 quod
2756 1243 2815 1301 S.
2846 1244 2994 1302 Zeno
3015 1252 3273 1321 martyris
3297 1252 3459 1310 titulo
3488 1254 3718 1327 insigni-

2112 1344 2217 1391 llﬂ'.

2180 1427 2606 1485 Novocomensis
2624 1427 2879 1485 dioecesis
2902 1441 3012 1488 tres
3030 1431 3261 1491 Zenonis
3284 1438 3553 1495 ecclesias
3575 1454 3720 1495 nunc

3739 255 3842 315 i8!

326 1340 569 1388 notatur
612 1351 631 1397 ;
669 1342 735 1388 et
772 1330 833 1389 in
862 1332 1042 1402 primo
1066 1332 1285 1402 quidem
1329 1347 1454 1404 pag.
1491 1332 1631 1388 1029
1661 1352 1673 1388 :
1730 1333 1818 1390 Id.
1849 1335 2005 1404 Apri-

327 1423 396 1477 lis
424 1422 495 1477 S.
542 1421 812 1478 Zenonis
843 1425 1106 1492 episcopi;
1138 1426 1188 1478 in
1230 1422 1410 1480 altero
1442 1440 1567 1496 pag.
1602 1425 1737 1482 1041
1777 1442 1791 1480 :
1824 1443 1878 1483 γι
1908 1426 1998 1483 ια.

332 1512 660 1569 Decembris
716 1514 790 1570 S.
839 1513 1086 1569 Zenonis.
1122 1513 1182 1568 P.
1214 1514 1568 1573 Mabillonius
1599 1523 1730 1575 tom.
1761 1534 1779 1572 ι
1817 1519 2003 1576 Μυεωὶ
2106 1530 2388 1588 recenset,
2431 1522 2658 1593 primam
2688 1523 3050 1593 parochialem
3074 1542 3141 1582 eo
3168 1528 3223 1583 in
3272 1530 3399 1586 loco
3442 1531 3535 1603 qui
3560 1528 3720 1587 Mons

334 1608 552 1675 Italici,
575 1618 738 1678 part.
774 1622 840 1671 ιι,
863 1622 988 1677 pag.
1016 1607 1117 1662 107
1135 1648 1150 1671 ,
1174 1610 1516 1667 mentionem
1538 1607 1741 1664 faciens
1764 1625 1865 1666 ms.
1886 1611 2001 1669 An-
2111 1610 2376 1682 Olompini
2401 1612 2631 1680 dicitur,
2660 1613 2890 1673 alteram
2921 1616 3185 1690 Mandeli,
3220 1634 3286 1677 ac
3312 1622 3530 1679 tertiam
3558 1637 3721 1697 paro-

346 1701 662 1770 tipbonarii
696 1698 1469 1769 bibliotlteczeAmbrosianaa,
1505 1701 1566 1757 in
1588 1716 1699 1770 quo
1722 1704 2004 1760 universo-
2035 1708 2084 1769 B
2110 1706 2342 1762 cltialem
2382 1705 2616 1762 Salorini
2654 1709 2753 1764 sub
2788 1709 3155 1769 Helvetiorum
3185 1713 3429 1783 ditione,
3462 1716 3553 1772 ubi
3597 1716 3715 1779 dies

363 1809 479 1849 rum
511 1800 857 1847 sanctorum
892 1789 1212 1850 festivitates
1235 1792 1289 1849 in
1319 1794 1731 1850 Mediolanensi
1760 1795 2002 1853 Ecclesia
2106 1798 2278 1855 festus
2303 1815 2357 1854 vt
2380 1799 2506 1854 ldus
2534 1800 2842 1860 Decembris
2870 1808 2970 1862 sub
2996 1806 3102 1863 ritu
3134 1792 3467 1865 confessoris
3486 1807 3716 1867 Pontiﬁ-

356 1884 710 1943 celebrandte
744 1892 1142 1953 recensentur,
1190 1886 1286 1941 bas
1330 1887 1479 1944 inter
1528 1897 1764 1944 ceteras
1798 1888 1999 1945 ibidem
2104 1890 2204 1957 cis,
2234 1890 2484 1946 Balernte
2506 1889 2799 1951 Canonicis
2839 1898 3288 1959 convenientibus
3313 1942 3329 1967 ,
3362 1913 3556 1973 magna
3587 1914 3714 1956 cum

356 1988 583 2035 notatas
608 1993 670 2033 se
700 1977 908 2048 legisse
949 1986 1173 2035 testatur
1201 1996 1216 2034 :
1247 1977 1557 2036 Decembris
1581 1980 1671 2036 die
1698 1996 1793 2050 vn,
1841 1980 2002 2036 Ordi-
2102 1987 2425 2044 celebritate
2445 1988 2739 2059 peragitur.

357 2074 507 2128 natio
530 2072 894 2140 S.Ambrosii,
920 2080 1091 2143 postea
1114 2072 1176 2127 S.
1204 2071 1446 2142 Zenonis,
1476 2076 1548 2131 S.
1581 2075 1740 2146 Syri,
1770 2075 1834 2131 S.
1858 2073 1998 2130 Tho-
2178 2070 2740 2153 [cxttxjﬂeBrixiana
2766 2088 2897 2147 urbe
2914 2104 2979 2147 ac
2998 2088 3224 2149 dioecesi
3242 2088 3288 2146 si
3322 2088 3584 2163 vellemus
3597 2089 3713 2146 fuse

360 2183 501 2230 mw;
557 2166 759 2238 quibus
805 2164 942 2220 satis
995 2164 1253 2228 innuitur,
1298 2165 1356 2221 8.
1405 2167 1657 2225 Zenonis
1698 2168 1898 2225 festum
1947 2184 1998 2223 vt
2102 2171 2309 2240 dicere,
2341 2187 2503 2243 quam
2523 2173 2659 2235 latus
2680 2193 2906 2253 campus
2933 2182 3177 2254 pateret!
3228 2179 3546 2251 Quindecim
3577 2181 3712 2241 diose

361 2259 517 2326 ldus,
547 2274 645 2316 seu
675 2258 767 2314 die
804 2273 900 2312 vm
929 2257 1243 2314 Decembris
1269 2259 1561 2316 Mediolani
1586 2271 1875 2333 peractum
1897 2303 1913 2330 ,
1938 2270 1998 2317 ut
2099 2282 2296 2324 ceseos
2326 2266 2576 2325 ecclesiae
2593 2270 2651 2327 S.
2684 2272 2960 2333 Zenonem
2982 2287 3274 2350 patronum
3289 2281 3608 2347 agnoscunt,
3630 2276 3713 2335 ni—

359 2354 414 2408 in
442 2367 558 2408 uno
584 2366 616 2408 e
641 2350 986 2407 Calendariis
1006 2365 1036 2405 a
1064 2350 1359 2407 Muratorio
1376 2350 1541 2409 editis
1562 2356 1839 2424 signatur,
1868 2364 1992 2425 post

364 2445 518 2517 quod
541 2446 603 2502 S.
633 2444 759 2517 Syri
792 2436 991 2500 festum
1018 2460 1047 2498 v
1080 2443 1158 2500 Id.
1193 2443 1508 2501 Decembris
1533 2448 1823 2515 agebatur.
1854 2444 1991 2507 Cum

367 2556 545 2611 porro
592 2540 711 2595 haec
747 2548 957 2594 tantum
1001 2548 1235 2609 quatuor
1282 2540 1415 2593 festa
1472 2553 1667 2595 mense
1699 2540 1990 2597 Decembri

360 2644 493 2691 ante
522 2633 672 2689 diem
697 2631 903 2688 Natalis
928 2631 1142 2687 Domini
1174 2646 1243 2686 eo
1275 2632 1325 2685 in
1358 2630 1765 2701 Antiphonario
1796 2642 1986 2688 notata

361 2730 595 2797 fuerint,
620 2743 686 2785 ac
709 2745 805 2799 per
838 2742 1008 2798 pauca
1041 2727 1297 2783 similiter
1320 2727 1442 2782 aliis
1474 2728 1524 2782 in
1561 2728 1841 2785 mensibus
1887 2729 1985 2785 de-

358 2821 713 2887 stribantur;
746 2820 1103 2892 paucissimos
1129 2819 1261 2873 olim
1293 2818 1458 2875 fuisse
1478 2827 1717 2885 sanctos,
1746 2834 1981 2890 quorum

361 2914 484 2971 dies
503 2916 628 2971 festi
650 2916 703 2969 in
724 2913 965 2969 Ecclesia
987 2911 1379 2967 Mediolanensi
1401 2910 1530 2965 olim
1550 2910 1977 2980 celebrarentur,

360 3013 663 3067 observato
721 3009 943 3080 dignum
991 3006 1210 3063 censuit
1265 3002 1608 3059 Mabillonius
1638 3019 1653 3057 :
1689 3003 1984 3062 Minutiora

2099 2359 2300 2415 mirum
2330 2358 2578 2415 ecclesiae
2611 2363 2774 2433 lloni,
2807 2368 2997 2436 Oduli,
3025 2366 3196 2435 llaeni,
3232 2366 3464 2431 Goleoni
3489 2367 3709 2431 inferiu-

2095 2453 2198 2520 ris,
2231 2451 2417 2506 Brioni
2439 2492 2455 2519 ,
2490 2451 2648 2529 Burgi
2682 2458 2739 2514 S.
2774 2460 3040 2535 Zenonis,
3069 2458 3352 2527 Maclodii,
3376 2459 3710 2535 Boldenigte,

2093 2545 2400 2601 lllonticelli
2451 2546 2520 2601 de
2560 2546 2804 2611 Brusatis
2828 2596 2847 2625 ,
2888 2554 3085 2620 Qaini,
3112 2551 3414 2623 Pastirani,
3466 2552 3711 2631 Ronclti,

2091 2636 2420 2709 Scarpizoli,
2476 2637 2839 2712 Gratacasoli_
2873 2654 2932 2701 et
2951 2643 3197 2705 Salarum
3222 2642 3496 2705 Marasini.
3518 2643 3597 2705 Ex
3626 2644 3711 2707 Itis

2090 2734 2284 2804 primae
2312 2749 2511 2795 novem
2540 2736 2891 2793 confessoris
2923 2737 3031 2797 ritu
3059 2739 3199 2801 diem
3220 2737 3416 2805 festum
3447 2734 3732 2813 peragunt'

2088 2844 2144 2882 vi
2195 2827 2275 2884 ld.
2322 2829 2677 2898 Decembris,
2717 2833 2963 2901 reliquae
2989 2833 3092 2889 ritu
3127 2835 3378 2906 martyris
3405 2834 3587 2897 Pridie
3626 2837 3707 2905 Id,

2088 2917 2315 2990 Aprilis.
2347 2921 2407 2977 In
2439 2922 2553 2992 ipsa
2575 2937 2743 2993 porro
2771 2924 2929 2987 urbe
2960 2925 3201 2989 Brixiana
3231 2927 3351 2985 duae
3380 2940 3509 2991 sunt
3535 2932 3592 2988 8.
3613 2930 3710 2997 Ze-

2090 3013 2255 3069 nonis
2293 3014 2564 3083 ecclesiaa,
2623 3031 2876 3087 quarum
2907 3020 3074 3078 altera
3100 3022 3228 3087 olim
3256 3026 3581 3096 parochialis
3608 3043 3707 3087 ana

359 3116 485 3160 sunt
515 3104 655 3169 lucc,
688 3102 860 3173 inquit
897 3115 1019 3172 pag.
1066 3098 1192 3163 109,
1225 3105 1273 3152 et
1299 3111 1421 3166 quae
1439 3098 1671 3191 fortasse
1686 3096 1854 3152 relatu
1894 3098 1975 3152 iu-
2005 3096 2052 3160 C
2087 3104 2274 3176 tiqua,
2296 3106 2467 3161 altera
2494 3117 2676 3163 autem
2705 3115 2798 3163 est
2846 3110 3027 3169 adhuc
3074 3113 3296 3187 insignis
3335 3119 3622 3191 parochia,
3648 3121 3703 3187 in

360 3198 527 3270 digna
554 3195 847 3267 quibusdem
873 3194 1215 3257 ridebantur;
1257 3189 1347 3244 sed
1368 3205 1432 3244 ea:
1474 3189 1555 3243 Itis
1592 3188 1774 3244 saltem
1820 3191 1976 3262 facile

358 3289 674 3361 intelligitur
698 3328 714 3353 ,
758 3296 1005 3358 quantum
1049 3283 1300 3338 creverint
1346 3282 1616 3352 postremis
1665 3281 1977 3353 temporibus

359 3382 714 3437 solemnitates
782 3395 898 3451 qua:
942 3378 1096 3450 longe
1134 3375 1408 3448 pauciores
1446 3384 1589 3428 erant
1636 3373 1691 3427 in
1738 3372 1978 3431 Ecclesia

364 3477 745 3532 Hediclanemi
766 3484 884 3530 ante
904 3475 1212 3545 quingentos
1233 3485 1419 3536 annos,
1443 3485 1541 3539 quo
1568 3478 1795 3539 tempore
1817 3471 1980 3526 codex

360 3571 452 3624 ille
490 3570 688 3623 calamo
731 3576 969 3623 exaratos
1014 3573 1111 3619 est.
1157 3565 1228 3617 At
1268 3561 1409 3616 inter
1438 3560 1561 3616 illos
1612 3562 1975 3630 paucissimos

366 3663 426 3720 S.
460 3663 736 3718 Zenonem
790 3659 1022 3715 inveniri
1072 3670 1258 3712 nonne
1287 3652 1545 3710 eximium
1573 3654 1860 3725 principum
1888 3671 1978 3713 ce-

364 3755 635 3812 lebritatis
664 3753 782 3824 ejus
808 3750 1180 3808 testimonium
1205 3746 1331 3804 est?
1359 3744 1523 3801 Sesto
1550 3746 1680 3801 item
1714 3746 1836 3802 ldus
1860 3746 1966 3804 De-

364 3847 604 3904 cembris
618 3844 853 3903 Zenonis
868 3843 1036 3899 nostri
1051 3840 1296 3899 officium
1316 3838 1486 3893 tribus
1500 3852 1628 3893 cum
1652 3839 1975 3897 lectionibus

364 3940 735 4015 peragendum
780 3942 833 3994 in
848 3938 1084 4009 antiquis
1113 3933 1361 4007 ejusdem
1394 3932 1655 3991 Ecclesiae
1683 3932 1976 3990 Breviariis

363 4034 701 4108 praecipitur.
734 4032 955 4103 Antiqui
974 4032 1138 4088 etiam
1166 4028 1457 4084 missarum
1488 4026 1614 4083 libri
1643 4034 1756 4082 tum
1777 4026 1976 4083 Medio-

362 4130 499 4194 lani,
543 4127 671 4183 editi
699 4142 791 4182 an.
818 4124 978 4192 15%,
1009 4122 1150 4180 1548
1178 4130 1237 4178 et
1269 4119 1427 4187 1560,
1462 4128 1571 4175 tum
1600 4120 1694 4176 ille
1723 4135 1753 4175 a
1784 4120 1976 4177 Pamee

361 4223 441 4277 lio
500 4220 801 4292 publicatus
841 4233 973 4272 tom.
1002 4233 1019 4271 ι
1051 4217 1261 4285 Liturg.
1302 4215 1391 4284 qui
1432 4213 1655 4289 maximi
1695 4212 1967 4283 penditur,

362 4329 584 4371 necnon
632 4329 737 4368 ms.
789 4309 1369 4367 Vaticano-Palatinus
1433 4308 1579 4376 506,
1627 4323 1723 4363 xui
1771 4311 1971 4365 saeculo

362 4417 648 4475 esaratus,
694 4406 942 4462 eamdem
997 4420 1188 4461 omnes
1219 4404 1441 4459 missam
1487 4402 1546 4458 S.
1581 4402 1819 4458 Zenonis
1847 4418 1972 4473 pro-

2082 3213 2189 3269 qua
2240 3198 2359 3269 ejus
2386 3198 2626 3255 cilicium
2657 3200 3021 3263 Cunl‘essoris
3046 3209 3149 3273 ritu
3176 3225 3227 3267 Vl
3273 3210 3350 3269 Id.
3387 3213 3702 3279 Decembris

2081 3290 2441 3359 celebratum,
2467 3306 2671 3362 paucos
2690 3310 2836 3375 vero
2860 3309 2990 3363 ante
3009 3316 3176 3359 annos
3193 3304 3245 3363 in
3268 3305 3412 3371 diem
3442 3322 3517 3367 sn
3540 3306 3702 3385 Apri-

2082 3383 2153 3440 lis
2207 3388 2530 3443 translatum
2558 3429 2572 3455 ,
2603 3390 2946 3452 c0ulessoris
2986 3400 3094 3454 ritu
3139 3398 3192 3454 in
3231 3400 3392 3467 ritum
3439 3383 3698 3480 martyt‘is

2081 3496 2442 3556 commutato,
2469 3488 2719 3545 traditur.
2745 3492 2817 3545 At
2840 3492 2969 3555 licet
2994 3496 3062 3552 ad
3096 3498 3419 3562 Veronensis
3437 3502 3696 3571 Ecclesiae,

2082 3582 2395 3652 exemplum
2442 3598 2550 3637 non
2585 3582 2759 3638 multo
2788 3594 2921 3641 ante
2960 3587 3052 3643 illa
3094 3590 3425 3660 parochialis
3464 3594 3693 3659 ecclesia

2081 3673 2247 3731 ritum
2289 3675 2623 3743 mutaverit,
2654 3675 2707 3730 in
2740 3675 3109 3748 Rogationum
3140 3693 3320 3748 tamen
3363 3688 3691 3757 stationibus

2080 3766 2415 3827 cathedralis
2457 3768 2700 3825 Ecclesia
2730 3784 2795 3823 eo
2824 3773 3114 3846 accedens,
3139 3792 3284 3835 nunc
3308 3794 3523 3851 quoque
3551 3792 3690 3844 tenta

2080 3863 2232 3932 poris
2279 3864 2349 3918 de
2385 3861 2705 3919 confessore
2734 3864 3019 3923 collectam
3050 3883 3173 3932 cum
3204 3870 3533 3943 Antipltouis
3560 3876 3693 3939 reci-

2080 3962 2177 4009 tat.
2209 3954 2265 4009 In
2304 3955 2405 4009 hac
2428 3965 2610 4010 autem
2643 3956 2914 4024 sepultum
2965 3959 3135 4020 fertur
3164 3977 3366 4034 corpus
3394 3964 3453 4021 S.
3503 3965 3689 4027 [Iustis
3760 4012 3765 4017 ,

2078 4048 2219 4103 ciani
2243 4049 2482 4119 episcopi
2514 4047 2814 4104 Brixiensis
2842 4049 2949 4109 vita
2977 4050 3150 4111 functi
3179 4069 3266 4115 an.
3297 4058 3447 4127 585,
3496 4059 3586 4129 qui
3635 4059 3683 4124 si

2076 4143 2150 4199 ibi
2174 4143 2286 4213 jam
2318 4143 2444 4199 inde
2469 4144 2538 4198 ab
2566 4143 2717 4199 obitu
2748 4145 2991 4214 sepultus
3014 4149 3135 4219 fuit,
3156 4154 3520 4215 vetustissima
3546 4155 3683 4221 mula

2077 4244 2189 4290 tum
2221 4235 2339 4290 haec
2364 4236 2594 4291 ecclesia
2619 4244 2676 4291 et
2701 4236 2760 4293 8.
2791 4236 3026 4295 Zenonis
3056 4240 3258 4298 ibidem
3286 4245 3464 4303 cultus
3496 4257 3679 4305 vetus?

2074 4328 2316 4383 tissimus
2344 4328 2567 4382 exstitit.
3194 4384 3195 4387 η

2146 4420 2203 4475 In
2242 4419 2557 4475 Tridentina
2589 4419 2812 4477 dioecesi
2859 4432 3067 4494 septem
3093 4425 3340 4483 ecclesiae
3392 4429 3670 4495 Zenonem

363 4504 544 4574 priam
572 4502 785 4573 propria
829 4516 951 4555 cum
1000 4498 1322 4570 praefatione
1351 4496 1631 4553 exhibent.
1665 4495 1802 4552 Vide
1838 4512 1960 4568 pag.

2077 4521 2317 4568 nostrum
2347 4521 2634 4581 patronum
2662 4522 2986 4570 venerantur
3011 4532 3027 4574 :
3063 4531 3167 4572 una
3204 4517 3417 4577 Tassuli
3445 4522 3499 4593 in
3529 4524 3672 4587 valle

364 4598 477 4651 458
518 4593 650 4649 edit.
711 4592 957 4648 Pamelii.
1009 4591 1198 4647 Romae
1249 4599 1430 4645 autem
1505 4589 1562 4645 in
1633 4586 1963 4646 bibliotheca

364 4688 946 4744 Pl’.Cisteroiensium
987 4683 1045 4741 8.
1088 4683 1284 4739 Crucis
1321 4692 1498 4738 exstat
1552 4683 1772 4739 Missale
1831 4684 1962 4739 Am~

366 4781 683 4839 brosianum
706 4780 910 4835 editum
940 4777 1083 4847 apud
1104 4775 1553 4845 Christ0pborum
1577 4777 1642 4831 dc
1665 4775 1961 4845 Ratispona

365 4890 462 4930 an.
492 4872 655 4936 1683,
684 4874 735 4929 in
757 4888 865 4943 quo
895 4871 1096 4943 pariter
1120 4885 1188 4926 eo
1220 4868 1475 4925 Decemb.
1505 4869 1592 4924 die
1639 4869 1807 4924 nostri
1837 4868 1966 4940 Epi-

363 4968 523 5038 scopi
552 4965 821 5022 orationes
853 4974 909 5022 et
954 4963 1200 5036 praefatio
1242 4963 1493 5032 leguntur
1542 4963 1817 5033 prepriae;
1869 4964 1964 5019 sed

366 5063 617 5136 praefatio
664 5063 897 5127 saltem,
928 5059 1071 5132 quod
1118 5058 1397 5114 memoriae
1442 5071 1585 5112 nunc
1624 5059 1961 5128 suggeritur,

365 5157 533 5228 longe
561 5166 645 5213 est
669 5156 771 5211 alia
796 5156 864 5210 ab
889 5170 953 5211 ea
986 5169 1148 5224 quam
1179 5151 1449 5207 Pamelius
1477 5151 1679 5217 edidit,
1729 5168 1850 5207 cum
1894 5152 1963 5208 de

364 5251 603 5307 Gallieni
637 5250 909 5307 lilia‘niltil
952 5247 1230 5319 prodatur.
1252 5244 1350 5302 llic
1375 5255 1551 5301 tamen
1584 5246 1960 5302 observatione

363 5344 594 5413 dignum
632 5352 716 5397 est
739 5384 754 5407 ,
796 5342 940 5412 quod
970 5349 1190 5396 notatur
1218 5338 1272 5397 in
1297 5338 1571 5394 Breviario
1600 5337 1959 5395 Ambrosiano

361 5438 520 5493 edito
545 5450 634 5490 an.
664 5435 823 5501 1549,
858 5437 910 5491 in
937 5449 1046 5506 quo
1070 5434 1186 5489 haec
1216 5448 1286 5488 vn
1327 5432 1450 5488 ldus
1488 5433 1800 5489 Decembris
1840 5443 1961 5503 post

358 5530 638 5589 secundas
678 5529 737 5586 8.
784 5529 1054 5584 Ambrosii
1085 5541 1342 5596 veSperas
1375 5527 1626 5596 leguntur
1668 5540 1786 5594 pag.
1814 5526 1954 5581 129:

362 5624 572 5681 Deinde
602 5623 663 5694 ﬁt
696 5622 1109 5678 commemoratio
1133 5620 1192 5677 S.
1242 5619 1487 5675 Zenonis.
1520 5620 1625 5674 Alii
1664 5620 1859 5689 faciunt
1897 5621 1960 5677 de

356 5719 714 5797 Conceptione
738 5715 978 5794 Virginis,
1005 5725 1063 5775 ttl
1088 5715 1143 5774 in
1172 5713 1433 5775 natioitate
1454 5716 1568 5793 ejus
1594 5729 1711 5778 cum
1739 5713 1953 5789 psalle».

2070 4605 2425 4671 Anauniensi,
2463 4607 2514 4659 in
2548 4606 2676 4661 villa
2707 4622 2825 4677 quae
2849 4607 2917 4664 de
2941 4610 3151 4679 patroni
3182 4612 3404 4668 nomine
3434 4615 3671 4684 appella-

2069 4703 2191 4762 tur;
2220 4697 2458 4752 secunda
2482 4696 2697 4754 Lomasi
2736 4700 2787 4754 in
2828 4699 2954 4755 villa
2986 4701 3227 4768 Flavaai;
3269 4706 3426 4763 tertia
3453 4707 3665 4768 Tltenni

2068 4789 2122 4844 in
2171 4790 2294 4845 villa
2342 4790 2595 4863 Cologna,
2628 4808 2746 4863 quae
2790 4808 2980 4849 omnes
3005 4794 3092 4849 die
3127 4805 3321 4854 octava
3353 4799 3664 4858 Decembris

2069 4882 2266 4939 festum
2299 4900 2420 4940 cum
2453 4887 2680 4941 solemni
2708 4888 2894 4955 missa,
2923 4888 3300 4963 frequentique
3336 4895 3660 4965 populorum

2068 4976 2419 5045 processione
2447 4979 2850 5035 concelebrant.
2887 4981 3017 5041 Dum
3049 4993 3308 5052 praeterea
3338 4988 3586 5045 ecclesiae
3606 4990 3660 5048 in
3737 5036 3746 5045 .

2066 5071 2300 5138 paroecia
2329 5070 2580 5125 Μαι-ἰεηεί
2611 5082 2859 5141 exstant,
2898 5085 2954 5130 et
2979 5074 3047 5130 ad
3076 5076 3301 5132 alteram
3334 5077 3562 5138 istarum
3602 5085 3655 5138 in

2030 5242 2033 5247 Ι
2064 5162 2205 5227 loco,
2240 5164 2329 5233 qui
2357 5163 2553 5220 dicitur
2569 5167 2608 5221 il
2635 5165 2790 5231 Palu,
2817 5169 3047 5239 populus
3071 5170 3358 5228 Muriensis
3376 5173 3661 5245 ingruente

2065 5254 2371 5311 calamitate
2400 5255 2597 5328 aliqua,
2626 5273 2688 5312 ac
2717 5261 3014 5329 praesertim
3034 5276 3157 5318 eum
3184 5264 3363 5334 pluvia
3391 5280 3528 5336 opus
3548 5274 3652 5333 est,

2065 5360 2161 5417 per
2184 5356 2426 5403 aestatem
2450 5352 2800 5418 processione
2829 5351 3026 5408 indicta
3048 5352 3300 5425 frequens
3320 5358 3577 5426 confluit,
3599 5368 3656 5413 et

2062 5437 2243 5494 Sancti
2276 5440 2631 5509 patrocinium
2667 5441 2766 5498 sibi
2788 5443 2979 5505 adesse
3003 5452 3299 5515 experitur.
3328 5447 3569 5507 Tandem
3596 5449 3651 5504 in

2062 5534 2212 5599 villa,
2245 5549 2363 5605 quae
2392 5534 2544 5591 Nomi
2590 5537 2910 5606 appellatur,
2959 5555 3166 5595 necnon
3204 5541 3257 5596 in
3281 5544 3516 5611 parmcia
3544 5540 3653 5595 No-

2061 5625 2231 5696 gareti
2252 5643 2418 5698 prope
2444 5628 2793 5694 Roborctum,
2820 5630 2939 5685 alia:
2968 5630 3089 5685 dum
3119 5632 3445 5701 perantiquus
3468 5632 3522 5688 S.
3549 5629 3652 5687 Ze-

2064 5717 2219 5779 nonis
2253 5718 2495 5792 episc0pi
2541 5718 2870 5778 Veronensis
2901 5720 3144 5778 ecclesiae
3197 5721 3479 5790 visuntur;
3505 5727 3559 5777 et
3583 5720 3652 5782 ad
