4216 6178
540 271 641 326 HT";

1951 267 2459 324 PROLEGOlIENA
2472 309 2484 323 .

3732 273 3831 329 181

536 384 728 439 harum
758 395 1089 455 postremam
1119 393 1298 439 rector
1346 383 1613 439 Pomaroli
1647 397 1748 438 una
1776 398 1897 437 cum
1933 381 2131 454 popqu
2161 384 2209 442 A
2308 382 2493 452 Neque
2526 383 2800 439 Patavium
2840 383 2896 441 8.
2930 384 3184 454 EpiscOpi
3212 382 3415 440 cultum
3446 384 3680 456 ignorat,
3714 403 3834 443 nam

534 479 637 534 sibi
663 477 996 542 concredita,
1019 492 1177 533 sacro
1205 478 1567 549 processionis
1593 479 1724 543 ritu,
1754 478 1839 532 die
1862 478 1921 532 S.
1954 476 2135 531 Antis-

536 571 619 626 titi
652 586 805 626 sacra
837 571 1215 639 proficiscitur.
1251 570 1411 624 Pater
1440 570 1765 625 Benedictus
1791 589 1817 621 a
1849 567 2134 625 Cavalesio

530 665 818 717 strit‘ttnris
847 662 1205 717 observantia:
1231 662 1287 717 S.
1321 662 1614 729 Frattcisci,
1648 664 1736 730 qui
1772 661 1927 718 nobis
1972 660 2135 714 hasce

533 756 755 811 notitias
782 755 1219 821 communicavit,
1255 757 1463 810 monuit
1507 756 1672 810 etiam
1720 757 1772 811 in
1830 754 1977 820 villa,
2014 770 2135 825 qua:

535 848 734 904 dicitur
749 847 1007 919 Aldegna,
1028 847 1168 903 haud
1190 849 1370 920 procul
1398 864 1428 903 a
1453 848 1712 903 Tridento
1733 847 1857 912 sita,
1882 847 2137 902 occiden-

535 940 698 997 talem
734 942 945 1011 plagam
998 957 1227 1009 versus,
1261 942 1476 997 tametsi
1526 941 1634 995 alio
1684 940 1887 995 titalari
1946 946 2136 993 sancto

535 1048 678 1087 nunc
706 1036 955 1104 gaudeat,
977 1034 1103 1089 olim
1134 1045 1312 1090 tamen
1335 1034 1497 1088 veluti
1520 1044 1803 1104 patronum
1836 1033 2134 1105 principem

536 1125 823 1195 agnovisse
866 1135 922 1180 et
952 1125 1187 1180 coluisse
1215 1125 1275 1181 S.
1316 1125 1586 1180 Zenonem
1620 1126 1933 1195 episcopum
1964 1123 2135 1179 Vero-

534 1236 783 1290 nensem,
810 1233 866 1275 ut
897 1236 1134 1291 nuperos
1159 1221 1279 1291 ejus
1305 1221 1550 1276 ecclesiae
1595 1229 1775 1276 rector
1803 1236 1900 1291 per
1932 1219 2137 1275 litteras

536 1316 815 1369 consultus
842 1314 1073 1368 asseruit
1103 1332 1115 1366 :
1148 1312 1292 1385 quod
1323 1313 1447 1367 aliis
1468 1326 1685 1384 quaque
1715 1310 1963 1367 ecclesiis
1990 1311 2135 1364 acci-

533 1405 680 1461 disse
705 1406 1193 1475 probabilissimum
1217 1416 1320 1471 est,
1348 1414 1404 1459 ιιι
1432 1406 1482 1459 in
1505 1403 1755 1459 ecclesiis
1774 1402 2137 1457 Mediolanen-

536 1498 686 1551 sibus
720 1498 1045 1551 notavimus.
1065 1497 1209 1551 Idem
1241 1513 1400 1565 porro
1422 1496 1483 1551 P.
1506 1493 1835 1549 Benedictus
1866 1495 1917 1548 in
1947 1492 2138 1548 biblio-

535 1590 689 1646 theca
718 1591 1011 1660 episc0pali
1038 1591 1281 1661 diligenti
1312 1589 1665 1661 inquisitione
1694 1602 1846 1653 usus,
1873 1594 2135 1660 prieterea

534 1682 821 1737 aflirmavit
844 1682 1043 1739 ibidem
1077 1683 1305 1751 reperiri
1358 1697 1459 1737 ms.
1494 1681 1831 1737 Breviarium
1882 1694 2005 1735 cum
2038 1680 2138 1733 hac

2237 476 2477 547 quinque
2526 478 2775 547 antiquas
2821 478 3080 533 ecclesias
3130 476 3249 547 ejus
3296 477 3518 534 nomine
3547 478 3755 535 dicatas
3783 478 3835 533 in

2240 567 2492 624 Patavina
2519 568 2741 627 dimcesi
2770 571 3090 639 reperimus,
3118 570 3403 636 Molvente,
3438 572 3834 643 Montagnaua',

2240 662 2470 729 Zaliani,
2503 664 2809 729 Altichieri,
2844 674 2895 717 et
2924 664 3141 729 Montis,
3165 664 3368 728 Silicis,
3399 664 3557 733 cujus
3579 666 3836 733 postremi

2240 756 2342 811 loci
2371 757 2697 826 parochialis
2730 758 2789 814 S.
2816 757 3033 813 Thomas
3059 758 3290 830 Apastali
3309 767 3355 811 et
3380 758 3443 813 S.
3467 757 3693 812 Zenonis
3714 757 3841 812 Con-

2240 849 2449 917 {essoris
2478 847 2669 905 Christi
2694 860 3025 905 memoratur
3055 850 3107 905 in
3141 850 3386 919 pluribus
3412 850 3753 906 documentis
3774 852 3839 905 ad

2240 938 2506 994 Venatum
2548 941 2608 997 8.
2664 942 2937 998 Zacharize
2977 943 3367 998 monasterium
3420 943 3839 1014 pertinentibus,

2241 1048 2540 1104 eorumque
2591 1037 3015 1092 vetustissimum
3044 1052 3134 1091 an.
3167 1035 3273 1092 994
3303 1040 3494 1092 recitat
3538 1036 3842 1092 Ludovicus

2241 1124 2565 1184 Muraturius
2591 1127 2842 1197 antiquit.
2871 1128 3090 1184 Esteus.
3118 1143 3241 1198 pag.
3274 1128 3395 1183 128.
3437 1128 3494 1182 In
3536 1138 3651 1182 tata
3683 1144 3844 1197 porro

2242 1217 2499 1273 Patavina
2540 1219 2767 1275 ecclesia
2817 1235 2880 1275 ex
2915 1218 3138 1287 antiquo
3169 1221 3356 1288 utique
3402 1221 3551 1275 cultu
3577 1220 3634 1276 S.
3670 1219 3844 1275 Zeno-

2244 1312 2331 1366 nis
2359 1312 2595 1367 officium
2639 1314 2744 1368 ritu
2776 1313 3108 1370 confessoris
3135 1313 3417 1369 Pontificis
3457 1329 3601 1368 nunc
3630 1329 3845 1384 quoque

2243 1404 2505 1473 tetttporis
2548 1406 2863 1475 peragitur,
2917 1407 3187 1476 assignala
3227 1406 3314 1461 die
3360 1407 3396 1462 8
3432 1406 3768 1472 Decembris,
3812 1423 3844 1463 a

2242 1511 2351 1565 quo
2375 1503 2555 1551 tamen
2587 1496 2658 1552 ob
2700 1495 3085 1567 Conceptionis
3115 1497 3177 1554 Β.
3209 1498 3389 1554 Maria:
3429 1498 3629 1554 festum
3656 1499 3707 1554 in
3732 1499 3843 1569 pri-

2245 1602 2388 1641 mam
2415 1587 2559 1641 diem
2590 1602 2697 1644 non
2729 1588 3041 1660 impeditam
3072 1590 3413 1646 transfertur.

2316 1679 2548 1735 Mantua:
2574 1682 2789 1737 exsistit
2831 1681 2889 1738 S.
2943 1682 3175 1737 Zenonis
3207 1682 3536 1753 parocltialis
3565 1684 3795 1740 ecclesia
3829 1726 3843 1751 ,

536 1778 815 1831 natatione
847 1795 859 1830 :
890 1776 1001 1831 Iste
1034 1776 1162 1830 liber
1213 1777 1309 1848 fuit
1365 1777 1487 1830 alim
1542 1775 1751 1829 Domini
1807 1773 2012 1846 Georgii
2074 1774 2138 1827 de
2169 1776 2217 1835 B
2244 1789 2405 1842 qttatn
2439 1788 2469 1828 a
2512 1773 2767 1830 Matbilde
2810 1785 3142 1831 exsuuctam
3168 1776 3220 1829 in
3262 1775 3565 1831 Mantuano:
3590 1776 3845 1830 Ecclesia:

537 1868 939 1932 Liccthenstain,
972 1870 1200 1938 episcopi
1231 1867 1518 1922 Tridentini
1552 1867 1710 1922 1420.
1771 1867 1905 1921 Huic
1952 1875 2131 1920 autem

539 1960 817 2016 Breviario
848 1963 1231 2017 Calendarium
1263 1963 1647 2032 prazmittitnr,
1679 1963 1730 2016 in
1761 1976 1869 2030 quo
1898 1961 2133 2015 secunda

537 2071 698 2110 manu
728 2057 807 2110 bis
848 2058 904 2109 S.
934 2055 1171 2111 Zenonis
1203 2056 1262 2110 fit
1291 2059 1493 2110 mentio
1523 2072 1537 2109 :
1569 2053 1752 2109 Pridie
1778 2052 1911 2109 Idus
1936 2053 2134 2123 Aprilis

537 2148 601 2202 S.
633 2146 858 2202 Zenonis
902 2140 1129 2218 episcopi
1180 2147 1487 2203 Veronensis
1525 2148 1632 2203 dies
1660 2149 1826 2204 abitus
1877 2149 1988 2219 ejus
2031 2146 2134 2199 sive

538 2239 910 2311 depositionis,
953 2250 999 2294 et
1052 2255 1106 2295 νι
1160 2238 1291 2295 Idus
1332 2241 1628 2295 Decembris
1656 2240 1720 2295 S.
1759 2239 1981 2296 Zenonis
2034 2240 2135 2309 epi-

535 2334 679 2402 scopi
709 2330 1017 2388 Veronensis
1039 2331 1436 2400 translatioﬁubi
1461 2347 1556 2403 per
1575 2348 1819 2389 errorem
1840 2333 2131 2399 translatio,

538 2439 637 2493 pro
664 2426 1010 2493 ordinatione,
1046 2427 1133 2480 vel
1163 2427 1486 2482 dedicatione
1514 2428 1774 2498 scriptum
1818 2426 1937 2482 fuit.
1974 2426 2030 2482 ιιι
2054 2428 2137 2492 ip-

533 2532 654 2571 sum
709 2518 904 2589 legitur
960 2521 1012 2574 in
1036 2521 1145 2575 alio
1196 2537 1299 2578 ms.
1350 2520 1648 2589 Breviario,
1676 2521 1817 2589 quod
1868 2538 1959 2577 an.
1993 2520 2135 2578 1M9

534 2609 758 2667 Joannis
787 2612 1107 2681 lnderbach,
1162 2629 1250 2684 ep.
1300 2613 1629 2679 Tridentini,
1683 2614 1800 2677 fuit,
1836 2630 2047 2671 necnon
2078 2614 2131 2669 in

533 2702 653 2757 aliis
686 2714 797 2758 tum
828 2704 1145 2773 Breviariis,
1188 2714 1299 2760 tum
1348 2705 1658 2762 Missalibus
1712 2723 1846 2763 mss.
1903 2723 2023 2778 quze
2080 2708 2135 2762 in

535 2792 748 2850 laudata
773 2795 1098 2851 bibliotheca
1115 2805 1417 2851 servantur.
1440 2796 1499 2851 ln
1517 2798 1898 2869 Martyrologio
1918 2813 2134 2869 quoque

534 2901 637 2941 ms.
668 2887 734 2942 ad
760 2888 1177 2957 usumjecclesite
1199 2890 1257 2945 8.
1294 2890 1710 2960 Vigilii,scripto
1730 2906 1819 2945 an.
1854 2892 2015 2958 1155,
2042 2893 2132 2947 iis-

534 2979 657 3035 dem
707 2980 901 3035 diebus
952 2990 1171 3035 notatur
1202 2979 1394 3037 festum
1448 2982 1509 3037 S.
1543 2981 1768 3038 Zenonis
1817 2984 2047 3053 episcopi
2084 2994 2132 3038 et

534 3074 866 3143 confessoris,
883 3081 942 3126 ut
964 3088 1031 3127 ne
1054 3080 1235 3127 tamen
1264 3073 1372 3128 ulla
1399 3074 1768 3129 translationis
1789 3075 1877 3130 flat
1904 3077 2126 3131 mentio.

2242 1862 2466 1919 historia
2522 1866 2682 1920 tradit
2734 1867 2793 1921 P.
2852 1867 3293 1932 Donismondius,
3347 1875 3484 1935 part.
3544 1884 3562 1923 ι
3619 1868 3713 1922 lib.
3771 1884 3841 1934 tv,

2241 1971 2362 2026 pag.
2393 1956 2525 2021 225,
2560 1959 2651 2026 qui
2684 1958 2848 2013 etiam
2879 1959 3130 2014 observat
3156 1969 3281 2014 ante
3308 1958 3645 2024 Mathildem,
3685 1959 3734 2013 id
3762 1970 3843 2014 est

2239 2058 2368 2104 ante
2417 2051 2675 2105 sa‘culum
2722 2067 2774 2107 χι
2824 2052 2928 2107 hoc
2979 2054 3031 2106 in
3063 2052 3185 2108 loco
3229 2052 3392 2107 fuisse
3437 2053 3733 2106 oratorium
3775 2052 3841 2107 de

2240 2139 2487 2210 ejusdem
2537 2142 2720 2199 Sancti
2751 2144 2971 2199 nomine
3002 2153 3393 2214 nuncupatum,
3424 2144 3475 2198 in
3505 2116 3698 2215 qus-'8'.
3734 2145 3840 2197 An-

2240 2231 2387 2287 dretc
2416 2232 2665 2288 monachi
2694 2234 2870 2289 officia
2898 2235 3271 2291 celebrabant.

2315 2325 2390 2378 Ex
2417 2325 2717 2381 Tarvisinte
2742 2327 3005 2405 Ecplesiaa
3035 2330 3403 2384 monumentis
3428 2344 3458 2384 a
3490 2346 3542 2384 ν.
3573 2329 3642 2385 cl.
3675 2330 3841 2385 Anto-

2242 2418 2333 2471 nio
2366 2418 2558 2474 Scotto
2581 2418 2857 2475 Canonico
2881 2422 3042 2477 editis
3077 2424 3131 2477 in
3158 2422 3527 2479 additionibus
3548 2425 3613 2479 ad
3652 2423 3841 2495 Ughel-

2243 2510 2396 2575 lium,
2454 2496 2711 2573 ecclesias
2743 2522 2854 2571 tres
2896 2517 2949 2570 in
2981 2516 3263 2572 Tarvisina
3296 2518 3517 2575 ditecesi
3550 2518 3607 2574 S.
3633 2517 3837 2574 Zenoni

2240 2600 2370 2657 olim
2399 2601 2608 2659 dicatas
2637 2608 3011 2677 cognovimus.
3043 2608 3283 2665 Subinde
3312 2626 3443 2666 vero
3473 2611 3614 2666 idem
3663 2610 3838 2666 Cano-

2240 2696 2417 2761 nicns,
2464 2696 2555 2766 qui
2590 2698 2742 2752 novis
2782 2699 3139 2772 plurimisque
3164 2701 3504 2757 documentis
3525 2701 3837 2759 Tarrisino-

2238 2800 2358 2839 rum
2416 2789 2791 2858 episc0porum
2839 2792 3033 2846 seriem
3062 2802 3147 2848 est
3192 2793 3590 2861 illustraturus,
3632 2798 3839 2852 monuit

2236 2876 2371 2931 duas
2403 2888 2660 2949 praeterea
2689 2880 2747 2936 S.
2778 2881 3012 2939 Zenonis
3052 2886 3310 2941 ecclesias
3334 2887 3384 2941 in
3406 2886 3596 2942 eadem
3615 2888 3834 2943 dioecesi

2237 2972 2484 3041 reperiri,
2542 2972 2754 3043 aliaque
2797 2975 3124 3032 documenta
3180 2978 3247 3033 ad
3302 2980 3543 3052 singulas
3599 2981 3836 3053 quinque

2238 3064 2479 3134 ejusdem
2530 3067 2711 3122 Sancti
2753 3068 3015 3125 ecclesias
3055 3072 3378 3141 pertinentia
3405 3074 3692 3146 suggessit,
3715 3090 3833 3146 qua:

533 3164 609 3219 Ex
643 3165 854 3221 duabus
879 3181 1038 3235 porro
1067 3168 1428 3223 monumentis
1454 3168 1510 3222 in
1537 3167 1852 3223 Tridentina
1889 3168 2129 3224 Ecclesia
2157 3153 2204 3217 C
2240 3160 2701 3227 Ρταδῑοΐῐηὶιιοηάει
2724 3178 2829 3217 non
2859 3172 3007 3218 sunt.
3037 3163 3098 3219 In
3129 3165 3322 3222 litteris
3343 3165 3568 3238 Eugenii
3596 3165 3833 3238 Paptclll

534 3257 592 3314 S.
624 3257 860 3313 Zenonis
914 3258 1109 3314 festum
1154 3258 1323 3316 fuisse
1352 3271 1626 3331 peractum
1662 3261 1860 3330 liquet:
1895 3260 2128 3328 primum

529 3363 598 3404 ex
628 3349 969 3405 Lectionario
993 3366 1097 3404 ms.
1123 3350 1360 3405 Archivii
1383 3350 1719 3420 capitularis,
1747 3353 1798 3405 in
1824 3366 1930 3419 quo
1948 3352 2005 3406 8.
2030 3350 2132 3406 Ze-

532 3442 689 3496 nonis
720 3441 844 3497 Vita
876 3442 929 3496 in
958 3457 1008 3497 ιιι
1054 3443 1316 3498 lectiones
1343 3443 1628 3499 diStrtbnta
1659 3444 1852 3514 legitur
1879 3460 2000 3498 cum
2031 3444 2132 3498 hac

533 3535 886 3605 inscriptione
911 3554 923 3588 :
953 3533 1020 3590 In
1046 3536 1177 3603 festa
1217 3535 1280 3591 S.
1308 3534 1533 3591 Zenonis
1560 3538 1790 3608 episcOpi
1829 3548 1876 3591 et
1929 3542 2132 3608 confes-

530 3629 665 3681 soris
689 3642 707 3692 ;
733 3626 965 3682 alterum
991 3642 1057 3683 ex
1078 3627 1404 3683 Calendario
1426 3639 1685 3698 perpetuo
1710 3630 1776 3684 ad
1798 3630 2131 3685 Tridentinzn

533 3717 790 3774 Ecclesia:
823 3733 999 3782 usum,
1023 3718 1171 3775 edito
1198 3735 1288 3774 an.
1320 3721 1482 3786 1551,
1521 3737 1549 3773 a
1582 3721 1788 3776 Donato
1820 3720 2008 3786 Ertio,
2038 3724 2129 3792 ju-

532 3810 693 3868 bente
749 3811 1008 3867 cardiuali
1079 3813 1477 3883 Christopltoro
1523 3814 1819 3884 Madrucio,
1871 3818 2129 3887 episcopo

529 3906 773 3977 ejusdem
832 3906 1110 3973 Ecclesiae,
1167 3908 1396 3979 quodin
1443 3909 1658 3979 regulas
1706 3925 1847 3965 xxxv
1894 3910 2126 3966 divisum

528 4000 1037 4070 concinnatumque.
1078 3999 1196 4055 hinc
1230 4001 1319 4056 die
1350 4000 1417 4055 16
1447 4000 1760 4056 Decembris
1785 4002 2011 4073 singulis
2051 4019 2132 4058 re-

528 4092 669 4161 gulis
695 4100 1011 4147 constanter
1042 4094 1260 4161 repetit.
1286 4108 1316 4147 a
1349 4092 1443 4146 fol.
1469 4094 1532 4147 11
1566 4094 1633 4147 ad
1664 4093 1755 4149 fol.
1787 4094 1896 4150 250
1920 4115 1933 4151 :
1958 4094 2127 4150 Zeno-

526 4184 608 4237 nis
630 4183 859 4253 episcOpi
896 4194 945 4237 et
975 4184 1285 4255 confessoris
1316 4183 1350 4239 8
1386 4184 1563 4257 hujus,
1587 4185 1778 4239 scilicet
1810 4184 2124 4251 Decembris,

527 4291 647 4346 qua:
674 4274 792 4345 ejus
811 4272 1009 4329 festum
1035 4290 1063 4328 a
1095 4276 1184 4329 die
1214 4284 1405 4330 octava
1426 4275 1492 4330 ad
1514 4291 1603 4330 xv:
1625 4276 1936 4333 Decembris
1961 4289 2127 4332 trans-

523 4366 805 4424 ferendum
840 4375 1049 4422 notant.
1083 4367 1323 4438 Denique
1347 4365 1405 4423 S.
1441 4367 1688 4438 Episcopi
1722 4371 2039 4425 memoriam
2069 4372 2125 4429 in

521 4459 729 4515 litaniis
753 4459 995 4529 ejusdem
1026 4458 1282 4515 Ecclesite
1312 4461 1452 4514 inter
1476 4460 1575 4516 SS.
1592 4462 1947 4518 Confessores
1970 4463 2123 4518 Pon-

2236 3252 2302 3306 ad
2333 3251 2667 3309 Bonifacium
2689 3257 3002 3327 episcopum
3021 3257 3387 3324 Tarvisinnm,
3410 3274 3476 3313 an
3508 3260 3666 3327 H52,
3693 3260 3833 3331 apud

2240 3342 2544 3414 Ughellium
2595 3361 2714 3417 pag.
2746 3348 2874 3414 5‘27,
2906 3358 3235 3406 memoratur
3265 3351 3403 3421 plebs
3429 3349 3490 3406 S.
3523 3350 3745 3406 Zenonis
3771 3352 3836 3407 de

2236 3434 2454 3501 Rubico,
2479 3441 2566 3509 qui
2596 3455 2759 3510 pagus
2786 3452 2868 3495 est
2895 3442 2960 3496 ad
2984 3441 3181 3498 Anassi
3225 3444 3371 3514 ripas
3392 3484 3409 3511 ,
3456 3454 3618 3515 atque
3641 3446 3710 3500 ab
3731 3447 3833 3501 im-

2236 3531 2575 3586 memorabili
2622 3531 2680 3589 S.
2732 3534 2967 3590 Zenonis
2993 3537 3204 3606 patroni
3239 3538 3431 3592 festum
3461 3538 3699 3594 celebrat
3742 3539 3830 3595 die

2239 3624 2306 3679 η
2348 3627 2546 3695 Aprilis
2576 3626 2643 3681 de
2692 3617 3007 3685 confessore
3038 3630 3317 3686 Pontilice.
3368 3631 3553 3687 Altera
3599 3633 3832 3689 ecclesia

2237 3717 2289 3772 in
2322 3718 2566 3789 ejusdem
2599 3718 2822 3791 Eugenii
2863 3721 2927 3777 Ill
2960 3722 3154 3778 litteris
3182 3737 3479 3780 memorata
3510 3724 3564 3780 in
3591 3725 3832 3782 Asulano

2232 3811 2335 3867 sita
2366 3822 2469 3878 est,
2504 3824 2771 3884 castraque
2804 3815 2866 3871 S.
2900 3815 3125 3872 Zenonis
3169 3833 3363 3874 nomen
3396 3820 3573 3887 dedit,
3628 3822 3679 3875 in
3724 3837 3833 3891 quo

2233 3905 2519 3962 obsidione
2542 3909 2751 3964 cinctus
2779 3919 3075 3981 captusque
3102 3911 3200 3966 fuit
3229 3913 3513 3971 Albcricns
3533 3930 3561 3968 a
3583 3914 3832 3972 Romano

2232 4000 2469 4055 Ezzelini
2498 4001 2687 4069 frater,
2721 4003 2862 4072 quod
2890 4002 3225 4060 Rolandinus
3252 4017 3435 4061 nat-rat
3463 4007 3555 4063 lib.
3585 4024 3678 4076 xu,
3705 4024 3826 4080 cap.

2234 4093 2321 4158 15,
2357 4093 2422 4148 ll
2464 4103 2519 4147 et
2560 4094 2644 4149 15.
2682 4093 2758 4149 Ea
2782 4095 3007 4151 ecclesia
3032 4106 3116 4151 est
3139 4097 3464 4167 parochialis
3492 4100 3543 4153 in
3592 4099 3831 4157 Zenonis

2230 4184 2400 4239 noetri
2431 4184 2691 4240 honorem
2721 4186 2899 4242 dicata
2920 4228 2934 4252 ,
2963 4188 3118 4257 cujus
3145 4190 3409 4246 solemnis
3436 4192 3603 4247 festus
3625 4192 3741 4248 dies
3778 4211 3829 4248 vr

2230 4275 2306 4330 Id.
2344 4276 2657 4334 Decembris
2687 4278 2792 4334 ritu
2824 4280 3157 4337 confessoris
3196 4282 3474 4340 Pontificis
3502 4288 3714 4341 colitur.
3738 4288 3835 4343 Die

2227 4378 2407 4425 autem
2438 4386 2516 4426 xu
2541 4374 2737 4442 Aprilis
2763 4372 3090 4440 devotionis,
3110 4375 3192 4429 uti
3217 4387 3461 4443 vocatur,
3480 4376 3673 4433 festum
3704 4396 3828 4449 pcr-

2226 4464 2401 4534 agitur
2439 4466 2490 4519 in
2519 4466 2711 4522 mortis
2755 4467 2999 4539 ejusdem
3042 4471 3257 4539 patroni
3288 4475 3629 4545 memoriam,
3684 4474 3828 4529 sicut

524 4551 698 4607 tifices
719 4562 996 4622 peractam
1014 4553 1186 4610 codex
1212 4553 1549 4625 Episcopalis
1581 4554 1922 4612 bibliotheca:
1956 4558 2118 4613 fidem
2146 4545 2200 4605 D
2225 4565 2281 4610 et
2310 4572 2382 4611 xn
2412 4554 2529 4613 Cal.
2575 4558 2721 4614 Junii
2761 4560 2813 4614 in
2863 4562 3176 4616 memoriam
3225 4564 3594 4620 translationis
3646 4568 3827 4624 simile

524 4642 677 4701 facit.

595 4734 705 4809 [CL]
722 4736 967 4808 Bergomi
996 4736 1238 4809 quinque
1264 4737 1524 4794 ecclesias
1545 4738 1597 4792 in
1610 4737 1924 4809 S..Zenonis
1947 4740 2120 4796 bono-

520 4845 636 4886 rcm
660 4831 934 4886 dedicatas
963 4832 1250 4899 postremis
1281 4829 1362 4884 his
1387 4830 1578 4885 diebus
1605 4831 1912 4901 accepimus
1942 4850 1954 4887 :
1980 4848 2116 4904 qua-

520 4928 647 4975 tuor
674 4920 1046 4990 parochiales,
1074 4920 1225 4977 (Σαςηί
1246 4961 1261 4986 ,
1292 4919 1564 4983 Tresollii,
1606 4920 1880 4989 Albivcri,
1913 4924 2113 4991 Senici,

519 5019 577 5067 et
607 5011 855 5082 quintum
879 5011 1176 5067 oratorium
1206 5013 1257 5066 in
1292 5014 1523 5082 partecia
1551 5012 1928 5070 Cttrnascensi.

589 5103 647 5159 ln
684 5104 923 5159 Vicetina
945 5102 1169 5160 ditecesi
1202 5114 1311 5159 tres
1336 5105 1674 5176 parochiales
1694 5110 1958 5175 ecclesiae,
1992 5107 2118 5165 Col-

517 5194 597 5262 tii,
630 5194 875 5266 Resegte,
899 5205 954 5251 et
984 5196 1043 5250 S.
1077 5194 1310 5251 Zenonis
1342 5195 1394 5251 in
1428 5193 1747 5254 Bassanensi
1778 5215 1910 5271 agro
1936 5201 2110 5257 eidem

516 5285 719 5341 Sancto
771 5295 1092 5357 nuneupatte
1122 5288 1233 5359 jam
1284 5288 1354 5343 ab
1388 5289 1611 5360 antiquo
1660 5298 1858 5359 praeter
1894 5307 2108 5350 omnem

513 5381 830 5435 memoriam
865 5380 1143 5437 hominum
1174 5384 1559 5446 inveniuntur;
1610 5394 1665 5441 et
1710 5386 1818 5442 duo
1845 5398 2109 5458 praeterea

512 5473 751 5529 oratoria
778 5516 792 5539 ,
834 5474 1063 5529 alterum
1107 5476 1486 5547 perantiquum
1536 5478 1589 5532 in
1642 5494 1776 5550 rupe
1824 5481 2105 5552 cujusdam

510 5565 731 5631 mantis,
760 5564 828 5619 ad
877 5564 1094 5621 Castam
1148 5566 1429 5622 Fabricam
1480 5569 1843 5639 insculptum,
1874 5572 2105 5629 alterum

505 5664 810 5727 campestre
867 5655 1157 5728 Arziguani
1222 5659 1492 5731 parochias
1557 5662 1860 5731 subjectum
1911 5664 2103 5723 eodem

500 5751 657 5807 titulo
677 5749 932 5821 gaudent.

2228 4647 2423 4703 festum
2452 4650 2779 4718 celebratur,
2805 4667 2927 4707 cum
2954 4660 3116 4708 antea
3140 4662 3371 4726 utroque
3390 4657 3480 4712 die
3507 4666 3563 4712 et
3582 4658 3823 4715 officium

2227 4748 2283 4795 et
2315 4742 2496 4795 miSsaz
2526 4742 2754 4797 solemni
2787 4743 2891 4798 ritu
2920 4741 3135 4800 ﬁerent.
3169 4746 3226 4801 ιιι
3251 4746 3409 4803 Brevi
3439 4748 3734 4807 Alexandri
3762 4768 3823 4808 ιιι

2226 4846 2314 4886 an.
2365 4832 2540 4900 H70,
2597 4850 2695 4906 pro
2737 4835 3036 4891 Tarvisinte
3078 4838 3327 4895 ecclesiae
3374 4842 3622 4914 Capitula
3674 4846 3821 4915 apud

2225 4923 2551 4994 Ughellium,
2584 4942 2704 4997 pag.
2735 4927 2863 4990 526,
2889 4928 3237 4985 nominantur
3262 4943 3411 4987 terra:
3439 4936 3649 5002 vicinia,
3691 4953 3823 5006 quas

2219 5014 2437 5084 habetis,
2472 5020 2665 5089 inquit,
2688 5020 2743 5075 in
2774 5021 2836 5077 S.
2867 5020 3096 5089 Zenone,
3128 5036 3182 5078 at
3210 5023 3372 5095 hujus
3396 5027 3644 5084 ecclesiae
3670 5030 3819 5084 nulla

2221 5125 2362 5165 nunc
2403 5113 2665 5168 memoria
2695 5127 2964 5187 superest.
3004 5116 3146 5173 Intra
3193 5120 3329 5177 fines
3369 5123 3693 5192 parochialis
3728 5141 3821 5181 ec-

2217 5200 2397 5258 clesia:
2448 5204 2504 5259 8.
2560 5204 2813 5274 Martini,
2861 5224 2981 5280 qua:
3022 5224 3052 5262 a
3101 5210 3347 5268 Tarvisio
3372 5213 3535 5269 distat
3564 5217 3820 5285 passibus

2221 5293 2391 5351 ferme
2438 5297 2605 5363 mille,
2639 5299 2911 5357 invenitur
2939 5301 3114 5358 adhuc
3162 5321 3322 5375 parva
3346 5306 3575 5364 ecclesia
3604 5308 3663 5365 S.
3715 5309 3820 5366 Ze-

2218 5389 2345 5444 noni
2373 5405 2546 5446 sacra.
2580 5391 2728 5447 Hanc
2755 5404 2933 5449 autem
2964 5396 3337 5467 pet-antiquam
3356 5414 3498 5466 esse,
3521 5408 3578 5455 et
3599 5416 3818 5457 monas-

2218 5482 2412 5537 terium
2442 5486 2712 5554 quandam
2742 5485 2911 5542 fuisse
2930 5485 3235 5558 Virginum,
3264 5506 3385 5562 quae
3409 5491 3603 5548 Abbati
3631 5496 3814 5565 magni

2214 5578 2456 5637 Cteuobii
2489 5584 2544 5636 S.
2572 5581 2808 5638 Zenonis
2836 5584 3064 5642 Verona:
3090 5588 3410 5644 exsistentis
3436 5588 3675 5658 suberat,
3692 5592 3812 5647 col-

2209 5672 2394 5743 ligitur
2420 5691 2484 5729 ex
2507 5674 2692 5730 charta
2730 5692 2819 5731 an.
2858 5677 3018 5745 1258,
3053 5693 3085 5733 a
3119 5679 3337 5737 laudato
3364 5681 3642 5740 Canonico
3667 5685 3814 5741 indi-

2211 5778 2353 5833 cata,
2384 5765 2441 5821 in
2467 5780 2572 5837 qua
2601 5765 2828 5826 Domina
2846 5769 3036 5843 Agnes,
3062 5773 3182 5842 ejus
3205 5772 3472 5832 Tarvisinl
3493 5776 3811 5837 monasterii
