4216 6178
410 242 526 298 195
1258 226 1752 298 mssnnrmo
1779 239 1862 305 Ill,
1889 237 1980 294 nr.
2015 237 2071 292 s.
2102 237 2256 295 ΖΕΝ.
2293 198 2496 299 unus
2528 243 2617 300 ET
2645 244 2897 306 como.
3646 260 3752 314 om

406 358 472 415 S.
527 356 768 413 Zenonis
815 358 1101 423 monialis,
1140 358 1324 414 eodem
1369 351 1598 413 Abbate
1664 356 2041 413 consentiente
2068 358 2119 417 Α
2148 365 2259 424 nct,
2323 374 2373 412 v1
2410 359 2535 416 ldus
2567 363 2889 422 Decembris
2937 368 3052 425 hare
3108 370 3160 426 in
3205 369 3531 428 Calendario
3574 383 3757 429 notata

407 450 603 507 Fratri
638 449 893 504 Nolthwo
932 449 1105 505 Priori
1138 454 1285 506 totius
1310 446 1520 505 ordinis
1544 455 1768 525 fratrum
1800 450 2042 504 Heremi-
2147 449 2373 520 praefert
2406 469 2419 506 :
2464 452 2749 527 Conceptio
2775 458 2839 514 S.
2879 460 3066 518 Mariae
3107 463 3246 537 Virg.
3282 464 3506 521 Zenonis
3533 467 3759 537 episcopi

411 554 671 598 tonorum
715 557 812 597 eas
855 556 1051 597 omnes
1093 542 1331 598 rationes
1378 538 1649 612 donavit,
1697 558 1816 615 quae
1864 542 1918 597 in
1975 554 2042 596 ea
2144 552 2191 599 et
2221 544 2553 614 confessoris,
2582 563 2650 603 ex
2679 552 2876 621 quibus
2913 571 2975 611 ea
3014 556 3256 612 Ecclesia
3290 557 3473 614 Sancti
3510 550 3753 630 ejusdem
3810 539 3823 556 \

406 637 469 695 S.
506 637 751 692 Zenonis
794 636 1032 691 ecclesia
1067 637 1168 691 sibi
1210 645 1397 700 erant,
1425 651 1541 692 uno
1579 639 1855 693 usufructu
1891 634 2036 700 sibi,

407 731 595 804 quoad
628 731 865 796 viveret,
901 739 1140 795 retento,
1170 732 1239 784 ita
1262 738 1321 815 ut
1344 729 1520 784 solum
1546 743 1663 802 post
1697 730 1864 801 ipsius
1887 743 2037 782 mor-

411 834 525 878 tem
556 821 900 877 lleremitani
936 821 1138 875 fratres
1182 823 1234 875 in
1276 835 1461 875 earum
1510 825 1779 877 rationum
1824 835 2040 890 posscs-

406 916 628 971 sionem
659 915 951 969 venirent:
974 912 1123 982 quod
1140 912 1356 980 quidem
1375 928 1475 967 suo
1502 924 1745 985 tempore
1769 911 1900 986 [cm]
1929 911 2068 969 [ης-ι

408 1015 526 1061 tum
550 1021 619 1060 ex
652 1005 759 1061 alia
785 1005 980 1061 charta
1006 1005 1076 1060 ab
1102 1004 1293 1060 eodem
1323 1004 1600 1062 Canonico
1632 1008 1843 1062 inventa
1869 1017 2038 1075 atque

404 1097 647 1152 collecta
698 1095 1054 1152 manifestum
1086 1107 1192 1151 est.
1217 1096 1274 1152 In
1304 1096 1402 1152 hac
1426 1114 1588 1168 porro
1618 1100 1842 1156 ecclesia
1873 1100 2063 1157 hodie‘

402 1203 633 1259 quoque
688 1203 845 1243 sacra
891 1188 961 1243 de
1015 1187 1332 1243 conft-ssore
1379 1188 1636 1246 Pontiﬁce
1680 1202 2030 1263 peraguntur.

402 1282 704 1338 Postoroa:
730 1282 1039 1337 Tarvisinte
1062 1282 1265 1352 pariter
1292 1282 1546 1340 ditecesis
1581 1284 1639 1341 S.
1684 1284 1918 1340 Zenonis
1947 1301 2037 1341 ec-

401 1377 578 1431 clesia
626 1384 909 1445 superest,
946 1377 996 1429 in
1046 1393 1150 1447 qua
1204 1375 1384 1431 Pridie
1415 1378 1539 1434 ldus
1588 1379 1794 1449 Aprilis
1832 1379 2033 1437 festum

401 1470 746 1525 celebratur.
779 1468 858 1523 lbi
879 1479 1061 1524 autem
1096 1470 1235 1525 idem
1271 1471 1501 1527 Sanctus
1522 1474 1794 1545 praecipuo
1826 1472 2034 1535 honore

401 1562 863 1634 populorumque
896 1561 1246 1618 ﬁnitimorum
1279 1564 1542 1636 religione
1577 1565 1811 1636 quadam
1841 1567 2031 1638 singu-

400 1656 509 1710 lari
535 1654 765 1719 colitur,
790 1653 996 1724 quippe
1027 1654 1251 1724 singulis
1289 1644 1496 1725 quartis
1527 1654 1823 1712 Dominicis
1850 1657 2032 1726 cujus-

2143 642 2725 699 commemorationem
2757 655 2879 716 post
2920 648 3194 706 inductam
3220 640 3605 723 Conceptionis
3641 653 3753 710 fes-

2144 732 2407 789 tivitatem
2436 733 2632 792 fecisse
2659 742 3024 810 cognoscitur,
3058 758 3180 797 cum
3213 752 3369 799 antea
3402 744 3486 818 (ut
3514 745 3644 801 alibi
3665 761 3756 802 ac-

2143 822 2295 897 cidit)
2320 825 2389 880 de
2419 825 2476 882 S.
2509 826 2734 887 Zenone
2764 832 3002 887 officium
3029 834 3352 890 celebraret.

2215 919 2351 987 Quid
2398 920 2465 974 de
2496 924 2844 1003 squiteieust
2893 926 3136 982 Ecclesia
3174 926 3461 984 dicamus?
3489 910 3557 985 “in
3597 929 3753 1000 cujus

2140 1015 2366 1083 antiquo
2395 1015 2723 1075 Calendario
2750 1020 2837 1075 die
2881 1037 2974 1076 vut
3007 1020 3319 1077 Decembris
3348 1025 3531 1089 festum
3556 1024 3617 1080 S.
3645 1024 3750 1079 Ze-

2141 1110 2288 1163 nonis
2319 1109 2546 1182 episcOpi
2570 1124 2618 1166 et
2643 1115 2952 1184 confessoris
2983 1130 3098 1167 cum
3128 1114 3289 1169 tribus
3315 1115 3383 1168 ad
3434 1116 3748 1172 Matutinum

2139 1199 2445 1255 lectionibus
2483 1202 2872 1259 celebrandum
2905 1206 3080 1260 notari
3119 1207 3423 1262 observavit
3465 1209 3525 1263 P.
3573 1208 3747 1265 lleus-

2138 1291 2364 1348 chenius
2415 1309 2534 1365 pag.
2585 1296 2674 1350 τι).
2746 1297 2984 1352 Venetiis
3037 1312 3254 1369 quoque
3297 1299 3478 1370 simile
3526 1302 3745 1372 quidam

2137 1385 2266 1440 oiim
2302 1397 2577 1456 peractum
2611 1390 2676 1444 ad
2713 1390 2971 1444 saeculum
3004 1405 3172 1461 usque
3218 1408 3309 1446 xvr
3339 1407 3405 1448 ex
3442 1393 3662 1450 Perctto
3686 1396 3751 1450 li-

2137 1489 2265 1549 quet
2293 1521 2307 1545 ,
2349 1481 2438 1550 qui
2480 1479 2689 1538 Veneta
2730 1481 3050 1537 Calendaria
3105 1485 3245 1555 typis
3281 1484 3403 1539 data
3449 1486 3649 1557 allegat
3691 1488 3746 1543 iu

2136 1568 2373 1625 Scholiis
2402 1567 2608 1627 Latinis
2647 1572 2715 1627 ad
2745 1572 2926 1629 Vitam
2952 1571 3007 1628 S.
3041 1572 3301 1643 Zenonis,
3336 1590 3456 1647 pag.
3483 1576 3576 1644 8i,
3609 1578 3744 1634 edit.

2138 1664 2298 1730 1598,
2338 1664 2426 1720 ubi
2458 1665 2588 1722 item
2622 1668 2726 1721 alia
2759 1666 3082 1722 Calendaria
3108 1668 3299 1724 Brixiae
3322 1680 3377 1726 et
3401 1671 3629 1727 aliarum
3657 1671 3747 1728 Ci-

399 1763 514 1820 que
563 1750 776 1802 mensis
811 1762 912 1816 per
964 1757 1204 1802 a-statem
1240 1790 1255 1815 ,
1300 1751 1651 1819 processione
1697 1747 1926 1816 indicta,
1964 1752 2030 1806 ad

2138 1758 2363 1813 vitatum
2393 1760 2630 1829 appellat
2659 1760 2819 1814 etiam
2856 1760 3153 1829 impressa,
3181 1778 3300 1831 qua:
3327 1762 3415 1819 die
3437 1780 3511 1819 xu
3539 1765 3746 1836 Aprilis

396 1857 523 1897 eam
548 1840 851 1897 ecclesiam
894 1838 1324 1927 frequentissimi
1344 1839 1867 1909 confluunt,utcjus
1890 1845 2031 1913 apud
2136 1850 2508 1921 prmferebant
2537 1852 2601 1909 S.
2647 1850 2872 1905 Zenonis
2913 1854 3143 1923 episcopi
3190 1853 3520 1911 Veronensis.
3568 1854 3744 1912 Cano-

398 1932 577 1986 Deum
630 1930 1002 2001 patrocinium
1045 1947 1144 2002 pro
1175 1948 1430 2005 agrorum
1476 1937 1746 1993 reditibus
1787 1933 1888 1990 sibi
1928 1937 2030 1994 de-
2136 1946 2295 2000 uicus
2321 1945 2580 2010 Scottus,
2624 1944 2777 2014 cujus
2807 1961 2980 2016 nuper
3008 1949 3384 2017 meminimus,
3418 1965 3516 2021 per
3540 1950 3745 2021 episto—

394 2035 720 2098 precentur.
1266 2080 1275 2089 ,
2139 2034 2218 2090 las
2257 2037 2625 2109 signiﬁcavit,
2660 2036 2712 2090 in
2751 2038 3125 2111 manuscripto
3164 2056 3277 2097 suae
3302 2041 3599 2098 Tarvisinte
3640 2042 3746 2099 Ec-

470 2120 639 2175 Gradi
678 2119 889 2176 smculo
935 2135 1084 2176 nono
1112 2124 1402 2181 ecclesiam
1448 2126 1507 2180 S.
1539 2121 1782 2181 Zenonis
1824 2122 2033 2194 jamdiu
2136 2130 2318 2187 clesia:
2359 2128 2687 2186 Calendario
2718 2143 2786 2183 an
2828 2129 3000 2197 1525,
3029 2133 3172 2202 quod
3202 2136 3270 2189 ab
3309 2134 3613 2206 antiquiore
3658 2151 3747 2192 ex-

389 2214 718 2269 fabricatam
745 2222 983 2269 testatur
1008 2214 1397 2274 documentum
1423 2235 1454 2274 c
1476 2235 1582 2277 ms.
1610 2214 1824 2275 editum
1855 2218 1907 2272 in
1933 2235 2032 2275 no-
2132 2224 2400 2293 scriptum
2450 2227 2638 2274 monet
2660 2261 2674 2284 ,
2724 2220 2810 2275 dic.
2855 2233 3039 2279 octava
3086 2225 3396 2282 Decembris
3427 2226 3543 2282 haec
3589 2225 3691 2296 legi
3726 2244 3740 2280 :

388 2306 612 2361 vissima
644 2305 860 2377 Ughelli
884 2305 1126 2363 editione
1152 2317 1284 2366 tom.
1320 2328 1370 2377 ν,
1403 2327 1530 2383 pag.
1570 2309 1741 2375 “02,
1781 2310 1868 2364 ubi
1899 2311 2030 2367 For-
2140 2316 2201 2370 S.
2245 2316 2475 2371 Zenonis
2502 2314 2732 2385 episcopi
2761 2326 2807 2369 et
2851 2318 3162 2387 confessoris
3195 2335 3246 2374 IX
3292 2319 3465 2385 lectio,
3515 2318 3746 2389 Concep.

390 2412 615 2457 tunatus
636 2399 955 2455 Patriarcba
984 2398 1308 2469 Gradensis,
1341 2405 1435 2473 qui
1459 2403 1600 2460 obiit
1632 2419 1727 2459 an.
1763 2400 1893 2468 826,
1926 2420 2036 2460 me-
2139 2410 2209 2463 tio
2254 2409 2434 2464 Beata:
2480 2404 2665 2460 Maria:
2690 2409 2897 2479 duplex.
2931 2411 3248 2467 Mutinensis
3276 2412 3532 2468 Ecclesiae
3556 2411 3748 2466 Calen-

387 2506 646 2558 morans,
679 2507 795 2563 quin
823 2492 1013 2562 legat-it
1047 2508 1106 2546 ac
1139 2494 1263 2565 fecit
1284 2538 1299 2561 ,
1331 2507 1590 2552 recenset
1647 2498 1802 2552 inter
1829 2506 2030 2552 caetera
2136 2501 2356 2556 darium
2388 2499 2650 2567 scriptum
2685 2501 2900 2556 ineunte
2931 2503 3131 2558 saeculo
3163 2520 3217 2558 XI
3250 2504 3451 2559 editum
3484 2519 3514 2557 a
3552 2501 3745 2557 Bachi-

383 2587 439 2640 in
484 2584 545 2639 ς.
598 2583 808 2641 Zenone
856 2585 910 2637 in
958 2584 1167 2638 circuitu
1212 2586 1379 2642 altare
1419 2598 1470 2642 et
1514 2590 1767 2661 desuper
1816 2588 2031 2659 puteum
2136 2595 2230 2649 nio
2256 2600 2385 2665 post
2435 2590 2735 2660 Agncllum,
2791 2594 3078 2651 novissime
3101 2605 3280 2651 autem
3306 2611 3554 2652 recusum
3595 2593 3746 2668 [CLII]

381 2700 561 2739 unum.
2134 2697 2266 2743 tom.
2298 2701 2365 2749 ll,
2393 2692 2530 2753 part.
2565 2701 2614 2750 ι,
2644 2685 2770 2743 Rer.
2806 2688 3056 2756 ltalicar.,
3093 2706 3210 2761 pag.
3243 2689 3371 2757 ‘2l8,
3402 2706 3456 2745 vt
3499 2688 3590 2746 1d.
3618 2688 3742 2743 Dcc.

456 2777 690 2834 Torcelli
739 2778 798 2834 S.
844 2776 1073 2833 Zenonis
1114 2779 1313 2835 cultum
1360 2780 1739 2838 demonstrat
1787 2779 2023 2835 ecclesia
2130 2777 2399 2836 Dalmatii
2418 2776 2698 2834 etZenom‘s
2720 2779 2907 2836 festum
2929 2794 3137 2847 notans,
3155 2782 3410 2839 officiade
3429 2782 3510 2838 his
3528 2781 3744 2837 Mutinae

383 2874 503 2945 ejus
552 2874 622 2929 de
647 2874 863 2928 nomine
903 2884 1194 2945 nuncupata
1217 2874 1270 2928 in
1303 2873 1619 2944 diplomate
1658 2872 1939 2929 Friderici
1974 2872 2017 2939 Ι,
2125 2873 2325 2929 habita
2371 2871 2503 2927 satis
2545 2871 2764 2928 iudicat.
2809 2874 2864 2928 lu
2910 2877 3235 2932 monasterio
3281 2890 3496 2946 quoque
3545 2876 3746 2931 montis

387 2969 517 3023 dato
538 2967 1154 3024 Leonardo'l‘orcellano
1172 2970 1446 3039 episcOpo,
1477 2984 1575 3022 ao.
1615 2971 1797 3034 H77,
1829 2983 1952 3039 pag.
1984 2968 2019 3024 5
2118 2963 2359 3020 Cassini
2405 2966 2571 3022 nostri
2602 2965 2784 3023 Sancti
2816 2968 3074 3025 memoria
3121 2970 3172 3022 in
3214 2969 3384 3023 sacris
3415 2966 3612 3022 officiis
3644 2966 3742 3023 tie-

392 3063 669 3135 prodromi
714 3061 921 3132 prtcﬁxi
951 3062 1121 3118 codici
1165 3062 1299 3131 juris
1325 3062 1574 3131 gentium
1606 3064 1976 3133 diplomatico
2002 3104 2017 3129 ,
2123 3058 2248 3123 bat,
2294 3068 2363 3114 ut
2404 3075 2471 3116 ex
2498 3059 2822 3115 Calendario
2849 3059 2915 3114 ad
2961 3058 3089 3114 illud
3142 3060 3531 3141 monasterium
3577 3059 3742 3130 perti-

396 3172 560 3226 quem
606 3155 905 3211 Leibnitius
943 3152 1127 3209 edidit.
1180 3153 1280 3208 Hic
1318 3154 1481 3209 etiam
1509 3153 1790 3209 addemus
1820 3153 2016 3209 obser-
2044 3154 2090 3216 C
2124 3158 2298 3206 nente
2328 3193 2345 3218 ,
2379 3163 2436 3209 et
2485 3154 2629 3210 edito
2678 3162 2810 3208 tom.
2842 3169 2912 3208 vu
2953 3153 3081 3209 Rer.
3131 3152 3472 3220 Italicarum,
3518 3169 3571 3225 p.
3604 3152 3733 3219 936,

399 3248 674 3302 rationem
724 3262 830 3302 non
873 3243 1390 3317 praetermittendam
1419 3258 1486 3298 ex
1528 3258 1636 3297 ms.
1669 3245 2020 3300 membrana-

404 3338 508 3397 εἰθο
533 3340 591 3393 S.
625 3340 800 3394 Maria:
845 3339 915 3393 de
952 3339 1119 3393 Domo
1156 3337 1307 3391 urbis
1344 3335 1697 3390 Veronensis.
1733 3337 1833 3391 liic
1874 3336 2021 3391 enim

406 3432 580 3488 codex
612 3430 865 3501 scriptus,
896 3429 1136 3484 utcertis
1165 3443 1231 3483 ex
1259 3425 1473 3481 indiciis
1504 3425 1694 3495 liquet,
1716 3427 1920 3483 saeculo
1944 3444 2022 3494 XI,

410 3525 517 3581 etsi
549 3523 779 3579 Verona:
820 3522 980 3577 nobis
1021 3521 1271 3576 inventus
1297 3518 1429 3582 fuit,
1459 3531 1525 3570 ex
1552 3514 1772 3574 Sanctis
1817 3529 2026 3587 tamen,

412 3620 505 3691 qui
537 3620 588 3672 in
615 3618 935 3674 Calendario
965 3616 1185 3687 praeﬁxo
1212 3630 1279 3669 ac
1308 3615 1362 3667 in
1398 3612 1599 3667 litaniis
1628 3627 2025 3682 memorantur,

416 3724 564 3785 patet
605 3714 875 3784 proprium
917 3711 1081 3766 fuisse
1117 3708 1373 3765 Ecclesisc
1402 3707 1740 3763 'l'orcellanzc
1764 3749 1781 3777 ,
1813 3722 1906 3765 aut
1943 3712 2030 3766 al-

419 3808 591 3864 terius
640 3823 707 3863 ex
746 3807 843 3875 iis,
882 3822 1003 3878 quae
1046 3805 1100 3860 in
1142 3802 1416 3859 mstoariis
1460 3801 1792 3858 Venetorum
1841 3805 2032 3874 positio

422 3911 596 3959 erant.
630 3902 727 3958 Hic
754 3916 883 3972 ergo
915 3901 1051 3955 liber
1092 3915 1196 3953 non
1226 3898 1403 3954 solum
1446 3896 1503 3950 S.
1546 3896 1787 3951 Zenonis
1833 3900 2031 3957 festum

422 4012 485 4053 ea
514 3997 569 4050 in
599 3995 839 4052 Ecclesia
866 4008 962 4049 seu
984 3992 1239 4055 Torcelli,
1274 4004 1372 4045 seu
1399 3989 1623 4043 alterius
1649 3993 2031 4048 :estuariorom

425 4089 759 4144 Venetorum
814 4086 962 4141 urbis
1000 4084 1333 4140 celebratum
1383 4078 1565 4149 prodit
1594 4096 1649 4135 γι
1695 4080 1771 4135 Id.
1809 4083 2033 4138 Deccm-

424 4182 575 4246 bris;
624 4178 720 4234 sed
770 4177 1009 4248 ejusdem
1057 4176 1222 4230 etiam
1279 4187 1476 4228 nomen
1532 4173 1585 4227 in
1639 4172 1844 4228 litaniis
1892 4178 2035 4231 inter

423 4271 783 4330 Confessorcs
825 4271 1089 4324 incertum
1120 4266 1341 4323 exhibet
1370 4264 1424 4319 in
1455 4262 1656 4320 Ordine
1698 4266 1765 4321 ad
1797 4267 2030 4323 dandam

422 4364 804 4438 pumilentiam
835 4361 914 4417 sic
942 4381 956 4415 :
994 4361 1054 4417 S.
1078 4361 1384 4432 Augustine.
1412 4356 1471 4414 S.
1499 4357 1738 4425 Nicolae,
1774 4361 1834 4415 S.
1866 4362 2028 4429 Zeno,

425 4461 487 4515 S.
534 4457 783 4521 Procule,
825 4465 929 4511 etc.
958 4496 973 4522 ,
1005 4453 1200 4525 quibus
1246 4452 1301 4507 in
1345 4451 1543 4506 litaniis
1571 4467 1694 4505 cum
1726 4461 2028 4523 temporum

2125 3246 2177 3299 in
2211 3259 2333 3314 quo
2361 3249 2483 3320 ejus
2509 3248 2704 3304 festum
2730 3259 2961 3313 notatur,
2995 3247 3119 3301 licet
3144 3261 3493 3317 cognoscere.
3523 3246 3660 3315 Quin
3685 3246 3737 3301 in

2126 3338 2395 3406 universa
2476 3344 2892 3415 congregatione
2956 3342 3148 3398 Montis
3212 3340 3422 3396 Cassini
3497 3341 3734 3411 ejusdem

2130 3431 2321 3489 Sancti
2374 3439 2693 3493 memoriam
2727 3446 2996 3511 peractam
3038 3437 3323 3493 didicimus
3366 3453 3432 3492 ex
3475 3436 3739 3491 Calenda-

2130 3525 2213 3579 1·Ῑο
2235 3565 2249 3589 ,
2281 3530 2433 3597 qtmd
2472 3532 2747 3600 praeﬁxum
2793 3532 3022 3586 vidimus
3050 3530 3309 3585 Psallerio
3334 3529 3623 3583 Monastico
3651 3546 3735 3583 or-

2132 3615 2270 3671 dinis
2302 3616 2367 3673 S.
2397 3618 2664 3678 Benedicti
2705 3620 3124 3694 Congregotionis
3156 3620 3474 3676 Cassinensis
3512 3619 3573 3674 S‘.
3612 3617 3738 3674 Jus-

2135 3711 2255 3765 tinw
2294 3712 2360 3765 de
2398 3713 2603 3783 Paduo,
2647 3717 2880 3773 Venetiis
2907 3717 3050 3771 edito
3082 3729 3167 3769 an.
3202 3713 3367 3781 1006,
3402 3714 3453 3768 in
3482 3729 3588 3784 quo
3619 3712 3736 3768 lucc

2135 3803 2391 3873 leguntur
2436 3824 2624 3865 mense
2676 3809 2986 3864 Decembris
3033 3807 3120 3862 die
3162 3814 3354 3861 octavo
3395 3824 3408 3861 :
3457 3804 3734 3875 Conceptio

2138 3895 2200 3948 Β.
2238 3896 2426 3953 Maria:
2462 3899 2711 3972 Virginis,
2734 3902 2931 3973 duplex
2961 3902 3150 3972 majus,
3177 3912 3223 3955 et
3244 3900 3467 3954 Zenonis
3508 3900 3735 3972 epismpi

2135 3999 2181 4041 et
2205 3993 2445 4061 martyris
2467 3996 2884 4047 commemoratio
2908 4011 2925 4059 ;
2953 4010 3070 4064 qua:
3102 3992 3314 4063 quidem
3343 4005 3745 4047 commemora;

2138 4081 2231 4147 lio,
2261 4083 2357 4139 sed
2384 4099 2504 4138 cum
2528 4088 2647 4142 solo
2677 4088 2959 4143 sacerdotis
2987 4098 3033 4143 et
3060 4087 3370 4161 confessoris
3398 4086 3572 4153 titulo,
3605 4086 3731 4141 item

2136 4172 2330 4245 legitur
2381 4177 2570 4232 eodem
2628 4179 2718 4235 die
2779 4182 2831 4235 in
2882 4197 2983 4236 ms.
3050 4181 3321 4235 Breviario
3364 4180 3733 4245 Bcncdictino,

2135 4268 2338 4337 scripto
2363 4269 2502 4323 circa
2553 4270 2764 4325 initium
2799 4288 2865 4327 xv
2896 4274 3080 4328 saaculi
3108 4315 3122 4338 ,
3155 4272 3295 4341 quod
3338 4271 3403 4327 ad
3443 4272 3733 4327 'l‘icinensc

2135 4361 2522 4414 monasterium
2564 4362 2889 4430 pertinebat.
2942 4364 3053 4417 lloc
3100 4372 3276 4418 autent
3325 4364 3443 4425 loco
3484 4364 3733 4419 omittere

2136 4450 2389 4505 nolumus
2436 4453 2488 4506 in
2533 4452 2858 4510 Calendario
2897 4471 3110 4527 quoque
3155 4456 3413 4511 Breviarii
3446 4473 3547 4511 ms.
3596 4458 3731 4513 Fra—

424 4557 565 4610 ordo
595 4553 648 4607 in
677 4551 798 4606 aliis
835 4549 1048 4606 Sanctis
1078 4545 1429 4604 recensendis
1472 4560 1812 4615 nequaquam
1847 4555 2031 4603 tenca-
2058 4545 2108 4605 Ι)
2138 4552 2274 4597 trum
2324 4544 2588 4599 Miuorum
2612 4588 2625 4609 ,
2670 4548 2814 4616 quod
2866 4548 2916 4602 in
2965 4548 3297 4605 Tridentioae
3344 4549 3599 4604 Ecclesia:
3650 4550 3732 4605 bi-

428 4657 540 4710 tur,
576 4643 710 4699 nihil
745 4642 961 4707 mirum,
993 4632 1044 4695 si
1067 4639 1126 4695 S.
1160 4638 1309 4693 Zeno
1340 4646 1536 4708 prater
1563 4637 1790 4691 aliarum
1821 4639 2033 4693 litania-

427 4753 553 4792 rum
597 4735 862 4788 rationem
891 4732 948 4789 S.
990 4732 1221 4787 Proculo
1252 4729 1555 4799 praefertur.
1587 4727 1721 4785 Cum
1771 4744 1932 4801 porro
1974 4730 2031 4786 in

430 4826 654 4882 laudato
692 4822 1011 4880 Calendario
1057 4838 1108 4878 v1
1156 4820 1240 4875 Id.
1289 4818 1579 4875 Decembris
1642 4821 1875 4876 Zenonis
1919 4823 2033 4892 epi-

428 4918 585 4986 scOpi
610 4917 803 4970 festum
829 4924 1099 4987 ponatur;
1122 4912 1246 4968 inde
1274 4913 1473 4968 factum
1503 4913 1777 4969 credimus
1836 4923 1892 4967 ut
1924 4914 2029 4968 Pc-

432 5021 550 5065 trus
572 5009 640 5063 de
661 5008 957 5075 Natalibus,
988 5009 1278 5077 episcopus
1301 5007 1602 5077 Equilinus,
1624 5007 1692 5061 iis
1714 5008 1767 5062 in
1789 5009 2032 5078 partibus

430 5105 643 5174 degens
668 5142 684 5165 ,
716 5116 833 5155 cum
862 5100 1211 5157 observasset
1233 5100 1288 5154 in
1329 5098 1589 5155 Ecclesiis
1617 5099 1719 5154 sibi
1745 5100 1887 5155 notis
1913 5100 2032 5170 ejus

428 5192 619 5250 Sancti
650 5190 962 5246 memoriam
996 5206 1062 5246 eo
1084 5189 1174 5246 die
1199 5199 1462 5256 notatam,
1487 5190 1749 5259 putaverit
1778 5190 2029 5246 eumdem

432 5287 586 5342 diem
607 5284 835 5340 Zenonis
866 5284 1219 5339 emortualem
1253 5283 1440 5352 fuisse,
1472 5300 1535 5339 ac
1559 5284 1781 5354 proinde
1810 5286 1861 5339 in
1884 5296 2030 5341 cata-

430 5382 567 5451 logo
594 5378 690 5434 SS.
723 5378 818 5433 lib.
849 5393 887 5443 t,
916 5392 1036 5448 cap.
1068 5377 1159 5443 43,
1190 5377 1467 5447 scripserit
1497 5394 1512 5435 :
1546 5377 1613 5431 In
1643 5394 1768 5450 pace
1796 5379 2031 5450 migravit

422 5479 500 5534 ad
531 5475 809 5529 Dominum
834 5489 889 5530 vr
920 5472 1007 5527 Id.
1040 5471 1354 5528 Decembris.

502 5572 561 5627 In
604 5570 792 5626 Canali
837 5568 1201 5637 Forojuliensi
1245 5583 1380 5639 pago
1423 5568 1523 5623 sub
1569 5568 1909 5640 imperatoris
1947 5568 2030 5624 di-

421 5669 580 5723 tioue
608 5662 668 5721 S.
709 5661 943 5718 Zenonis
974 5664 1204 5720 ecclesia
1242 5672 1445 5727 exstat;
1470 5672 1525 5717 et
1555 5662 1889 5718 Breviarinm
1923 5679 2025 5721 ms.

420 5757 617 5816 sa‘culi
662 5768 783 5821 xw,
813 5755 953 5827 quod
983 5738 1048 5811 ad
1087 5752 1509 5823 Foroiuliensem
1541 5752 1827 5810 ecclesiam
1862 5755 2030 5824 perti-

2138 4638 2403 4694 bliotheca
2437 4648 2643 4710 prostat
2667 4684 2680 4706 ,
2712 4641 2960 4698 similiter
2990 4644 3091 4713 legi
3128 4661 3140 4696 :
3184 4659 3270 4698 \‘III
3305 4641 3430 4697 Dec.
3457 4641 3734 4712 Conceptio

2138 4732 2198 4788 S.
2253 4732 2437 4786 Maritc
2487 4731 2735 4805 Virginis,
2778 4746 2827 4791 et
2873 4736 2934 4792 S.
2978 4736 3201 4791 Zenonis
3248 4736 3556 4807 confessoris
3600 4753 3619 4791 :
3667 4751 3733 4792 ex

2135 4828 2330 4898 quibus
2388 4828 2456 4883 ab
2492 4828 2683 4885 ordine
2708 4832 2871 4886 etiam
2926 4830 3172 4886 Fratrum
3205 4831 3466 4886 Minorum
3509 4830 3568 4887 S.
3613 4830 3737 4899 Epi-

2133 4936 2355 4992 sc0pum
2388 4933 2547 4978 extra
2592 4924 2857 4979 Veronam
2889 4926 3092 4981 cultum
3121 4926 3286 4981 fuisse
3334 4928 3732 4996 cognoscimus.

2132 5012 2267 5068 Cum
2294 5028 2425 5067 vero
2468 5014 2599 5069 illud
2635 5014 2964 5070 Breviarium
2995 5032 3099 5071 ms.
3151 5032 3180 5070 a
3218 5016 3574 5071 celeberrimo
3603 5015 3735 5070 Ber-

2135 5104 2304 5157 nardo
2343 5101 2522 5159 Clesio
2569 5104 2826 5160 cardinali
2879 5115 2936 5161 et
2964 5108 3220 5179 episcopo
3260 5108 3577 5163 Tridentino
3617 5124 3732 5163 cm-

2134 5208 2283 5267 ptum
2328 5196 2489 5252 fuerit
2520 5200 2773 5269 Augustae
2805 5200 3205 5257 Vindelicorom
3239 5220 3251 5255 :
3306 5202 3588 5272 probabile
3648 5211 3731 5257 est

2135 5292 2470 5349 Breviarium
2503 5295 2632 5350 illud
2663 5295 2728 5350 ad
2754 5295 2984 5366 aliquem
3014 5298 3261 5353 Fratrum
3305 5299 3568 5355 Minorum
3600 5312 3731 5353 con-

2134 5395 2356 5440 ventum
2383 5388 2435 5441 in
2461 5386 2748 5443 Germania
2784 5389 3127 5458 pertinuisse,
3152 5401 3207 5445 ut
3234 5390 3336 5444 hoc
3362 5389 3724 5447 tcsumonium

2135 5476 2204 5531 ad
2262 5476 2319 5533 S.
2374 5477 2612 5535 Zenonis
2659 5480 2862 5534 cultum
2912 5490 3062 5537 extra
3118 5481 3324 5537 Italiam
3374 5487 3725 5551 propagatum

2132 5571 2567 5629 consumendum
2612 5576 2832 5644 propius
2878 5584 3117 5645 spectet,
3149 5576 3217 5631 de
3259 5590 3365 5645 quo
3395 5576 3449 5630 in
3479 5574 3724 5641 sequenti

2134 5667 2473 5737 Ρθτθὲτθνὶιο
2500 5669 2605 5725 erit
2647 5683 2848 5723 sermo.
2889 5669 2996 5725 Sed
3028 5681 3085 5723 ut
3117 5669 3183 5724 ad
3223 5685 3449 5737 scopum
3491 5678 3726 5722 reverta-

2133 5774 2277 5825 mur,
2306 5758 2581 5822 Brc‘viaria
2617 5772 2672 5819 ct
2697 5760 3036 5825 Calendaria,
3072 5777 3174 5819 non
3201 5771 3376 5820 autem
3409 5757 3731 5829 Martyrolm
