4216 6178
472 272 575 332 187

1853 271 2391 349 rnowoouans.

3604 344 3625 359 ς
3671 280 3772 336 tau

466 392 552 462 gia
578 390 968 461 allegavimus;
1000 404 1124 450 nam
1147 389 1200 444 in
1230 386 1548 444 Calendaria
1579 396 1633 444 et
1663 387 1938 446 Breviaria
1963 387 2067 445 Ee-
2093 391 2145 451 Α
2171 399 2339 461 gelant
2370 406 2517 443 suum
2545 390 2733 444 electus
2756 430 2771 457 ,
2801 389 2855 444 in
2886 388 3021 443 hunc
3057 403 3218 458 usque
3251 388 3387 451 diem
3409 404 3583 442 αιιιιιιο
3609 390 3774 460 oﬁcio

469 484 782 554 clesiarum,
810 485 895 541 vel
926 483 1332 555 Religiosorum
1351 481 1603 540 ordinum
1631 482 1952 555 plerumque
1977 498 2071 539 eo-

473 593 590 633 rum
621 577 968 643 solummodo
1009 578 1331 635 Sanctorum
1364 576 1581 637 nomina
1619 577 1789 639 relata
1817 578 2030 633 luerunt
2054 618 2070 643 ,

471 687 703 742 quorum
732 672 908 729 oltieia
936 671 1135 729 ibidem
1168 672 1566 743 peragebantur
1588 672 1676 744 (ex
1702 687 1809 743 quo
1832 672 2075 743 plerique

471 763 589 823 dies
620 765 672 820 in
703 764 809 820 illis
839 774 1056 831 vacant,
1090 779 1198 834 quo
1227 764 1477 821 feriarum
1505 763 1681 820 ollicia
1712 763 2072 834 dicerentur),

474 872 593 911 cum
623 872 654 914 e
681 865 869 913 contra
915 858 970 915 in
1016 856 1413 930 Martyrologiis
1452 857 1875 914 discriberentur
1914 858 2077 927 pleri-

380 950 387 959 ‘
474 965 579 1020 que
605 992 620 1015 ,
670 949 868 1021 quibus
900 949 1031 1009 nihil
1083 950 1338 1020 praecipui
1370 950 1546 1005 cultus
1577 949 1894 1007 deferretur.
1940 949 2075 1005 Cum

478 1044 659 1114 itaque
684 1044 741 1099 S.
768 1043 917 1099 Zeno
946 1059 1053 1101 non
1082 1044 1256 1100 solum
1286 1044 1437 1123 in_iis
1466 1034 1744 1111 Ecelesiis,
1770 1045 1856 1101 vel
1882 1044 2082 1101 Civita-

479 1140 643 1208 tibus,
670 1156 897 1209 quarum
925 1152 1041 1196 erat
1073 1151 1335 1211 patronus
1357 1182 1374 1208 ,
1407 1140 1500 1195 sed
1533 1142 1587 1195 in
1610 1140 1729 1196 aliis
1752 1148 1809 1197 et
1837 1140 2081 1196 Civitati-

477 1231 609 1300 bus,
638 1241 694 1288 et
728 1232 986 1289 Ecclesiis
1011 1273 1027 1299 ,
1059 1245 1114 1288 et
1149 1233 1547 1303 Religiosorum
1573 1231 1827 1288 ordinum
1851 1247 2078 1303 congre-

476 1325 785 1394 gationibus
826 1326 1121 1382 universim
1150 1326 1236 1382 vel
1268 1325 1450 1381 ofﬁcio
1482 1327 1720 1397 proprio,
1749 1327 1830 1382 vel
1863 1325 2079 1396 propria

479 1417 670 1473 saltem
735 1419 1250 1475 commemoratione
1316 1417 1499 1489 (quam
1567 1418 1620 1472 in
1698 1416 2082 1488 Coneeptionis

482 1506 661 1563 Beatte
692 1508 870 1567 Maria:
900 1508 1127 1578 gratiam
1172 1512 1340 1564 veteri
1390 1508 1447 1565 S.
1488 1508 1723 1564 Zenonis
1763 1507 2082 1564 ofﬁciusnf-

484 1599 677 1657 l'cctam
706 1600 970 1658 credibile
995 1600 1101 1673 est)
1127 1603 1399 1658 coleretur
1424 1620 1438 1656 :
1464 1603 1585 1671 quis
1613 1603 1941 1672 praecipuum
1966 1603 2083 1673 ejus

483 1694 685 1751 enltum
718 1694 1201 1765 eelebritatemque
1231 1693 1509 1751 miriﬁcam
1540 1695 1672 1750 tanti
1696 1694 1948 1766 Episcopi
1974 1710 2081 1750 non

479 1787 661 1847 statim
695 1786 996 1858 intelligat?

556 1878 682 1935 Haec
710 1888 871 1945 sunt,
900 1893 1020 1944 (tua:
1051 1877 1246 1947 partim
1283 1893 1350 1935 ex
1383 1876 1543 1935 editis
1574 1876 1738 1935 Italia:
1767 1892 2085 1934 monumen-

489 1969 558 2024 tis
582 2011 596 2033 ,
632 1970 826 2039 partim
859 1984 954 2040 per
981 1969 1192 2027 litteras
1230 1985 1257 2022 a
1311 1970 1586 2025 nonnullis
1629 1969 1819 2025 amicis
1846 1968 1913 2025 de
1941 1970 2089 2025 cultu

486 2063 544 2117 ὃ.
579 2061 815 2119 Zenonis
845 2077 941 2133 per
970 2061 1173 2119 Italiam
1204 2062 1460 2132 colligere
1501 2062 1808 2132 potuimus;
1850 2062 2090 2132 nihilque

486 2156 825 2224 dubitamus,
866 2157 996 2226 quin
1024 2157 1068 2212 si
1111 2156 1371 2227 majorem
1416 2158 1472 2212 in
1498 2156 1832 2228 exquirendo
1859 2156 2087 2227 diligen-

488 2250 617 2306 tiam
647 2250 919 2306 collocare
949 2265 1046 2321 per
1080 2259 1293 2321 tempus
1331 2252 1415 2307 vel
1449 2265 1546 2321 per
1575 2251 1779 2306 amicos
1808 2250 2088 2320 licuisset,

487 2342 609 2409 aliis
644 2356 860 2413 quoque
902 2342 956 2399 in
986 2342 1294 2398 civitatibus
1333 2357 1397 2399 ac
1426 2340 1752 2413 provinciis,
1799 2343 1852 2398 in
1897 2341 2092 2413 quibus

492 2437 640 2493 nulla
681 2437 987 2506 inquirendi
1017 2437 1270 2502 occasio,
1318 2452 1417 2493 nec
1460 2438 1713 2493 idoneum
1744 2446 1957 2509 tempus
1999 2452 2093 2508 pa-

493 2532 614 2599 tuit,
646 2529 767 2585 alia:
798 2529 1034 2585 Zenonis
1064 2529 1435 2608 invenirentur
1462 2529 1731 2596 ecclesiae,
1762 2530 1976 2600 aliaque
1995 2545 2093 2585 an-

498 2623 627 2694 tiqui
665 2623 840 2679 cnltns
885 2622 1190 2678 testimonia
1231 2630 1579 2692 suppeterent
1604 2661 1619 2687 ,
1663 2635 1785 2676 cum
1829 2620 1971 2677 inter
1999 2635 2093 2677 eas

493 2714 761 2783 civitates,
796 2730 828 2770 e
867 2713 1063 2785 quibus
1113 2715 1296 2785 petita:
1327 2728 1357 2769 a
1405 2712 1559 2769 nobis
1606 2712 1821 2769 luerunt
1864 2711 2092 2777 notitias,

495 2808 641 2863 nulla
671 2807 932 2865 hactenus
969 2807 1131 2864 fuerit
1154 2808 1394 2872 inventa,
1421 2822 1542 2877 quas
1567 2806 1773 2876 aliquot
1800 2805 1853 2860 id
1881 2808 2096 2876 generis

498 2911 845 2958 monumenta
890 2916 997 2957 non
1051 2901 1401 2971 suggesserit.
1444 2899 1522 2955 Ex
1568 2899 1653 2954 his
1687 2900 1847 2970 igitur
1873 2914 1993 2968 qum
2027 2898 2097 2954 de

496 2996 681 3068 paucis
707 2994 873 3050 Italiae
902 2994 1124 3051 urbibus
1154 2995 1450 3065 attigimus,
1509 2993 1714 3063 reliqua
1747 2993 1974 3049 lectores
2000 3007 2097 3063 per

496 3104 557 3145 se
598 3090 851 3160 colligant
893 3107 906 3143 ι
946 3099 1002 3144 et
1043 3105 1165 3144 cum
1206 3089 1482 3159 antiquum
1525 3088 1740 3158 lateque
1784 3096 1894 3143 tota
1944 3086 2096 3143 Italia

2173 484 2226 537 in
2256 482 2581 555 Frisiugensi
2607 482 2839 538 Ecclesia
2865 486 3088 538 colatur.
3118 482 3300 552 Neque
3329 481 3387 539 S.
3417 482 3775 538 Corhinianns

2174 575 2324 631 solus
2351 575 2401 629 in
2426 574 2715 630 Germania
2737 575 2941 630 exstitit
2989 575 3082 645 qui
3108 574 3164 629 S.
3195 573 3467 630 Zenonem
3494 582 3604 629 tam
3636 590 3775 644 pnn-

2177 669 2337 739 cipuo
2376 668 2586 724 honore
2614 667 2848 723 coluerit
2879 685 2901 743 :.
2930 683 3051 723 nam
3097 667 3365 739 Iosephus
3403 667 3618 724 Tertius
3658 667 3778 721 Fri—

2178 760 2447 833 singcnsis
2464 761 2766 831 episcopus,
2786 760 2991 816 electus
3011 776 3102 815 an.
3127 760 3251 825 τις),
3273 761 3661 816 monasterium
3677 760 3777 819 lsaa

2181 868 2351 909 nense
2395 853 2446 909 in
2479 853 2739 909 honorem
2785 853 2844 911 S.
2892 853 3124 910 Zenonis
3173 853 3496 909 Veronensis
3535 856 3774 927 episcopi

2180 947 2384 1011 erexit,
2417 947 2491 1001 nti
2522 947 2702 1018 prodit
2732 947 2873 1001 idem
2913 946 2974 1001 P.
3011 945 3373 1003 Meichelbeclt
3398 990 3411 1013 ,
3443 963 3561 1017 pag.
3604 947 3695 1013 50,
3722 958 3778 1003 et

2180 1053 2360 1108 seqq.,
2410 1038 2499 1092 ubi
2549 1038 2683 1093 duas
2712 1038 3064 1093 donationum
3113 1039 3334 1109 paginas
3377 1039 3607 1106 recitat,
3657 1055 3777 1110 quas

2184 1133 2240 1190 S.
2276 1131 2513 1188 Zenonis
2538 1132 2783 1188 ecclesia:
2816 1132 3025 1187 tradita:
3055 1131 3288 1187 luerunt.
3322 1131 3402 1187 Ad
3432 1133 3609 1187 locum
3635 1132 3776 1201 quod

2182 1226 2410 1292 attinet,
2453 1226 2831 1280 animadvertit
2864 1241 2982 1296 pag.
3017 1225 3087 1279 52
3138 1242 3153 1279 :
3196 1223 3393 1279 Nostra
3430 1233 3583 1280 (etate
3620 1224 3779 1281 lsana

2184 1329 2257 1374 est
2298 1320 2634 1390 municipium
2685 1318 3049 1389 Frisingensc;
3105 1327 3153 1372 et
3189 1318 3291 1372 divi
3335 1316 3560 1373 Zenonis
3602 1316 3771 1372 Colle-

2184 1413 2400 1483 giatant,
2427 1421 2485 1467 ut
2518 1422 2698 1467 vorant
2717 1454 2730 1477 ,
2757 1412 3027 1466 ecclesiam
3042 1412 3158 1483 jam
3185 1411 3458 1466 saculares
3484 1410 3729 1466 Canonici
3752 1427 3784 1465 ιι

2185 1505 2362 1560 multis
2390 1505 2592 1559 swrulis
2622 1504 2867 1560 obtinent.
3164 1564 3171 1567 ν

2258 1595 2392 1650 Dein
2439 1594 2607 1650 Hallce
2650 1594 2703 1649 in
2748 1592 2971 1650 dimcesi
3014 1592 3453 1664 Salisburgensi,
3496 1593 3588 1665 qui
3629 1593 3788 1650 Iocus

2188 1705 2329 1746 nunc
2366 1688 2565 1744 dicitur
2604 1688 2988 1758 Ileichenball,
3020 1699 3105 1745 est
3144 1689 3361 1745 celebre
3405 1690 3789 1744 monasterium

2115 1782 2165 1845 B
2190 1782 2247 1840 S.
2281 1781 2518 1838 Zenonis
2538 1825 2551 1849 ,
2581 1782 2650 1838 de
2676 1798 2786 1853 quo
2811 1782 2963 1852 plura
2992 1782 3271 1854 Vignleius
3300 1782 3545 1837 Ilundius
3573 1790 3706 1837 tom.
3740 1797 3790 1847 I,

2191 1890 2311 1945 pag.
2342 1876 2397 1940 9,
2430 1874 2740 1945 Metropolis
2776 1875 3243 1946 Salisburgensis,
3288 1884 3343 1931 et
3382 1885 3514 1931 tom.
3549 1890 3639 1941 tu,
3671 1890 3790 1945 pag.

2191 1971 2329 2036 505,
2366 1986 2574 2026 necnon
2631 1971 2737 2026 PP.
2770 1971 3093 2027 It‘ranciscus
3133 1979 3188 2026 et
3230 1970 3426 2025 Paulus
3453 1969 3702 2039 Metgcrii
3744 1968 3796 2023 in

2193 2064 2427 2119 Ilistoria
2462 2063 2860 2132 Salisburgensi
2881 2103 2897 2130 ,
2930 2063 3023 2117 lib.
3054 2077 3131 2127 tv,
3162 2076 3285 2133 cap.
3319 2062 3403 2124 It),
3440 2077 3560 2132 pag.
3591 2061 3716 2127 383,
3744 2066 3800 2117 et

2192 2159 2290 2215 lib.
2323 2174 2404 2226 vi,
2436 2172 2556 2230 pag.
2591 2157 2750 2224 1255,
2809 2156 3067 2212 nonnulla
3095 2170 3227 2212 vero
3258 2156 3317 2210 P.
3349 2155 3637 2211 Hansizius
3668 2164 3798 2209 tom.

2192 2269 2230 2307 ιι
2267 2250 2570 2308 Germania:
2595 2250 2794 2305 Sacra}.
2823 2249 2973 2327 Olimx
2992 2259 3110 2306 erat
3162 2249 3411 2319 parochia
3429 2292 3443 2314 ,
3468 2265 3590 2319 qum
3617 2248 3800 2303 subin-

2195 2345 2292 2410 de,
2327 2346 2570 2400 instituta
2613 2343 3005 2413 Prtcpositura,
3049 2358 3079 2397 a
3121 2340 3370 2398 Conrado
3428 2340 3479 2406 I,
3521 2340 3803 2411 Arehii-pi-

2196 2454 2366 2511 scopo
2396 2438 2814 2509 Salisburgensi,
2845 2437 2933 2507 qui
2964 2451 2996 2491 e
3022 2435 3157 2490 vivis
3186 2435 3424 2492 excessit
3463 2450 3604 2489 anno
3628 2435 3787 2498 1147,

2196 2533 2474 2591 canonicis
2500 2532 2858 2600 Regularibus
2883 2530 3072 2585 tradita
3103 2530 3220 2597 luit,
3262 2539 3317 2583 ut
3339 2528 3482 2584 idem
3511 2527 3793 2584 Hansizius

2184 2627 2557 2687 demonstrat.
2584 2625 2642 2680 In
2679 2623 2784 2679 hoc
2810 2631 2990 2678 autem
3025 2621 3356 2676 monasterio
3388 2630 3501 2676 tres
3530 2616 3648 2675 dies
3678 2618 3798 2673 festi

2200 2721 2256 2777 S.
2290 2720 2525 2775 Zenonis
2567 2718 2727 2773 hodie
2765 2729 2979 2787 quoque
3020 2714 3361 2770 celebrantur
3397 2729 3522 2769 cum
3562 2712 3800 2783 peculia-
3874 2780 3879 2787 .

2199 2813 2347 2868 ribus
2374 2811 2706 2867 orationibus
2734 2809 2874 2864 inter
2896 2815 3241 2862 monumenta
3267 2805 3658 2871 describendis,
3681 2821 3799 2875 qnzc

2200 2907 2268 2962 ab
2296 2906 2527 2977 antiquis
2568 2906 2739 2959 tribns
2778 2903 2957 2959 missis
2994 2901 3229 2973 propriis
3268 2902 3533 2971 originem
3576 2899 3797 2956 ducunt.

2202 3000 2389 3055 Exstat
2438 3005 2699 3070 pra-terea
2740 2996 2939 3053 ibidem
2966 3004 3221 3067 argentea
3248 2996 3305 3051 S.
3330 2994 3564 3049 Zenonis
3603 3002 3796 3060 statua,

2201 3109 2344 3150 anno
2374 3093 2511 3149 “80
2537 3093 2866 3156 constructa,
2898 3091 2952 3145 in
2979 3092 3131 3159 cujus
3159 3100 3372 3160 pectore
3399 3102 3523 3159 pars
3551 3087 3797 3159 quaedam

498 3189 842 3253 pervagatum
870 3180 930 3239 S-
963 3181 1195 3237 Zenonis
1223 3182 1428 3237 cultum
1456 3188 1788 3252 agnoscent.
1824 3189 1934 3235 ιιηιι
1965 3195 2095 3234 vero
2122 3172 2166 3232 C
2200 3186 2453 3242 notabilis
2479 3199 2751 3240 sacrarum
2780 3184 3125 3253 reliquiarum
3149 3182 3390 3253 ejusdem
3412 3181 3652 3252 episcopi
3675 3195 3801 3234 t'Oll-

504 3275 802 3345 antiquam,
835 3292 1111 3348 perraram
1136 3318 1150 3343 ,
1183 3278 1475 3347 paucisque
1514 3277 1716 3331 sanctis
1750 3290 2093 3334 communem

502 3370 718 3426 Patroni
755 3372 923 3426 nostri
950 3370 1319 3426 celebritatem
1348 3370 1711 3426 admirentur.

502 3464 531 3533 §
560 3462 644 3518 III.
666 3492 737 3503 —
764 3462 844 3518 De
862 3464 1003 3519 cultu
1035 3462 1096 3519 S.
1134 3461 1356 3517 Zenonis
1384 3472 1528 3517 extra
1559 3461 1767 3517 Italiam
1796 3473 2091 3536 pervagato.

570 3554 707 3622 Quid
736 3556 779 3610 si
807 3569 912 3610 non
969 3555 1106 3610 intra
1132 3554 1300 3609 Italia:
1330 3554 1525 3621 solum,
1575 3554 1940 3623 amplissimos
1989 3568 2098 3607 cac-

499 3649 743 3718 teroquin
777 3648 913 3705 lines
938 3690 952 3715 ,
986 3649 1079 3703 sed
1108 3658 1259 3704 extra
1299 3648 1449 3714 ipsos
1478 3648 1649 3704 sancti
1692 3647 1924 3703 Zenonis
1954 3646 2094 3702 fama

499 3740 784 3810 cultusque
808 3740 921 3812 jam
952 3741 1077 3797 inde
1113 3740 1182 3797 ab
1211 3740 1444 3812 antiquis
1474 3740 1806 3809 temporibus
1837 3740 1994 3810 longe
2021 3741 2097 3795 la-

498 3845 657 3907 teque
685 3846 1013 3907 propagatus
1048 3836 1174 3892 est?
1204 3837 1463 3906 Displicet
1502 3835 1719 3906 quidem
1750 3834 2093 3890 commodum

499 3945 605 3984 non
650 3928 1142 3993 fuisselitterarnm
1183 3930 1672 3986 communicatione
1699 3930 1863 3984 variis
1907 3945 1938 3985 e
1970 3945 2094 3999 par-

501 4024 643 4079 tibus
670 4024 891 4080 notitias
919 4025 1204 4096 exquirere
1228 4064 1244 4090 ,
1292 4024 1484 4092 quibus
1519 4034 1641 4079 eum
1672 4030 1728 4078 et
1754 4022 1981 4089 plurium
2006 4038 2099 4077 ee-

499 4116 788 4172 etesiarum
821 4127 1104 4186 patronum
1142 4126 1196 4171 et
1218 4115 1462 4187 pluribus
1487 4116 1649 4171 etiam
1679 4116 1731 4170 in
1761 4113 2097 4171 Calendariis

500 4208 584 4265 vel
625 4208 827 4264 litaniis
856 4209 1117 4265 insertum
1151 4224 1249 4264 nos
1281 4218 1534 4264 nactnros
1563 4207 1731 4264 fuisse
1760 4207 1887 4261 nihil
1917 4206 2097 4276 ambi-

498 4300 695 4369 gimus.
720 4299 800 4355 Ex
828 4300 894 4356 iis
917 4309 1094 4356 tamen
1126 4300 1331 4371 paucis,
1355 4316 1476 4371 qua:
1499 4315 1529 4355 e
1555 4299 1826 4355 nonnullis
1854 4298 2012 4355 editis
2035 4299 2100 4354 li-

501 4390 615 4446 bris
634 4390 975 4463 collegimus,
997 4406 1225 4462 arguere
1253 4393 1479 4463 quisque
1504 4391 1702 4461 poterit
1720 4398 1920 4462 quanto
1947 4390 2098 4461 plura

498 4482 694 4539 aﬂ‘errc
743 4498 1043 4555 possemus,
1097 4484 1144 4539 si
1175 4485 1405 4556 plurium
1436 4491 1587 4540 extra
1609 4484 1812 4540 Italiam
1840 4483 2101 4539 ecclesia-

498 4592 617 4633 rnm
666 4586 1012 4633 monumenta
1065 4577 1639 4652 Iicnissct‘inspicet‘e.
1687 4577 1921 4632 Zenonis
1967 4590 2101 4632 sane

501 4670 671 4745 [eun]
690 4671 889 4727 cultum
916 4674 968 4729 in
990 4670 1336 4729 Germaniam
1364 4672 1491 4728 olim
1514 4677 1861 4741 pervagatum
1884 4684 1951 4725 ex
1977 4669 2101 4724 Fri-

498 4766 738 4840 singensi
778 4767 1007 4823 ecclesia
1055 4767 1107 4821 in
1138 4767 1326 4838 primis
1371 4765 1767 4836 cognoscimus.
1807 4762 1865 4819 S.
1906 4761 2101 4818 Corbi-

500 4864 714 4932 nianus,
748 4863 1297 4935 primuslepiscOpus
1352 4857 1759 4931 Frisingensis,
1811 4857 1903 4930 qui
1955 4856 2099 4915 diem

500 4958 636 5016 obiit
663 4975 754 5014 an.
784 4960 917 5024 7'50,
952 4966 1089 5014 teste
1117 4956 1359 5012 Aribone
1395 4964 1592 5024 quarto
1626 4951 1958 5025 Frisingensi
1988 4951 2104 5022 epi-

498 5066 665 5123 scopo
688 5050 932 5122 ejusdem
960 5049 1146 5105 saeculi
1178 5048 1351 5103 octavi
1375 5046 1479 5115 ,'_in
1510 5046 1628 5117 ejus
1660 5045 1778 5101 Vita
1809 5044 1949 5127 apu‘d
1984 5043 2094 5100 Ma-

501 5142 783 5199 billonium
811 5141 932 5196 Act.
963 5139 1060 5198 SS.
1094 5140 1276 5196 saeculi
1298 5155 1381 5205 ιιι,
1414 5149 1549 5210 part.
1579 5156 1618 5207 ι,
1647 5153 1766 5209 cap.
1796 5137 1898 5202 20,
1927 5153 1980 5208 p.
2021 5136 2094 5192 48

504 5234 725 5292 Venetae
791 5234 1070 5301 editionis,
1102 5235 1159 5291 S.
1209 5234 1589 5297 Corbinianus,
1647 5233 1907 5302 inquam,
1955 5230 2096 5301 apud

503 5316 668 5386 Maias
694 5330 1051 5402 Frisingensis
1068 5331 1321 5387 dimcesis
1338 5331 1392 5389 in
1413 5329 1656 5385 Baioaria
1672 5327 1950 5382 Basilicam
1970 5325 2099 5380 ardi-

504 5426 674 5493 Iicat'it
702 5468 716 5491 ,
753 5435 801 5479 et
837 5423 1096 5480 Valentini
1130 5434 1279 5495 atque
1306 5423 1366 5477 Β.
1407 5421 1628 5477 Zenonis
1652 5422 1708 5473 in
1732 5436 1792 5474 ea
1821 5418 2106 5489 patrocinia

502 5518 790 5583 collocavit,
818 5526 866 5572 et
894 5518 948 5572 in
968 5533 1140 5572 eorum
1165 5515 1414 5571 dedicavit
1446 5516 1689 5569 honorem
1720 5527 1739 5565 :
1770 5520 1826 5564 et
1848 5509 1972 5563 hinc
1998 5511 2106 5579 fac-

505 5613 733 5684 tsmjcst,
765 5609 1228 5665 annnadvertente
1248 5608 1310 5663 P.
1340 5602 1730 5668 Meichelbeek,
1762 5612 1891 5656 tom.
1919 5616 1932 5655 I
1964 5588 2101 5654 Ilist.

509 5708 871 5777 Frisingensis
908 5706 961 5762 in
985 5703 1106 5761 Vita
1140 5704 1197 5760 S.
1225 5700 1572 5765 Cet-biniani,
1605 5698 1633 5773 ς
1669 5699 1721 5764 '8,
1756 5709 1874 5767 pag.
1916 5694 2012 5758 16.
2047 5702 2105 5759 ut

503 5804 565 5863 S.
601 5802 742 5866 Zeno
777 5802 1052 5878 cpiscopus
1101 5799 1412 5869 Veronensis
1438 5816 1470 5865 a
1498 5793 1809 5861 Corbiniauo
1854 5789 1907 5851 in
1949 5786 2105 5849 Ειιιιεφ

2197 3280 2401 3335 tinetur
2426 3295 2545 3333 cum
2576 3278 2675 3333 hac
2698 3276 3023 3347 epigraphe:
3055 3275 3363 3332 Mandibula
3386 3291 3502 3329 cum
3525 3290 3625 3329 uno
3652 3275 3799 3329 dente

2200 3370 2240 3426 S
2251 3412 2263 3425 .
2293 3370 2512 3425 Zenonis
2542 3369 2808 3438 Episcopi.

2270 3463 2449 3519 Nostri
2495 3464 2767 3518 Antistitis
2810 3477 3004 3518 nomen
3041 3460 3110 3517 ad
3154 3459 3430 3517 IIeretios
3470 3460 3633 3519 etiam
3682 3474 3803 3531 per-

2200 3559 2365 3612 venit.
2401 3557 2724 3611 llartmanns
2762 3557 2905 3612 enim
2946 3554 3244 3610 monachus
3271 3553 3669 3623 Sangallensis,
3711 3554 3804 3623 qui

2200 3652 2403 3707 saeculo
2440 3668 2489 3707 ιιι
2517 3650 2698 3707 Ilornit
2716 3691 2732 3718 ,
2762 3651 2972 3706 litanias
2996 3650 3243 3706 versibus
3270 3649 3516 3720 scripsit,
3542 3664 3663 3719 quae
3689 3648 3803 3702 dic-

2201 3746 2302 3801 hns
2347 3744 2636 3802 Dominicis
2677 3745 2743 3800 ad
2785 3744 3187 3816 processionem
3232 3751 3575 3798 canerentur.
3619 3740 3804 3796 Edidit

2202 3840 2300 3895 has
2328 3839 2506 3911 primo
2537 3839 2798 3896 Ilenricus
2829 3838 3077 3895 Canisius
3105 3837 3461 3909 Antiquarum
3489 3836 3803 3891 Lectionum

2204 3942 2335 3987 tom.
2366 3949 2418 3999 ν,
2448 3948 2567 4003 pag.
2596 3934 2720 4000 752,
2747 3934 2798 3988 in
2832 3932 3121 3988 novissima
3144 3931 3383 3987 editione
3410 3940 3542 3986 tom.
3566 3947 3603 3985 ιι
3627 3972 3641 3996 ,
3665 3939 3802 4000 part.

2202 4041 2273 4091 II,
2321 4042 2439 4097 pag.
2495 4027 2616 4081 I95.
2664 4025 2894 4081 Easdem
2944 4042 3048 4080 non
3098 4024 3435 4080 Echerardns
3477 4026 3650 4079 solum
3692 4039 3807 4079 meo

2203 4129 2379 4174 morat
2409 4118 2460 4172 in
2490 4116 2726 4172 Nntkcrii
2758 4116 2878 4172 Vita
2897 4156 2911 4180 ,
2943 4118 3041 4173 sed
3072 4118 3358 4173 Metzlerus
3388 4119 3554 4174 etiam
3583 4115 3808 4188 Sangal-

2202 4210 2368 4266 lensis
2392 4210 2684 4265 Monachus
2706 4209 2904 4265 Canisii
2933 4210 3162 4276 amicus,
3186 4210 3277 4280 qui
3307 4225 3405 4264 suo
3432 4225 3647 4281 quoque
3674 4218 3808 4265 tem-

2205 4318 2336 4374 pore
2381 4302 2598 4357 easdem
2645 4302 2799 4357 statis
2843 4301 3036 4357 diebus
3073 4302 3345 4358 adhibitas
3383 4310 3645 4357 testatur:
3690 4300 3808 4356 Has

2204 4394 2446 4459 litanias,
2476 4394 2686 4465 inquit,
2723 4394 3045 4448 canonizavit
3088 4392 3342 4447 Nicotaus
3380 4390 3515 4459 111,
3554 4390 3621 4445 Ρ.
3651 4390 3729 4446 ll.
3758 4401 3808 4455 et

2205 4489 2365 4542 nostri
2398 4486 2685 4561 (monachi
2719 4487 3099 4557 Sangallenses
3123 4487 3139 4556 )
3167 4486 3221 4539 in
3255 4485 3602 4557 (legationum
3629 4483 3808 4538 diebus

2131 4560 2181 4620 Ῑ)
2208 4560 2417 4650 publice
2438 4588 2648 4635 canunt.
2685 4578 2917 4634 Easdem
2946 4593 3161 4633 rursum
3193 4578 3373 4649 hymni
3403 4577 3623 4633 nomine
3663 4577 3807 4647 typis

2203 4672 2350 4727 dedit
2382 4672 2705 4727 venerabilis
2728 4671 3019 4727 cardinalis
3046 4669 3372 4725 Thomasius
3394 4686 3461 4725 ex
3487 4685 3587 4725 ms.
3616 4668 3809 4724 ordine

2205 4764 2581 4833 Vallicellano,
2615 4765 2665 4817 in
2698 4778 2864 4832 opere
2894 4762 3176 4832 inscripto,
3212 4762 3423 4831 Antiqui
3452 4762 3571 4817 libri
3613 4760 3807 4816 Missa.

2204 4874 2321 4912 rum
2347 4856 2590 4912 Ecclesia;
2612 4855 2883 4923 Romam,
2907 4856 2973 4909 ad
3002 4854 3192 4911 feriam
3222 4855 3516 4911 secundam
3547 4856 3597 4909 in
3624 4855 3807 4910 litania

2207 4950 2417 5003 minore
2446 4963 2566 5019 pag.
2598 4947 2726 5006 H8.
2756 4946 2815 5002 In
2851 4948 2933 5002 his
2960 4955 3140 5002 autem
3168 4946 3370 5001 Iitaniis
3402 4946 3459 5002 S.
3491 4944 3642 5001 Zeno
3668 4945 3810 5000 inter

2203 5042 2559 5099 Conlessores
2584 5057 2706 5097 cum
2735 5043 2795 5096 S.
2819 5040 3050 5099 Proculo
3076 5049 3261 5095 nostro
3291 5040 3418 5095 item
3445 5041 3700 5109 ep'seopo
3724 5054 3812 5093 rc-

2201 5144 2485 5203 censetur;
2508 5145 2563 5192 et
2583 5137 2625 5191 si
2649 5136 2706 5192 S.
2733 5136 2994 5192 Proculus
3013 5134 3212 5190 Zenoni
3237 5134 3596 5207 poetponitnr,
3623 5132 3675 5187 id
3698 5148 3813 5189 me-

2205 5229 2304 5295 tri,
2338 5245 2443 5285 non
2474 5230 2651 5285 mtatis
2678 5244 2863 5295 causa,
2900 5229 3097 5284 factum
3133 5243 3293 5283 nemo
3319 5227 3547 5283 dubitet.
3580 5223 3661 5280 En
3693 5225 3810 5294 ipsa

2211 5323 2516 5379 litaniarum
2548 5323 2712 5379 verba
2740 5341 2752 5376 :

2306 5481 2566 5555 Silvester,
2586 5478 3158 5555 Ιῗιεξιιιπεριρ-(ἦι-ςξβιιιξὶιιςι,Δ
3170 5477 3574 5555 Ambrosiusque,

2369 5534 2789 5616 HilariusLZeno,
2819 5534 3059 5616 ΜΞΧίιῖἷιιξ
3078 5580 3091 5594 .
3117 5534 3265 5616 atque
3289 5534 3409 5616 .L‘eo.

2309 5606 2565 5666 Martinus,
2588 5602 2848 5667 Proculus,
2869 5603 3126 5666 Camarina,
3155 5602 3497 5665 Eusebiusque

2371 5669 2531 5719 Orent
2560 5683 2646 5731 pro
2669 5670 2848 5731 nostris
2873 5666 3159 5717 criminibus
3183 5667 3344 5731 variis.

2308 5731 2442 5785 Ordo
2460 5728 2677 5793 sacratus
2694 5729 3034 5780 Confessorum
3060 5728 3435 5793 praecipuorum,

2370 5792 2569 5852 Auxilio
2586 5800 2721 5849 tutos
2735 5792 2950 5865 undique
2972 5792 3127 5850 redde
3153 5798 3281 5849 tuos.
