4216 6178
449 268 549 328 191

1852 266 2389 325 PROLEGOMENA.

3650 272 3675 328 l
3687 266 3756 327 ‘19.

451 398 611 445 a'tate
642 388 987 461 requiescens
1027 386 1205 458 prodit
1234 403 1383 443 num.
1431 387 1486 454 8,
1535 385 1585 442 in
1617 401 1678 441 ea
1720 384 1966 451 basilica,
1998 385 2053 439 in
2083 398 2133 458 Α
2163 386 2404 457 populari
2445 400 2661 442 rumore
2690 395 2942 457 suscepta
2985 394 3043 442 et
3070 383 3210 441 veris
3255 384 3489 442 immista
3528 400 3763 458 cognos-

455 498 559 555 qua
587 484 763 555 primo
807 493 929 555 post
954 488 1183 538 mortem
1211 483 1489 537 conditum
1521 482 1713 548 fuerat,
1746 489 1802 537 et
1829 478 1945 535 Vita
1988 480 2057 534 ab

454 577 575 648 ipso
604 577 803 647 scripta
836 577 1107 631 invenitur
1136 576 1187 631 in
1221 575 1475 631 Remensi
1506 574 1715 639 codice,
1746 589 1907 645 quem
1938 588 2057 628 exa-

454 678 628 723 ratum
656 676 783 724 ante
813 667 1068 723 smculum
1091 684 1164 736 ιιι,
1199 670 1250 722 in
1272 666 1508 739 generali
1537 667 1853 738 praefatione
1875 674 2059 721 osten-

453 760 652 815 dimus.
685 759 820 815 Cum
860 774 1025 830 porro
1054 761 1371 815 miraculum
1402 758 1622 814 Athesis
1651 757 2056 812 inundationem

454 863 706 925 spectans
750 870 779 909 a
820 854 878 911 8.
921 854 1183 926 Gregorio
1229 853 1422 925 Magno
1463 853 1791 924 descriptum
1838 850 2058 918 referat,

454 945 598 1018 quod
643 946 865 1017 contigit
898 962 1041 1000 anno
1087 946 1214 1010 589,
1247 944 1479 1015 septimo
1511 944 1596 998 vel
1640 952 1831 999 octavo
1860 942 2062 998 saeculo

458 1056 582 1097 eum
614 1041 864 1097 floruisse
893 1056 1014 1096 cum
1062 1040 1124 1095 P.
1159 1038 1505 1095 Heuschenio
1544 1037 1889 1093 Statuendum
1934 1045 2016 1091 est
2046 1052 2059 1088 :

471 1133 785 1189 Venerabilis
834 1134 1235 1203 nuncupatione
1272 1131 1508 1187 donatur
1551 1146 1657 1185 non
1711 1140 1817 1185 tam
1861 1131 1912 1184 in
1956 1143 2057 1183 ms.

459 1226 738 1282 Hennensi.
765 1241 925 1296 quam
958 1226 1011 1280 in
1045 1224 1319 1288 Lobicnsi,
1351 1238 1510 1293 quem
1542 1222 1788 1277 Molanus
1818 1220 1980 1287 vidit;
2009 1228 2066 1275 et

468 1318 523 1374 in
554 1318 656 1373 hoc
682 1327 958 1387 postremo
985 1315 1448 1370 Christianissimus
1462 1321 1722 1382 praeterea
1742 1312 2062 1382 appellatur,

459 1410 598 1466 sicut
631 1418 685 1464 et
725 1425 752 1463 a
784 1409 993 1465 Joanne
1024 1409 1353 1464 Ver0ocnsis
1380 1408 1635 1462 Ecclesiae
1662 1407 1984 1477 presbytero
2012 1413 2068 1459 et

465 1502 848 1560 Mansionario.
874 1503 965 1572 qui
1001 1502 1052 1556 in
1078 1499 1459 1571 manuscriptae
1481 1498 1783 1569 lmperialis
1818 1498 2068 1553 Historia:

459 1595 498 1652 Ι.
530 1612 567 1662 ι,
601 1595 717 1667 ejus
745 1596 991 1651 meminit
1020 1597 1102 1650 his
1129 1594 1309 1669 verbis
1340 1612 1353 1646 :
1400 1592 1708 1656 Coronalus,
1732 1592 1806 1646 vir
1835 1590 2072 1653 christia-

464 1690 728 1755 nissimus,
765 1689 986 1744 Verona:
1008 1688 1215 1754 claruit,
1239 1688 1326 1758 qui
1368 1687 1531 1742 Vitam
1559 1686 1689 1740 beati
1712 1683 1937 1761 lenonis
1964 1701 2075 1738 me-

2159 488 2368 545 centur,
2401 479 2669 549 simulque
2714 479 2887 550 palam
2931 479 3042 544 fiet,
3087 493 3244 549 quam
3293 478 3483 548 pusilla
3528 481 3762 535 auctori—

2162 578 2269 624 tate
2298 568 2557 635 nitantur,
2586 570 2675 640 qui
2714 586 2776 624 ex
2814 573 2913 625 hoc
2940 578 3292 625 monumento
3320 569 3566 627 Gallieno
3592 571 3763 644 impe—

2161 664 2328 717 ratori
2354 655 2683 719 coarvum'S.
2718 664 2989 719 Zenonem
3019 666 3307 720 inculcant.

2232 755 2296 810 ll.
2342 755 2486 821 Harc,
2512 772 2669 827 quam
2692 757 2996 813 Coronatus
3018 758 3257 829 scripsit,
3290 757 3350 814 S.
3385 758 3620 815 Zenonis
3644 759 3763 816 Vita

2164 855 2223 900 ut
2246 847 2474 916 primum
2499 848 2741 918 apparuit
2766 849 2818 904 in
2845 849 3039 916 lucem,
3074 852 3310 907 novitate
3331 867 3428 907 sua
3459 852 3631 923 rapuit
3655 865 3764 909 sta-

2164 940 2258 993 tim
2287 949 2340 994 et
2367 940 2534 995 illexit
2564 942 2839 996 hominum
2872 944 3102 1014 animos,
3133 946 3223 1016 qui
3257 945 3389 999 nihil
3419 947 3485 998 ad
3514 946 3565 1000 id
3598 946 3764 1018 usque

2168 1043 2379 1102 tempus
2404 1033 2472 1089 de
2501 1035 2557 1090 S.
2580 1035 2843 1105 Episcolto
2874 1037 3066 1093 litteris
3096 1039 3469 1108 consignatum
3494 1039 3758 1107 legerant,

2167 1134 2222 1179 et
2250 1125 2470 1193 proinde
2497 1127 2638 1181 illam
2664 1127 2971 1197 judicarunt
2993 1129 3232 1201 dignam,
3257 1145 3415 1201 quam
3446 1146 3552 1184 non
3585 1132 3759 1188 solum

2168 1216 2220 1270 in
2251 1216 2560 1272 lectionaria
2598 1218 2885 1282 referrent,
2918 1230 2981 1274 ex
3014 1235 3184 1290 eaque
3212 1210 3535 1291 autipbOnas
3578 1236 3762 1277 sacro-

2169 1325 2288 1364 rum
2334 1308 2632 1365 officiorum
2677 1311 3050 1384 decerperent,
3088 1314 3184 1369 sed
3226 1331 3384 1385 quam
3424 1317 3584 1372 etiam
3619 1318 3768 1387 quis-

2171 1403 2311 1473 piam
2355 1404 2568 1473 ignotus
2606 1406 2840 1476 scriptor
2893 1418 3189 1475 exponeret
3242 1409 3538 1483 Rhytbmo,
3580 1431 3761 1487 quem,

2171 1496 2319 1551 nullo
2348 1497 2472 1552 licet
2496 1513 2746 1553 versuum
2777 1499 3105 1569 discrimine,
3137 1502 3187 1556 in
3224 1518 3324 1559 nis.
3349 1502 3638 1581 Capitulari
3665 1524 3769 1565 saa-

2172 1590 2276 1646 culi
2353 1591 2479 1647 noni
2537 1604 2811 1662 repertum
2873 1595 3288 1651 communicavit
3343 1598 3767 1677 Bartholomzeus

2171 1685 2533 1756 Campagnola
2582 1686 2823 1756 ejusdem
2885 1689 3104 1757 capituli
3157 1691 3535 1761 cancellarius,
3582 1711 3612 1750 a
3661 1712 3768 1767 quo

464 1782 630 1836 diocri
652 1782 788 1854 stylo
813 1782 1117 1851 composuit.
1159 1780 1284 1836 Ha-c
1311 1779 1433 1835 Vita
1476 1778 1711 1849 antiquis
1740 1777 2067 1833 lectionariis
2098 1801 2148 1861 Β
2175 1780 2276 1834 alia
2303 1779 2431 1839 item
2464 1795 2495 1835 e
2523 1795 2655 1835 mss.
2683 1779 3081 1851 Capitularibus
3102 1773 3322 1837 emensa
3350 1786 3502 1842 nobis
3534 1786 3768 1843 fuerunt.

466 1874 670 1930 inserta
701 1875 909 1945 legitur,
943 1875 1018 1929 uti
1059 1875 1111 1928 in
1143 1874 1459 1929 Tridentino
1484 1870 1765 1944 capitulari
1797 1873 2069 1926 membra-

468 1981 640 2022 naceo
663 1977 719 2022 et
761 1969 811 2021 in
853 1966 1065 2022 duobus
1088 1966 1476 2034 Vallicellauis,
1510 1982 1566 2021 tu
1593 1975 1649 2024 et
1678 1984 1771 2033 vn,
1804 1980 1974 2037 eaque
2013 1964 2067 2019 in

471 2075 572 2115 usu
610 2070 746 2127 erat,
797 2072 1084 2131 antequam
1133 2059 1541 2129 locupletiorem
1585 2059 1755 2113 Vitam
1807 2059 2072 2116 scriberet

471 2152 766 2208 Monachus
791 2153 1154 2215 Zenonianus,
1195 2151 1263 2207 de
1303 2168 1410 2223 quo
1448 2168 1571 2207 mox
1612 2153 1855 2213 dicemus
1896 2153 2068 2222 plura.

473 2230 716 2301 Molanus
746 2247 800 2301 in
842 2245 1282 2301 annotationibus
1320 2245 1386 2300 ad
1416 2244 1718 2301 Usuardum
1761 2260 1881 2301 eam
1918 2245 2073 2299 Lobii

472 2356 532 2395 se
550 2340 749 2395 vidisse
770 2347 999 2394 testatur
1023 2355 1035 2392 :
1061 2337 1209 2393 Lobii
1230 2348 1390 2393 exstat
1410 2339 1643 2393 narratio
1659 2339 1956 2393 venerabilis
1977 2337 2075 2394 Co-

470 2435 661 2499 ronati,
703 2433 1112 2488 christianissimi
1140 2434 1363 2502 notarii;
1392 2442 1442 2489 et
1471 2430 1610 2488 forte
1636 2448 1702 2488 eo
1729 2433 1886 2486 allata
1918 2430 2017 2487 fuit
2044 2448 2072 2486 a

470 2526 732 2583 Ratberio
759 2527 1013 2598 episcopo
1030 2525 1350 2593 Veronensi,
1374 2527 1462 2597 qui
1489 2527 1702 2582 saeculo
1729 2542 1783 2591 κ,
1814 2520 1966 2581 Lobii
1993 2542 2078 2581 se-

472 2635 533 2677 se
555 2620 777 2690 recepit.
809 2612 1068 2689 Equidem
1096 2635 1218 2674 cum
1239 2600 1353 2674 luce
1384 2621 1638 2691 scriptas
1656 2618 1811 2673 nobis
1829 2618 2073 2687 fuissent,

476 2722 739 2769 venerunt
779 2729 808 2767 a
854 2713 1026 2769 Lubio
1073 2714 1266 2770 littera:
1318 2714 1385 2769 ad
1435 2715 1740 2778 Scipionem
1791 2713 2077 2780 Mall'eium,

475 2805 669 2877 quibus
694 2806 745 2859 in
771 2804 959 2860 codice
987 2806 1098 2875 ipsa
1123 2806 1364 2874 ejusdem
1397 2805 1639 2861 Ratherii
1673 2823 1832 2860 manu
1861 2817 2083 2863 exarato

475 2900 616 2955 inter
643 2900 812 2953 multa
843 2899 1030 2953 Sermo
1056 2899 1119 2953 de
1154 2898 1274 2953 Vita
1307 2900 1367 2954 S.
1398 2899 1619 2954 Zenonis
1656 2888 1880 2971 episwpi
1918 2900 2085 2954 conli-

480 2991 594 3045 neri
624 2990 872 3045 traditur.
906 2990 1101 3046 Petrus
1124 2990 1253 3046 Calo
1275 2991 1519 3046 eamdem
1546 2992 1595 3044 iu
1618 3005 1714 3045 sua
1742 2989 2083 3046 Collectanea

479 3085 811 3154 conjecerat,
850 3093 905 3138 nt
935 3085 994 3141 P.
1043 3084 1416 3140 llenschenius
1446 3085 1499 3140 in
1527 3100 1628 3139 ms.
1660 3084 1955 3139 Barberino
1992 3098 2088 3138 au-
2125 3126 2136 3135 .

2176 1873 2275 1929 Hic
2302 1886 2481 1928 autem
2501 1873 2810 1945 Rhythmus
2831 1889 2953 1929 cum
2980 1866 3172 1931 eadem
3202 1887 3430 1946 repetat,
3462 1895 3584 1950 quae
3611 1879 3776 1936 Coro—

2177 1978 2361 2034 natus,
2413 1969 2723 2037 Auctorque
2771 1967 2959 2023 eadem
3013 1983 3157 2039 saepe
3211 1967 3462 2025 Coronati
3510 1972 3769 2027 verba'in

2177 2059 2437 2131 ltbythmi
2483 2059 2710 2115 formam
2766 2060 3080 2128 deflectens,
3132 2077 3318 2132 parum
3379 2063 3520 2119 felici
3570 2064 3776 2121 calamo

2180 2168 2310 2208 usus
2339 2156 2428 2221 sit,
2460 2168 2955 2225 amanuensctnque
2985 2156 3053 2210 sit
3075 2143 3297 2211 sortitus
3323 2158 3478 2213 valde
3507 2159 3779 2230 negligen-

2182 2255 2312 2312 tem,
2362 2247 2453 2317 qui
2512 2248 2769 2303 nounulla
2795 2250 3102 2319 corrupisse
3141 2248 3370 2318 videtur,
3420 2262 3475 2306 et
3502 2251 3637 2307 duas
3675 2251 3783 2308 for-

2185 2341 2344 2395 tassis
2373 2341 2533 2396 etiam
2576 2342 2830 2412 strepbas
2863 2343 3018 2412 (quot
3048 2343 3261 2410 desunt,
3306 2356 3363 2399 ut
3392 2345 3615 2402 t0tidem
3646 2357 3786 2403 stro—

2184 2434 2306 2504 phre
2358 2435 2579 2490 totidem
2629 2436 2825 2491 litteris
2877 2436 3149 2509 alphabeti
3194 2438 3297 2493 sibi
3344 2439 3412 2494 ab
3455 2442 3693 2498 Auctore
3731 2443 3783 2497 in

2187 2524 2465 2598 Rbythmo
2482 2527 2816 2582 lucubrando
2837 2530 3122 2599 prtestituti
3156 2530 3571 2605 respondeant);
3595 2533 3694 2596 his,
3714 2535 3785 2589 in-

2186 2635 2368 2690 quam,
2397 2619 2465 2674 de
2507 2622 2684 2675 causis
2735 2621 2785 2676 in
2825 2623 3039 2692 generis
3082 2615 3385 2694 Rhythmus
3424 2623 3564 2679 haud
3599 2625 3784 2695 impri-

2189 2711 2416 2766 ntendus
2441 2711 2735 2767 videbatur.
2769 2714 2835 2766 At
2855 2723 2911 2767 ιιι
2934 2713 3276 2769 manife’stum
3305 2698 3413 2780 fiat,
3439 2730 3788 2788 quacumque

2190 2803 2258 2858 de
2284 2804 2516 2860 Gallieni
2546 2820 2661 2859 mvo
2688 2805 2960 2862 Zenonem
2989 2805 3284 2879 attingente
3320 2809 3526 2878 prodita
3555 2819 3675 2865 sunt
3700 2810 3789 2865 lit-

2193 2897 2341 2961 teris,
2370 2912 2434 2951 ea
2463 2911 2493 2951 a
2521 2895 2794 2953 Coronato
2818 2911 3041 2970 excepta
3078 2900 3271 2966 fuisse;
3305 2902 3658 2957 omittendum
3689 2903 3792 2959 hoc

2192 2991 2473 3062 antiquum
2496 2995 2734 3062 ignotum
2766 2994 3025 3050 hactenus
3046 2995 3429 3051 documentum
3451 3012 3556 3053 non
3588 2999 3793 3065 putavi-

2196 3097 2339 3149 mus,
2382 3085 2537 3153 cujus
2558 3096 2744 3141 auctor
2768 3084 3097 3143 Coronatum
3120 3088 3444 3145 adamussim
3467 3099 3683 3161 secutus
3706 3106 3798 3162 aps

478 3179 703 3247 notavit,
747 3194 869 3250 pag.
901 3179 988 3235 73.
1016 3178 1261 3239 Boninus
1282 3179 1620 3236 Mombritius
1646 3179 1833 3250 viginti
1873 3179 2089 3233 circiter
2118 3199 2163 3259 ε
2197 3178 2426 3246 parebit,
2457 3190 2516 3235 ut
2566 3180 2617 3235 id
2664 3180 2837 3250 ipsum
2879 3181 2947 3235 de
2988 3182 3107 3237 aliis
3135 3198 3349 3253 quoque
3389 3184 3655 3253 sequioris
3693 3186 3793 3239 ιηνί

478 3287 652 3328 annos
688 3273 1041 3339 antesaeculi
1086 3290 1172 3328 xvi
1218 3273 1427 3328 initium
1481 3274 1681 3344 primus
1720 3274 1862 3328 illam
1913 3273 2084 3328 edidit

482 3374 612 3420 tom.
649 3381 685 3420 tt
722 3364 959 3419 Vitarum
1000 3364 1095 3421 SS.
1131 3362 1336 3421 Deinde
1363 3381 1451 3419 an.
1487 3366 1649 3433 1655,
1684 3375 1814 3420 tom.
1846 3382 1878 3418 ν
1912 3364 2082 3437 Italia:

482 3475 652 3515 sacra:
670 3476 735 3515 ex
751 3460 1105 3515 ms.Abbati:e
1124 3460 1182 3517 8.
1198 3461 1497 3516 Salvatoris
1511 3460 1705 3516 Montis
1721 3460 1917 3516 Antiati
1934 3475 2083 3515 eam-

484 3551 554 3608 de
581 3552 839 3607 mrecusit
869 3551 1241 3608 Ferdinandus
1285 3552 1585 3624 Ughellius.
1619 3554 1855 3609 Tandem
1888 3567 1918 3607 e
1946 3568 2076 3608 mss.

482 3654 690 3714 septem
721 3644 885 3718 [cur]
920 3646 977 3700 P.
1012 3645 1390 3702 llenschenius
1420 3647 1588 3717 ipsam
1622 3648 1853 3703 inseruit
1882 3655 2014 3702 tom.
2046 3663 2083 3701 ιι

486 3735 687 3806 Aprilis
728 3752 847 3806 pag.
878 3737 964 3792 70.
1017 3737 1124 3793 Nos
1172 3738 1458 3794 Remensis
1483 3739 1686 3795 codicis
1725 3739 2082 3810 antiquissimi

486 3831 770 3887 lectionem
796 3833 962 3887 secuti
993 3834 1309 3906 plerumque
1330 3848 1537 3888 sumus.
1570 3832 1625 3887 In
1647 3833 1748 3889 hoc
1772 3841 1951 3888 autem
1979 3848 2080 3886 ms.

485 3927 625 3983 sicut
652 3935 707 3981 et
733 3928 784 3981 in
815 3925 1065 3982 Lohicnsi
1099 3941 1195 3996 per
1222 3926 1534 3981 Ratberiunt
1567 3925 1788 3995 scripto,
1821 3925 1937 3979 lttec
1962 3924 2084 3978 Vita

489 4020 800 4075 inscribitur
836 4018 1040 4083 Sermo,
1072 4019 1166 4074 sed
1197 4019 1375 4073 minus
1407 4019 1643 4089 proprie.
1668 4016 1933 4077 (Seronati
1959 4034 2087 4072 vero

490 4121 646 4169 aetate
672 4130 860 4184 parum
878 4114 1165 4169 admodum
1195 4114 1261 4169 de
1277 4114 1335 4170 S.
1366 4113 1602 4168 Zenonis
1631 4113 1764 4178 vita,
1795 4128 1914 4183 qua:
1942 4112 2088 4167 nullo

490 4208 793 4278 antiquiore
826 4206 1154 4263 documento
1199 4208 1407 4278 prodita
1439 4206 1636 4272 fuerat,
1675 4205 1965 4262 nniversim
1996 4220 2091 4261 co-

491 4301 721 4372 gnitum.
766 4316 829 4356 ac
858 4301 1178 4373 populorum
1213 4302 1472 4361 memoria
1511 4308 1890 4357 conservatum
1922 4298 2090 4353 fuisse

494 4394 630 4447 satis
663 4408 931 4464 superque
974 4394 1168 4463 probat
1204 4393 1355 4461 illud,
1399 4392 1539 4464 quod
1579 4391 1674 4448 ille
1714 4392 1847 4448 nihil
1880 4391 1992 4446 fere
2022 4391 2092 4445 de

493 4484 707 4540 Zenone
734 4485 937 4540 scribat
967 4486 1069 4540 nisi
1108 4487 1364 4542 miracula
1396 4486 1638 4557 quasdam
1672 4502 1861 4557 pauca.
1894 4494 1949 4540 et
1978 4485 2092 4540 hzec

2200 3273 2561 3328 monumentis
2578 3273 3023 3342 sitiudicandnm.
3046 3275 3259 3347 Ignotos
3280 3275 3489 3331 Patrias
3513 3277 3795 3349 legendum

2197 3364 2339 3433 apud
2360 3364 2711 3431 Coronatum,
2735 3376 2788 3421 ut
2815 3383 2881 3422 ex
2907 3368 3163 3423 Remensi
3199 3367 3387 3423 codice
3425 3369 3667 3432 edemus,
3701 3367 3789 3424 hic

2193 3458 2424 3528 hymnus
2443 3460 2651 3528 probat.
2677 3458 2881 3517 Juverit
2923 3461 3082 3517 etiam
3106 3461 3347 3531 quaedam
3378 3462 3571 3517 Italicae
3594 3463 3786 3535 lingua:

2189 3548 2392 3602 semina
2426 3549 2621 3605 ibidem
2645 3551 3069 3623 deprehendere,
3102 3553 3175 3606 uti
3220 3552 3532 3622 particulam
3582 3572 3787 3626 perque,

2188 3652 2349 3707 quam
2374 3639 2555 3697 ltalice
2571 3630 2753 3713 perc/te
2768 3642 3056 3699 efferimus.
3085 3643 3327 3700 Notanda
3354 3657 3608 3716 praeterea
3629 3662 3764 3702 erun
3782 3658 3803 3704 t

2189 3736 2435 3805 qutedam
2479 3740 2768 3808 pra‘cipua,
2799 3741 2874 3796 uti
2908 3756 3026 3795 eum
3057 3735 3281 3811 imperii,
3317 3744 3612 3814 imperium,
3656 3753 3790 3800 etc.,

2192 3846 2289 3899 pro
2340 3831 2682 3898 imperatoris.
2726 3834 3005 3905 imperator
3052 3845 3365 3890 constanter
3411 3836 3687 3890 scribitur.

2265 3924 2450 3997 ]cr.vu]
2487 3923 2573 3979 Ill.
2601 3925 2867 3996 Sequetur
2908 3918 3560 3982 historiaTranslationis
3603 3926 3660 3982 S.
3694 3927 3802 3981 Ze-

2195 4017 2373 4081 nonis,
2406 4031 2527 4087 quae
2565 4034 2709 4073 nono
2740 4020 2959 4073 ineunte
2999 4021 3201 4075 stucqu
3237 4030 3451 4090 peracta
3485 4019 3604 4076 fuit.
3637 4021 3804 4090 l'lnjus

2207 4108 2447 4162 historia:
2476 4119 2686 4174 auctor,
2713 4112 2801 4180 qui
2832 4110 2888 4167 S.
2917 4111 3149 4167 Zenonis
3177 4110 3354 4168 Vitam
3380 4115 3658 4183 praemisit,
3688 4130 3807 4169 mo-

2195 4200 2427 4255 nachum
2470 4217 2529 4255 se
2557 4202 2784 4270 prodere
2836 4204 3069 4271 videtur,
3105 4203 3197 4273 qui
3245 4204 3573 4274 aliquamdiu
3605 4207 3656 4259 iu
3687 4206 3807 4275 ipso

2193 4294 2252 4351 8.
2285 4295 2526 4350 Zenonis
2572 4296 2905 4354 mouaSIerio
2951 4298 3181 4365 vixerit;
3224 4299 3397 4369 inquit
3439 4300 3583 4354 enim
3631 4300 3797 4370 paulo

2198 4396 2319 4456 post
2344 4388 2553 4442 initium
2596 4386 2733 4442 Vitas
2760 4406 2772 4441 :
2799 4385 2984 4459 Neque
3023 4388 3380 4457 prwtereunda
3411 4400 3527 4443 sunt
3575 4404 3691 4459 qua:
3727 4405 3808 4444 re-

2199 4481 2373 4551 ligiosi
2403 4481 2522 4548 viri,
2580 4480 2888 4552 quibuscum
2918 4483 3172 4548 stetimus,
3202 4481 3439 4553 ﬁdelibus
3473 4484 3637 4538 oculis
3665 4482 3808 4538 vide-

498 4578 609 4647 ipsa
662 4576 868 4645 vulgari
901 4577 1191 4634 traditione
1231 4580 1461 4649 prolata,
1495 4588 1552 4633 ut
1577 4594 1643 4634 ex
1683 4580 2031 4634 annotatione
2061 4581 2095 4635 5
2124 4589 2171 4649 ι)
2197 4584 2359 4641 runt;
2388 4587 2439 4630 et
2473 4577 2595 4631 hinc
2623 4577 2786 4631 etiam
2814 4575 3043 4646 peritum
3076 4591 3135 4631 se
3159 4577 3210 4631 in
3244 4575 3307 4630 iis
3338 4576 3682 4632 documentis
3706 4590 3796 4631 os-

495 4670 627 4724 satis
647 4670 870 4741 colliges
901 4689 913 4723 :
946 4671 1088 4727 unde
1113 4672 1304 4742 paucis
1328 4673 1419 4726 vix
1442 4673 1654 4727 attactis
1680 4674 1853 4743 primo
1875 4688 2101 4728 numero

500 4765 573 4819 de
607 4763 712 4817 vita
745 4762 953 4830 Sancti,
996 4766 1178 4819 statim
1208 4766 1273 4819 ad
1314 4764 1569 4819 miracula
1600 4766 1659 4820 lit
1700 4767 1975 4834 transitus,
2020 4767 2103 4823 bis

502 4856 604 4911 sub
634 4857 874 4924 ejusdem
916 4858 1125 4913 numeri
1161 4859 1323 4912 finem
1355 4859 1669 4929 perscriptis
1702 4878 1715 4914 :
1762 4861 1989 4915 Audiam
2012 4878 2104 4931 po-

506 4950 617 5021 puli
644 4966 840 5016 omnes,
878 4950 962 5021 qui
998 4954 1109 5023 ejus
1141 4951 1367 5019 cupiunt
1404 4950 1690 5017 miracula;
1717 4958 1773 5007 et
1803 4969 2014 5007 rursum
2050 4956 2101 5009 in

509 5044 614 5097 line
630 5055 711 5097 ‘ex
734 5057 866 5123 mss.
894 5043 1240 5110 llenschenii,
1268 5045 1523 5115 Ugbellii,
1546 5059 1599 5103 et
1620 5030 1906 5104 Mombritii
1932 5069 1944 5104 :
1972 5050 2104 5105 Ecce

509 5135 573 5187 de
594 5136 769 5190 multis
784 5138 895 5207 ejus
909 5137 1171 5191 miraculis
1198 5153 1287 5210 ego
1311 5139 1510 5195 inutilis
1537 5139 1821 5197 Coronatus
1854 5140 2106 5196 Notarius

511 5229 649 5296 quod
676 5238 987 5299 compertum
1016 5233 1174 5297 tenui,
1201 5242 1334 5299 etc.,
1364 5249 1486 5302 quae
1508 5245 1710 5297 tamen,
1743 5234 1819 5288 uti
1849 5251 1876 5288 a
1908 5235 2108 5305 populo

512 5331 828 5377 conservata
870 5332 924 5378 et
954 5324 1146 5391 relata,
1189 5324 1448 5381 additituis
1486 5341 1630 5396 saepe
1677 5324 1885 5381 fabellis
1914 5327 2108 5383 infarta

513 5429 634 5472 esse
677 5417 876 5474 solent.
912 5418 1048 5473 Dum
1086 5419 1392 5490 antiquiora
1432 5427 1487 5474 et
1519 5420 1692 5490 magis
1725 5422 1955 5491 genuina
2001 5437 2109 5477 non

511 5510 803 5582 soppetunt
850 5514 1197 5582 documenta,
1243 5516 1344 5569 hoc
1383 5513 1740 5568 omittendum
1790 5513 1946 5568 nobis
1996 5530 2101 5569 non

507 5601 703 5661 fuerat.
734 5605 1017 5663 Postremo
1033 5608 1431 5672 annotationes,
1460 5620 1594 5676 quas
1612 5606 1664 5660 in
1690 5606 1951 5676 procemio
1971 5605 2105 5664 diss.

498 5715 559 5755 nt
604 5712 704 5752 nos
747 5700 879 5757 huic
911 5697 1047 5752 Viue
1074 5701 1417 5768 apposituros
1447 5701 1768 5768 recepimus,
1802 5702 1986 5769 paucis
2014 5701 2110 5756 daa

496 5802 676 5853 untur,
703 5807 769 5851 ex
811 5790 1025 5865 quibus
1056 5793 1387 5852 incredibilia
1420 5793 1688 5867 quaedam,
1741 5793 1819 5849 vel
1854 5794 1981 5849 falsa
2012 5798 2076 5849 es

2216 4667 2407 4734 tendit,
2438 4683 2557 4737 qua:
2584 4683 2689 4722 non
2717 4670 2818 4723 nisi
2851 4672 2900 4723 in
2931 4669 3123 4724 eodem
3148 4668 3479 4724 monasterio
3502 4669 3684 4739 legere
3710 4682 3807 4737 po-

2215 4768 2391 4814 tuerat
2422 4776 2435 4812 :
2470 4774 2571 4814 nec
2616 4761 2720 4813 alia
2768 4757 2908 4815 forte
2934 4759 3001 4815 de
3027 4774 3192 4815 causa
3221 4760 3274 4814 in
3302 4760 3544 4830 ejusdem
3575 4759 3805 4816 coenobii

2213 4849 2400 4905 laudes
2426 4865 2549 4905 eum
2589 4853 2896 4907 exeurrisse
2932 4852 3194 4907 credibile
3236 4863 3339 4918 est,
3381 4868 3542 4924 quam
3570 4852 3713 4924 quod
3754 4852 3806 4907 id

2213 4942 2601 5013 plurimum'ad
2650 4958 2710 4998 se
2741 4945 3056 5014 pertineret.
3088 4946 3274 5001 Solum
3312 4947 3474 5002 verba
3506 4945 3807 5016 quibuscum

2211 5039 2462 5101 stetimus,
2502 5048 2552 5092 et
2577 5039 2718 5093 locus
2743 5039 2853 5107 ille,
2886 5040 3080 5110 quibus
3123 5040 3296 5110 ipsum
3344 5038 3400 5096 S.
3433 5039 3667 5095 Zenonis
3696 5055 3809 5094 mo-

2213 5133 2509 5188 nasterium
2563 5133 2856 5205 intelligit,
2911 5133 3273 5203 StISpiciouem
3323 5134 3571 5205 ingerunt
3651 5148 3804 5197 eum,

2211 5241 2333 5289 cum
2377 5228 2490 5282 haec
2533 5227 2813 5294 scriberet,
2858 5228 3051 5284 eodem
3095 5231 3147 5284 in
3200 5216 3533 5284 monasterio
3571 5229 3805 5299 amplius

2215 5337 2321 5377 non
2350 5321 2516 5377 fuisse
2548 5343 2559 5375 :
2595 5339 2714 5393 qua:
2745 5333 2921 5379 tamen
2964 5324 3246 5379 conciliari
3284 5338 3404 5377 eum
3434 5321 3813 5391 superioribus

2216 5415 2777 5471 animadversionibus
2823 5432 2883 5471 ea
2928 5415 3141 5471 ratione
3184 5424 3424 5485 possunt.
3475 5417 3521 5471 si
3562 5417 3803 5471 dicamus

2220 5507 2383 5563 fuisse
2410 5509 2629 5579 quidem
2658 5524 2779 5563 eum
2804 5509 3116 5565 monasterii
3140 5509 3437 5564 Zenoniani
3460 5505 3809 5577 monachum,

2219 5612 2275 5657 at
2299 5603 2529 5658 subinde
2558 5604 2608 5656 in
2650 5603 2827 5673 aliqua
2858 5602 3034 5658 eidem
3064 5602 3664 5671 monaSterio'subjecta
3695 5616 3813 5657 cae-

2223 5696 2436 5749 nobiola
2468 5695 2751 5764 migrasse,
2773 5695 2862 5750 ubi
2895 5698 2996 5752 hoc
3025 5697 3345 5768 opusculum
3378 5690 3687 5751 lucubrarit.
3717 5694 3815 5751 llis

2220 5796 2399 5841 autem
2445 5787 2775 5855 argumentis
2807 5787 2976 5855 ducti,
3018 5788 3262 5860 'opuSculi
3312 5789 3592 5844 m'e'morhti
3624 5784 3814 5843 auclo-
