4216 6178
402 210 503 265 193
1305 207 1370 264 ΙΝ
1400 206 1863 271 MONUMENTA’
1887 213 1982 272 DE
2016 218 2024 271 ε

2128 212 2392 277 ZENONE
2432 198 2838 290 ΑιιιιοΝιΤιο.

398 358 537 404 rem,
594 353 645 394 ut
696 340 1189 412 distingueremus,
1240 339 1613 399 Zenonianum
1676 348 2014 404 monachum
2064 344 2115 405 A
2146 331 2317 388 d'V'Sa
2364 350 2587 406 apparet

397 431 770 503 appellandum
801 434 1145 497 censuimus,
1178 440 1232 485 ut
1269 448 1337 488 ne
1379 443 1560 488 tamen
1605 436 1717 492 hac
1747 437 1818 493 de
1865 456 1943 503 re,
1986 439 2033 494 si

401 525 522 596 quis
540 535 718 580 contra
744 525 975 591 sentiat,
1000 525 1228 579 velimus
1252 523 1523 581 laborare.
1552 526 1642 583 Ad
1665 530 2033 586 statuendum

402 634 532 674 vero
562 618 715 688 hujus
760 618 1011 673 auctoris
1046 628 1273 688 tempus,
1312 617 1419 671 duo
1454 617 1823 677 characteres
1866 638 2033 677 manu

405 711 621 768 ducunt.
655 709 882 766 Nostros
917 709 1265 782 Imperatores
1290 711 1463 782 primo
1493 715 1817 783 appellans,
1849 716 1892 769 si
1922 715 2035 771 Ve-

404 820 552 861 ronae
589 803 909 876 opusculum
952 803 1191 875 scripsit,
1222 814 1275 857 ut
1311 803 1683 874 probabiliter
1728 808 2031 877 cre‘dimus,

407 898 600 953 vixisse
632 912 689 954 se
716 898 900 967 prodit
955 912 1078 952 cum
1109 895 1318 950 Verona
1358 896 1461 950 sub
1499 897 1911 970 imperatorum
1942 901 2031 955 di-

408 991 549 1045 tione
575 997 738 1056 esset,
766 1006 794 1043 a
826 1004 931 1060 qua
962 987 1222 1044 subducta
1251 987 1342 1042 fuit
1370 991 1479 1042 sub
1510 988 1688 1045 ﬁnem
1719 991 2026 1047 saaculixn.

409 1085 538 1141 Dein
565 1092 894 1155 postremum
930 1082 1247 1137 miraculum
1274 1097 1533 1148 narrans,
1571 1085 1915 1141 mentionem
1949 1087 2029 1141 fa-

405 1176 480 1232 cit
508 1176 705 1232 inventi
734 1175 970 1230 Mantua:
1022 1175 1292 1245 sanguinis
1334 1174 1571 1240 Christi,
1602 1178 1697 1247 qui
1733 1177 1815 1232 his
1839 1179 2031 1234 inven-

409 1281 491 1325 lus
528 1269 768 1335 traditur,
814 1269 1047 1338 primum
1088 1282 1177 1321 an.
1203 1266 1328 1328 804,
1374 1276 1430 1322 et
1480 1284 1686 1324 rursus
1731 1270 2025 1327 au.1049.

406 1362 540 1420 Vide
564 1361 925 1418 Donesmundi
953 1360 1089 1415 Hist.
1121 1360 1269 1414 Eccl.
1291 1360 1491 1428 Mant.,
1529 1361 1634 1417 lib.
1661 1378 1742 1429 ιιι,
1769 1378 1892 1432 pag.
1919 1365 2031 1421 139

410 1466 470 1513 et
512 1472 679 1528 seqq.,
730 1464 785 1511 et
828 1471 951 1527 pag.
986 1452 1092 1510 195
1139 1466 1193 1510 et
1223 1470 1374 1525 seqq.
1408 1454 1551 1509 Cum
1602 1467 1788 1511 autem
1820 1457 1886 1512 ad
1919 1460 2031 1527 pri-

408 1566 553 1605 mum
582 1558 807 1619 tempus,
852 1563 962 1620 quo
989 1546 1127 1603 forte
1174 1548 1230 1604 S.
1265 1547 1513 1603 Zenonis
1562 1550 1852 1605 translatio
1882 1567 2028 1607 non-

390 1616 540 1697 ‘dum
566 1616 886 1712 contigerat,
915 1641 1049 1696 illud
1083 1641 1402 1696 miraculum
1435 1651 1566 1711 post
1604 1642 2025 1702 translationem
2112 1682 2124 1694 ι

3645 248 3751 309 194

2646 361 2661 398 :
2711 347 2766 402 in
2821 365 2921 405 tns.
2971 360 3151 407 autent
3214 356 3530 418 monialium
3592 366 3746 426 ordi—

2149 424 2230 480 nis
2278 427 2334 482 S.
2392 428 2666 491 Francisci
2714 439 2766 494 in
2825 442 3086 498 lectiones
3124 457 3316 503 navem
3372 450 3525 523 Vita,
3583 470 3639 515 et
3694 463 3747 519 in

2144 518 2363 585 totidem
2398 522 2702 583 'l‘ranslatio
2730 532 3011 605 dispertita
3046 535 3282 605 legitur:
3312 543 3400 600 ubi
3434 556 3615 608 tamen
3656 556 3751 612 ad-

2143 612 2457 667 vertendum
2491 627 2595 684 est,
2636 619 2690 675 in
2725 623 2779 678 id
2820 626 3037 696 generis
3074 625 3227 685 libris
3267 636 3474 696 omisso
3514 649 3752 708 auctoris

2144 696 2384 775 prologo,
2415 708 2505 777 qui
2534 709 2587 765 in
2617 713 2738 769 aliis
2770 734 2897 774 mss.
2938 717 3155 788 legitur,
3188 723 3325 783 Viue
3363 732 3576 793 initium
3606 742 3753 801 aliud

2141 811 2262 853 esse
2296 800 2347 854 in
2377 816 2479 858 ms.
2532 809 2873 877 monialium,
2922 812 2974 865 in
3021 828 3123 870 ms.
3152 816 3539 898 Compagnolae
3583 837 3755 912 aliud,

2141 888 2268 912 :Il--.l
2309 901 2396 912 ---ι
2419 910 2459 912 _,
2674 902 2686 912 ι
3001 905 3011 912 .

2141 888 2268 944 mu“
2307 901 2511 961 autem:
2543 902 2686 967 (ἰυοά
2731 911 2949 973 ΡΓοειθι
3000 905 3053 960 in
3084 925 3187 969 ms.
3240 921 3580 999 monialium,
3614 888 3758 995 ide";

2138 986 2358 1041 omnino
2390 992 2618 1060 reperiri
2662 999 2714 1050 in
2767 999 2881 1053 alio
2926 998 3250 1070 lectionario
3278 1017 3566 1096 Brixiano,
3605 1035 3765 1105 cujus

2140 1081 2380 1105 n.A.--:-.!.
2414 1083 2585 1105 0-!_-,
2648 1088 2696 1105 Il
2742 1090 2784 1105 Μ
2820 1092 2830 1102 -
3122 1104 3125 1105 ,

2139 1081 2386 1140 meminit
2414 1083 2595 1156 Scipio
2646 1088 2928 1156 Maffeius,
2963 1110 3084 1171 pag.
3119 1104 3227 1164 ’516
3261 1112 3401 1172 Hist.
3446 1081 3769 1195 υιρἰξιζξᾶί

2137 1185 2236 1236 cce,
2321 1190 2530 1233 necnon
2593 1178 2649 1233 in
2747 1183 3085 1250 lectionario
3133 1178 3775 1296 Vztlllcellimorsiguato

2139 1277 2263 1296 nlInl
2316 1280 2371 1296 In
2429 1268 2569 1296 tumul
2604 1274 2830 1296 ι..νι...-1..
2863 1291 2936 1296 ..-μ
3086 1292 3096 1296 -

2137 1277 2287 1317 num.
2315 1280 2394 1328 ιιι.
2428 1268 2570 1338 quod
2603 1274 2835 1327 saeculo
2863 1291 2964 1335 xm
2994 1292 3256 1363 scriptum
3302 1268 3670 1387 existimatur,
3698 1333 3783 1382 at-

2137 1370 2239 1387 nnn
2268 1358 2316 1387 :..
2348 1374 2658 1387 ...ι-...ηιημη
2689 1364 2842 1387 t--.:
2992 1381 3001 1387 .

3182 1394 3519 1475 nbranaceo,
3550 1419 3694 1487 quod
3726 1422 3783 1481 ίη

3181 1486 3424 1554 dentinae
3488 1486 3741 1571 servatur
3768 1536 3781 1572 :

410 1942 542 1981 num
580 1931 637 1980 8.
664 1924 895 1980 Zenonis
938 1923 1264 1980 monasterio
1295 1923 1502 1979 tradita
1557 1932 1865 1989 memorat;
1907 1925 2029 1995 jam

411 2021 634 2074 alteram
660 2019 929 2090 sanguinis
961 2017 1323 2074 inventionem
1372 2027 1722 2087 postremum
1752 2014 1885 2071 illud
1915 2020 2051 2073 mi-~

411 2116 651 2171 raculnm
694 2123 912 2186 spectat.
958 2112 1217 2181 Equidem
1257 2112 1409 2167 idem
1468 2109 1795 2211 miraculum
1832 2119 2031 2211 auctor

411 2222 660 2274 narrans,
696 2207 937 2263 meminit
970 2206 1186 2262 excelsa:
1229 2205 1417 2269 turris,
1460 2218 1582 2274 qua:
1620 2202 1981 2308 aediﬁcabatur
2008 2222 2027 2259 :

411 2300 573 2371 hujus
598 2310 768 2357 autem
796 2300 955 2355 turris
971 2299 1222 2355 aedificari
1246 2304 1704 2402 coeptaetempus
1733 2299 2026 2402 perspicue

413 2394 573 2450 docet
612 2392 882 2464 inscriptio
930 2392 981 2447 in
1027 2391 1275 2461 ejusdem
1325 2389 1505 2445 turris
1535 2388 1688 2443 calce
1717 2391 1913 2458 posita,
1970 2391 2024 2445 in

414 2503 517 2557 qua
572 2502 632 2543 ea
694 2501 831 2541 anno
895 2485 1031 2542 1045
1082 2485 1646 2583 ἱιιςΙιοιιιιι.ιιοιιιιιιι·Ξ
1701 2480 1843 2583 quod
1900 2499 2026 2583 cum

411 2593 503 2633 an.
542 2577 700 2646 1049,
741 2578 861 2633 dum
891 2577 1065 2634 adhuc
1111 2575 1407 2631 aediﬁcatio
1440 2571 1785 2675 procede-ret,
1820 2574 2027 2642 optime

411 2673 683 2741 congruit.
727 2670 901 2741 Itaque
940 2670 1185 2726 monachi
1220 2678 1357 2724 tetas
1393 2667 1542 2722 inter
1570 2665 1804 2770 medium
1838 2681 1889 2770 xi
1923 2681 2027 2722 εω-

411 2767 617 2831 culum,
650 2775 700 2819 et
728 2775 850 2820 ante
875 2766 1033 2821 linem
1060 2780 1133 2818 xu
1161 2760 1489 2837 collocanda
1517 2770 1620 2813 est.
1645 2756 1799 2824 Quod
1831 2759 1876 2813 si
1902 2775 2027 2829 pos-

414 2872 649 2915 tremum
674 2859 858 2915 saltem
888 2860 1016 2916 illud
1044 2861 1372 2916 miraculum
1406 2873 1478 2912 cx
1510 2855 1616 2910 illis
1643 2855 1760 2918 fuit,
1790 2872 1911 2925 quae
1938 2874 2025 2914 re-

409 2954 618 3025 ligiosi,
648 2954 957 3023 quibuscum
988 2934 1240 3020 steterat,
1274 2953 1515 3008 suismet
1537 2950 1709 3005 oculis
1736 2949 2019 3020 viderunt;

3023 2446 3037 2470 ,
3068 2423 3205 2477 quos
3248 2412 3305 2469 S.
3355 2417 3660 2496 Episcopus
3708 2447 3741 2488 e

2132 2470 2392 2536 piscando
2431 2479 2621 2548 redux,
2671 2486 2864 2557 legatis
2893 2495 2962 2549 ab
3004 2496 3335 2567 imperatore
3365 2470 3739 2578 missisrdono

2130 2559 2304 2630 dedit,
2348 2576 2403 2622 et
2433 2577 2605 2640 quarti
2635 2590 2733 2644 per
2762 2582 2985 2638 eosdem
3016 2559 3235 2653 sublati.
3267 2599 3357 2665 qui
3396 2615 3522 2659 cum
3569 2621 3735 2667 crete-

2132 2654 2210 2710 ris
2239 2661 2395 2727 coqui
2428 2678 2534 2719 non
2573 2670 2767 2736 potuit.
2796 2671 3064 2733 Mortuum
3095 2681 3262 2739 ﬂuvio
3283 2654 3577 2765 abreptum
3608 2701 3734 2759 vita:

2130 2746 2401 2807 redditum
2437 2758 2722 2827 memorat,
2755 2764 2909 2836 cujus
2939 2771 3208 2842 miraculi,
3245 2796 3271 2831 a
3302 2746 3576 2843 Οοιιιῖηιιιο
3606 2791 3734 2851 licet

2132 2847 2510 2917 praetermissi,
2563 2855 2929 2915 testimonium
2964 2863 3173 2932 profert
3223 2871 3541 2946 Anonymus
3581 2881 3731 2954 Pipi-
3782 2918 3785 2921 λ

2131 2938 2347 3005 nianus,
2398 2952 2458 2996 ut
2495 2958 2593 2999 nos
2643 2962 2711 3003 ex
2756 2950 2969 3009 duobus
3015 2974 3147 3014 mss.
3202 2967 3560 3027 restituimus.
3593 2975 3728 3033 Tum

410 3048 627 3116 mquius
653 3048 704 3101 iu
738 3046 890 3102 linem
922 3048 1107 3103 saeculi
1147 3062 1206 3102 χι
1233 3047 1421 3153 ipsius.
1456 3051 1591 3097 :etas
1627 3042 2022 3153 reterjeuda'v-i-
2051 3129 2092 3153 Π
2420 3035 2992 3153 litt‘tlucitAloqucmetn
3017 3093 3032 3114 ,
3078 3052 3352 3153 descripto
3402 3080 3500 3131 pro
3552 3071 3728 3137 prima

408 3141 593 3197 detur.
627 3139 752 3195 Hec
781 3141 990 3211 quidem
1018 3142 1126 3197 duo
1158 3136 1424 3195 monachi
1456 3136 1719 3206 opuscula
1749 3135 2018 3206 descripta

2128 3129 2390 3182 concione
2420 3137 2532 3183 toto
2562 3142 2793 3191 tractatu
2815 3140 2904 3207 52,
2929 3142 3022 3199 lib.
3053 3160 3112 3213 ιι,
3143 3157 3198 3203 et
3219 3129 3516 3223 fragmento
3535 3129 3731 3221 tracta-

409 3237 669 3307 leguntur
692 3251 790 3290 ms.
822 3235 1137 3292 lectionario
1178 3233 1371 3289 saeculi
1412 3246 1520 3334 xu,
1544 3229 1687 3334 quod
1734 3228 2021 3334 l3artholo-

407 3344 585 3384 mazus
614 3326 968 3398 Compagnola
994 3328 1055 3385 8.
1096 3326 1334 3382 Caecilia:
1365 3321 1815 3425 archipresbyter
1839 3322 2016 3392 possi-

409 3423 525 3477 det.
556 3419 709 3487 Quod
746 3421 787 3474 si
820 3419 961 3476 Zeno
990 3420 1081 3475 ille
1125 3417 1476 3518 prmpositus
1504 3417 1839 3518 monasterii,
1870 3430 2021 3518 quem

409 3515 476 3568 ob
506 3512 771 3585 religionis
796 3521 843 3565 et
869 3513 1136 3583 sapientia:
1159 3510 1403 3564 meritum
1437 3505 2021 3611 SalottIOItetttlagitotiti-

410 3607 603 3662 nabant
632 3606 711 3678 (ut
733 3605 786 3660 in
815 3621 921 3660 uno
946 3622 976 3661 e
1013 3604 1293 3660 miraculis
1325 3598 1593 3705 proditur)
1627 3609 1711 3705 est
1737 3599 2016 3705 illenSarl-o-

413 3717 567 3766 mon,
592 3701 684 3771 qui
712 3708 1037 3755 memoratur
1068 3699 1123 3753 in
1154 3695 1519 3766 inscriptione
1540 3692 2021 3797 basilicasqu-

415 3793 575 3847 nonis
599 3791 808 3862 sculpta
835 3808 920 3846 an.
949 3789 1108 3858 1178,
1134 3804 1198 3845 ac
1222 3789 1326 3844 sita
1360 3786 1413 3840 in
1441 3785 1665 3855 pariete,
1696 3784 1787 3840 ubi
1807 3785 2020 3856 insigne

414 3900 511 3941 vas
539 3882 983 3956 prophyreticum
1019 3892 1307 3947 servatur;
1341 3878 1882 3983 sequior‘aliquanto
1915 3878 2019 3983 ltu-

405 3980 500 4050 jus
544 3977 795 4034 monachi
842 3985 970 4032 tctas
999 3974 1317 4075 epilocanda
1364 3974 1633 4075 essetht
1674 3973 1829 4075 alius.
1919 3973 2020 4030 Ze—

411 4088 562 4128 none
590 4070 884 4143 prteposito
913 4070 1001 4124 hic
1027 4058 1285 4125 Salomon
1317 4079 1442 4123 esse
1464 4073 1669 4137 potest;
1704 4075 1761 4167 et
1788 4064 1830 4119 si
1858 4065 1909 4119 in
1930 4081 2018 4120 or-

411 4164 599 4220 dinem
630 4175 934 4233 temporum
966 4160 1229 4218 miracula
1250 4159 1320 4214 ab
1360 4166 1582 4214 auctore
1611 4158 1819 4228 prodita
1866 4168 2011 4227 sunt,

412 4261 563 4317 Zeno
600 4258 855 4316 Salomon
900 4258 966 4313 ab
1009 4257 1113 4312 hoc
1157 4262 1512 4319 memoratus,
1557 4264 1684 4310 ante
1724 4268 1813 4307 an.
1849 4252 2010 4323 1049,

411 4370 538 4411 cum
586 4353 821 4408 Mantua:
863 4348 1061 4406 Christi
1104 4346 1324 4417 sanguis
1371 4346 1623 4449 inventus
1669 4356 1776 4411 est,
1810 4356 2017 4449 postre-

411 4462 674 4516 mumque
714 4445 931 4499 Zenone
976 4440 1347 4497 intercedente
1398 4438 1713 4493 miraculum
1761 4439 2010 4509 contigit,

2130 3223 2216 3270 tus
2240 3216 2313 3271 42
2356 3220 2600 3290 ejusdem
2651 3228 2797 3298 libri,
2848 3248 2946 3303 pro
2987 3241 3222 3297 secunda
3273 3216 3454 3306 autem
3487 3253 3642 3319 initio
3672 3267 3728 3313 et

2127 3306 2235 3364 ﬁne
2264 3321 2524 3373 tractatus
2562 3317 2596 3374 6
2628 3320 2722 3376 lib.
2760 3340 2794 3378 ι.
2831 3326 3070 3386 Tandem
3104 3337 3269 3393 multa
3313 3343 3415 3400 sub
3443 3346 3566 3403 vita:
3605 3352 3725 3407 esi-

2127 3406 2237 3455 tum
2266 3403 2334 3458 ab
2360 3421 2427 3461 eo
2448 3408 2515 3463 ad
2543 3426 2671 3466 suos
2698 3414 2838 3472 dicta
2865 3418 2983 3489 (use
3007 3438 3419 3501 commemorat,
3450 3440 3728 3499 eumdem-

2125 3510 2251 3563 que,
2275 3513 2432 3568 quem
2462 3501 2709 3564 Gallieno
2730 3526 3021 3582 supparem
3053 3519 3199 3587 fecit,
3225 3524 3428 3587 obiisse
3459 3534 3636 3602 prodit
3655 3516 3727 3595 est

2125 3578 2363 3646 editione
2390 3592 2671 3677 Mall'eiana
2722 3578 2892 3673 prid—ie
2931 3608 3062 3665 Idus
3105 3578 3312 3687 Aprilis
3346 3578 3489 3679 ann;
3513 3578 3726 3685 Dominnt'

2124 3674 2473 3741 tercentesitno
2500 3691 2711 3760 primo;
2749 3714 2869 3767 quae
2910 3710 3088 3760 tamen
3129 3711 3256 3765 anni
3284 3719 3563 3775 annotatio
3598 3737 3722 3779 cum

2122 3771 2175 3827 in
2207 3776 2394 3834 codice
2421 3780 2802 3844 Bartholommi
2834 3791 3211 3869 Compagnolm
3242 3820 3450 3865 necnon
3501 3812 3555 3867 in
3604 3813 3723 3871 Mtt-

2124 3865 2350 3924 selliano
2377 3870 2539 3940 desit,
2569 3874 2621 3932 iu
2645 3876 2961 3952 Pompeiani
2989 3900 3166 3947 autem
3207 3900 3449 3969 margine
3474 3907 3722 3974 apposita

2126 3962 2408 4026 posteriori
2440 3981 2599 4023 manu
2632 3970 2864 4043 legatur,
2917 3994 3038 4035 eam
3069 4000 3173 4038 non
3204 3988 3273 4044 ab
3303 3989 3424 4060 ipso
3452 3999 3723 4054 monacho

2114 4059 2344 4119 auctore
2373 4060 2651 4130 scriptam,
2687 4067 2781 4121 sed
2811 4085 2874 4125 ex
2905 4077 3148 4146 margine
3179 4080 3233 4135 in
3267 4091 3478 4142 tortum
3511 4090 3723 4163 aliquo-

2124 4162 2240 4202 rum
2270 4166 2398 4206 mss.
2433 4153 2719 4226 irrepsisse
2749 4165 2881 4219 satis
2909 4168 3170 4227 credibile
3191 4184 3294 4236 est.
3326 4180 3405 4234 uti
3440 4181 3634 4253 legitur
3662 4187 3717 4243 in

2120 4252 2188 4293 eo
2214 4256 2319 4310 quo
2348 4242 2590 4303 Maﬂ‘eius
2620 4259 2705 4305 est
2748 4270 2900 4324 usus,
2952 4274 3161 4318 necnon
3186 4265 3239 4320 in
3277 4242 3716 4334 Vatican3123‘5.

2121 4332 2220 4389 Hic
2265 4350 2397 4392 vero
2432 4351 2697 4400 annotare
2746 4347 2924 4404 obiter
2971 4353 3124 4422 libct,
3174 4359 3315 4427 quod
3354 4362 3399 4417 si
3443 4368 3607 4423 etiam
3648 4371 3720 4428 ab

2122 4428 2241 4485 aliis
2270 4428 2383 4486 hate
2410 4438 2690 4493 annotatio
2726 4441 2936 4509 adjecta
2970 4444 3091 4514 fuit,
3120 4455 3540 4521 utprobabilius
3567 4463 3720 4521 vide-

412 4540 601 4595 vivere
622 4535 828 4593 debuit.
862 4534 969 4590 Sed
1011 4533 1078 4589 de
1106 4530 1360 4587 monachi
1384 4537 1543 4584 aetate
1572 4529 1727 4585 satis.
1762 4529 2013 4585 Transla-
2042 4534 2097 4595 D
2125 4529 2228 4589 tur,
2256 4534 2310 4577 et
2338 4523 2390 4578 in
2413 4526 2536 4581 aliis
2563 4530 2725 4586 etiam
2749 4533 2977 4592 aliorum
2999 4539 3272 4600 inferioris
3303 4552 3477 4606 tetatis
3499 4555 3717 4624 quidem

414 4634 581 4691 tionis
627 4630 868 4687 historiae
912 4639 1098 4684 auctor
1133 4627 1297 4682 vitam
1344 4624 1402 4681 S.
1445 4622 1681 4679 Zenonis
1731 4624 2013 4695 praemisit,

413 4742 539 4798 qua:
562 4740 592 4780 e
614 4722 890 4778 Curonalo
909 4719 1130 4775 Notario
1147 4717 1200 4773 in
1227 4723 1433 4788 partem
1459 4716 2013 4820 maximam‘sumpta,

414 4821 470 4873 in
504 4831 639 4871 mss.
679 4814 739 4871 S.
772 4812 1029 4878 Zenonis,
1058 4820 1113 4866 et
1133 4811 1186 4864 in
1208 4810 1380 4864 sacris
1409 4806 1602 4862 ofﬁciis
1626 4824 1721 4878 pro
1759 4808 2016 4913 Coronati

418 4908 545 4964 Vita
571 4909 746 4963 locum
778 4906 892 4961 fere
939 4903 1238 4973 occupavit.
1272 4900 1487 4969 Legitur
1516 4901 1744 5003 scilicet—
1749 4901 1932 5003 multis
1963 4903 2015 4956 in

415 5018 553 5058 mss.
590 5010 712 5072 post
732 5011 1013 5053 sermones
1035 4992 1238 5069 [CLVIII]
1271 4992 1328 5050 S.
1359 4992 1595 5098 Zeponis
1625 4994 1677 5098 ip
1701 4991 2019 5098 Tolﬁtttina-

418 5104 493 5163 te,
515 5089 1224 5171 Zeuoniano.‘Pompeiano,
1250 5098 1314 5141 ae
1336 5086 1386 5140 in
1414 5085 1624 5141 duobus
1645 5085 2011 5189 item-vatim.

416 5189 508 5244 nis
539 5186 679 5243 1255
705 5195 761 5241 et
785 5165 945 5251 1234,
973 5197 1200 5255 quorum
1226 5180 1471 5260 notitiam
1502 5179 2012 5283 nuper-habuimus,

415 5296 484 5337 ac
516 5289 776 5350 praeterea
806 5277 862 5333 in
892 5293 1021 5332 mss.
1040 5275 1261 5331 alterius
1286 5288 1499 5345 generis
1529 5271 1866 5379 Museljimo,
1897 5271 2016 5379 Stti-

413 5377 661 5439 banteo,
707 5372 1032 5437 Matieiano,
1082 5378 1179 5437 et,
1231 5379 1286 5422 ut
1343 5368 1620 5422 mittamus
1661 5365 1799 5470 alios
1863 5366 2017 5470 codi-

413 5486 535 5536 ces,
573 5472 626 5524 in
654 5465 970 5524 lectiouario
1007 5461 1385 5519 Bartliolomaei
1413 5459 2015 5562 Campagnolastacdin

413 5565 598 5619 altero
662 5559 972 5616 monialium
1044 5556 1102 5612 8.
1166 5554 1348 5611 Mariae
1404 5552 1737 5655 de._campo
1803 5552 2014 5607 Martio.

414 5657 476 5713 In
510 5654 827 5711 lectionario
856 5650 1255 5721 Campagnolac,
1295 5663 1414 5702 cum
1460 5644 1526 5701 ad
1559 5644 2022 5751 margin-emme

413 5748 641 5812 numeri
682 5747 912 5819 appositi
965 5752 1276 5809 cernantur,
1322 5740 1440 5797 Vita
1496 5742 1548 5795 in
1584 5748 1707 5795 octo
1762 5739 2021 5799 lectiones

2119 4623 2398 4671 auctorum
2426 4619 2703 4679 codicibus
2722 4640 2842 4681 eam
2858 4644 2957 4684 nos
2979 4631 3172 4702 legisse
3186 4642 3530 4700 meminimus
3547 4648 3645 4715 (uti
3664 4648 3718 4705 in

2119 4720 2285 4775 opere
2315 4726 2415 4764 tus.
2462 4712 2750 4772 Saibanteo
2790 4719 2917 4787 658,
2953 4726 3094 4792 quod
3126 4728 3335 4787 Blasius
3364 4712 3625 4795 Rossetus
3656 4741 3721 4798 de

2120 4798 2394 4872 Episwpis
2428 4803 2810 4867 Veronensibus
2838 4814 2904 4868 ad
2937 4815 3158 4875 Petrum
3198 4821 3591 4896 Lippomanum
3635 4835 3721 4892 itt-

2122 4895 2360 4965 scripsit,
2391 4897 2479 4953 ubi
2528 4902 2580 4955 in
2631 4902 2853 4962 Zenone
2906 4907 3021 4966 haec
3062 4912 3267 4971 habet:
3301 4895 3442 4977 Obiit
3484 4932 3720 5000 egregius

2123 4988 2355 5058 pontifex
2382 4999 2430 5042 et
2458 5002 2603 5060 pater
2631 4998 2813 5064 patria:
2841 4999 2925 5054 die
2952 5003 3172 5072 sabbati,
3207 5012 3377 5078 pridie
3398 4988 3536 5072 Idus
3561 4988 3720 5093 Apri-

2122 5075 2185 5131 lis
2209 5094 2345 5133 anno
2375 5097 2406 5134 a
2430 5081 2633 5140 Christo
2657 5098 2779 5143 nato
2799 5106 2937 5157 CCCI,
2963 5105 3018 5151 et
3039 5099 3293 5159 similiter
3334 5107 3386 5163 in
3411 5113 3719 5184 antiquiore

2121 5185 2223 5224 ms.
2255 5176 2571 5231 monasterii
2603 5178 2660 5235 S.
2695 5181 2929 5241 Zenonis
2959 5188 3162 5260 scripto
3200 5196 3341 5253 circa
3370 5202 3610 5260 medium
3645 5224 3720 5265 xv

2119 5266 2405 5333 saeculum,
2439 5268 2490 5323 in
2518 5274 2764 5344 catalogo
2793 5277 2891 5334 SS.
2917 5280 3293 5359 episcoporum
3321 5291 3716 5361 Veronensium

2123 5361 2238 5416 haec
2282 5362 2505 5419 alterius
2549 5368 2864 5435 posterioris
2917 5390 3107 5434 manus
3155 5388 3432 5441 annotatiu
3483 5390 3715 5463 legitur:

2125 5451 2353 5508 Moritur
2393 5473 2479 5510 an.
2531 5459 2657 5528 501,
2688 5466 2836 5536 cujus
2865 5482 3049 5540 corpus
3079 5475 3347 5545 requiescit
3394 5480 3446 5535 in
3474 5451 3566 5552 ea:
3610 5504 3719 5547 non

2125 5549 2348 5603 omnino
2377 5562 2631 5610 constans
2664 5555 2824 5625 igitur
2865 5563 3073 5619 exstitit
3102 5566 3169 5623 de
3195 5578 3354 5625 (etate
3382 5575 3439 5630 S.
3483 5576 3721 5640 Zenonis

2126 5640 2356 5698 Gallieni
2401 5643 2683 5715 imperium
2733 5652 3050 5723 attingentis
3106 5664 3408 5728 sententia,
3452 5670 3580 5736 quin
3628 5674 3725 5733 alii

2129 5736 2593 5797 alitcrscnscrint.
2642 5742 2777 5800 llinc
2804 5747 2967 5805 etiam
3002 5748 3054 5804 in
3089 5767 3190 5808 ms.
3232 5753 3584 5823 Bibliotheca:
3608 5765 3730 5830 Mu-
