4216 6178
478 200 581 261 103

1857 187 2326 253 PROLEGOHEN
2337 190 2396 247 .i.

3683 195 3787 255 illo

477 315 739 381 suntnam,
775 312 866 385 qui
894 312 1033 367 Inter
1056 318 1250 368 caetera
1292 311 1503 367 Ferreti
1555 324 1773 366 carmen
1820 308 2081 375 continet,
2114 315 2162 370 Α
2191 305 2463 361 Zenonem
2488 303 2786 376 pertineat,
2818 305 3175 376 fragmentum
3204 307 3525 382 lllud,qnod
3550 311 3651 368 tria
3676 313 3788 368 ha-c

477 406 620 473 quod
644 403 841 460 exinde
864 404 914 459 in
944 404 1140 458 [lerunt
1166 402 1473 458 Italicarum
1508 411 1638 457 tom.
1658 418 1710 457 ιχ
1738 400 1941 456 editum
1970 410 2075 466 est,

479 501 533 555 ὃ.
582 498 732 555 Zeno
757 497 1088 555 Veronensis
1117 496 1377 552 Ecclesiae
1407 498 1677 568 episcopus
1709 505 1915 549 octavus
1942 494 2081 547 circa

479 609 673 648 annum
704 592 809 648 522
839 592 1035 647 vixisse
1064 589 1294 647 traditur
1324 592 1392 646 ab
1414 600 1636 646 auctore
1672 588 1874 658 operis,
1912 584 2079 662 [eux]

479 690 621 759 quod
649 689 1001 744 ducentarum
1031 688 1242 744 urbium
1275 688 1495 743 brevem
1543 685 1791 741 notitiam
1823 682 2076 748 exhibet;

482 782 569 837 ubi
595 798 715 838 cum
761 780 950 837 Irenzei
979 778 1198 835 Paciﬁci
1232 778 1363 851 (non
1397 780 1541 837 illius
1571 777 1771 834 veteris
1813 774 2082 831 archidia-

479 875 624 941 coni,
674 886 734 929 ut
780 872 1028 930 nonnulli
1084 871 1453 938 crediderunt,
1503 869 1597 925 sed
1639 868 1867 924 alterius
1912 866 2082 921 multo

481 966 820 1040 posterioris,
850 982 1010 1037 quem
1036 965 1443 1020 mansiunurium
1473 961 1718 1019 Ecclesia:
1744 960 1956 1032 majoris
1995 957 2084 1014 Ve-

483 1074 625 1114 ronae
650 1058 908 1130 appellat)
941 1055 1182 1113 Lexicon
1210 1054 1501 1125 quoddam,
1536 1065 1591 1110 et
1614 1053 1925 1110 Chronicon
1952 1051 2085 1107 alle-

480 1160 671 1223 gatur;
704 1160 815 1206 tum
866 1165 1000 1207 vero
1046 1165 1154 1205 non
1203 1150 1334 1204 satis
1366 1147 1696 1220 perspicitur
1744 1156 1923 1201 utrum
1964 1159 2085 1214 qua:

484 1244 552 1300 de
578 1243 801 1299 Zenone
824 1242 1107 1299 traduntttr
1132 1241 1198 1319 ad
1221 1243 1389 1313 ipsius
1414 1242 1778 1297 testimonium
1803 1256 1867 1296 ex
1886 1238 2087 1296 Lexiro

484 1336 681 1393 ibidem
713 1337 996 1392 recitatum
1026 1337 1352 1408 pertineant,
1402 1351 1596 1391 necne.
1652 1335 1919 1391 Prteterea
1948 1333 2087 1388 duos

487 1431 670 1487 saeculi
691 1447 755 1486 xv
780 1439 1029 1487 auctores
1058 1430 1381 1500 reperimus,
1398 1431 1490 1502 qui
1511 1429 1567 1485 S.
1594 1428 1869 1484 Zenonem
1894 1437 2088 1501 quarto

486 1523 688 1579 Sterulo
728 1523 1027 1590 viventem,
1071 1531 1126 1578 rt
1172 1522 1448 1579 Ambrosii
1490 1537 1732 1578 cotevum
1776 1518 2083 1592 prodidere,

487 1618 739 1672 nimirum
779 1615 1025 1672 Flavium
1076 1616 1364 1681 Blandum,
1404 1614 1496 1686 qui
1537 1616 1589 1670 in
1622 1615 1771 1671 Italia
1816 1615 2087 1670 Illustrata

2186 397 2447 452 miracula
2478 398 2737 469 continet,
2761 399 3123 472 subjiciemus.
3146 400 3290 475 [cex]
3324 402 3477 459 Hunc
3503 405 3787 461 autcha-

2183 491 2377 546 cobum
2400 491 2770 564 presbyterum
2792 501 3064 549 auctorem
3099 511 3220 550 esse
3249 497 3415 553 seculi
3445 514 3511 550 xv
3535 497 3792 555 manifes-

2186 592 2296 639 tum
2332 583 2390 638 ﬁt
2412 600 2477 639 rx
2501 584 2762 651 secundo,
2819 586 2958 657 quod
2984 586 3334 653 all‘crrcmus.
3372 588 3677 659 miraculo,
3703 593 3790 651 ubi

2188 677 2517 732 mentionem
2547 676 2675 733 facit
2705 677 2837 745 litis,
2861 695 3021 750 quam
3047 681 3265 751 quidam
3294 681 3625 740 Veronensis
3652 684 3792 757 apud

2186 768 2442 826 Senatum
2475 768 2739 827 Venetum
2767 784 3109 844 prosecutus,
3136 775 3189 830 in
3216 790 3282 832 ea
3338 777 3620 834 victoriam
3651 779 3792 835 obti-

2185 863 2343 918 nuit:
2378 860 2504 919 hinc
2534 864 2681 919 enim
2718 863 2989 921 Veronam
3018 867 3128 937 jam
3159 867 3210 924 id
3251 870 3516 942 temporis
3559 872 3659 927 sub
3696 872 3792 928 Ve-

2183 965 2321 1013 nete
2379 956 2725 1029 Reipublica:
2779 958 2985 1016 ditione
3040 960 3206 1018 fuisse
3253 962 3460 1033 liquet,
3504 963 3646 1034 quod
3686 982 3789 1021 non

2188 1049 2291 1104 nisi
2320 1052 2520 1107 saeculo
2552 1068 2619 1107 xv
2655 1053 2871 1108 accidit.
2915 1053 2995 1110 Ex
3041 1054 3330 1131 hisgetiam
3377 1058 3575 1130 conjici
3620 1070 3795 1131 potest

2188 1134 2552 1198 Benedictum‘
2585 1153 2640 1199 et
2686 1141 3037 1200 Cathat-inam
3099 1146 3449 1216 Saracenatn,
3497 1166 3633 1221 quos
3689 1160 3793 1208 ter—

2190 1238 2323 1291 tium
2376 1236 2694 1294 miraculum
2745 1248 3051 1308 memorat,
3094 1256 3215 1298 esse
3251 1252 3525 1312 parentes,
3558 1244 3641 1300 vel
3667 1260 3795 1301 con-

2189 1333 2516 1403 sanguineos
2548 1333 2668 1405 ejus
2698 1332 2922 1390 Antonii
2951 1335 3186 1391 Zenonis
3228 1337 3506 1404 Saraceni,
3540 1355 3699 1410 quem
3730 1356 3793 1396 ex

2190 1422 2489 1480 Veronensi
2514 1426 2716 1480 clerico
2747 1426 2930 1482 Sixtus
2959 1443 3011 1482 tv
3038 1428 3482 1486 archidiaconum
3512 1431 3675 1502 elegit
3705 1440 3790 1487 an.

2191 1515 2351 1583 1475,
2376 1533 2439 1572 ex
2467 1522 2791 1575 documento
2809 1519 2948 1590 apud
2974 1519 3279 1591 Ugltcllium
3302 1537 3421 1594 pag.
3458 1522 3583 1580 945.
3615 1522 3797 1579 Jacobi

2191 1624 2350 1680 porro
2376 1610 2644 1681 integrum
2674 1628 2892 1668 carmen
2935 1624 3191 1669 constans
3219 1628 3286 1669 ex
3314 1615 3557 1672 versibus
3583 1615 3710 1683 244,
3745 1616 3795 1673 in

486 1710 705 1781 regione
735 1709 767 1764 9
807 1708 953 1764 illius
983 1710 1179 1778 scripta
1229 1709 1643 1773 Ambrosianum,
1673 1724 1827 1779 quam
1849 1689 2160 1761 imitatus'B
2192 1702 2373 1759 tabula
2404 1705 2717 1777 inscriptum
2741 1706 2867 1761 olim
2898 1707 3232 1773 fuerat;tum
3258 1722 3288 1760 a
3314 1706 3473 1763 Patre
3493 1708 3799 1767 Clteruhino

488 1811 584 1864 est,
613 1802 956 1874 eloquentiam
984 1802 1269 1855 redolentia
1300 1800 1634 1871 pronuntiat,
1665 1810 1719 1855 et
1758 1801 1815 1853 ὃ.
1851 1800 2084 1854 Bernar-

489 1893 673 1948 dinum
725 1893 1045 1959 Seuensetn,
1091 1893 1181 1964 qui
1232 1908 1399 1947 serm.
1462 1892 1551 1956 47,
1603 1900 1707 1945 art.
1750 1889 1805 1958 2,
1863 1907 1983 1959 Cap.
2032 1890 2089 1955 3,

491 1998 611 2057 pag.
642 1984 751 2039 244
783 1992 913 2039 tem.
965 2000 1003 2051 ι,
1039 1985 1172 2040 edit.
1198 1983 1472 2054 Lugdun.,
1530 1982 1765 2052 lepidum
1821 1981 2092 2053 quoddam

488 2079 796 2150 exemplum
830 2079 1084 2142 recitatis,
1109 2077 1252 2149 quod
1294 2076 1353 2133 S.
1385 2075 1589 2131 Zenoni
1636 2075 1908 2140 attribuit,
1951 2074 2094 2128 hunc

492 2174 553 2231 S.
586 2174 843 2229 Ambrosii
860 2174 1104 2230 clericum
1131 2171 1205 2241 (a)
1231 2183 1356 2227 ante
1375 2173 1743 2241 episeOpatum
1764 2177 1920 2225 vocat
1941 2186 1951 2222 :
1976 2184 2095 2239 qua:

488 2264 595 2321 duo
620 2267 928 2339 testimonia
959 2267 1058 2321 etsi
1089 2266 1363 2321 Zenonem
1395 2279 1553 2335 quam
1588 2280 1685 2337 par
1711 2273 1795 2317 est
1816 2262 2092 2333 junioretn

489 2360 755 2427 efﬁciant;
784 2360 849 2415 ad
872 2359 1269 2417 ostendendum
1296 2369 1499 2426 tamen,
1522 2355 1708 2412 saeculi
1728 2371 1798 2411 xv
1822 2355 1889 2409 tle
1914 2355 1971 2411 S.
1998 2353 2097 2410 Ze-

494 2451 653 2507 nonis
685 2462 845 2508 :etate
884 2454 1206 2508 sententiam
1243 2466 1349 2506 non
1396 2466 1515 2506 eam
1556 2448 1745 2515 fuisse,
1793 2464 1916 2519 qua:
1944 2447 2093 2503 illum

494 2542 741 2600 Gallieno
770 2544 1069 2615 imperante
1097 2543 1297 2598 vixisse
1323 2541 1605 2612 prmdicat,
1643 2541 1871 2596 multum
1912 2538 2099 2595 confe-

495 2647 638 2692 runt.
680 2634 787 2692 Sed
816 2645 873 2691 ut
894 2636 960 2691 ad
982 2634 1354 2692 Zeuonianum
1382 2632 1707 2688 monachum
1736 2640 2094 2698 revertamur,

492 2730 536 2785 si
570 2729 689 2798 quis
711 2745 798 2797 ea,
830 2746 948 2798 quae
982 2728 1142 2799 paulo
1172 2736 1296 2783 ante
1326 2724 1701 2793 indicavimus,
1746 2738 1799 2782 et
1826 2726 1966 2795 apud
1992 2724 2098 2780 Co-

494 2831 743 2877 ronatum
792 2837 895 2875 non
927 2821 1200 2892 leguntur,
1231 2833 1399 2890 penes
1444 2818 1621 2887 ipsum
1660 2817 1983 2873 monachum
2017 2816 2096 2872 le-

492 2930 621 2984 gvre
659 2912 860 2983 cupiat,
908 2912 1058 2967 adire
1106 2910 1307 2980 poterit
1345 2908 1636 2965 Historiam
1689 2907 2096 2977 Diplomatieam

498 3005 692 3062 Maﬁ'eii
720 3005 887 3062 nostri
916 3021 931 3061 :
966 3006 1053 3077 qni
1089 3004 1251 3074 hujus
1284 3004 1532 3059 monachi
1566 3001 1888 3072 opusculum
1918 3000 2096 3055 Zeno-

2198 1795 2529 1854 Lazzaronio
2559 1799 2761 1854 editum
2795 1798 2848 1855 in
2881 1799 3043 1868 libro,
3076 1803 3162 1856 cui
3197 1800 3383 1856 titulus
3414 1797 3607 1856 Pastor
3642 1801 3800 1857 Vero-

2199 1890 2391 1956 nensis,
2416 1907 2624 1947 necnon
2655 1893 2724 1948 ab
2745 1891 3086 1949 Henscltenio
3121 1903 3252 1948 tom.
3286 1910 3321 1950 ιι
3342 1894 3558 1964 Aprilis,
3579 1896 3798 1966 pag.76.

2273 1984 2336 2041 V.
2370 1985 2463 2042 His
2494 1988 2863 2042 monumentis
2892 1986 2958 2042 ad
2988 1987 3151 2042 vitam
3182 1994 3237 2042 et
3258 1987 3517 2043 miracula
3542 1986 3599 2044 S.
3635 1986 3802 2044 Zeno-

2200 2081 2285 2135 nis
2317 2082 2720 2152 pertinentibus
2752 2082 3106 2156 subjicicmus
3132 2081 3325 2140 Missas
3354 2091 3410 2140 et
3435 2082 3540 2139 alia
3567 2083 3633 2138 ad
3661 2083 3802 2139 diur-

2203 2190 2329 2229 num
2369 2186 2805 2249 nocturnumque
2831 2177 3067 2232 ofﬁcium
3098 2174 3419 2245 spectantia,
3453 2191 3574 2249 quae
3600 2175 3657 2232 S.
3698 2174 3799 2232 Ze-

2204 2268 2362 2320 nonis
2392 2269 2611 2337 propria
2644 2269 2695 2322 in
2729 2267 2995 2341 liturgicis
3024 2267 3176 2324 libris
3206 2265 3542 2339 reperimus,
3575 2264 3642 2322 de
3680 2266 3799 2338 qui-

2203 2355 2306 2413 bus
2338 2360 2576 2430 intlicare
2615 2361 2861 2433 quaedam
2911 2377 3135 2419 necesse
3165 2370 3268 2419 est.
3299 2359 3487 2416 Missas
3528 2376 3622 2418 sex
3665 2360 3806 2415 nacti

2203 2466 2411 2510 sumus.
2447 2454 2629 2511 Prima
2676 2456 2877 2526 legitur
2908 2456 2963 2512 in
3011 2456 3182 2512 tribus
3213 2468 3343 2511 mss.
3386 2456 3614 2510 vetustis
3657 2452 3806 2509 libris

2204 2541 2683 2602 Sacramentorum
2732 2546 3061 2603 Veronensis
3105 2547 3365 2603 Ecclesia:
3412 2545 3466 2602 in
3517 2545 3807 2621 Capitulari

2206 2635 2532 2694 bibliotheca
2584 2640 2887 2704 custoditis,
2938 2654 3168 2711 quorum
3209 2654 3348 2695 unus
3398 2638 3540 2694 inter
3585 2649 3807 2694 ctetcros

2204 2728 2413 2809 integer
2439 2740 2493 2785 et
2516 2730 2902 2803 perdiligenter
2943 2732 3284 2799 elaboratus,
3319 2745 3440 2786 cum
3472 2732 3523 2787 in
3565 2730 3795 2803 quadam

2202 2822 2452 2878 ozatione
2482 2821 2684 2906 Regem.
2709 2834 2939 2878 nostrum
2971 2822 3224 2880 Othonem
3251 2825 3529 2894 nominet,
3561 2835 3684 2881 ante
3711 2841 3810 2880 un-

2206 2913 2477 2969 tlecimum
2527 2917 2785 2972 szeculum
2830 2917 3065 2986 scriptus
3090 2915 3427 2989 agnoscitur,
3477 2918 3808 2989 missumque

2204 3006 2262 3061 S.
2290 3006 2527 3063 Zenonis
2548 3008 2725 3079 primo
2748 3008 2890 3077 loco,
2914 3016 2971 3066 et
2999 3011 3178 3066 aureis
3196 3011 3390 3067 litteris
3407 3010 3809 3084 elegantissime

496 3097 579 3154 nis
608 3097 779 3155 Vitam
825 3112 886 3153 ac
935 3097 1350 3152 translationem
1388 3094 1775 3163 complectens.
1825 3093 1969 3148 inter
1998 3091 2096 3146 ali-
2123 3080 2168 3145 C
2199 3099 2527 3171 descriptam
2550 3101 2796 3157 exhibet.
2825 3101 3028 3157 Eadem
3055 3103 3242 3168 missa,
3264 3111 3319 3158 at
3343 3103 3463 3159 sine
3492 3080 3809 3174 praefatione

498 3201 632 3261 quot
662 3199 1009 3247 monumenta
1041 3190 1306 3260 integrum
1337 3186 1528 3253 edidit,
1560 3186 1776 3241 omissis
1804 3183 2095 3256 pos’tremis

499 3284 774 3341 miraculis
827 3299 946 3354 qua).
974 3282 1043 3337 ab
1075 3280 1419 3338 Henschenio
1466 3297 1533 3334 ex
1560 3279 1702 3334 Petri
1728 3277 1860 3334 Caio
1893 3278 2096 3333 collec-

498 3378 678 3435 tancis
717 3376 856 3431 edita
904 3374 1138 3429 fuerant.
1169 3375 1278 3429 Nos
1321 3375 1489 3429 solam
1533 3372 1902 3427 translatiOnis
1928 3372 2095 3426 histo-

492 3464 657 3535 riam,
690 3482 809 3539 qum
842 3465 893 3521 in
923 3466 1193 3522 Cometato
1223 3465 1398 3532 deest,
1429 3472 1550 3519 cum
1575 3464 1789 3519 duobus
1820 3477 1952 3518 mss.
1986 3463 2097 3515 Mu-

494 3559 725 3616 sclliano
755 3567 808 3614 et
854 3557 1186 3627 Pompeiano
1227 3557 1477 3611 collatam
1507 3564 1559 3611 et
1612 3539 1915 3625 suppletam
1945 3552 2097 3608 dabi-

496 3671 637 3709 mus.
688 3653 763 3709 De
804 3651 905 3707 hac
946 3650 1300 3707 translatione
1349 3647 1518 3703 fusius
1558 3646 1763 3703 dictum
1816 3646 1970 3702 nobis
2014 3653 2099 3701 est

491 3747 622 3804 diss.
663 3761 743 3814 ιιι,
775 3761 893 3817 cap.
925 3746 980 3809 3.
1014 3744 1103 3800 ubi
1135 3738 1431 3799 monachus
1470 3740 1758 3812 antiquiori
1791 3742 1971 3808 aliquo
2000 3740 2096 3795 do-

492 3851 750 3898 cumento
772 3854 929 3896 usum
958 3837 1313 3909 conjecimus,
1345 3833 1445 3891 etsi
1470 3833 1724 3890 nonnulla
1754 3834 1931 3887 minus
1976 3847 2093 3887 ere-

493 3933 678 3990 dibilia
708 3930 789 3987 vel
824 3930 1157 3998 fabulosae):
1188 3927 1331 3999 vulgi
1368 3927 1506 3982 fama
1551 3925 1834 3997 adjecerit,
1864 3925 1935 3979 uti
1964 3924 2094 3980 illud

493 4026 562 4082 de
591 4024 819 4089 merula,
853 4022 940 4079 cui
962 4020 1172 4077 fabella:
1197 4020 1537 4076 occasionem
1570 4017 1786 4073 dedisse
1817 4016 2092 4087 antiquam

491 4118 839 4175 christianum
870 4116 1147 4172 lucernam
1199 4130 1265 4169 ex
1306 4112 1548 4177 metallo,
1591 4109 1642 4165 in
1690 4109 1955 4165 columba:
1985 4110 2093 4164 lor-

492 4228 633 4269 mam
667 4212 722 4266 in
752 4209 1107 4267 subterraneo
1139 4207 1476 4263 Melsinensis
1503 4206 1753 4261 ecclesiae
1799 4215 2091 4272 servatam,

487 4305 555 4361 de
596 4322 699 4378 qua
744 4305 932 4375 vulgus
981 4302 1158 4359 adhuc
1190 4301 1396 4357 fabulas
1449 4299 1637 4363 nectit,
1677 4296 1921 4352 marehio
1964 4297 2097 4352 Μαῖ-

488 4396 628 4454 feius
658 4401 790 4453 satis
816 4396 1163 4467 probabiliter
1191 4394 1407 4464 collegit
1433 4408 1555 4465 pag.
1583 4391 1708 4447 319.

563 4488 653 4545 IV.
677 4489 812 4544 Cum
843 4503 1006 4557 porro
1024 4496 1147 4557 post
1168 4485 1542 4543 Zeuonianum
1577 4477 1897 4539 Monachum
1921 4478 2090 4538 Μῖνα·
2120 4470 2174 4530 D

485 4580 604 4637 cula
636 4580 696 4637 S.
731 4579 954 4637 Zenonis
984 4580 1298 4636 hexametro
1328 4577 1573 4633 carmine
1602 4575 1839 4633 Jacnbus
1868 4577 2095 4648 presby-

491 4685 577 4731 ter
606 4674 909 4747 scripserit,
961 4673 1014 4729 in
1056 4674 1251 4745 quibus
1299 4680 1494 4743 praeter
1541 4686 1625 4736 ea,
1652 4686 1773 4741 quae
1795 4670 1863 4724 ab
1903 4669 2095 4727 eodem

488 4769 754 4827 Monaeho
793 4777 1170 4834 recensentur,
1204 4764 1478 4821 adduntur
1508 4762 1611 4817 alia
1641 4762 1765 4831 tria,
1796 4778 1917 4834 qua:
1962 4764 2093 4819 sub-

486 4861 613 4919 inde
658 4868 988 4928 evenerunt;
1024 4874 1091 4916 ne
1129 4857 1258 4930 quid
1303 4853 1609 4913 desiderati
1632 4864 1816 4927 queat,
1852 4854 1995 4922 quod
2024 4856 2091 4912 ad

556 4998 638 5073 (a)
666 4997 972 5073 Bernardini
999 4993 1152 5073 verba
1184 4994 1266 5049 Itic
1306 4990 1617 5073 apponondq
1670 4992 2088 5073 ducimus,_cunt

485 5064 776 5143 exemplum
806 5070 952 5125 nullo
982 5067 1087 5122 alio
1118 5064 1613 5143 documento._quod
1646 5064 1876 5143 sciamus
1901 5104 1916 5129 ,

481 5134 655 5198 catum
685 5144 946 5212 proferant
979 5155 1128 5212 {non
1156 5136 1294 5212 quod
1320 5136 1402 5212 ei,
1432 5134 1578 5212 falsa:
1601 5135 1783 5212 saltent
1809 5135 1890 5212 .de
1923 5134 2088 5212 disci-

483 5217 666 5286 pulam
780 5204 1038 5286 'Ambrosii
1067 5204 1333 5286 ltgpthtesi
1358 5204 1561 5273 innixa,
1583 5206 1710 5286 fides
1734 5204 1969 5286 habentia
1994 5207 2084 5273 sit,

481 5278 576 5340 sed
596 5302 659 5341 ne
684 5286 829 5355 quid,
858 5282 995 5352 quod
1014 5282 1083 5355 ed
1104 5278 1172 5337 'S.
1200 5278 1459 5355 Zenonem
1477 5279 1715 5355 pertinet,
1745 5280 1809 5332 ab
1837 5278 1956 5355 aliis
1981 5294 2087 5333 me-

482 5347 738 5412 moratum
789 5347 1258 5427 ﬁrmet-mittamus.
1406 5347 1555 5427 Zeno
1584 5350 1885 5427 episcopus
1917 5348 2084 5404 Vero-

482 5431 690 5494 nensis,
736 5418 931 5496 inquit,
973 5440 1094 5480 cum
1136 5433 1281 5478 esset
1322 5420 1387 5474 Β.
1438 5421 1706 5496 Ambrosii
1755 5418 1987 5496 clericus
2028 5431 2084 5475 et

482 5490 925 5557 adolescentulus
951 5506 1169 5552 Sanctus
1197 5506 1250 5550 et
1279 5506 1463 5562 purus,
1497 5492 1820 5559 beatumque
1845 5490 2083 5545 Ambro-

482 5574 624 5629 sium
653 5580 974 5642 sequeretur
1021 5582 1117 5642 per
1153 5567 1461 5642 civitatem,
1509 5576 1634 5642 eum
1676 5568 2081 5642 essctttnerutn

483 5632 748 5716 gravitate
770 5632 1037 5716 maturus;
1066 5638 1283 5716 insolita
1313 5635 1532 5691 levitate
1557 5634 1725 5716 risum
1756 5634 1901 5688 fecit.
1927 5632 2083 5700 Quod

482 5707 604 5773 cum
656 5713 967 5776 adverteret
996 5709 1053 5767 S.
1089 5710 1365 5777 Antistes,
1397 5716 1452 5764 et
1497 5707 1808 5775 miraretur,
1862 5719 2083 5761 causam

2199 3200 2255 3247 et
2284 3192 2532 3249 oratione
2575 3191 2783 3259 ultima,
2817 3193 3088 3250 invenitur
3116 3196 3278 3251 etiam
3312 3197 3365 3251 in
3396 3194 3502 3252 alio
3531 3194 3669 3252 libro
3697 3194 3797 3253 Sa-

2198 3294 2602 3339 cramentorum
2650 3283 2933 3354 cujusdam
2971 3286 3174 3342 scholx
3217 3287 3275 3344 S.
3306 3285 3486 3343 Marize
3524 3287 3593 3344 de
3635 3286 3807 3344 Domo

2201 3386 2543 3447 nuncupatw,
2574 3393 2694 3450 pag.
2715 3394 2830 3447 cut,
2857 3378 2946 3435 die
2969 3379 3285 3451 anprilis,
3308 3380 3397 3452 qui
3422 3381 3560 3437 liber
3584 3398 3651 3437 ex
3670 3396 3809 3436 non-

2201 3472 2366 3528 nullis
2422 3471 2830 3528 cbaraeteribus
2883 3482 3141 3529 exaratus
3188 3482 3417 3545 apparet
3470 3475 3675 3530 saeculo
3726 3490 3803 3531 ιι.

2200 3562 2414 3619 Etenim
2447 3580 2568 3636 pag.
2592 3581 2629 3619 tt
2649 3564 2981 3621 describitur
3006 3565 3280 3637 paschalis
3309 3564 3512 3633 tabula,
3546 3582 3665 3637 qua:
3681 3580 3806 3622 cum

2201 3654 2426 3727 incipiat
2452 3657 2521 3710 ab
2545 3671 2689 3711 anno
2722 3655 2885 3722 1061,
2915 3659 3062 3714 circa
3091 3656 3343 3714 eumdem
3373 3673 3573 3713 annum
3604 3660 3806 3730 scripta

2200 3749 2410 3805 etinseri
2460 3759 2638 3819 potest
2670 3769 2682 3803 :
2740 3759 2798 3805 ut
2842 3750 3006 3807 simili
3040 3753 3250 3809 ratione
3282 3750 3604 3807 venerabilis
3630 3750 3808 3806 cardi-

2203 3839 2339 3894 nalis
2367 3839 2694 3895 Thomasius
2726 3857 2843 3913 pag.
2878 3840 2951 3897 40
2980 3854 3194 3914 tempus
3231 3842 3533 3910 constituit,
3563 3858 3669 3912 quo
3699 3859 3805 3898 ms.

2204 3931 2659 4001 Antiphonarium
2688 3931 3034 3988 bibliotheca:
3080 3934 3355 4005 Angelieze
3381 3933 3808 4005 Augustiniano-

2203 4039 2325 4077 rum
2374 4023 2715 4081 lucubratum
2750 4022 2873 4079 fuit.
2906 4022 3173 4094 Equidem
3209 4028 3258 4081 in
3292 4025 3533 4096 margine
3562 4024 3806 4096 ejusdem

2207 4114 2420 4186 paginae
2465 4115 2756 4171 recentiori
2790 4118 3104 4173 charactere
3135 4116 3413 4171 adnotatio
3453 4117 3697 4187 apposita
3729 4117 3807 4171 leo

2201 4207 2345 4276 gitur
2374 4204 2427 4261 in
2458 4222 2564 4277 qua
2609 4206 2667 4263 ﬁt
2713 4208 2919 4263 mentio
2965 4207 3278 4276 Pecorarii,
3326 4207 3417 4280 qni
3448 4208 3547 4263 fuit
3578 4207 3806 4263 Veronat

2203 4308 2445 4370 potestas
2475 4313 2616 4354 anno
2650 4299 2811 4367 1223,
2843 4297 2927 4355 his
2948 4301 3131 4356 verbis
3157 4318 3169 4354 :
3196 4300 3330 4354 Anni
3362 4297 3572 4354 Domini
3602 4298 3807 4353 ducenti

2203 4391 2343 4446 mille
2364 4401 2512 4446 erant
2536 4391 2715 4464 viginti
2742 4400 2791 4448 et
2811 4401 2938 4459 tres,
2962 4408 3076 4446 cum
3102 4393 3193 4447 ille
3216 4392 3347 4463 regit
3375 4388 3653 4447 Veronam.
3680 4390 3806 4446 Haec

2202 4500 2415 4555 qu0que
2460 4486 2620 4540 missa
2673 4486 2982 4541 continetur
3012 4486 3130 4541 sine
3169 4484 3486 4557 praefatione
3516 4484 3717 4556 pariter
3750 4492 3807 4541 et

2204 4577 2323 4634 sine
2353 4579 2538 4633 ultima
2569 4579 2816 4633 oratione
2839 4576 2891 4631 in
2922 4579 3027 4633 alio
3062 4578 3259 4633 Missali
3283 4577 3501 4646 capituli
3525 4576 3805 4633 Veronen-

2203 4670 2278 4726 sis
2316 4672 2520 4741 scripto
2546 4671 2649 4725 sub
2686 4673 2849 4725 tinem
2891 4669 3074 4725 saeculi
3106 4684 3201 4735 ιιι,
3235 4677 3290 4725 et
3327 4670 3545 4738 ponitur
3581 4668 3669 4724 die
3708 4684 3804 4724 vnt

2205 4761 2520 4818 Decembris
2550 4761 2650 4817 sub
2677 4759 2781 4817 hoc
2808 4761 2967 4818 titulo
3000 4781 3012 4818 :
3040 4761 3310 4817 Dcdicatio
3341 4760 3404 4818 S.
3434 4760 3679 4827 Zenonis,
3704 4775 3804 4816 nec

2202 4858 2253 4914 in
2284 4874 2350 4915 eo
2380 4855 2584 4914 Missali
2613 4856 2732 4911 alia:
2769 4856 2948 4913 Missa:
2977 4855 3103 4913 alibi
3150 4859 3357 4929 uspiam
3399 4855 3467 4913 de
3488 4855 3546 4914 S.
3579 4854 3799 4913 Zenone

2194 4992 2428 5049 levitatis
2456 4991 2725 5061 quaesivit.
2769 4989 2868 5049 Cui
2900 4992 3162 5053 innocens
3206 4994 3641 5052 adolescentulus
3682 4993 3803 5050 ait:

2200 5064 2350 5132 Vidi,
2376 5063 2558 5129 Pater,
2588 5061 2892 5136 daemonem
2920 5082 3082 5136 super
3105 5066 3330 5122 caudam
3363 5069 3507 5123 illius
3531 5067 3795 5134 mulieris,

2192 5150 2312 5210 quae
2354 5148 2452 5210 nos
2501 5134 2824 5210 antecessit,
2870 5134 3249 5210 dormientem.
3305 5136 3548 5210 Dumque
3588 5138 3696 5206 illa,
3733 5152 3802 5193 ne

2193 5205 2245 5260 in
2279 5206 2505 5260 transitu
2536 5207 2632 5261 illo
2677 5208 2853 5262 lutoso
2898 5207 3230 5272 inﬁceretnr,
3278 5205 3507 5264 caudam
3553 5210 3798 5274 levaret,

2189 5276 2403 5332 daemon
2444 5277 2722 5334 dormiens
2752 5281 2805 5333 in
2841 5278 3011 5334 lutum
3036 5279 3321 5336 devolutus
3348 5290 3463 5346 est,
3516 5291 3798 5348 totumque

2191 5350 2597 5420 coinquinatum
2623 5349 3207 5420 prospiciteum.Quod
3228 5352 3580 5410 considerans
3602 5352 3800 5409 S.Am—

2192 5419 2423 5493 ltrosius,
2452 5420 2768 5475 munditiam
2793 5421 2972 5476 cordis
2992 5430 3049 5493 et
3070 5423 3452 5493 perspicaciam
3484 5425 3793 5480 intellecuts

2189 5490 2241 5567 in
2270 5491 2473 5547 clerico
2490 5505 2973 5567 _suo_cogn_oscens,
3001 5490 3114 5567 nea
3134 5490 3336 5565 gratias
3359 5497 3490 5567 egit,
3518 5510 3685 5567 seque
3708 5504 3794 5549 ta-

2188 5563 2294 5634 lem
2326 5561 2709 5634 perspicaci-am
2744 5562 2797 5617 in
2828 5563 3061 5619 videndo
3077 5561 3381 5623 daEtnonem
3394 5561 3513 5624 non
3541 5561 3798 5623 habuisse

2191 5632 2469 5712 humiliter
2482 5634 2848 5712 _recognovit.
2894 5634 3037 5712 H_inc_
3084 5641 3220 5712 forte
3259 5638 3323 5696 S.
3357 5639 3628 5712 episwptts
3656 5636 3801 5694 Zeno

2190 5707 2381 5760 ridenti
2410 5705 2549 5761 vultu
2578 5705 2800 5776 insculpi
2826 5714 2872 5760 et
2897 5706 3038 5779 pingi
3056 5705 3208 5764 solet.
