4216 6178
362 241 479 303 19⁸1

1284 237 1350 297 lN
1394 235 1826 300 MONUMENTA
1887 232 1977 299 DE
2025 231 2086 299 Β.
2140 224 2412 298 ZENONE
2441 227 2860 295 ADMONITIO.

3621 236 3734 297 €93

360 353 744 425 reperiuntur,
776 358 1077 420 propterea
1128 349 1270 419 quod
1313 365 1432 405 cum
1478 351 1592 406 lucc
1622 350 1737 405 dies
1768 363 1818 404 Vl
1857 346 1986 407 ldus
2012 361 2064 422 Α
2084 344 2341 416 jlcientur
2366 345 2580 416 reliqua
2610 345 2665 400 in
2689 342 2881 401 Missis
2908 344 3155 415 dicenda,
3184 361 3303 420 quae
3326 361 3396 405 ex
3425 363 3525 407 ms.
3552 350 3719 405 tcties

362 447 692 504 Decembris
723 442 897 515 prima
926 444 1003 497 sit
1028 458 1103 497 ex
1133 443 1242 498 illis
1270 443 1442 498 tribus
1462 484 1477 512 ,
1517 458 1639 514 quae
1682 442 1740 497 S.
1783 440 1991 499 Zenoni

359 549 710 599 consecrata;
737 544 867 592 sunt
890 535 909 608 (
930 534 1152 593 Missale
1199 535 1344 593 enim
1377 536 1563 606 incipit
1590 536 1660 593 ab
1690 533 1992 607 Adventu),

367 633 495 687 lucc
549 628 745 686 eadem
799 627 970 683 missa
1021 625 1149 682 aliis
1193 642 1408 697 quoque
1451 626 1642 683 diebus
1692 627 1992 697 legebatur.

370 725 572 780 Exstat
602 734 824 793 quoque
862 718 1082 775 Missale
1117 734 1222 774 ms.
1254 719 1440 774 saeculi
1475 735 1566 774 xtv
1594 721 1832 786 circiter,
1865 733 1993 790 per-

378 819 567 873 tinens
594 814 662 870 ad
711 812 1116 869 monasterium
1160 810 1219 867 8.
1258 811 1492 868 Zenonis
1518 812 1759 882 majoris,
1807 812 1859 867 in
1886 824 1995 882 quo

374 917 617 979 quatuor
647 904 832 961 missa:
862 902 1115 973 ejusdem
1146 902 1329 958 Sancti
1360 903 1705 969 exhibentur,
1735 904 1993 959 nimirum

380 1011 499 1057 tres
524 1008 625 1077 pro
648 996 827 1052 tribus
846 994 1043 1052 diebus
1059 992 1235 1061 festis,
1259 1009 1362 1049 una
1388 1010 1484 1064 pro
1510 995 1597 1050 die
1617 995 1993 1066 depositionis,

372 1095 555 1149 altera
584 1106 688 1164 pro
719 1089 811 1145 die
841 1087 1237 1153 translationis,
1274 1089 1429 1161 tertia
1458 1104 1554 1159 pro
1577 1088 1664 1143 die
1695 1088 1995 1145 ordinatio-

369 1188 482 1252 nis,
514 1192 714 1257 quarta
747 1199 879 1240 vero
904 1183 1043 1239 nulli
1075 1181 1216 1239 festo
1243 1186 1535 1255 assignato,
1569 1186 1874 1240 communis
1902 1199 1995 1240 sa-

365 1282 444 1338 tis
481 1279 758 1351 proditur.
804 1277 860 1333 In
911 1277 1016 1331 hoc
1052 1284 1231 1332 autem
1277 1276 1450 1347 prima
1506 1277 1623 1331 inec
1672 1276 1835 1331 missa
1883 1274 1996 1330 diei

369 1373 744 1445 depositionis
794 1370 1113 1426 attribuitur
1142 1385 1263 1425 cum
1294 1370 1450 1425 titulo
1505 1367 1776 1439 Depositio
1803 1368 1866 1425 S.
1897 1368 1996 1422 Ze-

372 1469 551 1523 nonis.
585 1466 776 1536 Itaque
805 1464 928 1519 htec
970 1462 1146 1534 prima
1184 1462 1348 1518 Missa
1393 1460 1774 1531 manuscriptis
1812 1460 1867 1515 in
1897 1474 1997 1515 sex

373 1560 537 1616 libris
570 1558 1058 1615 Sacramentorum
1095 1552 1422 1608 Veronensis
1458 1551 1722 1608 Ecclesite
1748 1552 1995 1608 contine—

374 1664 489 1719 tur,
523 1667 588 1707 ac
617 1648 850 1721 proinde
891 1648 987 1703 illa
1016 1661 1138 1701 esse
1163 1645 1530 1715 cognoscitur,
1556 1660 1675 1715 qua:
1701 1643 1995 1698 universim

2098 438 2319 495 laudato
2349 438 2674 494 Zenoniano
2708 438 2889 493 tribus
2933 441 3199 511 prioribus
3223 440 3405 497 Missis
3430 442 3673 510 subjecta
3699 476 3721 507 ,

2099 532 2290 588 iisdem
2325 531 2586 587 videntur
2618 530 2798 587 fuisse
2836 535 3159 591 communia.
3198 532 3270 592 At
3316 536 3711 589 monachorum

2098 632 2366 695 apparent
2398 624 2653 695 propria;
2690 622 2935 678 Ecclesia
2966 625 3109 681 enim
3147 625 3474 679 Veronensis
3500 623 3603 679 alio
3628 625 3717 677 itt-

2100 716 2288 781 troitu,
2321 724 2456 782 etc.,
2505 731 2604 770 usa
2633 718 2983 786 cognoscitur
3012 734 3075 771 ex
3106 715 3309 787 Carpso
3340 716 3549 785 plnries
3584 728 3706 769 me-

2099 817 2333 873 morato,
2365 807 2455 879 qni
2483 807 2553 861 ad
2584 808 2728 862 diem
2754 807 3105 877 depositionis
3133 809 3247 862 haec
3273 806 3439 861 habet
3469 824 3482 860 :
3517 805 3597 859 Ad
3622 804 3711 859 in-

2103 903 2331 958 troitum.
2358 919 2410 957 a.
2440 902 2517 972 (id
2543 914 2622 957 est
2645 901 2938 971 autiphona
2966 901 2984 973 )
3026 900 3304 956 Protexisti
3337 915 3419 953 me
3444 896 3667 952 Domine
3690 914 3709 951 :

2099 1012 2153 1066 ρ.
2185 995 2257 1067 (id
2289 1002 2372 1051 est
2402 994 2641 1065 psalmus
2664 993 2681 1064 )
2707 993 2918 1049 Exaudi
2941 1011 3019 1048 or.
3045 1011 3158 1048 cum
3181 993 3450 1062 deprecor
3477 1007 3490 1043 :
3524 988 3620 1044 all.
3646 990 3713 1045 de

2102 1088 2494 1143 resurrectione.
2544 1088 2639 1143 all.
2684 1087 2777 1142 all.
2853 1088 2925 1156 ti.
2974 1082 3464 1161 (reSponsuriunt)
3517 1081 3716 1143 Sancte

2102 1184 2364 1252 confessor
2384 1179 2527 1237 Zeno
2565 1198 2583 1235 :
2604 1183 2704 1254 off.
2730 1181 2749 1254 (
2776 1181 3113 1239 ollertorium
3157 1179 3177 1253 )
3203 1178 3435 1235 Posuisti
3467 1174 3725 1243 Domine.

2103 1292 2185 1329 co.
2240 1275 2649 1349 (communio)
2703 1275 2992 1332 Ltetabitnr
3033 1278 3237 1348 justus.
3300 1272 3428 1328 lla'c
3484 1280 3733 1355 excipiet

2106 1368 2267 1423 Missa
2326 1368 2722 1436 Ambrosiana,
2772 1386 2936 1440 quam
2977 1367 3360 1439 excerpsimus
3406 1383 3473 1423 ex
3517 1371 3737 1439 Missa“

2102 1458 2466 1517 Ambrosiano
2491 1461 2639 1517 edito
2661 1478 2690 1517 a
2720 1461 2927 1519 Jacobo
2956 1462 3235 1529 Pamelio,
3268 1469 3403 1518 tom.
3432 1479 3451 1519 ι
3481 1463 3733 1550 Liturgi-

2104 1569 2206 1609 con
2236 1556 2490 1613 Ecclesiae
2514 1556 2723 1612 Latina:
2776 1572 2897 1628 pag.
2933 1555 3066 1624 458,
3118 1571 3344 1616 necnon
3374 1577 3439 1619 ex
3488 1567 3619 1627 aliis
3651 1576 3745 1631 tri-

2106 1647 2210 1705 bus
2257 1649 2564 1705 Missalibus
2597 1651 2975 1706 Ambrosianis
3001 1649 3189 1706 editis
3233 1669 3324 1712 an.
3371 1659 3547 1733 1522,
3580 1668 3747 1738 1548.

376 1747 435 1802 in
458 1754 645 1800 nostra
676 1741 923 1797 Ecclesia
955 1738 1194 1795 adhibita
1222 1736 1341 1792 luit.
1375 1736 1590 1791 Missam
1622 1736 1915 1792 secundam
1939 1736 1995 1791 in
2029 1760 2080 1820 Β
2105 1750 2162 1796 et
2188 1741 2350 1796 1560.
2379 1742 2436 1796 Ρ.
2460 1742 2731 1813 Josephus
2762 1744 3160 1807 Blanchinius,
3184 1750 3283 1819 qui
3310 1769 3406 1825 pro
3427 1772 3524 1816 sua
3547 1736 3747 1825 eximia

374 1836 750 1892 Transltttt'one
774 1832 835 1888 S.
866 1830 1092 1886 Zenonis
1111 1830 1162 1884 in
1188 1828 1307 1884 solo
1326 1842 1429 1883 ms.
1456 1827 1650 1882 Missnli
1683 1828 2000 1884 monasterii

373 1928 682 1987 Zenoniani
705 1926 1032 1996 reperimus.
1050 1923 1210 1978 Missa
1227 1937 1354 1977 vero
1374 1921 1525 1976 tertia
1544 1920 1596 1975 in
1620 1920 2003 1975 Sacramenta-

374 2025 465 2079 rio
494 2021 680 2078 $10011“
705 2036 761 2085 x,
792 2018 1010 2073 Othone
1036 2031 1189 2086 rege,
1213 2023 1272 2070 ut
1301 2023 1455 2070 antea
1481 2014 1741 2077 diximus,
1771 2014 1996 2084 scripto,

374 2130 432 2173 et
465 2117 556 2171 die
599 2114 824 2186 quidem
852 2128 905 2166 Vl
927 2109 1052 2166 ldus
1083 2108 1400 2165 Decembris
1443 2108 1658 2179 legitur,
1714 2105 1879 2180 [CLXI]
1912 2108 2002 2162 cui

377 2209 686 2283 pneﬁgitur
738 2202 1072 2276 inscriptio:
1127 2217 1179 2256 v1
1228 2199 1357 2255 Idus
1406 2198 1719 2266 Decembris,
1788 2197 2005 2255 Natalis

378 2304 448 2357 8.
478 2300 899 2367 Zenonis;cum
946 2307 1124 2351 tamen
1169 2308 1233 2350 ea
1265 2293 1351 2348 die
1397 2294 1449 2347 in
1487 2289 1808 2347 Calemlariu
1861 2309 2000 2361 prae-

382 2396 562 2451 misso
593 2399 890 2449 auooletur
918 2405 931 2442 :
987 2387 1052 2443 S.
1083 2384 1308 2441 Zenonis
1351 2386 1658 2455 confessoris
1688 2395 1733 2439 et
1770 2384 2004 2454 episcopi

380 2488 665 2544 dedicatio.
702 2482 994 2557 cheritur
1024 2482 1189 2539 etiam
1219 2480 1390 2536 multo
1418 2479 1754 2535 emendatior
1798 2480 1849 2533 in
1882 2479 1999 2534 lau-

381 2584 513 2639 dato
539 2579 744 2636 Missali
776 2576 1095 2635 monasterii
1129 2573 1188 2631 S.
1219 2573 1458 2629 Zenonis
1485 2587 1610 2628 cum
1648 2571 1747 2626 hac
1772 2572 2004 2643 inscrip-

383 2682 535 2730 t‘one
568 2672 675 2728 ειη
699 2676 832 2746 festo
860 2670 923 2728 S.
966 2669 1194 2729 Zenonis
1234 2669 1290 2723 in
1329 2664 1796 2743 AdvenluDomini
1838 2669 2004 2722 nostri

381 2770 511 2827 Jesu
541 2767 758 2824 Christi.
802 2767 929 2822 Haec
956 2764 1150 2821 eadem
1200 2763 1363 2819 Missa
1410 2777 1507 2834 per
1534 2776 1775 2818 errorem
1810 2777 1841 2815 ν
1872 2760 2003 2817 ldus

385 2885 487 2938 pro
518 2882 569 2920 γι
600 2864 735 2919 Idus
764 2859 1064 2918 Decembris
1091 2859 1386 2929 assignato,
1443 2856 1637 2912 eodem
1684 2854 1836 2910 titulo
1891 2872 2003 2926 quo

384 2964 439 3017 in
486 2957 787 3030 Capitulari
826 2954 1228 3023 manuscripto,
1280 2951 1510 3019 habetur
1534 2949 1695 3005 etiam
1728 2948 1780 3001 in
1812 2948 2003 3005 codice

387 3055 655 3108 Vaticano
669 3050 834 3116 5806,
860 3049 949 3121 qui
968 3062 1101 3102 auro
1131 3044 1407 3113 minioque
1435 3042 1797 3111 conscriptus,
1820 3041 1999 3110 ntiju-

2108 1833 2163 1888 in
2187 1833 2479 1888 Patronuut
2504 1842 2745 1890 nostrum
2772 1836 2968 1906 pietate
2985 1837 3039 1893 in
3068 1850 3449 1908 procurandis
3465 1861 3749 1915 transmit-

2108 1925 2395 1995 tendisque
2447 1927 2512 1982 ad
2557 1942 2657 1984 nos
2707 1930 2871 1984 variis
2922 1929 3292 1994 documentis
3351 1957 3419 1998 ex
3464 1951 3746 2009 nonnullis

2106 2020 2280 2076 sacris
2318 2020 2624 2086 codicibus,
2654 2021 2912 2079 Romanis
2944 2029 3262 2095 praesertim
3287 2072 3304 2101 ,
3340 2036 3554 2094 naviter
3583 2041 3741 2100 laba-

2107 2114 2273 2180 ravit,
2315 2114 2453 2170 hanc
2500 2125 2708 2172 sextam
2761 2118 2978 2174 Missam
3030 2122 3273 2188 reperiri
3326 2127 3655 2196 signiﬁcavit
3683 2134 3737 2189 in

2110 2225 2213 2265 ms.
2240 2208 2501 2266 Vaticano
2524 2210 2772 2266 Palatino
2794 2212 2901 2268 506
2925 2213 3131 2283 scripto
3152 2216 3301 2277 circa
3320 2221 3582 2277 saeculum
3610 2241 3727 2293 xm,

2108 2307 2197 2360 cui
2222 2304 2310 2359 hic
2334 2313 2419 2359 est
2449 2304 2636 2360 titulus
2663 2327 2675 2359 ;
2711 2304 2924 2362 Missale
2949 2306 3151 2378 yemale
3178 2319 3229 2363 et
3254 2300 3488 2375 ivstitiam
3510 2316 3731 2371 Ambro-

2107 2399 2316 2452 sianum
2334 2397 2410 2452 ad
2433 2398 2679 2453 honorem
2708 2400 2840 2455 beati
2868 2399 3134 2467 Mauritii,
3168 2403 3260 2472 qui
3285 2406 3505 2461 natione
3526 2406 3722 2463 Medio-

2113 2489 2393 2554 laneusis,
2450 2488 2507 2545 S.
2560 2489 2834 2547 Ambrosii
2894 2491 3188 2562 discipulus
3246 2492 3416 2549 fuisse
3467 2496 3719 2552 traditur.

2111 2577 2269 2634 llunc
2292 2590 2471 2635 autem
2494 2579 2736 2636 codicem
2769 2583 3100 2651 pertinuisse
3118 2582 3186 2638 ad
3211 2579 3513 2643 Ecclesium
3539 2586 3724 2644 Ande-

2107 2687 2403 2744 gavensem
2448 2675 2553 2730 duo
2592 2675 2840 2731 suadent.
2884 2677 3121 2741 Primum
3164 2669 3218 2733 in
3266 2678 3492 2748 praeﬁxo
3526 2678 3727 2753 Calcu-

2108 2764 2265 2821 dario
2320 2767 2409 2822 die
2442 2765 2509 2821 l5
2562 2766 2903 2836 Septembris
2961 2769 3080 2826 inec
3127 2768 3422 2840 leguntur:
3456 2768 3725 2838 Depositio

2111 2861 2176 2917 S.
2208 2858 2448 2916 Mauritii
2478 2861 2710 2931 episcOpi
2734 2872 2779 2916 et
2804 2864 3132 2935 confessoris.
3170 2862 3236 2918 Et
3248 2867 3391 2936 jacet
3422 2864 3475 2918 in
3504 2862 3723 2920 Civitale

2107 2953 2487 3025 Andegavensi,
2516 2970 2635 3022 qua:
2663 2964 2737 3010 est
2776 2956 2829 3009 in
2861 2955 3148 3026 conﬁnibus
3186 2957 3319 3011 inter
3359 2954 3646 3012 Franziam
3673 2966 3722 3013 et

2110 3045 2428 3113 Britaneam,
2454 3051 2606 3121 cujus
2628 3058 2703 3104 est
2731 3050 2870 3106 istud
2893 3049 3130 3106 Missale.
3180 3051 3312 3107 Dein
3346 3052 3398 3107 in
3422 3052 3572 3108 calce
3599 3052 3725 3107 libri

384 3150 620 3212 dicatur,
654 3145 857 3201 sacculo
885 3142 1104 3198 cirCilet‘
1131 3156 1210 3205 IX.
1243 3138 1381 3194 hanc
1423 3136 1832 3206 inscriptionem
1861 3151 1999 3205 prte—
2027 3147 2071 3209 ε
2106 3140 2404 3196 recentiori
2439 3156 2601 3196 manu
2652 3141 2774 3199 haec
2818 3144 3098 3198 annotatio
3150 3144 3399 3215 apposita
3424 3155 3548 3201 est:
3610 3144 3723 3217 Ego

388 3242 539 3297 fert:
574 3238 725 3293 Liber
770 3238 1227 3293 Sarramentorum
1275 3229 1543 3299 expositus
1587 3245 1620 3280 α
1662 3225 1723 3282 8.
1756 3225 2003 3299 Gregorio

386 3350 529 3405 papa
560 3330 802 3387 Romano
824 3371 839 3393 ,
882 3328 1047 3383 editus
1086 3341 1153 3381 ea:
1181 3324 1475 3377 authentico
1519 3317 1834 3375 bibliothecw
1861 3318 2002 3373 cubi-

388 3404 532 3481 culi:
557 3435 611 3479 et
633 3423 781 3479 hunc
804 3422 1044 3478 codicem
1072 3434 1197 3474 eum
1228 3404 1394 3472 fuisse
1416 3413 1689 3470 credimus
1737 3428 1844 3483 quo
1873 3430 2002 3470 usus

390 3510 473 3574 est
520 3515 761 3587 Angelus
794 3513 991 3579 Rocca,
1022 3526 1152 3568 cum
1190 3505 1672 3564 sacramentarium
1709 3505 2001 3575 Gregoriu-

392 3626 523 3665 num
572 3626 639 3664 ex
678 3606 1094 3677 antiquissimo,
1130 3603 1207 3657 uti
1257 3608 1449 3665 vocat,
1483 3613 1585 3654 ms.
1644 3597 1903 3659 Vaticano
1949 3599 2001 3653 in

392 3704 643 3759 Romana
670 3699 729 3757 8.
762 3700 1008 3771 Gregorii
1056 3695 1302 3752 editione
1345 3691 1681 3764 publicarit,
1735 3690 1826 3745 ubi
1871 3706 2003 3747 sane

392 3795 592 3852 eodem
640 3808 828 3849 errore
864 3792 1050 3847 eadem
1084 3788 1143 3846 8.
1190 3784 1429 3842 Zenonis
1467 3782 1625 3839 Missa
1670 3800 1698 3837 v
1736 3780 1864 3838 Idus
1895 3781 2003 3837 De-

394 3887 614 3944 cembris
642 3886 842 3958 legitur
874 3893 1001 3940 tom.
1038 3899 1090 3950 v,
1124 3896 1249 3953 pag.
1282 3878 1413 3934 265.
1450 3876 1585 3932 Hine
1616 3892 1778 3946 porro
1801 3876 2006 3948 colligi-

395 3992 507 4049 tur,
537 3982 677 4037 hanc
705 3979 943 4044 Missam,
983 3976 1266 4033 erroribus
1288 3972 1413 4027 licet
1435 3970 1709 4026 nonnullis
1740 3972 1998 4035 vitiatam,

395 4076 558 4132 valde
589 4074 866 4145 antiquam
888 4087 1027 4134 esse.
1060 4078 1118 4127 et
1144 4069 1214 4125 ab
1243 4067 1363 4122 aliis
1395 4065 1556 4121 etiam
1580 4063 1841 4122 Ecclesiis
1862 4106 1877 4132 ,
1910 4066 2003 4121 ubi

393 4173 457 4229 S.
488 4171 637 4226 Zeno
663 4168 956 4234 colebatur,
1000 4163 1167 4221 fuisse
1192 4169 1526 4229 suSCeptam.
1577 4159 1631 4214 In
1680 4158 1781 4216 hac
1822 4167 2001 4215 autem

397 4268 561 4322 Missa
603 4261 968 4318 annotandum
1009 4258 1285 4331 prrecipue
1329 4262 1433 4320 est,
1478 4253 1617 4322 quod
1661 4253 1719 4310 8.
1770 4254 2005 4309 Zenonis

394 4356 748 4431 pontiﬁcatus
774 4361 1124 4417 memoratur,
1155 4366 1220 4406 ac
1246 4349 1293 4405 si
1324 4364 1386 4404 ea
1415 4347 1504 4403 die
1532 4346 1590 4403 8.
1634 4344 1887 4418 Episcopi
1913 4362 2006 4401 or-

397 4451 612 4506 dinatio
640 4447 1025 4505 celebraretur.
1051 4445 1311 4514 Quartam
1345 4442 1564 4497 Missam
1596 4442 1833 4511 suppetit
1861 4439 2001 4495 idem

2104 3232 2369 3303 presbyter
2398 3230 2678 3287 Gervasius
2733 3233 2796 3287 de
2836 3233 3080 3289 Bruzano
3135 3233 3487 3307 Cappellanus
3537 3234 3722 3309 [cun]

2106 3321 2356 3380 Ecclesia:
2400 3325 2460 3381 S.
2519 3324 2777 3393 Manritii,
2833 3338 2877 3381 et
2920 3326 3243 3385 Maziconius
3293 3329 3500 3384 Sancta:
3539 3329 3727 3386 Μαι-ἕω

2108 3413 2336 3488 Majoris
2386 3416 2576 3471 derovo
2619 3417 2715 3472 hoc
2762 3434 2933 3473 meum
2989 3418 3206 3476 Missale
3254 3421 3501 3477 Ecclesia:
3542 3422 3726 3478 Sancti

2110 3508 2349 3566 Mauritii
2392 3526 2485 3581 pro
2535 3512 2757 3567 utilitate
2803 3512 3021 3569 canendi
3052 3514 3303 3583 Missam,
3345 3532 3404 3571 eo
3432 3526 3638 3589 tenore,
3668 3525 3727 3572 ut

2109 3601 2363 3672 ofﬁciales
2416 3605 2697 3675 presbyteri
2756 3606 2914 3677 hujus
2973 3606 3201 3663 ecclesia:
3255 3625 3454 3679 semper
3504 3607 3726 3664 habeant

2108 3697 2409 3750 memoriam
2456 3697 2551 3752 hoc
2578 3714 2762 3766 parum
2789 3698 3089 3768 beneﬁcium
3116 3703 3314 3769 factum
3355 3718 3385 3755 a
3416 3717 3515 3768 me,
3544 3709 3593 3759 et
3618 3717 3725 3756 non

2107 3787 2174 3840 sit
2225 3788 2431 3842 licentia
2477 3790 2636 3842 alicui
2672 3790 2937 3861 episcopo,
2982 3793 3272 3857 sacerdoti,
3308 3810 3399 3848 nec
3427 3795 3605 3849 vicinis
3630 3794 3726 3849 do-

2108 3878 2294 3945 nandi,
2327 3878 2598 3947 oendendi,
2631 3880 2929 3952 pignorare,
2960 3898 3051 3937 nec
3097 3893 3463 3951 transmittare,
3492 3871 3623 3954 etc.,
3655 3900 3722 3942 ex

2107 3974 2306 4042 quibus
2336 3974 2388 4028 in
2434 3988 2535 4030 usu
2569 3975 2818 4045 ejusdem
2867 3977 3273 4048 Andegavensis
3308 3979 3570 4038 Ecclesia:
3618 3981 3723 4038 hoc

2109 4064 2325 4126 Missale
2354 4068 2522 4127 luisse
2543 4070 2779 4127 videtur.
2817 4066 2915 4128 llic
2947 4082 3129 4130 autem
3156 4074 3288 4132 illud
3338 4084 3598 4144 printer-ea
3627 4092 3722 4132 an-

2111 4171 2307 4218 notare
2337 4161 2491 4227 libet,
2523 4163 2660 4219 duas
2684 4165 2887 4234 primas
2919 4166 3077 4235 hujus
3108 4178 3282 4225 sextae
3311 4169 3490 4227 Missae
3517 4171 3723 4227 oratio-

2111 4268 2208 4308 nes
2236 4253 2339 4326 legi
2374 4254 2424 4309 in
2457 4253 2738 4313 Breviario
2779 4258 3139 4314 Ambrosiano
3167 4261 3294 4315 anni
3328 4260 3490 4317 1549.
3536 4261 3720 4318 Adde-

2111 4359 2233 4401 mus
2288 4345 2505 4402 tandem
2561 4348 2837 4405 orationes
2907 4359 3042 4417 tres,
3086 4365 3208 4421 quae
3248 4351 3301 4408 in
3355 4352 3529 4409 tribus
3570 4353 3722 4415 festis

2111 4437 2172 4494 S.
2226 4437 2463 4495 Zenonis
2514 4438 2566 4494 in
2629 4438 2873 4512 Collegia
2926 4440 3324 4500 Coumnicorum
3366 4443 3720 4517 Regularium

397 4542 619 4599 blissale
645 4538 958 4595 monasterii
984 4538 1041 4592 S.
1073 4535 1333 4599 Zenonis,
1357 4549 1481 4603 qua:
1506 4532 1810 4587 communis
1837 4532 2004 4587 fuisse
2030 4537 2086 4599 D
2111 4529 2169 4586 8.
2202 4532 2486 4601 Augustini
2516 4531 2857 4587 Reichenhall
2885 4545 3198 4604 nuncupata
3222 4551 3367 4593 nunc
3387 4551 3605 4608 quoque
3632 4554 3724 4595 re-

400 4635 791 4705 cognoscitur;
826 4640 937 4686 tum
961 4630 1102 4702 quod
1135 4626 1286 4682 nullo
1317 4625 1473 4680 titulo
1502 4632 1822 4694 praenotata,
1870 4623 2004 4677 nulli

399 4729 512 4785 diei
562 4724 806 4795 nullique
858 4721 997 4778 festo
1041 4719 1417 4791 adjudiCatnr,
1468 4724 1582 4772 tum
1646 4716 1807 4773 etiam
1862 4715 2004 4786 quod

403 4820 580 4893 prima
609 4819 726 4888 ejus
753 4815 929 4872 oratio
954 4814 1250 4885 Propitiare
1275 4812 1327 4867 in
1351 4810 1458 4865 alio
1489 4824 1592 4865 ms.
1617 4808 1860 4879 ejusdem
1888 4824 2008 4865 mu-

401 4913 635 4969 nasterii
664 4913 722 4966 8.
756 4908 1017 4980 Lupicino
1042 4908 1300 4978 episcopo
1330 4903 1626 4960 Veronensi
1656 4902 1710 4957 in
1739 4902 1796 4958 8.
1830 4902 2007 4959 Zeno-

405 5011 493 5063 nis
540 5004 760 5061 basilica
805 5001 1022 5075 sepulto
1070 4994 1413 5063 attribuitur;
1460 5007 1515 5054 ct
1558 4997 1611 5052 in
1654 5012 1760 5053 ms.
1791 4996 2002 5067 capitu-

408 5099 512 5156 lari
545 5113 640 5154 χιιι
667 5096 872 5163 εεινευιι,
899 5094 992 5165 qui
1016 5093 1300 5158 lectiones,
1325 5091 1620 5157 orationes,
1663 5099 1718 5145 et
1743 5090 2000 5160 antipho-

410 5207 514 5246 nos
552 5192 623 5245 de
667 5189 880 5245 Sanctis
928 5195 985 5242 et
1026 5200 1122 5257 per
1165 5200 1364 5240 almum
1408 5184 1713 5239 recitandas
1754 5184 2001 5250 exhibet,

407 5282 827 5357 cadetu‘or‘atio
872 5278 1068 5352 legitur
1117 5286 1243 5336 ante
1286 5291 1572 5334 commune
1623 5273 2006 5332 Confessorum

408 5393 536 5434 cum
572 5377 669 5430 hac
701 5373 1053 5445 inscriptione
1086 5390 1100 5427 :
1127 5370 1190 5429 S.
1220 5370 1446 5427 Zenonis
1469 5369 1548 5425 vel
1573 5360 1998 5425 alterius'oratio.

408 5471 616 5540 Quinta
656 5468 816 5522 missa
849 5468 901 5522 in
934 5480 1041 5522 uno
1068 5474 1169 5521 ms.
1202 5465 1401 5521 schola:
1429 5462 1489 5521 8.
1522 5463 1704 5519 Maria:
1741 5463 1809 5519 de
1836 5463 2006 5518 Domo

409 5566 558 5620 inter
581 5572 797 5617 sanctos
822 5559 1131 5617 Decembris
1150 5558 1439 5631 descripta,
1467 5567 1711 5627 spectare
1731 5556 2011 5629 cognosci-

411 5667 500 5712 tur
532 5654 599 5710 ad
628 5654 770 5710 diem
816 5662 1057 5710 octavam
1100 5651 1339 5722 ejusdem
1379 5651 1601 5707 mensis.
1645 5650 1947 5721 Antequam
1976 5667 2007 5707 a

418 5745 757 5805 Veronensis
784 5745 1045 5804 Ecclesiae
1076 5742 1253 5803 Missis
1280 5741 1347 5800 ad
1387 5743 1493 5799 alia
1524 5740 1814 5799 transimus
1835 5780 1850 5811 ,
1882 5744 2007 5802 sub-

2112 4623 2370 4689 citautut‘,
2396 4632 2449 4677 et
2470 4640 2537 4679 ex
2560 4624 2795 4695 antiquis
2823 4625 3134 4682 Missalibus
3160 4627 3413 4685 videntur
3431 4640 3720 4702 excerpta},

2113 4726 2171 4774 ut
2197 4717 2299 4773 dis.
2334 4733 2549 4787 tn,cap.
2577 4718 2637 4786 4,
2667 4716 2695 4791 §
2729 4718 2785 4784 5,
2817 4720 3148 4775 monuimus.

2184 4810 2276 4865 Vl.
2314 4810 2387 4864 De
2411 4809 2588 4864 Missis
2618 4809 2902 4867 hactenus.
2932 4811 3012 4867 Ad
3038 4810 3280 4868 ofﬁcium
3313 4828 3444 4870 vero
3465 4813 3612 4885 quod
3640 4823 3726 4871 at-

2111 4900 2268 4967 tinet,
2295 4901 2533 4970 primum
2564 4900 2818 4957 dabimus
2847 4902 3174 4972 antiphonas
3196 4920 3321 4961 cum
3354 4907 3722 4976 responsoriis

2111 5007 2179 5049 ex
2205 5007 2308 5047 ms.
2349 4991 2645 5062 Capitulari
2694 4992 2881 5049 saeculi
2924 4995 3142 5051 circiter
3170 5010 3370 5066 x,qnaz
3413 4996 3622 5054 etedem
3667 4998 3723 5054 in

2115 5100 2221 5141 ms.
2245 5083 2427 5139 smculi
2462 5101 2529 5138 xv
2562 5084 2873 5141 Mooialium
2906 5086 2961 5144 S.
2992 5087 3176 5144 Mari-se
3205 5089 3271 5145 de
3292 5088 3502 5162 Campo
3528 5092 3727 5150 Martio

2116 5178 2484 5240 continentur,
2519 5178 2938 5250 indicanturque
2968 5183 3129 5237 etiam
3160 5181 3213 5237 in
3243 5182 3453 5255 Carpso
3480 5201 3495 5240 :
3524 5186 3577 5241 in
3602 5186 3726 5258 qni-

2116 5270 2244 5340 bus,
2277 5268 2323 5327 si
2353 5268 2482 5340 quid
2526 5270 2631 5326 erit
2679 5271 2975 5336 diversum,
3024 5273 3076 5328 in
3114 5273 3373 5345 subjectis
3420 5278 3726 5335 adnotatio-

2117 5364 2279 5422 nibus
2319 5366 2598 5423 innuetur.
2645 5367 2777 5425 Dein
2809 5383 2875 5424 ex
2918 5369 3027 5426 alio
3058 5387 3138 5427 ms
3166 5373 3449 5444 capitulari
3476 5375 3663 5433 saeculi
3692 5392 3726 5431 x

2116 5460 2312 5517 breves
2356 5461 2621 5517 lectiones
2662 5471 2720 5519 et
2769 5461 3004 5533 hymnos
3040 5462 3179 5523 duos
3223 5465 3283 5523 S.
3334 5466 3570 5525 Zenonis
3598 5482 3730 5538 pro-

2115 5556 2288 5631 prios,
2305 5572 2367 5614 ac
2381 5567 2563 5613 nostra
2586 5557 2639 5613 in
2665 5556 2915 5615 Ecclesia
2939 5560 3166 5616 usitatos
3189 5558 3559 5635 subjiciemus.
3585 5561 3724 5620 Tum

2118 5666 2187 5709 ex
2215 5668 2321 5711 ms.
2346 5651 2672 5710 monasterii
2702 5651 2761 5710 S.
2792 5649 3035 5710 Zenonis
3079 5651 3266 5709 saeculi
3298 5669 3365 5708 xv
3410 5663 3527 5711 tres
3569 5654 3728 5727 hym-

2120 5759 2221 5803 nos
2245 5746 2544 5814 addemus;
2570 5744 2659 5817 qui
2688 5743 3063 5805 Benedictittis
3090 5743 3363 5804 llottacltis
3388 5747 3508 5805 usui
3533 5746 3689 5808 tum
3714 5787 3731 5817 ,
