4216 6178
558 288 666 348 199

2014 280 2552 342 PROLEGOMENA.

3752 274 3860 333 200

545 416 602 463 et
631 408 684 462 hi
712 416 855 476 sunt,
887 406 976 478 qui
1007 405 1191 476 paucis
1222 404 1441 460 mutatis
1468 420 1611 460 nunc
1638 404 1691 460 in
1724 384 2030 459 Veronensi
2062 403 2141 456 oi-
2173 411 2225 469 Α
2250 411 2426 467 cetur,
2472 415 2540 456 ex
2569 398 2678 455 alio
2721 407 2901 454 tamen
2946 382 3049 453 ms.
3097 392 3414 466 Capitulari,
3456 391 3548 464 qui
3579 392 3858 449 orationes

543 499 670 555 licio
709 499 1036 555 adhibemur
1065 515 1079 551 :
1114 497 1334 552 tertium
1367 512 1501 553 vero
1529 512 1559 553 e
1587 497 1797 552 duobus
1838 510 1970 551 mss.
2015 495 2148 551 Bre-

545 590 747 645 viariis.
778 588 1088 645 Monialium
1134 588 1193 645 S.
1238 587 1423 644 Lucite
1465 587 1575 659 jam
1627 589 2027 658 promulgatum
2078 587 2145 642 ab

544 681 858 737 Editoribus
873 679 1297 745 Veronensibus,
1316 679 1594 735 codicibus
1612 689 1936 734 tractatuum
1960 679 2018 734 S.
2045 677 2147 735 Ze-

545 775 700 831 nonis
731 775 1070 843 praemissum
1104 773 1354 829 Barthius
1380 789 1661 846 perperam
1693 774 1923 830 credidit
1953 774 2048 829 lib.
2084 790 2142 841 ll,

546 868 776 925 Advers.
810 882 931 938 cap.
964 867 1055 932 12,
1084 880 1137 922 et
1170 867 1262 923 lib.
1298 882 1407 933 xiv,
1437 883 1557 934 cap.
1590 867 1681 923 20.
1712 867 1889 923 Alium
1918 865 2147 922 subinde

545 963 768 1019 edemus
821 962 1101 1033 hymnum,
1132 962 1222 1033 qui
1257 963 1308 1016 in
1341 975 1445 1016 ms.
1492 960 1753 1017 Vaticano
1791 960 1931 1016 1255
1960 960 2019 1017 S.
2048 959 2148 1015 Zer

545 1058 704 1112 nonis
736 1055 1053 1112 tractatibus
1084 1055 1362 1127 subjectus
1389 1054 1608 1126 legitur.
1639 1054 1951 1111 Orationem
1982 1070 2147 1126 porro

544 1149 599 1205 in
631 1150 957 1206 Veronensis
994 1148 1254 1204 Ecclesiae
1293 1147 1472 1202 officio
1504 1147 1718 1203 recitari
1758 1142 1972 1203 solitam
2004 1146 2148 1203 haud

546 1242 829 1308 dabimus;
863 1244 976 1298 lucc
1007 1242 1153 1298 enim
1184 1240 1287 1297 etsi
1318 1239 1371 1295 in
1404 1239 1632 1295 laudatis
1666 1254 1800 1295 mss.
1864 1257 1971 1296 non
2003 1240 2147 1295 indi—

2250 495 2318 550 ad
2347 494 2511 549 horas
2538 492 2801 557 continet,
2831 497 2888 547 et
2925 506 2992 545 ex
3033 485 3417 559 Martyrologio
3443 485 3756 540 Monialium
3785 485 3855 541 de

2250 587 2457 657 Campo
2495 586 2686 642 Martio
2727 584 3001 655 colligitur
3029 581 3196 637 fuisse
3224 578 3400 636 oratio
3439 577 3583 633 Deus
3611 578 3700 646 qui
3726 593 3855 645 nos,

2250 696 2372 751 quas
2400 680 2456 735 in
2484 683 2655 747 prima
2682 677 2843 733 Missa
2870 674 3109 732 secundo
3136 673 3256 729 loco
3287 671 3636 729 describitur.
3668 669 3857 726 Mona-

2251 775 2387 830 chos
2413 788 2542 830 vero
2578 771 2920 828 Zenouianos
2971 769 3197 841 primam
3240 768 3545 824 orationem
3594 766 3857 836 cujusque

2252 869 2428 926 Missa:
2454 884 2548 938 pro
2570 883 2782 939 quoque
2809 866 2947 922 festo
2974 865 3244 937 propriam
3277 864 3417 920 inter
3442 860 3620 918 ofﬁcia
3651 861 3857 918 dixisse

2252 962 2629 1033 cognoscimus
2656 979 2719 1017 ex
2747 960 3113 1015 duobus‘mss.
3140 957 3230 1027 qui
3260 957 3327 1012 ad
3351 955 3527 1011 ofﬁcia
3559 972 3711 1011 sacra
3736 971 3853 1010 mo-

2253 1053 2477 1109 nasterii
2507 1052 2801 1108 Zenouiani
2847 1058 3112 1122 spectant.
3146 1048 3387 1105 Tandem
3434 1036 3682 1104 dabimus
3712 1046 3852 1103 anti-

2254 1162 2360 1218 qua
2389 1146 2639 1216 suil‘ragia
2686 1147 2754 1201 de
2783 1144 2842 1200 S.
2875 1144 3113 1210 Zenone,
3155 1157 3218 1197 ac
3245 1141 3350 1196 alia
3384 1141 3676 1206 nonnulla;
3735 1154 3858 1212 quas

2255 1240 2401 1297 unde
2421 1248 2635 1311 sumpta
2662 1238 2882 1305 fuerint,
2908 1253 3008 1294 suo
3036 1236 3445 1301 locodicemus.

563 1371 3851 1404 ~______———.——_———__—_——-——————-—————————w————-

679 1472 887 1546 [CI-mil
962 1464 1371 1550 SERMO
1427 1464 2209 1550 VENERABILIS
2272 1464 2892 1552 CORONATI
2949 1459 3448 1548 NOTARII

1454 1620 1598 1692 DE
1650 1621 1922 1694 VITA
1988 1622 2403 1696 SANCTI
2454 1621 2955 1696 ZENONIS.

613 1899 654 1956 Ι.
686 1898 742 1953 ln
765 1896 955 1953 diebus
977 1896 1084 1953 illis
1113 1897 1191 1968 (a)
1235 1896 1290 1951 in
1319 1896 1597 1967 provincia
1621 1894 1696 1969 (b)
1726 1895 1898 1963 Italia,
1932 1896 1987 1951 in
2016 1894 2150 1951 civi-
2177 1900 2226 1961 B
2255 1906 2310 1952 et
2341 1896 2465 1953 ideo
2490 1897 2613 1969 quia
2647 1897 2697 1952 in
2738 1883 2956 1954 omnem
2990 1905 3190 1953 terram
3216 1898 3347 1954 exiit
3374 1913 3541 1956 sonus
3568 1915 3856 1958 conversa-

548 2003 659 2049 tate
680 1993 919 2057 Verona,
952 1992 1005 2047 in
1046 2007 1148 2060 qua
1176 1991 1317 2047 beati
1366 1991 1604 2046 Zenonis
1650 2002 1771 2046 acta
1814 1993 2147 2058 claruerunt,

549 2085 624 2160 (c)
673 2085 979 2142 evolvimus
1028 2086 1163 2140 tanti
1205 2085 1304 2141 viri
1350 2088 1601 2141 virtutes.
1631 2086 1722 2141 Sic
1761 2086 1905 2141 enim
1938 2095 2023 2142 est
2049 2086 2150 2140 hu.

549 2195 705 2235 mana
746 2193 902 2235 mens
927 2178 996 2235 ad
1028 2178 1429 2250 investigandas
1460 2178 1783 2235 Sanctorum
1812 2180 1971 2245 vitas,
2006 2189 2150 2234 tam-

546 2286 709 2343 quam
739 2272 861 2342 quis
902 2271 995 2327 ille
1038 2271 1231 2327 sitiens
1275 2271 1472 2327 ardore
1501 2272 1634 2327 solis
1678 2273 1921 2335 adustus,
1952 2285 2152 2326 concu-

549 2364 717 2432 piscat
764 2361 992 2419 fontium
1046 2363 1268 2432 fluenta,
1322 2371 1416 2418 aut
1461 2366 1583 2434 quis
1627 2362 2150 2420 desideratissimam

548 2457 792 2512 nuntium
843 2458 1031 2514 audire
1079 2460 1299 2526 cupiat,
1342 2460 1423 2514 vel
1453 2462 1619 2515 etiam
1663 2459 1786 2529 quis
1833 2457 2151 2513 deliciarum

547 2552 718 2623 epulis
762 2555 1056 2625 enutritus,
1080 2554 1135 2610 in
1181 2553 1415 2624 quodam
1458 2554 1750 2623 longinquo
1783 2553 1977 2608 itinere
2007 2553 2155 2624 posi-

549 2655 655 2708 tus.
686 2645 755 2700 ad
784 2661 897 2702 rem
929 2646 1214 2717 pervenire
1241 2661 1352 2701 sua:
1379 2645 1578 2701 mentis
1606 2646 1912 2701 satietatem
1944 2646 2149 2715 cupiat.

546 2737 623 2793 Ita
656 2747 710 2795 et
734 2755 834 2810 ego
862 2738 996 2793 tanti
1042 2739 1164 2806 viri,
1188 2739 1434 2809 quamvis
1469 2738 1537 2793 ad
1576 2738 1756 2792 omnia
1786 2753 2014 2810 quasque
2044 2737 2155 2808 egit

547 2833 632 2888 vel
674 2833 726 2887 in
754 2832 1196 2899 conversatione,
1226 2832 1310 2887 vel
1332 2829 1494 2885 etiam
1521 2830 1574 2884 in
1606 2829 1900 2894 miraculis,
1931 2829 2153 2899 esplere

548 2941 657 2982 non
702 2925 902 2990 valeo;
950 2933 1189 2980 attamen
1232 2933 1490 2995 quantum
1541 2923 1810 2993 attingere
1858 2939 1954 2993 pro
1999 2934 2155 2993 parte

549 3032 789 3090 possum,
835 3033 1094 3074 enarrare
1141 3033 1248 3073 non
1297 3017 1522 3085 desisto,
1574 3031 1643 3073 ne
1685 3018 1807 3085 quis
1855 3016 1945 3071 ille
1980 3016 2153 3072 lector

546 3113 799 3187 deroget,
830 3121 924 3168 aut
952 3112 1180 3169 audiens
1224 3114 1495 3184 legentem
1541 3110 1816 3167 desidioso
1845 3109 2029 3166 animo
2053 3111 2151 3166 de-

547 3209 745 3274 trahat,
776 3222 899 3264 cum
942 3216 1200 3279 scriptum
1233 3208 1341 3262 sit:
1375 3205 1481 3273 Qui
1510 3204 1795 3260 retribuam
1840 3190 1968 3259 mihi
2014 3204 2154 3260 mala

2256 1990 2421 2045 tionis
2472 1990 2613 2061 ejus,
2660 2003 2715 2047 ct
2764 1992 3024 2048 sanctitas
3072 1992 3294 2048 emicuit
3337 2010 3351 2047 :
3406 1993 3630 2050 audiant
3678 1995 3856 2066 populi

2255 2100 2467 2154 omnes,
2497 2089 2586 2157 qui
2618 2086 2737 2155 ejus
2763 2088 2987 2157 cupiunt
3012 2086 3291 2142 miracula.

2328 2177 2374 2233 ΙΙ
2422 2179 2552 2234 Erat
2580 2180 2724 2235 enim
2770 2181 2965 2235 sedens
3008 2180 3060 2234 in
3104 2178 3174 2252 (ιι)
3219 2181 3569 2249 monasterio,
3594 2181 3649 2236 itt
3678 2196 3855 2238 secre-

2254 2272 2380 2326 tiori
2406 2280 2583 2342 parte,
2613 2273 2665 2326 in
2696 2272 2896 2343 oppido
2918 2272 3235 2339 Veronensi,
3259 2273 3530 2330 continuis
3550 2273 3774 2344 jejuniis
3803 2285 3856 2331 et

2257 2367 2463 2423 crebris
2491 2366 2828 2422 orationibus
2852 2383 2880 2420 a
2932 2366 3160 2422 Domino
3190 2376 3400 2439 petens,
3441 2377 3498 2422 ut
3534 2369 3636 2424 sibi
3667 2368 3854 2439 digita-

2257 2469 2409 2515 retur
2430 2460 2632 2515 aditum
2664 2460 3062 2532 praedicationis
3091 2461 3142 2515 in
3176 2462 3405 2531 populos
3429 2461 3667 2531 aperire.
3697 2462 3855 2516 Deni-

2256 2568 2361 2625 que
2391 2550 2883 2608 ad’converteudos
2916 2554 2966 2608 in
2992 2551 3195 2608 Christi
3239 2568 3478 2608 amorem
3525 2553 3735 2609 animos
3760 2554 3857 2607 bo-

2260 2648 2461 2701 minum
2504 2646 2574 2703 de
2603 2646 2690 2702 die
2723 2647 2774 2701 in
2807 2646 2951 2702 diem
2984 2647 3200 2703 deditus
3236 2657 3370 2703 erat.
3408 2648 3615 2704 Revera
3647 2649 3766 2718 quia
3801 2649 3855 2703 in

2257 2740 2373 2811 ipso
2407 2740 2640 2811 Spiritus
2667 2749 2885 2795 sanctus
2916 2740 3107 2796 doctor
3150 2749 3297 2803 erat.
3340 2741 3477 2796 sicut
3510 2741 3625 2812 ipsa
3656 2741 3854 2796 veritas

2257 2850 2354 2905 per
2381 2850 2440 2890 se
2460 2834 2697 2906 loquitur
2718 2835 2903 2891 dicens
2938 2852 2951 2889 :
2989 2854 3007 2887 ι
3037 2833 3155 2890 Non
3179 2837 3320 2890 enim
3352 2850 3450 2891 vos
3494 2836 3630 2890 estis
3657 2835 3745 2902 qui
3778 2834 3856 2890 lo-

2257 2928 2515 2998 quimini,
2564 2929 2656 2985 sed
2696 2929 2921 2999 spiritus
2965 2929 3133 3000 patris
3183 2929 3370 2995 vestri,
3400 2928 3490 2999 qtti
3538 2929 3775 3001 loquitur
3802 2931 3853 2984 in

2257 3021 2430 3076 vobis.
2454 3042 2473 3075 ι
2505 3022 2566 3077 Ει
2593 3022 2757 3077 illud:
2796 3039 2815 3074 ‹
2842 3021 2957 3092 Ego
2977 3038 3097 3077 sum
3118 3034 3302 3093 pastor
3318 3021 3513 3088 bonus,
3542 3032 3595 3078 et
3617 3024 3854 3078 animam

2258 3130 2431 3169 meam
2459 3130 2603 3185 pono
2629 3129 2726 3186 pro
2755 3116 2946 3171 ovibus
2975 3116 3132 3171 meis.
3172 3133 3191 3168 ι
3218 3113 3293 3169 Ita
3340 3130 3472 3187 ergo
3519 3114 3575 3170 in
3605 3130 3856 3170 sermone

2257 3206 2486 3262 allabilis
2512 3216 2649 3275 erat,
2680 3218 2735 3263 et
2764 3208 2815 3262 in
2838 3209 3273 3275 mansuetudine,
3306 3208 3435 3263 etin
3469 3207 3656 3263 habitu
3689 3209 3853 3278 mitis,

548 3319 643 3375 pro
670 3303 837 3368 bonis,
863 3301 1138 3357 detrahunt
1165 3301 1311 3357 mihi.
1336 3300 1407 3356 Et
1433 3301 1556 3372 quia
1586 3300 1701 3368 ipse
1733 3299 1989 3354 Dominus
2018 3298 2151 3353 dixit
2178 3287 2224 3350 C
2257 3309 2313 3354 ut
2343 3299 2482 3355 Deus
2509 3304 2562 3354 in
2587 3299 2705 3370 ipso
2724 3299 3128 3357 collaudaretur
3143 3300 3211 3355 ab
3233 3298 3485 3356 omnibus
3517 3301 3855 3356 venientibus

548 3397 687 3452 bona
718 3396 1110 3461 operantibus:
1144 3393 1455 3465 Priusquam
1494 3402 1543 3448 te
1587 3395 1863 3464 formarem
1906 3394 1961 3447 in
2004 3401 2151 3447 utero

552 3489 670 3544 novi
695 3498 762 3555 te,
786 3496 834 3543 et
851 3502 1130 3559 antequam
1146 3488 1313 3543 exires
1335 3487 1398 3556 de
1426 3494 1598 3540 ventre
1615 3486 1932 3555 sancti/icavi
1961 3494 2028 3540 te.
2057 3485 2151 3542 llic

549 3582 694 3640 enim
724 3597 754 3637 a
783 3580 1067 3637 cunabulis
1098 3578 1299 3653 [cum]
1330 3577 1670 3645 benedictus,
1696 3589 1750 3634 et
1781 3580 1862 3651 (ά)
1892 3595 1920 3632 a
1959 3588 2152 3636 ventre

547 3674 915 3732 sanctilicatus
942 3682 1092 3741 erat,
1125 3680 1182 3729 et
1223 3672 1293 3728 ad
1334 3670 1439 3727 hoc
1483 3672 1791 3742 pertingere
1821 3672 2039 3739 meruit,
2093 3680 2152 3727 ιιι

549 3784 647 3839 per
674 3769 841 3823 vitam
869 3773 1110 3823 sanctam
1138 3776 1328 3836 pastor
1354 3763 1409 3818 in
1443 3763 1641 3835 populo
1670 3777 1795 3819 esse
1817 3774 2149 3831 mereretur;

623 3929 701 4002 (a)
742 3928 826 3985 Ab
856 3929 960 3985 hoc
986 3925 1260 4002 discrepat
1298 3925 1557 4002 protegas
1580 3922 1722 3995 apud
1751 3922 2055 4002 Ughellium
2094 3931 2153 4002 et

552 3994 954 4082 Henscltenium
977 4040 991 4065 ,
1029 4000 1124 4082 qui
1157 3994 1473 4082 postremus
1508 3994 1780 4082 ubst-rvat.
1813 3994 2149 4082 eumdem-in

553 4071 827 4145 plerisque
854 4086 987 4127 mss.
1011 4065 1224 4125 diversa
1252 4066 1581 4145 phrasi,_scd
1611 4067 1815 4145 absque
1839 4065 1950 4145 ullo
1980 4065 2150 4145 hism-

550 4136 648 4199 riae
695 4136 1020 4199 detrimento
1051 4136 1299 4209 proponi.
1333 4137 1521 4195 Lectio
1552 4138 1758 4208 prologi
1811 4137 1950 4206 apud
1982 4136 2149 4192 Mom-

551 4215 771 4273 britium
802 4214 867 4268 ad
897 4230 1000 4269 ms.
1026 4213 1349 4268 Remensetu
1381 4211 1697 4280 plerumque
1723 4209 1954 4264 accedit.

649 4285 701 4355 b)
731 4285 888 4355 Apud
920 4284 1282 4340 Mombritium
1312 4278 1845 4355 perperamATusciaz.

649 4288 678 4341 b
731 4288 888 4355 Apud
920 4288 1282 4340 Mombritium
1312 4297 1594 4353 perperam
1627 4288 1845 4334 Tuscae.

624 4288 701 4430 Ec;
726 4359 873 4413 Cave
889 4400 923 4430 ._
949 4371 1018 4412 ne
1053 4372 1115 4411 ex
1158 4356 1257 4410 hac
1285 4368 1420 4430 voce
1454 4353 1729 4430 revolvimus
1759 4354 2019 4430 scriptum
2049 4351 2147 4430 ali-

549 4422 688 4499 quid
719 4439 845 4485 ante
886 4428 1216 4484 Coronatum
1264 4426 1543 4499 existimes
1585 4422 1916 4499 de_Zenoni_s
1944 4425 2145 4494 gestis,

552 4494 694 4556 unde
718 4501 785 4567 is,
820 4516 939 4572 quas
967 4497 1538 4572 litteriseonsiguavit,
1572 4494 1820 4572 ebiberit_.
1849 4494 2149 4572 Nampra-

550 4565 798 4643 gerquam
837 4565 987 4642 quod
1036 4565 1433 4643 incertutttjst
1476 4584 1543 4622 an
1577 4565 1665 4622 hic
1698 4566 1951 4643 prplogu‘s
1979 4566 2151 4643 ipsius

549 4637 805 4699 Coronati
854 4637 945 4709 sit,
997 4654 1120 4697 cum
1164 4641 1219 4696 in
1265 4639 1384 4693 aliis
1433 4654 1562 4692 mss.
1603 4647 1658 4692 et
1687 4637 2013 4709 etiilisrllihii
2042 4637 2149 4692 tale

550 4712 777 4783 legatur,
815 4714 1090 4767 evolvimus
1131 4728 1228 4781 pro
1254 4710 1619 4783 descripsimus
1660 4724 1722 4761 ex
1757 4708 1986 4761 barbaro
2015 4722 2151 4775 quo-

2253 3390 2319 3447 ad
2348 3407 2442 3459 se;
2482 3399 2538 3447 et
2578 3392 2647 3446 ita
2689 3391 2891 3459 alacer,
2937 3400 2995 3448 ut
3041 3408 3167 3449 tuox
3205 3392 3411 3448 relictis
3439 3391 3597 3448 idulis
3631 3392 3857 3449 Domino

2254 3486 2380 3543 Jesu
2404 3484 2623 3541 Christo
2658 3485 2967 3541 crederent.
3145 3479 3147 3481 ’

2328 3579 2414 3635 lll.
2463 3578 2567 3634 Per
2608 3577 2923 3635 idem'vero
2969 3584 3184 3649 tempus
3227 3592 3348 3633 cum
3384 3577 3539 3649 juxta
3584 3578 3854 3635 civitatem

2256 3670 2551 3737 Veronam,
2590 3686 2711 3741 quae
2741 3670 2795 3726 in
2844 3670 3152 3742 propinquo
3199 3679 3318 3727 erat
3347 3671 3558 3739 itinere,
3605 3683 3661 3728 et
3705 3686 3859 3742 egre-

2256 3764 2439 3821 diente
2481 3763 2673 3821 eodem
2720 3763 2839 3820 viro
2877 3779 2908 3819 a
2952 3763 3315 3830 monasterio,
3360 3764 3416 3820 in
3462 3764 3627 3821 lluvio
3668 3763 3898 3829 Athesi,

2255 3940 2391 3986 ntus,
2423 3940 2575 3995 quam
2603 3923 2769 3978 tacitis
2811 3920 3082 3995 virtutibus
3106 3923 3248 3995 eius.
3281 3924 3415 3978 unde
3440 3924 3701 3993 quondam
3730 3925 3857 3980 satis

2257 3994 2525 4057 micuerat,
2554 3995 2863 4066 ignorantiae
2881 3994 3099 4049 tenebris
3137 3994 3382 4048 habeatur
3420 3995 3685 4050 obscurus.
3735 3996 3857 4052 Sci-

2256 4082 2370 4120 mus
2415 4064 2623 4137 quippe,
2672 4080 2789 4120 eum
2837 4064 3150 4120 Sanctorum
3194 4067 3345 4121 (ωειιί
3375 4068 3500 4135 jure
3543 4067 3735 4132 deberi,
3766 4067 3858 4121 sed

2255 4136 2433 4210 multo
2454 4137 2615 4210 magis
2642 4136 2887 4210 humanis
2909 4137 3164 4210 obsequiis
3191 4137 3459 4210 honorari,
3490 4154 3607 4191 cum
3639 4138 3861 4209 papula-

2256 4225 2370 4262 rum
2397 4209 2675 4263 intellectui
2701 4209 2817 4279 ejus
2861 4207 3002 4277 facta
3029 4207 3224 4280 scripta
3253 4209 3467 4279 fuerint,
3495 4225 3611 4280 qua:
3640 4207 3860 4265 debeant

2255 4281 2482 4334 recitari.

2326 4352 2410 4422 (ά)
2466 4350 2594 4407 Haec
2635 4350 2773 4421 apud
2815 4349 3118 4421 Ughellium
3169 4351 3413 4408 desunt-:
3447 4352 3643 4406 similia
3677 4360 3856 4408 tamen

2251 4423 2392 4494 apud
2425 4423 2561 4494 alios
2610 4422 2882 4491 leguntur,
2914 4438 3036 4493 qua:
3081 4424 3283 4479 nemini
3331 4424 3495 4481 docto
3539 4438 3858 4494 persuasum

2255 4493 2318 4547 iri
2351 4493 2693 4549 conﬁdimus.

2326 4565 2397 4634 (e)
2425 4564 2805 4637 Monasteriutn
2840 4564 2963 4633 hoc,
2994 4565 3062 4621 de
3091 4582 3198 4637 quo
3223 4566 3424 4636 pluries
3455 4565 3677 4621 inferius
3709 4582 3862 4622 mcu-

2256 4635 2331 4691 tio
2360 4637 2471 4699 liet,
2502 4637 2545 4691 si
2573 4634 2850 4691 CorOnato
2876 4634 3203 4692 credendum
3226 4634 3294 4693 Sit
3316 4680 3331 4702 ,
3364 4638 3550 4693 multis
3575 4638 3859 4693 monachis

2257 4723 2359 4763 una
2386 4722 2507 4762 cum
2538 4707 2595 4761 S.
2632 4706 2902 4777 Episcopo
2929 4707 3251 4778 degentibus
3294 4712 3546 4776 frequens
3574 4719 3712 4764 erat.
3747 4710 3863 4763 Mo-

551 4777 675 4840 da'm
705 4785 955 4856 loquendi
984 4777 1187 4856 genere
1211 4777 1442 4856 positum
1469 4779 1702 4856 videtur,
1727 4788 1785 4833 ut
1803 4789 2150 4856 eicoutexut
2180 4777 2230 4836 D
2257 4780 2492 4856 nasterii}
2518 4786 2708 4856 autem
2721 4794 2842 4834 cum
2869 4794 2975 4834 non
3003 4777 3101 4835 nisi
3125 4781 3540 4856 quartqsaacnlo
3564 4782 3855 4852 ceperint,

551 4856 731 4927 colligi
763 4848 961 4927 potest.
988 4848 1257 4910 Caeterum
1291 4852 1343 4906 in
1379 4850 1642 4927 promittit)
1676 4849 1815 4916 apud
1839 4848 2147 4927 Ughellium

553 4921 943 4982 tomfv'ltalite
988 4927 1191 4990 Sacrae,
1226 4938 1343 4992 pag.
1387 4921 1513 4985 680,
1543 4922 1643 4975 aha
1678 4935 1901 4991 prorsus
1942 4922 2150 4978 ratione

554 4997 687 5053 nihil
714 4996 975 5057 scriptum
1010 4997 1185 5066 palam
1215 4992 1482 5067 proditur,
1516 4992 1617 5067 nisi
1661 4993 1711 5047 in
1743 4993 1925 5063 populi
1956 4993 2151 5067 menti-

552 5066 674 5133 bus,
708 5084 738 5123 e
762 5068 956 5137 quibus
980 5062 1189 5122 tantum
1212 5062 1386 5130 eruta,
1429 5062 1627 5137 seur(ut
1656 5062 1954 5137 memorato
1981 5065 2149 5137 verbo

553 5132 794 5209 utamur}
829 5138 1033 5194 evoluta
1058 5149 1340 5209 apparent,
1378 5152 1497 5207 qua:
1527 5132 1577 5189 in
1608 5136 1748 5192 hanc
1776 5135 1948 5209 Vitam
1970 5132 2146 5209 Coro-

551 5219 710 5266 natus
736 5206 988 5279 conjecit.
1037 5206 1249 5280 Integra
1274 5206 1405 5279 ejus
1428 5210 1669 5278 prooemii
1721 5207 1881 5263 verba
1918 5206 2014 5280 hic
2051 5221 2152 5276 ap-

553 5282 863 5351 pendimus.
892 5298 1014 5339 cum
1044 5290 1302 5348 praeterea
1325 5281 1456 5336 satis
1481 5279 1774 5351 insinuent,
1798 5279 2151 5351 conﬁrment-

550 5348 680 5424 que,
705 5368 826 5424 quae
850 5354 975 5409 alibi
1000 5352 1253 5424 diximus,
1280 5352 1413 5407 nihil
1434 5351 1501 5405 de
1524 5350 1582 5406 S.
1606 5349 1840 5406 Zenonis
1861 5348 2150 5424 virtutibus

554 5420 823 5494 prodit-um
860 5427 1043 5490 fuisse,
1075 5423 1169 5479 sed
1198 5424 1267 5478 de
1293 5424 1567 5477 miraculis
1596 5428 1826 5484 tnntum,
1858 5420 1937 5494 de
1954 5421 2149 5494 quibus

556 5489 736 5552 tamen
782 5498 894 5567 ipsa
923 5497 1040 5551 sola
1066 5496 1243 5567 populi
1272 5496 1538 5567 memoria
1565 5501 1864 5567 supererat.
1896 5489 2149 5567 B_.'Zena-

551 5569 632 5623 nis
668 5562 1033 5623 Veronensium
1069 5562 1347 5627 Prtesulis.
1378 5565 1494 5620 licet
1535 5565 1708 5618 omnia
1734 5562 2003 5622 miracula,
2033 5564 2147 5632 qui-

548 5639 643 5695 bus
668 5639 876 5704 claruit,
919 5636 1092 5693 idonei
1122 5655 1224 5692 non
1266 5637 1587 5690 inveniamur
1616 5651 1763 5707 posse
1789 5634 1928 5707 vobis
1955 5646 2145 5687 narra-

546 5713 684 5766 tione
719 5712 920 5766 tradere
949 5710 1272 5781 competenti,
1308 5709 1470 5779 magis
1497 5705 1671 5781 tamen
1703 5717 1758 5760 ut
1784 5705 2148 5781 videreturra-

541 5795 653 5841 tum
691 5792 782 5853 est,
816 5794 869 5840 ut
895 5776 1153 5840 sermonis
1179 5776 1556 5852 olfemu'serie,
1600 5778 1779 5850 aliqua
1815 5793 1879 5833 ea:
1905 5793 1966 5833 eo
2002 5776 2146 5833 dica-

2256 4848 2483 4905 Gallieni
2516 4850 2745 4917 imperio
2777 4866 2882 4905 non
2913 4852 3265 4908 conveniunt.
3298 4850 3483 4920 Neque
3515 4848 3718 4907 vero'tv
3746 4867 3857 4907 sa:-

2254 4922 2379 4992 culo
2425 4921 2482 4977 S.
2531 4920 2804 4976 Zenonem
2853 4922 2904 4976 in
2957 4927 3290 4978 monasterio
3318 4922 3534 4992 degisse
3583 4933 3858 4992 putamus.

2255 4990 2406 5047 Licet
2435 4992 2578 5045 enim
2615 4992 2900 5047 mulierum
2933 4994 3321 5049 monasterium
3369 4990 3596 5049 νει-(ηιαέ
3638 4994 3691 5049 id
3723 5003 3863 5049 tem.

2258 5065 2404 5131 poris
2431 5078 2528 5133 per
2556 5062 2829 5120 Zenonem
2854 5064 3015 5119 fuerit
3040 5066 3336 5122 conditum.
3362 5065 3440 5119 uti
3469 5065 3863 5122 dissertatione

2254 5148 2334 5199 Ill,
2359 5132 2479 5203 cap.
2515 5150 2554 5198 ι,
2587 5132 2695 5205 §5.
2754 5136 3089 5191 ostendimus
3121 5154 3133 5190 :
3165 5137 3298 5191 nihil
3342 5146 3520 5192 tamen
3549 5143 3616 5191 de
3643 5153 3865 5191 monas-

2256 5208 2392 5260 terio
2434 5206 2673 5261 virorum
2722 5206 2980 5280 traditum
3009 5210 3330 5280 _accepimus
3363 5226 3376 5260 :
3415 5222 3519 5264 nec
3557 5208 3865 5280 Episcouus

2259 5283 2531 5350 tamquam
2578 5279 2888 5350 monasterii
2925 5277 3185 5335 Abbateot
3213 5294 3272 5334 se
3296 5281 3554 5350 gessisse.
3596 5277 3690 5335 sed
3732 5296 3861 5335 cum

2256 5363 2355 5403 suo
2400 5349 2547 5404 clero
2594 5347 2661 5403 ad
2689 5365 2957 5404 summum
3005 5351 3280 5406 exstitisse
3302 5347 3412 5405 dici
3444 5360 3640 5419 potest.
3673 5351 3865 5417 Neque

2253 5432 2492 5491 opponat
2520 5420 2662 5489 quis,
2696 5421 2748 5474 in
2782 5422 2931 5475 Actis
2961 5420 3061 5477 SS.
3093 5421 3259 5477 Firmi
3284 5432 3337 5477 et
3365 5420 3570 5476 llustici
3602 5433 3865 5476 monaste-

2253 5492 2321 5543 rii
2348 5506 2468 5547 esse
2521 5492 2869 5553 mentionem,
2906 5494 2955 5546 in
2983 5507 3090 5562 quo
3133 5493 3192 5549 S.
3237 5493 3496 5549 Proculus
3525 5492 3586 5549 S.
3622 5493 3865 5549 Zenonis

2259 5562 2627 5633 praedecessor
2656 5564 2756 5616 sub
2780 5564 2948 5631 ipsam
2977 5563 3297 5619 Diocletiani
3319 5573 3369 5619 et
3398 5563 3705 5619 Maximiani
3738 5580 3867 5628 per-

2254 5636 2586 5689 secutionem
2618 5634 2858 5689 latitasse
2884 5636 3128 5703 proditur
3162 5654 3175 5691 :
3211 5652 3331 5690 nam
3362 5635 3432 5691 ibt
3463 5635 3863 5692 m0nasterium

2256 5705 2432 5760 locum
2483 5711 2751 5760 remotum
2799 5705 3083 5775 signiﬁcat,
3118 5707 3170 5762 in
3215 5721 3321 5777 quo
3365 5721 3503 5762 unus
3548 5707 3862 5763 solitariam

2256 5777 2419 5832 vitam
2470 5776 2719 5849 exigebat
2765 5792 2779 5831 :
2838 5794 2999 5849 quam
3053 5776 3335 5853 antiquam
3395 5778 3864 5850 signiﬁcationem
