4216 6178
358 284 465 342 20!

1233 282 1326 342 DE
1367 281 1664 342 ZENONIS
1705 283 1862 342 VITA
1904 283 2137 342 SERMO
2175 285 2866 348 CORONATINOTARII.

3593 293 3701 348 9.02

364 401 716 474 piscationem
750 398 834 472 (6)
865 398 994 456 dum
1025 408 1241 471 ageret,
1292 401 1491 456 creetis
1547 415 1768 457 sursum
1815 401 1988 458 oculis
2019 409 2067 466 Α
2096 400 2222 458 disti
2246 401 2518 457 Zenonem
2560 403 2895 472 episcopum,
2927 417 3086 474 quem
3115 417 3215 459 nos
3245 418 3309 460 ex
3336 404 3492 476 jussu
3521 407 3700 475 Impe-

363 496 501 551 vidit
529 495 594 550 de
623 504 809 548 contra
842 493 1140 565 quemdam
1167 492 1465 556 hominem,
1499 493 1552 547 in
1601 495 1849 564 plaustro
1896 508 1988 550 se-

365 589 606 653 dentem,
651 586 828 643 bubus
871 585 1180 658 subjnnctis
1208 589 1376 654 mergi
1425 587 1477 640 in
1513 586 1768 644 ﬂumine.
1813 587 1988 643 Tanta

366 683 516 740 enim
546 680 828 736 velocitate
872 679 1189 744 ferebatur,
1219 688 1279 734 ut
1327 679 1584 735 omnibus
1639 682 1986 737 demonstra-

368 787 521 832 retur
542 774 739 830 diaboli
777 781 898 830 arte
929 773 1101 830 fuisse
1127 780 1356 844 gestum.
1404 772 1475 828 Et
1499 773 1731 846 quidem
1771 783 1992 830 sanctus

369 869 476 933 vir,
494 867 708 924 elevans
723 867 914 924 oculos
935 864 1067 922 dum
1090 864 1332 932 vidisset,
1351 864 1561 940 [eva]
1604 869 1861 938 cognovit
1888 867 1994 923 hoc

375 961 570 1018 factum
592 959 792 1017 diaboli
809 974 957 1016 esse.
984 959 1206 1015 Elevata
1223 974 1439 1015 sursum
1458 976 1630 1016 manu
1646 963 1992 1018 fceitsanctze

369 1054 558 1111 Crucis
579 1057 790 1126 signum
814 1051 1090 1124 frequenti
1111 1051 1226 1108 vice
1247 1050 1436 1108 dicens
1461 1071 1474 1106 :
1509 1052 1818 1110 Revertere
1838 1063 1993 1108 retro

370 1148 615 1207 Satanas.
643 1161 710 1202 ne
752 1145 992 1218 perimas
1021 1141 1317 1210 hominem,
1351 1159 1517 1213 quem
1560 1144 1714 1200 Dens
1759 1143 1987 1200 creavit.

371 1241 524 1309 Quod
552 1242 760 1310 signum
789 1238 1046 1296 diabolus
1069 1247 1126 1290 ut
1150 1236 1298 1302 vidit,
1331 1237 1564 1292 evanuit
1593 1237 1749 1292 velut
1781 1237 1991 1303 fumus,

374 1336 447 1390 ita
478 1343 534 1389 ut
562 1333 896 1390 clamoribus
925 1347 990 1385 ac
1030 1329 1262 1386 stridore
1293 1329 1560 1392 nefando,
1593 1329 1755 1400 quasi
1787 1329 1853 1384 de
1884 1329 1994 1384 alta

372 1445 507 1500 rupe
550 1428 821 1499 irruperit,
887 1423 1077 1480 dicens
1109 1442 1122 1478 :
1159 1422 1271 1479 Etsi
1301 1422 1520 1494 quidem
1574 1435 1725 1476 nunc
1765 1435 1851 1476 me
1880 1437 1993 1476 non

373 1521 637 1591 permittis
669 1518 883 1574 animas
927 1516 1208 1586 hominum
1251 1513 1484 1580 lucrari,
1536 1521 1724 1568 tamen
1772 1522 1995 1582 paratus

375 1630 494 1669 sum
527 1613 576 1667 in
608 1613 809 1683 patrias
835 1609 918 1684 (7)
948 1609 1188 1681 ignotas,
1221 1623 1341 1680 quae
1369 1608 1808 1675 circumquaque
1842 1616 1992 1673 sunt,

372 1710 454 1763 ire
494 1705 559 1760 ad
586 1703 1032 1774 impedimentum
1065 1713 1234 1756 tuum.
1263 1701 1420 1757 Tunc
1457 1707 1693 1754 sanctus
1719 1697 1815 1753 Dei
1843 1697 1995 1754 Zeno

2095 495 2292 549 ratoris
2321 495 2703 565 perquirimus.
2732 498 2799 549 At
2823 494 2910 549 ille
2935 495 3214 566 respondit
3235 497 3425 554 dicens
3461 516 3472 550 :
3503 499 3705 566 Quam-

2093 587 2174 642 vis
2191 585 2307 658 (ιῖ)
2326 587 2478 655 plura
2501 588 2611 642 sint
2635 587 2851 641 nomina
2869 589 2918 641 in
2937 586 3138 661 [cum]
3155 592 3495 646 monasterio
3515 602 3704 645 n05tro

2094 679 2161 734 de
2189 679 2407 735 nomine
2439 681 2564 744 isto,
2588 694 2747 749 quem
2779 695 2873 734 vos
2904 680 3119 746 dicitis;
3151 692 3326 738 tamen
3361 682 3512 752 quod
3556 681 3707 735 missi

2095 771 2229 826 estis
2257 771 2440 826 dicite.
2476 770 2588 840 Ego
2615 771 2781 836 enim,
2818 773 3064 842 quamvis
3096 774 3358 842 tantillus,
3402 789 3596 829 servus
3625 783 3708 827 ta-

2097 880 2220 919 men
2239 863 2444 920 Christi
2467 879 2610 929 sum,
2638 863 2787 919 Zeno
2810 880 2994 920 vocor.
3026 864 3177 921 Tunc
3201 882 3328 921 vero
3351 867 3710 924 conferentes

2095 958 2298 1014 milites
2327 957 2392 1012 ad
2445 953 2673 1013 invicem
2705 957 2960 1014 dicebant
3009 959 3147 1014 inter
3194 975 3291 1016 se:
3343 961 3487 1029 Quid
3539 960 3712 1014 multa

2094 1051 2495 1120 colloquimur?
2546 1050 2852 1106 Iudicemus
2885 1065 2980 1122 pro
3009 1068 3112 1123 qua
3141 1070 3198 1108 re
3231 1053 3381 1109 missi
3418 1069 3614 1109 sumus
3646 1055 3713 1110 ad

2096 1142 2273 1198 virmn
2301 1144 2482 1198 istum.
2513 1143 2925 1213 ReSpondentes
2953 1160 3084 1201 vero
3110 1145 3368 1201 dixerunt
3398 1166 3413 1202 :
3451 1148 3630 1218 Rogat
3666 1161 3720 1205 te

2097 1237 2413 1309 imperator,
2447 1246 2501 1293 et
2540 1246 2592 1292 te
2620 1237 2736 1292 vult
2765 1237 2964 1293 videre.
3005 1238 3311 1310 ReSpondit
3341 1241 3499 1296 Zeno
3534 1262 3546 1296 :
3581 1243 3722 1310 Quid

2097 1348 2274 1386 meam
2309 1331 2422 1386 vult
2469 1330 2828 1387 humilitatem
2860 1333 3045 1389 videre
3091 1335 3419 1405 imperator,
3470 1338 3567 1407 qui
3609 1354 3728 1396 om-

2099 1425 2247 1480 nitnn
2287 1424 2715 1479 Christianorum
2763 1425 3010 1481 inimicus
3040 1441 3160 1482 esse
3210 1442 3325 1482 non
3359 1429 3634 1488 desistit?
3663 1437 3738 1499 Αι

2095 1518 2174 1573 illi
2205 1519 2458 1574 dixerunt
2489 1536 2502 1571 :
2533 1518 2610 1573 Ita
2654 1519 2797 1574 enim
2828 1529 2980 1591 rogat
3011 1530 3062 1576 te
3106 1522 3440 1594 imperator,
3479 1536 3542 1582 ut
3571 1530 3733 1595 [illam

2099 1613 2288 1682 ipsius,
2334 1627 2453 1682 quae
2480 1626 2510 1664 a
2541 1611 2810 1703 daemonio
2837 1623 3082 1678 vexatur,
3112 1631 3308 1671 sanam
3343 1617 3586 1694 reddas,
3617 1647 3740 1703 qua;

2098 1705 2256 1760 υηίω
2306 1703 2382 1759 illi
2430 1711 2531 1758 est.
2578 1702 2676 1759 Ille
2723 1719 2853 1760 vero
2897 1704 3034 1760 dixit
3077 1707 3157 1762 eis
3187 1727 3206 1787 :_
3239 1707 3536 1772 Dominus
3579 1702 3740 1787 Jesus

369 1799 490 1853 ait:
520 1796 597 1870 (8)
634 1796 750 1852 Non
785 1806 837 1851 te
884 1795 1157 1866 permittat
1205 1792 1472 1848 Dominus
1521 1804 1691 1861 agere
1728 1788 1991 1846 adversus
2021 1797 2070 1858 B
2095 1796 2344 1853 Christus
2365 1797 2712 1866 omnipotens
2737 1807 2840 1853 est.
2874 1798 2970 1864 Ite,
3006 1785 3213 1868 inquit:
3227 1816 3366 1858 ecce
3393 1819 3522 1878 ego
3550 1785 3738 1882 subse;

368 1909 584 1950 servum
610 1907 784 1947 suum.

385 1992 391 1997 '
446 1984 534 2040 IV.
561 1983 654 2038 His
673 1983 745 2037 ita
770 1983 927 2048 actis,
951 1995 1074 2037 cum
1105 1980 1315 2036 ululatu
1339 1989 1398 2034 et
1432 1978 1684 2034 clamore
1711 1972 1986 2031 discessit.

367 2077 657 2133 Festinans
696 2075 906 2131 daetnon
954 2074 1234 2142 ingressus
1272 2082 1359 2129 est
1407 2071 1490 2143 (9)
1532 2069 1761 2124 domum
1795 2067 1988 2122 Palatii

365 2168 626 2232 Gallieni.
675 2166 1122 2240 Comprehensam
1169 2167 1342 2222 ﬁliam
1395 2165 1546 2237 ejus,
1596 2176 1725 2237 quae
1755 2174 1822 2215 eo
1851 2150 1992 2216 tem-

367 2278 506 2334 pore
545 2262 846 2333 parentibus
877 2259 996 2334 (l0)
1049 2261 1208 2317 unica
1260 2267 1411 2326 erat,
1467 2255 1643 2328 erepit
1693 2252 1992 2310 crudeliter

364 2370 590 2413 vexare.
617 2353 760 2412 Tunc
785 2353 1108 2410 miserabilis
1139 2363 1300 2424 pater
1329 2350 1617 2421 simulque
1653 2355 1768 2400 t0ta
1793 2343 1996 2401 domus

367 2447 522 2521 regia
563 2448 614 2503 in
662 2447 922 2504 tristitiam
968 2460 1127 2503 versa
1151 2447 1402 2502 cruciatu
1453 2438 1876 2512 afﬂigebantur,
1922 2453 1992 2494 eo

367 2541 517 2614 quod
557 2540 635 2596 sic
675 2539 954 2596 crudeliter
1003 2538 1385 2596 suﬂ'ocaretur.
1430 2536 1572 2604 Quae
1607 2532 1749 2589 dum
1781 2530 1992 2587 crudeli

371 2635 661 2694 vexatione
699 2643 938 2706 correpta
986 2643 1152 2699 esset,
1203 2631 1373 2704 erepit
1423 2646 1524 2702 per
1590 2643 1669 2684 os
1713 2624 1995 2680 infantulae

375 2728 493 2802 (11)
526 2727 858 2798 Imperatoris
910 2727 1034 2783 illis:
1072 2725 1284 2783 damon
1312 2725 1562 2780 clamare
1601 2719 1804 2777 dicens
1831 2734 1843 2770 :
1875 2715 1998 2774 Non

373 2822 628 2894 egrediar
665 2837 695 2878 a
719 2837 936 2894 corpore
962 2823 1090 2888 isto,
1119 2819 1398 2876 nisi'Zeno
1413 2817 1726 2888 episcopus
1753 2811 1996 2878 venerit,

372 2932 440 2987 ac
491 2933 590 2987 per
639 2917 799 2987 ipsius
835 2916 1118 2989 imperium
1151 2914 1429 2987 egrediar.
1463 2911 1593 2966 Mox
1630 2923 1763 2964 vero
1803 2915 1862 2962 ut
1893 2905 2000 2962 hoc

373 3010 675 3081 imperator
702 3008 968 3081 Gallienus
996 3006 1238 3071 audivit,
1286 3005 1474 3061 missis
1496 2998 1908 3072 apparitoribus
1928 2997 2000 3054 ad

375 3100 793 3176 perquirendum
822 3113 1067 3160 sanctum
1112 3101 1292 3155 virum
1311 3139 1328 3166 ,
1353 3097 1524 3167 coepit
1546 3093 1785 3152 sollicite
1812 3091 1996 3147 inves-

2094 1906 2234 1963 quor
2279 1906 2400 1956 vos,
2447 1891 2570 1961 quia
2627 1891 2720 1947 Dei
2773 1893 3040 1948 mirabilia
3089 1905 3310 1966 oportet
3356 1906 3424 1952 ut
3484 1917 3739 1976 omnibus

2095 1982 2534 2040 manifestentur.
2567 1983 2686 2050 Quo
2715 1983 2864 2040 dicto
2888 1985 3140 2042 abierunt
3169 1988 3398 2046 milites.

2173 2075 2236 2130 V.
2269 2074 2382 2146 (l3)
2407 2074 2720 2146 Exsurgens
2751 2092 2881 2132 vero
2905 2088 3126 2135 sanctus
3150 2080 3427 2140 Sacerdos
3452 2090 3720 2154 fecitora-

2097 2169 2322 2229 tionem,
2366 2177 2420 2223 et
2451 2168 2688 2238 perrexit
2711 2169 2777 2224 ad
2811 2169 3089 2240 palatium,
3139 2174 3228 2228 ubi
3275 2177 3631 2242 cruciabatur
3659 2202 3717 2248 et

2097 2259 2440 2332 afﬂigebatur
2465 2274 2563 2330 pro
2584 2274 2680 2316 sua
2713 2261 2824 2317 tilia
2855 2263 3148 2333 imperator
3179 2283 3192 2320 :
3220 2266 3466 2339 (ll)quo
3489 2289 3711 2335 sanctus

2100 2357 2536 2427 DeiEpiscOpus,
2563 2357 2691 2414 dum
2721 2359 2824 2414 iter
2845 2369 3052 2430 ageret,
3082 2371 3208 2417 ante
3265 2369 3514 2433 pervenit
3541 2387 3702 2442 quant

2102 2449 2155 2504 hi
2183 2450 2272 2521 qui
2295 2448 2446 2505 missi
2470 2449 2680 2506 fuerant
2709 2450 2928 2507 milites.
2950 2452 3115 2508 Facto
3147 2469 3274 2510 vero
3303 2457 3482 2513 crucis
3507 2461 3666 2532 signo
3687 2505 3702 2528 .

2101 2539 2440 2610 ingrediente
2484 2540 2685 2596 Christi
2721 2542 3018 2599 Sacerdote
3057 2545 3347 2614 palatium,
3381 2551 3548 2618 coepit
3575 2570 3701 2610 mox

2101 2645 2200 2700 per
2242 2645 2306 2686 os
2353 2630 2628 2687 infantulus
2674 2632 2886 2686 dmmon
2935 2635 3170 2691 clamare
3199 2637 3418 2693 dicens:
3449 2641 3590 2698 Ecce
3621 2655 3700 2713 tu,

2102 2722 2272 2790 Zeno,
2305 2724 2498 2780 venisti
2526 2723 2594 2779 ad
2644 2725 3023 2797 expellendum
3074 2746 3181 2796 me,
3231 2740 3287 2787 et
3332 2748 3434 2805 ego
3485 2751 3706 2810 propter

2103 2822 2248 2870 tuam
2271 2815 2613 2872 sanctitatem
2639 2828 2787 2873 stare
2806 2834 2910 2873 non
2936 2835 3177 2890 possum.
3207 2821 3325 2890 Quo
3345 2825 3491 2889 dicto
3511 2840 3703 2889 tenens

2104 2906 2373 2964 Sacerdos
2424 2922 2644 2962 manum
2679 2909 2867 2978 puellae
2895 2909 3013 2984 (15)
3043 2911 3176 2968 dixit
3208 2931 3220 2967 :
3255 2915 3312 2970 ln
3345 2921 3564 2978 nomine
3595 2923 3702 2979 Do-

2105 2999 2235 3055 mini
2261 2998 2390 3056 .Iesu
2437 2998 2638 3054 Christi
2687 3002 2942 3072 praecipio
2975 3003 3092 3070 tibi,
3126 3005 3212 3060 exi
3257 3008 3325 3065 ab
3351 3025 3435 3077 ea,
3465 3012 3701 3072 diemon.

2105 3092 2175 3148 At
2201 3091 2293 3148 ille
2324 3091 2534 3163 publica
2557 3105 2691 3148 voce
2721 3095 2886 3164 ctepit
2913 3095 3150 3153 clamare
3173 3097 3360 3158 dicens
3392 3119 3406 3156 :
3437 3103 3554 3161 Etsi
3577 3108 3716 3165 hinc-

374 3196 574 3267 ligare.
602 3192 747 3250 Tunc
771 3209 834 3250 ex
857 3193 1011 3266 jussu
1040 3189 1407 3264 Imperatoris
1429 3185 1633 3242 milites
1661 3191 1894 3256 pergunt
1920 3181 1991 3238 ad
2021 3191 2068 3255 ο
2099 3199 2130 3240 a
2158 3193 2210 3240 te
2239 3185 2497 3255 expulsus
2543 3183 2720 3250 fuero,
2771 3200 2837 3241 eo
2879 3185 3146 3243 Veronam
3183 3207 3198 3246 :
3245 3192 3496 3254 invenies
3528 3217 3614 3258 me
3649 3214 3705 3260 et

374 3287 560 3342 virum
604 3285 716 3340 Dei.
748 3285 835 3342 Ille
869 3284 1014 3343 enim
1055 3283 1291 3341 sedebat
1321 3294 1488 3351 super
1515 3277 1778 3350 lapidem,
1817 3275 1909 3346 qui
1939 3274 1994 3330 in

375 3384 634 3456 proximo
671 3383 974 3440 monasterii
1012 3389 1160 3447 erat,
1206 3387 1264 3434 et
1295 3376 1606 3448 piscabatur
1652 3373 1707 3428 in
1746 3371 1994 3427 ﬂumine.

375 3478 679 3535 Venientes
707 3479 830 3534 vero
850 3477 1074 3538 milites,
1103 3473 1235 3546 quia
1271 3469 1478 3526 inscius
1507 3468 1614 3523 illis
1643 3474 1784 3532 erat,
1809 3479 1998 3536 cmpe-

373 3581 511 3628 runt
557 3570 782 3627 sollicite
818 3571 1158 3643 interrogare
1209 3573 1458 3621 sanctum
1513 3562 1609 3617 Dei
1642 3559 1998 3618 Sacerdotem

375 3667 631 3722 dicentes
660 3682 672 3718 :
701 3664 829 3734 Quis
855 3680 915 3723 es
943 3676 1021 3733 tu,
1047 3665 1219 3720 homo
1243 3659 1337 3716 Dei
1363 3658 1387 3713 ?
1418 3656 1603 3713 Indica
1632 3655 1814 3722 nobis,
1845 3654 1892 3709 si
1918 3655 2004 3711 vi-

377 3801 690 3873 Ducangius
717 3817 782 3857 ex
823 3801 883 3858 S.
927 3801 1290 3873 Hieronymo,
1321 3792 1606 3857 Cassiano,
1635 3791 1832 3873 etaliis
1859 3805 1994 3873 con-

382 3865 603 3931 tinuat:
637 3872 876 3930 Oratoria
930 3873 1096 3930 etiam
1137 3865 1358 3939 'privata
1396 3865 1736 3939 monasterii
1772 3865 1994 3939 nomine

379 3956 698 4011 nuncupata
723 3943 958 4000 tuarchio
1002 3933 1257 3997 tnaﬁ'eius
1286 3954 1353 3993 ex
1379 3936 1606 4011 Agnello
1653 3933 1993 4011 animadver‘

381 4023 466 4074 tit.
501 4005 634 4072 Heic
652 4026 829 4071 autem
855 4013 1160 4071 Coronatus
1185 4006 1502 4066 monasterii
1537 4020 1735 4060 nomen
1769 4005 1994 4075 ingessit

376 4106 440 4146 ea
466 4087 609 4143 [orte
632 4086 701 4143 de
728 4101 936 4151 caussa,
967 4086 1115 4156 quod
1145 4083 1223 4136 illi
1247 4078 1523 4140 ecclesiae,
1553 4077 1604 4156 iu
1635 4092 1743 4156 qua
1771 4091 1990 4132 sacrum

377 4160 594 4230 Corpus
633 4149 1193 4230 anteptranslaiionem
1234 4166 1337 4207 suo
1363 4163 1480 4230 aevo
1505 4149 1992 4230 quiescebathtnt.»

379 4219 683 4289 nasierium
712 4228 987 4300 adiecerit,
1019 4226 1192 4298 quod,
1221 4234 1276 4300 ut
1318 4221 1622 4300 vulgus_est
1647 4219 1715 4274 ad
1757 4219 1991 4300 apti_qui—

381 4288 554 4358 tatem
582 4288 983 4372 paelex-endam
1003 4288 1234 4368 pronus,
1265 4296 1381 4366 ipse
1411 4288 1989 4372 S.AZeno_co.ndidisse

379 4384 437 4432 et
467 4362 763 4428 incoluisse
789 4362 1087 4435 diceretur;
1117 4379 1174 4425 et
1212 4362 1337 4422 cuin
1365 4370 1525 4418 aetate
1555 4362 1841 4435 posteriori
1873 4362 1988 4435 plu-

379 4461 471 4500 res
504 4461 570 4498 ex
617 4443 703 4508 iis,
732 4443 821 4514 qui
853 4442 975 4498 huic
1014 4433 1351 4514 manusterio
1377 4449 1436 4488 se
1466 4433 1902 4514 sedevoverupt,
1933 4433 1987 4488 in

378 4518 440 4572 S.
485 4502 1039 4585 Episcopi'bonurem
1082 4511 1332 4585 Zenones
1364 4504 1790 4585 appellarentur,
1821 4502 1990 4585 Coro—

380 4530 440 4572 δ.
486 4530 685 4585 ιςριεευ
728 4531 742 4568 ι
784 4530 1039 4568 nonorem
1082 4530 1332 4568 Lenones
1364 4530 1790 4575 aPPCllal'Cllllll',
1821 4530 1985 4558 unru-

380 4595 546 4643 natus
579 4530 741 4653 pangi
769 4594 908 4654 post,
931 4599 996 4638 ex
1025 4583 1233 4652 vulgari
1255 4586 1408 4635 certe
1439 4576 1612 4654 fama;
1630 4575 1812 4639 plures
1840 4573 1985 4654 ejus-

378 4661 507 4714 dem
541 4644 783 4712 nomiuis'
818 4644 1265 4711 monachos'una
1316 4663 1438 4704 cum
1489 4645 1549 4702 S.
1578 4644 1796 4702 Zenone
1841 4645 1894 4700 in
1923 4661 1989 4700 eo

383 4729 721 4786 monasterio
749 4729 990 4781 viventes
1022 4724 1258 4792 prodidit
1286 4736 1435 4776 num.
1469 4718 1556 4772 i2.

457 4800 540 4870 (6)
577 4798 712 4853 Hinc
739 4796 799 4854 S.
832 4788 1131 4870 Episcopus
1161 4792 1310 4870 pingi
1339 4792 1478 4870 solet
1497 4788 1811 4870 cumpisce,
1843 4788 1989 4870 quis

382 4860 644 4937 pastorali
687 4860 900 4923 baculo'
922 4869 1002 4922 vel
1031 4860 1098 4923 ex
1141 4860 1432 4937 piscatoria
1475 4860 1736 4915 arundine
1767 4861 1984 4930 pendet.

379 4931 574 5012 Neque
617 4939 668 4994 id
696 4939 916 5012 omnino
957 4931 1334 5008 rejiciehdum.
1378 4931 1728 5012 Fartenenim
1760 4945 1989 5012 pauper-

383 5001 555 5068 tatém
578 5009 852 5075 excoleris,
884 5018 943 5064 ut
970 5001 1116 5078 patet
1135 5024 1200 5064 ex
1235 5015 1392 5078 tract.
1417 5003 1488 5057 M
1536 5003 1626 5057 lib.
1659 5007 1717 5068 ti,
1744 5019 1891 5078 num.
1925 5001 1982 5067 2,

381 5083 706 5155 piscatione,
729 5072 918 5155 ’δὴ-ᾔει*
954 5072 1153 5155 Paulus
1208 5077 1397 5155 labore
1453 5090 1740 5155 manuum,
1784 5072 1981 5155 victum

381 5145 700 5226 quaerebat,
727 5151 854 5226 illud
896 5150 1119 5226 forsitan
1160 5150 1430 5226 recolens,
1481 5145 1755 5226 apostolos
1807 5145 1983 5226 adhuc

385 5215 515 5295 post
556 5215 756 5280 Christi
787 5223 1262 5295 resurrectionem,
1296 5217 1568 5295 piscandis
1594 5215 1847 5295 piscibus,
1876 5215 1982 5270 Do-

385 5289 538 5353 mino
556 5309 769 5366 quoque
794 5293 1149 5366 approbante,
1168 5307 1390 5364 operam
1410 5289 1628 5366 imgepd
1634 5289 1757 5340 isse.

457 5368 542 5437 (7)
574 5358 761 5422 ’Νοὶαι
803 5358 944 5435 apud
984 5358 1374 5437 Mummi—tium,
1414 5358 1748 5437 _Ug'hellitnn,
1779 5371 1983 5437 _mona-

379 5427 550 5498 chum
575 5427 940 5494 Zenoniarium
969 5435 1224 5492 Coronati
1252 5427 1663 5500 exscriptorem,
1689 5438 1750 5500 et
1779 5427 1830 5481 in
1857 5442 1978 5500 om:

376 5497 547 5570 nibus
602 5525 731 5565 mss.
789 5509 858 5563 ab
907 5507 1252 5564 Henschenio
1306 5497 1557 5560 laudatis.
1617 5499 1671 5554 In
1722 5497 1975 5554 Remensi

376 5593 565 5640 autem
618 5591 765 5635 notas
807 5580 1024 5647 quidem
1072 5589 1222 5647 erat,
1275 5577 1370 5633 sed
1417 5574 1610 5629 eodem
1664 5570 1978 5627 charactere

376 5597 565 5640 autem
618 5597 765 5635 natas
846 5597 1024 5636 utuem
1072 5597 1222 5647 erat,
1275 5597 1370 5633 seu
1417 5597 1610 5629 CUUUIII
1664 5597 1952 5627 curuatum“

376 5651 790 5734 superadditum
806 5597 1013 5734 guilnig.
1050 5660 1110 5705 ut
1138 5654 1342 5734 ignotas
1368 5648 1658 5734 legeretur.
1831 5727 1853 5734 _
1874 5712 1952 5734 Μ

452 5712 539 5798 '(s)
574 5723 760 5798 Nonne
806 5723 859 5779 in
910 5712 1181 5781 nétttenst'
1206 5712 1492 5794 perperam
1521 5733 1533 5771 ς
1565 5729 1634 5771 ex
1678 5713 1796 5770 aliis
1826 5712 1987 5770 editis

375 5797 746 5859 correximus.

674 5889 952 5954 Ρλτιιοι.
1028 5889 1140 5952 XI.

2016 4615 2068 4676 D

2085 5279 2213 5333 tium
2257 5293 2276 5332 :

2083 5349 2730 5477 ggpgmqppjectationem
2777 5359 3017 5406 nostram
3062 5357 3251 5413 adnot.
3308 5364 3340 5416 9
3394 5349 3684 5433 indicatam

2102 3294 2229 3344 eos,
2281 3278 2334 3333 in
2381 3277 2578 3348 quibus
2625 3277 2884 3347 habitem,
2919 3290 3126 3338 stantes
3167 3283 3221 3339 in
3267 3286 3445 3356 platea
3475 3309 3702 3366 exspec-

2104 3380 2280 3427 tantes
2325 3377 2398 3426 te.
2447 3368 2654 3425 Christi
2699 3370 2884 3443 itaque
2927 3372 3195 3432 Sacerdos
3236 3393 3424 3438 sanam
3473 3389 3709 3445 restituit

2105 3463 2448 3537 imperatoris
2476 3463 2662 3519 tiliam.

2178 3557 2266 3614 Vl.
2285 3554 2440 3625 Quod
2461 3570 2591 3612 vero
2613 3555 2817 3613 factum
2849 3567 2907 3615 ut
2926 3559 3058 3616 vidit
3083 3562 3377 3637 imperator
3401 3571 3702 3648 Gallienus,

2107 3648 2465 3707 admiratione
2514 3650 2965 3720 comprehensus,
2999 3654 3114 3726 (l6)
3146 3673 3405 3720 coronam
3431 3671 3698 3741 regalem,

2153 3785 2549 3867 (9)-Palatium
2580 3784 2722 3842 inter
2751 3785 3072 3867 Tridentum
3118 3803 3170 3848 et
3202 3796 3471 3859 Veronam
3503 3808 3553 3862 in
3588 3811 3701 3867 An-

2100 3853 2270 3945 tonini
2299 3857 2977 3945 itinerariomemoratunt,
3000 3861 3052 3917 in
3076 3880 3184 3932 quo
3201 3853 3707 3945 qttidain'praie‘s-slet

2101 3931 2389 3990 Gallienus,
2415 3926 2644 4008 intelligi
2669 3928 2922 4008 μορ-1060
2952 3926 3109 4008 posse
3136 3926 3700 4008 conjecimus

2099 4010 2196 4082 tat.
2231 4017 2284 4082 IL
2303 4015 2422 4082 cap.
2457 4013 2538 4082 tu,
2574 3997 2620 4082 ᾗ.
2753 3997 3108 4082 :l'unrdomus
3154 3997 3345 4066 Ραῖαιὶἱ
3389 3997 3704 4080 εἶῆίᾶἆῆἶιδ

2097 4074 2216 4144 ejus
2244 4071 2499 4145 Gallieni,
2527 4070 2621 4145 qui
2657 4072 2708 4123 in
2742 4069 2957 4145 palatio,
2981 4075 3074 4128 illo
3107 4069 3448 4145 przesidebat.

2169 4145 2284 4216 (ιθ)
2300 4141 2542 4224 ρξιιιίεηί
2566 4144 2917 4224 imperatoris
2947 4141 3262 4224 biuos'ﬁlios
3283 4155 3468 4224 plures
3494 4178 3701 4222 memo-

2094 4213 2218 4309 ξῖῐέρῐ
2290 4213 2458 4309 9
2803 4213 3170 4309 ,ίηῗηθνίβιίυηθ
3208 4213 3543 4309 ql‘hteriaua

2092 4287 2201 4342 275
2234 4295 2438 4362 tantum
2468 4284 2840 4362 cognovimus.
2869 4278 3200 4362 Cun'rporro
3239 4278 3699 4362 hanctilia-inieg:

2094 4365 2325 4440 319"““i
2368 4354 2449 4440 if?!
2488 4355 2694 4440 "me
2718 4363 2825 4440 ,ξθιῖ
2868 4354 3126 4440 appellet.
3159 4377 3243 4440 ac-
3270 4367 3313 4418 si
3360 4354 3699 4440 maritimis

2093 4428 2238 4507 illam
2286 4423 2748 4507 Galliepusutihil
2799 4423 2969 4494 prolis
3024 4428 3302 4500 habuerit;
3356 4423 3697 4507 idﬂsa'tie'

2095 4500 2427 4588 imperatore
2451 4493 2703 4576 Gallieno
2758 4493 2948 4551 verum
2981 4514 3124 4588 'esse
3162 4493 3300 4588 non.
3329 4493 3672 4588 potesE,"qu

2092 4558 2308 4662 εἷ’(μξο
2353 4565 2935 4662 temporekimperator
2981 4568 3108 4653 fuit,
3146 4574 3212 4630 ad
3239 4558 3697 4662 'intit-téiﬁ"...}','{,‘é

2095 4638 2236 4696 lilios
2259 4640 2313 4694 in
2337 4638 2691 4733 scripto‘ribus
2713 4647 2773 4733 ει
2797 4638 2848 4692 in
2883 4643 3120 4733 ttuutipis
3150 4638 3696 4733 inscriptionibusq'ue

2094 4719 2424 4792 memm-‘gws
2454 4709 2662 4792 [mm-li"
2711 4709 2837 4764 “me
2873 4726 3004 4792 9'3"
3033 4713 3161 4792 ﬁ“?
3185 4709 3350 4776 ιιηὶειὲ
3394 4709 3695 4792 iustitio“.qu

2093 4797 2226 4869 toto.
2249 4783 2449 4869 aliqqu
2461 4775 3051 4869 tantumnque,nititur,
3081 4788 3244 4845 alium
3271 4794 3340 4848 ab
3366 4775 3696 4869 $5665.13;

2091 4851 2394 4910 Gallienum
2423 4855 2596 4922 palam
2623 4852 2876 4906 adstruit.

2161 4921 2379 5017 (“plu
2395 4925 2620 5017 gaeteris
2651 4937 2782 5017 mss:
2816 4925 3050 5017 clteditis
3084 4929 3400 5007 plerumque
3433 4939 3616 5017 Regis,
3640 4961 3695 5006 οι

2088 4992 2348 5065 deinceps
2388 4992 2688 5065 Rex,rt_c.,
2719 4996 2999 5065 scribitur.

2160 5063 2487 5149 (‘2)~‘Ap‘ld
2522 5063 2822 5135 Ughcuium
2854 5067 3028 5135 plures
3081 5071 3185 5126 sint
3240 5075 3490 5139 homines.
3554 5087 3686 5149 Vide

2086 5137 2272 5191 adnot.
2303 5137 2356 5189 5.

2312 5203 2816 5298 {fati-riganaaoaft‘as
2838 5207 3164 5298 βαθεῖ-(ᾖσε...
3183 5221 3407 5298 pert-{xit
3440 5227 3510 5280 ad
3541 5235 3692 5298 μαία-

2319 5278 2784 5367 acgsihpaulplum
2835 5278 3207 5367 a‘VerOuens'i
3255 5290 3387 5347 urbe
3430 5278 3689 5367 diuini.

2155 5491 2273 5575 (μ)
2305 5491 2603 5562 Legebatur
2623 5490 2674 5545 in
2698 5489 2955 5549 Remensi
2968 5495 3090 5564 quia
3115 5514 3212 5557 :ex
3225 5499 3475 5573 Ugltellio
3497 5530 3684 5575 emen-

2085 5563 2349 5619 davitttus.

2191 5633 2276 5709 αξξ)
2304 5634 2489 5709 Sieex
2523 5632 2863 5709 lienschenio
2892 5653 2906 5688 :
2941 5635 2994 5692 in
3029 5638 3279 5699 Remensi
3309 5645 3504 5709 dicens.

2194 5705 2277 5792 ιβ)
2309 5705 2541 5764 Gallieni
2566 5715 2724 5792 aetate
2742 5706 3100 5792 imperatores
3124 5716 3412 5792 pretiosam
3431 5705 3685 5790 coronam

2098 5778 2332 5838 nondum
2354 5788 2719 5850 sumpserant,
2745 5791 2809 5832 ac
2831 5779 3009 5836 multo
3031 5778 3212 5844 minus
3243 5788 3295 5842 in
3323 5778 3515 5862 capite
3533 5778 3686 5871 agi};

3131 5875 3174 5934 7
