4216 6178
547 324 655 379 g0;
1920 303 2455 365 PROLEGOMENA.
3756 298 3864 357 204

544 452 705 510 quam
734 435 910 507 capite
942 448 1041 493 suo
1089 429 1371 502 gestabat,
1405 434 1596 482 sancto
1636 422 1917 480 Sacerdoti
1948 421 2148 478 obtulit
2176 424 2223 483 Α
2252 418 2416 510 Cujus
2442 415 2838 510 ecclesizedum
2854 424 3036 474 essent
3056 416 3235 487 januae
3254 420 3477 510 aperire,
3501 414 3720 510 aquain
3743 431 3860 472 eam

547 506 732 588 dicens
759 546 771 584 :
801 506 922 584 Tali
951 525 1180 588 medico,
1209 523 1301 594 qui
1329 536 1513 574 sanam
1542 519 1752 573 unicam
1783 517 1943 571 iiliam
1972 529 2148 570 meam
2230 509 2481 581 .minime
2507 509 2754 572 intravit,
2786 510 2972 580 sicque
3001 519 3151 563 stans
3178 523 3314 579 aqua
3344 508 3593 564 ecclesias
3633 506 3856 578 jannaut

546 625 805 689 restituit,
839 621 997 676 nullis
1029 618 1147 672 aliis
1179 613 1496 671 muneribus
1529 611 1742 681 placere
1772 623 2010 680 possum,
2046 605 2148 660 nisi

545 717 594 773 ei
636 717 840 786 ipsam,
900 725 1057 782 quam
1101 708 1308 773 habeo,
1361 719 1617 760 coronam
1665 716 1840 757 meam
1898 699 2145 755 oﬂ‘eram.

543 805 696 874 Quod
737 804 934 858 factum
973 801 1100 856 dum
1148 805 1453 870 gereretur,
1499 795 1688 850 videns
1732 791 2021 848 multitudo
2055 806 2151 861 po-

543 897 679 970 puli,
713 898 802 968 qtti
827 895 892 950 ad
915 891 1173 965 palatium
1198 896 1554 956 convenerat,
1582 889 1649 942 ab
1677 900 1862 942 errore
1884 897 2144 939 conversa

542 988 728 1062 gentili
779 987 1125 1042 crediderunt
1179 984 1232 1038 in
1288 981 1561 1038 Christum
1619 978 1802 1034 Iesum
1859 976 2145 1030 Dominum

545 1091 814 1146 nostrum,
848 1089 1093 1149 petentes
1125 1073 1474 1132 Sacerdotem
1505 1070 1704 1125 Christi
1737 1079 1794 1123 ut
1819 1068 2150 1123 docerentur

543 1175 684 1230 viam
715 1174 924 1241 salutis,
955 1182 1008 1226 et
1053 1170 1378 1241 baptismum
1408 1167 1461 1222 in
1495 1165 1868 1220 remissionem
1899 1161 2148 1233 percipe-

542 1279 665 1324 rent
695 1277 1059 1338 peccatorum.
1113 1267 1176 1319 At
1211 1263 1303 1317 ubi
1341 1260 1606 1317 Sacerdos
1649 1258 1858 1328 accepit
1887 1269 2144 1311 coronam

542 1358 906 1429 imperatoris,
939 1358 1119 1412 statim
1151 1353 1423 1409 distribuit
1457 1351 1782 1421 pauperibus
1825 1348 2053 1404 dicens:
2088 1346 2144 1403 Si

542 1450 803 1506 Detuinus
830 1445 1088 1520 operatur
1131 1446 1374 1508 excelsa,
1417 1446 1520 1515 ipsi
1562 1445 1824 1498 referatur
1866 1451 1920 1496 et
1950 1439 2141 1511 gloria.

610 1541 721 1598 VII.
775 1541 869 1596 His
899 1541 973 1595 ita
1003 1541 1169 1610 gestis
1204 1538 1356 1607 petiit
1381 1535 1730 1590 beatissimus
1769 1532 1946 1598 Zeno,
1997 1539 2055 1584 ut
2093 1529 2144 1585 ei

540 1634 755 1690 licentia
786 1634 1134 1699 tribueretur,
1189 1631 1368 1686 omnia
1416 1628 1557 1682 idola
1604 1625 1940 1690 destruendi,
1987 1634 2042 1680 et
2087 1623 2140 1678 in

540 1728 738 1784 Christi
785 1725 1007 1783 nomine
1036 1725 1292 1781 ecclesias
1329 1719 1647 1777 fabricandi.
1677 1718 1844 1789 Cujus
1889 1716 2141 1788 precibus

2255 601 2485 668 clausit,
2517 617 2581 658 ac
2612 602 2656 657 si
2682 601 2813 657 illud
2851 602 3177 658 elementum
3222 599 3484 670 liquidum
3521 597 3576 653 in
3619 599 3863 655 solidita-

2258 705 2364 752 tem
2394 694 2619 766 parietis
2657 694 2848 750 fuisset
2889 696 3251 750 immutatum.
3283 691 3437 758 Quod
3468 691 3632 746 etiam
3659 678 3860 748 factum

2256 789 2445 844 videns
2489 789 2718 859 populus
2743 788 3102 845 admiratione
3130 785 3560 858 comprehensus
3579 825 3595 852 ,
3624 785 3714 856 qui
3751 785 3862 842 illic

2255 885 2321 940 ad
2381 885 2642 941 honorem
2676 884 2770 941 Dei
2818 893 2874 941 et
2917 885 3089 941 sancti
3134 883 3447 941 Sacerdotis
3485 893 3857 953 convenerat,

2254 977 2397 1034 fame
2440 979 2639 1049 sitique
2667 993 2727 1035 se
2755 979 2936 1050 perire
2961 979 3315 1036 acclamabat.
3355 978 3489 1035 Cum
3520 991 3650 1050 ergo
3677 986 3860 1034 essent

2255 1069 2410 1127 multi
2440 1072 2670 1128 interius
2720 1072 2958 1138 inventi,
3012 1080 3068 1128 et
3098 1086 3359 1143 aquarum
3397 1069 3741 1127 multitudine
3768 1085 3861 1127 ec-

2251 1164 2420 1219 clesia
2463 1165 2642 1220 omnis
2685 1162 3054 1232 circumdata,
3089 1173 3144 1220 et
3193 1163 3295 1233 ipsi
3347 1164 3403 1220 in
3451 1179 3615 1236 quam
3648 1169 3860 1236 possint

2254 1263 2462 1324 partem
2495 1254 2676 1326 egredi
2701 1271 2810 1310 non
2839 1255 3134 1321 haberent,
3168 1255 3350 1327 ibique
3384 1270 3446 1312 se
3489 1255 3579 1312 siti
3620 1264 3675 1312 et
3713 1255 3858 1314 fame

2251 1346 2487 1403 deiicere
2516 1346 2876 1403 formidarent
2901 1365 2915 1416 ;
2950 1347 3018 1404 ad
3041 1349 3288 1404 ecclesia:
3315 1349 3537 1420 januam
3566 1349 3859 1406 veniebant

2250 1442 2318 1498 ad
2351 1442 2665 1510 bibendum,
2697 1441 3019 1500 hauriebaut
3047 1458 3242 1514 aquam
3264 1485 3279 1511 ,
3304 1457 3426 1515 qua:
3451 1486 3466 1511 ,
3499 1452 3556 1498 ut
3584 1444 3808 1514 pmdixi
3837 1486 3852 1510 ,

2245 1551 2420 1608 usque
2445 1537 2513 1592 ad
2542 1535 2810 1593 fenestras
2841 1547 3188 1602 excrevemt,
3222 1545 3275 1592 et
3302 1547 3480 1592 tamen
3519 1537 3656 1592 intra
3681 1537 3856 1592 eccle-

2248 1631 2384 1686 siam
2433 1631 2579 1686 uullo
2609 1631 2771 1687 modo
2799 1630 3100 1687 difﬂuebat.
3151 1628 3366 1686 llauriri
3397 1632 3580 1702 itaque
3621 1640 3678 1686 ut
3705 1646 3840 1698 aqua

2247 1734 2492 1796 poterat,
2535 1725 2629 1779 sed
2674 1723 2925 1780 difﬂuere
2969 1732 3028 1779 ut
3078 1737 3217 1796 aqua
3267 1739 3372 1778 non
3404 1731 3636 1793 poterat.
3685 1725 3848 1780 Stans

541 1818 765 1893 [cum]
797 1818 911 1891 (i7)
944 1817 1217 1888 adquievit
1244 1817 1539 1882 imperator
1560 1811 1844 1875 omnibus,
1879 1808 1993 1880 (18)
2023 1823 2144 1878 qua:
2175 1805 2222 1867 B
2251 1825 2432 1872 autem
2464 1825 2590 1872 ante
2616 1815 2837 1887 januam
2868 1812 2938 1873 ad
2982 1810 3376 1871 οειεηάεηάυέη
3427 1817 3638 1873 cunctis
3683 1817 3850 1872 meri-

540 1912 630 1967 ille
653 1919 996 1982 poposcerat.
1023 1909 1150 1964 Post
1165 1908 1282 1962 base
1297 1909 1570 1977 ingressus
1589 1903 1859 1961 Sacerdos
1874 1901 2142 1957 Veronam

537 2007 809 2062 civitatem
841 2004 1146 2073 intrepidus
1205 2001 1534 2074 prmdicabat
1581 1998 1632 2052 in
1674 1996 1878 2052 Christi
1920 1997 2141 2050 nomine

536 2099 782 2162 verbum,
815 2107 874 2151 ut
900 2097 1099 2151 diaboli
1134 2095 1273 2150 idola
1300 2093 1736 2156 destruerentur,
1770 2097 1824 2144 et
1857 2089 1907 2141 in
1935 2087 2139 2142 Christi

539 2191 757 2245 nomine
798 2195 1245 2244 construcrentur
1274 2184 1540 2240 ecclesiae.
1574 2181 1695 2248 Quo
1729 2179 1871 2234 facto
1903 2178 2142 2232 multitu-

536 2284 606 2340 do
631 2284 811 2354 populi
844 2296 1178 2353 paganorum
1209 2278 1440 2334 saeviens
1470 2277 1810 2332 incessanter
1837 2273 2051 2343 agebat,
2084 2280 2142 2326 ut

534 2375 982 2446 impedimentum
1025 2372 1224 2428 Christi
1256 2371 1486 2425 famulus
1518 2377 1812 2439 pateretur.
1855 2367 1963 2422 Sed
1997 2366 2137 2436 vigi-

534 2469 652 2522 lans
691 2468 744 2522 in
787 2467 899 2522 suis
938 2465 1110 2521 servis
1157 2463 1407 2518 Christus
1455 2461 1711 2516 vincebat
1759 2458 2136 2526 mendacium,

532 2561 676 2632 quod
700 2576 831 2632 pura
859 2559 994 2615 fides
1019 2557 1239 2613 tenebat
1290 2555 1342 2610 in
1375 2554 1538 2610 corde
1573 2553 1706 2628 (sic).

606 2655 738 2709 Vlll.
785 2651 1045 2708 Pcrlectis
1079 2651 1240 2721 igitur
1270 2648 1354 2703 his
1377 2648 1570 2718 agebat
1614 2645 1870 2702 salutaria
1905 2660 2001 2715 pro
2032 2659 2132 2713 po-

531 2750 640 2820 puli
674 2748 1097 2810 intercessione,
1131 2743 1274 2814 quod
1321 2743 1388 2798 ab
1419 2743 1639 2797 ineunte
1665 2749 1826 2796 aetate
1855 2740 1908 2794 in
1930 2738 2134 2794 Christi

530 2857 715 2897 amore
766 2841 956 2896 solitus
1004 2847 1140 2894 erat.
1182 2837 1282 2902 Qui
1314 2837 1440 2890 dum
1486 2835 1590 2889 hoc
1620 2835 1883 2889 instanter
1912 2839 2130 2904 ageret,

535 2935 628 2990 Dei
675 2933 954 2988 voluntate
985 2945 1090 2984 nou
1125 2928 1294 2982 multo
1339 2936 1461 2998 post
1492 2937 1742 2995 receptus
1770 2926 1822 2980 in
1865 2925 2128 2996 pace’est.

533 3027 599 3083 Et
628 3027 748 3096 quia
779 3025 831 3079 in
864 3021 1136 3077 miraculis
1163 3021 1310 3074 omni
1342 3019 1544 3089 populo
1575 3019 1809 3082 claruit,
1844 3019 1896 3073 in
1926 3016 2132 3074 honore

531 3122 626 3187 Dei
657 3128 712 3176 et
757 3119 808 3174 in
842 3117 1012 3187 ipsius
1066 3116 1240 3170 sancti
1295 3112 1608 3169 Sacerdotis
1637 3111 1755 3184 (l9)
1792 3111 2008 3183 quidam
2058 3127 2126 3167 ex

2249 1920 2362 1966 tum
2401 1911 2787 1975 Confessoris,
2839 1920 2891 1966 et
2937 1925 3073 1982 aqua
3126 1920 3244 1966 erat
3294 1910 3360 1965 ad
3405 1910 3764 1982 adjutorium,
3797 1917 3851 1966 et

2246 2001 2400 2071 quasi
2433 2017 2569 2072 aqua
2601 2015 2707 2056 non
2733 2013 2850 2057 erat
2888 2001 2955 2056 ad
2989 1999 3351 2057 invadendum
3380 2001 3576 2058 locum.
3614 2001 3680 2057 Et
3721 1999 3845 2057 dum

2246 2103 2392 2150 tanta
2420 2104 2565 2151 esset
2585 2094 2871 2151 inundatio
2899 2111 3075 2166 aquze,
3113 2096 3263 2151 velut
3292 2111 3478 2152 murus
3507 2097 3842 2168 circumqua-

2243 2201 2348 2257 que
2378 2186 2625 2242 ecclesim
2652 2194 2867 2242 erectus
2896 2196 3014 2242 erat
3037 2229 3051 2253 ,
3087 2195 3143 2243 et
3168 2188 3314 2243 intus
3337 2202 3477 2259 aqua
3515 2189 3738 2244 minime
3760 2187 3842 2244 in-

2242 2277 2610 2350 grediebatur.
2656 2281 2867 2348 Quanta
2899 2282 3044 2336 enim
3091 2291 3342 2351 putamus
3372 2281 3543 2336 virtus
3584 2282 3845 2338 orationis

2244 2367 2490 2445 [omni]
2545 2373 2716 2443 ipsius
2766 2373 2907 2444 apud
2957 2373 3127 2430 Deum
3160 2361 3409 2431 obtinere
3441 2384 3692 2445 poterat,
3720 2391 3841 2431 cum

2241 2471 2296 2518 et
2323 2478 2460 2534 aqua
2489 2463 2542 2518 in
2579 2467 2761 2536 specie
2795 2466 2930 2521 muri
2961 2475 3140 2522 erecta
3165 2479 3312 2534 erat,
3345 2477 3400 2524 et
3427 2468 3636 2538 ingredi
3667 2469 3843 2524 locum

2240 2557 2608 2613 venerabilem
2635 2574 2741 2614 non
2765 2559 3020 2615 audebat.
3047 2559 3203 2617 Unde
3221 2561 3462 2617 adcrevit
3485 2562 3766 2618 veneratio
3787 2571 3844 2618 et

2242 2649 2401 2704 timor
2448 2649 2594 2704 circa
2639 2648 2840 2705 Christi
2887 2648 3277 2720 Sacerdotem,
3337 2662 3395 2707 ut
3443 2653 3606 2708 etiam
3647 2651 3693 2707 si
3735 2652 3842 2708 ﬂde

2238 2741 2448 2812 exigat,
2478 2743 2680 2800 inﬂrmi
2728 2755 3021 2810 curentur,
3055 2743 3372 2802 daemoniaci
3404 2745 3657 2813 veniant,
3695 2753 3751 2802 et
3777 2746 3843 2802 li-

2239 2832 2517 2889 berentur.
2554 2835 2623 2889 Et
2665 2836 2708 2890 si
2737 2835 2858 2905 quis
2907 2851 2969 2890 ex
3002 2850 3129 2892 vera
3170 2835 3278 2892 ﬂde
3313 2846 3563 2893 sanctum
3596 2839 3711 2908 ejus
3739 2852 3838 2893 no-

2237 2940 2361 2980 men
2406 2927 2767 2992 invocaverit,
2802 2927 2924 2984 sine
2959 2927 3126 2985 dubio
3150 2930 3267 3001 ejus
3294 2930 3540 3000 petitioni
3566 2932 3836 2988 annuitur.

2236 3015 2383 3071 Multi
2417 3019 2614 3073 etenim
2643 3018 2712 3074 de
2741 3020 3047 3091 longinquis
3075 3021 3390 3093 regionibus
3427 3025 3710 3079 venientes
3740 3023 3842 3081 οὓς

2235 3121 2384 3163 sessa
2414 3108 2729 3166 inﬁrmitate
2754 3125 2984 3182 corpora
3016 3112 3082 3168 ad
3117 3114 3236 3186 ejus
3279 3116 3628 3186 sepulchrum
3655 3116 3838 3187 jacen-

535 3231 733 3288 genere
761 3212 995 3270 Gallieni
1035 3210 1160 3266 fecit
1195 3219 1382 3264 sancto
1411 3207 1613 3262 nomini
1648 3207 1817 3277 ipsius
1851 3205 2128 3262 basilicam
2157 3192 2202 3256 C
2237 3207 2318 3254 tes
2349 3215 2444 3270 per
2471 3200 2642 3271 ipsius
2682 3202 3137 3260 intercessionem
3187 3207 3252 3262 ad
3297 3209 3513 3278 propria
3541 3224 3662 3264 cunt
3694 3209 3837 3266 sani-

449 3333 454 3338 -
531 3308 672 3362 haud
701 3305 892 3377 procul
938 3320 967 3359 a
1016 3303 1198 3366 ﬂuvio,
1249 3302 1338 3356 ubi
1370 3315 1510 3355 nunc
1538 3311 1779 3355 sanctum
1810 3300 1975 3370 ipsius
2003 3314 2127 3355 cor-

529 3415 631 3472 pus
672 3397 981 3470 requiescit,
1009 3393 1099 3466 qui
1125 3395 1287 3450 etiam
1313 3393 1644 3449 venerabilis
1670 3393 1820 3447 locus
1849 3393 1899 3447 in
1929 3389 2128 3447 Christi

531 3495 750 3550 nomine
772 3490 1047 3547 miraculis
1073 3497 1342 3544 coruscat.

601 3585 694 3641 IX.
729 3585 859 3640 Post
890 3598 1019 3639 vero
1051 3581 1264 3652 aliquod
1312 3591 1522 3651 tempus
1561 3579 1703 3650 apud
1747 3579 1991 3636 eamdem
2027 3578 2128 3635 Ve-

528 3692 818 3735 ronensem
865 3675 1055 3731 urbem
1103 3688 1226 3729 cum
1263 3671 1378 3743 (‘20)
1411 3672 1499 3726 die
1553 3669 1738 3727 Sancti
1786 3672 2012 3726 natalitii
2045 3673 2126 3742 ip-

529 3773 643 3828 sius
671 3771 868 3828 devote
901 3769 1133 3840 populus
1160 3781 1263 3823 una
1295 3781 1419 3821 cum
1451 3764 1598 3820 clero
1626 3766 1708 3819 vel
1752 3764 2130 3820 sacerdotibus

528 3864 594 3919 ad
625 3863 908 3919 Missarum
936 3858 1198 3915 solemnia
1229 3857 1636 3920 convenissent,
1659 3855 1852 3910 ﬂuvius
1882 3855 2126 3921 Athesis,
2189 3856 2194 3864 '

527 3957 615 4012 ubi
645 3969 810 4026 super
850 3953 1021 4022 ripam
1078 3949 1198 4020 ejus
1243 3947 1580 4005 reconditum
1625 3961 1747 4002 esse
1795 3945 2130 4017 dignoscitur

526 4065 724 4119 corpus
752 4088 765 4110 ,
812 4045 990 4100 subito
1037 4053 1182 4098 tanta
1215 4041 1568 4096 inundatione
1596 4039 1873 4105 excrevit,
1905 4049 1963 4093 ut.
1989 4053 2130 4109 aqua

525 4141 763 4199 ﬂuminis
787 4144 957 4210 usque
991 4135 1064 4192 ad
1094 4134 1396 4197 fenestras,
1440 4133 1524 4188 vel
1559 4141 1756 4188 tectum
1788 4131 2125 4186 ascenderet.

518 4331 669 4395 bant,
719 4324 788 4382 de
833 4327 940 4395 qito
981 4321 1101 4378 vide
1131 4317 1401 4399 laudatam
1446 4317 1880 4375 dissertationem
1911 4334 1949 4387 ι,
1996 4333 2114 4388 cap.

562 4399 720 4544 ’(gl'f).
752 4460 1137 4544 Ethnicumue‘
1163 4463 1574 4544 _I_m_peratorem_
1598 4461 1722 4515 huic
1780 4459 1854 4514 rei
1900 4460 2120 4544 acquic:

521 4530 663 4597 vis‘se
692 4530 962 4594 'credibilc
992 4533 1114 4592 est"!
1163 4530 1422 4590 Fabulam
1476 4532 1669 4589 eodem
1716 4530 2050 4603 paragrapho
2083 4530 2116 4586 4

522 4611 879 4684 ostendimus.
981 4677 1069 4684 ___
1209 4676 1221 4684 _
1318 4677 1329 4684 _
1506 4675 1516 4684 _
1586 4675 1622 4684 _

595 4681 710 4757 (ts)
754 4678 995 4757 l_|a_:tpud
1029 4676 1426 4757 [lenscltenium
1459 4673 1844 4757 :irrﬂcmucnsi
1873 4673 2029 4757 quod.

593 4745 707 4828 (l9)
753 4745 974 4828 Quidum
1016 4765 1078 4804 ex
1124 4747 1428 4803 Mombritio
1455 4756 1505 4798 et
1538 4745 1879 4828 lleitscheuio
1906 4745 2106 4828 addere

523 4815 909 4885 ttcces'se'i'uit;
939 4835 1165 4888 quorum
1213 4828 1515 4888 postremus
1560 4815 1625 4868 ad
1667 4815 1780 4869 hzre
1814 4815 1975 4888 verba
2007 4832 2104 4888 uo-

519 4908 599 4952 tat
632 4913 645 4949 :
686 4914 704 4947 σ
746 4895 816 4948 Ita
849 4884 1100 4963 pler-nque
1129 4884 1258 4963 mss.
1293 4887 1532 4951 Quidam-
1547 4902 1826 4963 ea_:_genere
1863 4884 2104 4953 Gallieni,

521 4978 632 5033 aut,
691 4958 912 5032 Quidam
965 4958 1144 5033 (iniens
1199 4959 1359 5015 Deum
1414 4975 1540 5033 cuni
1587 4958 1924 5033 ᾓιοιιιπίηιιυ-ἱ
1967 4965 2104 5033 aut,

521 5027 742 5104 Quidam
773 5031 1118 5089 nobilissimus
1167 5047 1228 5084 ea:
1265 5027 1742 5104 genere_GAullieni.
1772 5027 2107 5104 ArUghellii

516 5098 799 5179 Exemplar
827 5117 880 5161 et
914 5105 1126 5158 unicttut
1163 5098 1278 5155 tus.'
1309 5117 1397 5153 rei;
1447 5098 1713 5179 Gallienus
1764 5100 1879 5179 [θεῖε
1908 5099 2108 5179 ‘Balsili-

512 5198 644 5235 cam.
663 5170 698 5233 ι’
719 5175 1017 5245 Utrumun
1043 5185 1218 5228 autem
1255 5187 1500 5245 peraeque
1529 5172 1867 5245 l'alsum,sive
1889 5171 1956 5225 de
1981 5170 2108 5245 Gal-

513 5252 657 5307 lieno
686 5241 1160 5315 itttpet'atorc,sivc
1191 5241 1264 5300 de
1287 5243 1466 5313 aliquo
1495 5241 1737 5313 ejusdem
1761 5242 2105 5315 [inperatoris

467 5328 474 5334 ’
513 5313 918 5392 Consauguiueo
959 5319 1008 5372 id
1055 5316 1253 5372 factum
1313 5316 1574 5392 accipias,
1616 5330 1737 5392 cum
1773 5329 1962 5392 on‘tnes
1989 5313 2105 5392 ejus

517 5383 798 5466 propinqui
833 5393 948 5461 ipso
979 5392 1244 5470 exstincto
1276 5383 1448 5470 ηερτιὲ
1498 5384 1727 5451 fuerint,
1761 5393 1821 5437 ιιι
1853 5383 2104 5439 Aurelius

515 5459 700 5520 Vicior
728 5459 1003 5517 memoria:
1035 5459 1285 5528 prodidit.

581 5538 696 5609 (‘20)
738 5524 1071 5609 Motnbri‘tiu's
1120 5540 1172 5583 et
1216 5528 1488 5609 Ughelli‘us
1533 5526 1615 5581 die
1663 5536 1838 5580 sancto
1876 5524 2098 5609 Natali,

512 5598 885 5664 lle‘uschenius
915 5603 998 5656 die
1051 5611 1228 5656 sancto
1263 5598 1532 5653 Nata/ium
1582 5611 1599 5651 :
1653 5612 1806 5651 error
1859 5606 2095 5664 apertus,

509 5698 630 5735 cum
715 5678 940 5736 Sanctus
1002 5671 1298 5742 Episcopus
1363 5669 1575 5742 obierit‘
1611 5667 1698 5722 die
1749 5667 1810 5720 1'2
1855 5665 2092 5742 Aprilis,

507 5755 607 5805 huc
636 5759 816 5803 autem
861 5738 1177 5800 miraculum
1202 5738 1408 5798 'mense
1437 5739 1643 5797 Octobri
1677 5738 1993 5808 contigerit,
2029 5740 2095 5794 de

499 5839 607 5895 quo
659 5821 806 5890 plura
855 5817 912 5872 iu
959 5815 1175 5872 dissert.
1207 5816 1277 5882 ὃ,
1320 5827 1440 5883 cap.
1491 5812 1542 5880 i,
1578 5810 1606 5882 §
1639 5809 1693 5865 4.
1743 5807 1800 5865 In
1834 5807 2094 5882 margine

2237 3299 2346 3347 tate
2373 3301 2429 3348 et
2455 3294 2652 3364 gaudio
2689 3305 3056 3363 revertuntur,
3107 3298 3226 3370 (2i)
3272 3311 3564 3368 prastante
3611 3301 3838 3357 Domino

2236 3394 2422 3440 nostro
2468 3385 2600 3442 Jesu
2629 3387 2874 3456 Christo,
2906 3391 2992 3446 cui
3023 3400 3110 3448 est
3147 3390 3321 3448 honor
3350 3401 3407 3450 et
3425 3395 3596 3466 gloria
3637 3397 3690 3451 in
3727 3409 3836 3453 sa-

2232 3477 2354 3534 cula
2385 3480 2727 3537 saaculorum.
2759 3481 2956 3548 Amen.
3435 3474 3442 3480 ’

2415 3662 2633 3736 lcum]
2667 3663 3052 3724 RHY’I‘liMUS
3106 3667 3194 3724 DE
3247 3668 3305 3725 S.
3357 3667 3632 3728 ZENONE

2454 3803 2539 3861 Ea:
2583 3807 2757 3862 codice
2778 3807 3070 3881 Capitulari
3097 3811 3277 3866 seaculi
3307 3813 3512 3868 circiter
3543 3829 3617 3870 rx.

2309 3943 2545 4001 Audiant
2570 3947 2654 4017 (l)
2681 3947 2969 4018 principes,
3005 3948 3226 4029 audiant
3252 3951 3466 4022 populi,

2377 4041 2587 4108 Quanta
2624 4052 2836 4111 peracta
2869 4053 2994 4098 sunt
3025 4043 3092 4100 de
3128 4044 3328 4102 Sancto
3360 4041 3610 4114 homine,

2378 4132 2590 4201 Quanta
2625 4133 2767 4189 Deus
2795 4134 3048 4192 concedit
3073 4133 3157 4206 (2)
3189 4135 3244 4192 in
3267 4151 3328 4194 se
3347 4135 3717 4196 ualentibus.

2225 4333 2386 4388 porro
2420 4334 2519 4372 ms.
2552 4318 2835 4376 Remensis
2879 4320 2944 4376 ad
3000 4322 3138 4378 hanc
3179 4323 3424 4381 miraculi
3449 4324 3823 4383 narrationem

2225 4389 2307 4444 hac
2339 4389 2670 4446 tres‘litlcrre
2710 4397 2968 4461 apposita:
2999 4405 3295 4450 cernuntur
3335 4413 3348 4448 :
3382 4395 3445 4452 (ἱ.
3482 4395 3548 4450 Ρ.
3581 4395 3640 4450 (ἰ.
3676 4398 3818 4454 linea

2223 4461 2446 4535 singulis
2489 4463 2810 4535 superducta
2855 4481 2866 4516 :
2901 4479 3132 4535 quarum
3172 4465 3381 4522 duabus
3430 4468 3622 4535 primis
3648 4466 3715 4524 G.
3754 4469 3825 4526 P.

2224 4531 2527 4613 Gregorium
2562 4531 2774 4613 Pupam
2825 4531 3113 4613 signiﬁcari
3160 4537 3292 4613 nihil
3324 4531 3670 4613 ambigimus
3710 4540 3828 4613 (de

2223 4606 2376 4659 tertia
2407 4603 2851 4682 aliiconjlciant)
2879 4603 3017 4682 'cutn
3064 4622 3131 4663 ex
3160 4607 3280 4679 ejus
3306 4603 3532 4682 dialogis
3589 4603 3821 4668 totidem

2220 4691 2364 4744 saepe
2411 4676 2585 4729 verbis
2633 4692 2693 4751 ea
2751 4676 2988 4732 narratio
3034 4676 3296 4751 expressa
3341 4676 3821 4751 deprehendatur;

2210 4762 2333 4816 quae
2367 4757 2560 4824 tamen
2581 4747 2742 4802 verba
2771 4760 3084 4824 ._qnat_enus
3109 4747 3231 4824 Et__S.ﬁ
3264 4747 3525 4824 Gregorio
3561 4747 3814 4824 sumpta,

2212 4832 2333 4894 cum
2364 4818 2431 4894 ab
2475 4817 2595 4894 aliis
2630 4833 2759 4894 mss.
2793 4817 3101 4894 Mombritii,
3135 4817 3468 4894 Ugltellii'et
3495 4817 3824 4881 lienscheni’i

2211 4890 2469 4964 absint,in
2497 4888 2751 4964 Coronati
2792 4897 2996 4964 textum
3030 4888 3232 4947 intrusa
3259 4895 3426 4950 videri
3453 4905 3697 4964 possunt.
3720 4897 3828 4952 Ea-

2212 4959 2334 5036 dem
2352 4971 2529 5036 tamen
2563 4960 2764 5036 :nlditio
2791 4960 2981 5036 iisdem
3008 4965 3163 5030 plane
3189 4965 3366 5020 verbis
3399 4959 3597 5020 inserta
3624 4966 3826 5036 pariter

2214 5031 2410 5107 legitur
2453 5031 2502 5107 in
2547 5031 2766 5107 antiquo
2800 5030 3144 5107 Lectionario
3175 5037 3418 5092 ecclesiae
3445 5030 3778 5096 Tridentinus
3805 5082 3823 5107 ,

2212 5101 2303 5170 qui
2326 5101 2573 5156 eamdem
2597 5101 2852 5158 Coronati
2888 5106 3051 5158 vitam
3092 5107 3144 5161 in
3184 5123 3378 5164 novem
3408 5111 3669 5167 lectiones
3700 5101 3818 5167 dis;

2214 5173 2461 5240 pertilatn
2492 5173 2727 5227 exhibet.

2284 5241 2419 5319 (2|)_
2441 5243 2612 5319 Apud
2640 5243 3004 5319 llion'thritittm
3028 5290 3041 5309 ,
3077 5245 3383 5319 Ughellium
3407 5291 3422 5318 ,
3455 5259 3510 5306 et
3537 5250 3819 5308 "eusche-

2212 5312 2358 5396 niuiu
2381 5312 2385 5313 ί
2409 5312 2522 5396 hicne
2550 5315 2820 5396 addunﬁur
2851 5333 2864 5370 :
2900 5316 3036 5396 Ecce
3078 5312 3154 5396 de
3192 5321 3367 5396 multis
3397 5312 3507 5396 ejus
3549 5320 3816 5380 miraculis

2211 5402 2302 5464 ego
2335 5386 2532 5464 inutilis
2577 5386 3152 5464 Coronatns_Nolar_ius
3173 5433 3187 5458 ,
3219 5393 3358 5460 quod
3387 5386 3702 5464 c'mnperlunt
3741 5407 3816 5450 tc-

2210 5458 2331 5534 ιιιιίἓ
2358 5458 2434 5534 “in
2467 5474 2622 5526 parvo
2668 5459 2896 5512 conclusi
2921 5500 2936 5527 ,
2968 5477 3030 5514 ne
3061 5458 3340 5534 legentibus
3382 5466 3459 5520 vel
3485 5458 3813 5522 'dttdt'enlibtt:

2211 5527 2479 5597 fastidium
2505 5544 2822 5598 generarem.

2283 5601 2592 5680 littv'rnitus.
2628 5629 2698 5640 ~—-
2730 5599 2821 5680 (1)⁸
2854 5600 2946 5680 Ms:
2999 5603 3218 5662 Audient
3243 5603 3532 5680 Principes
3553 5653 3568 5678 ,
3593 5607 3814 5664 audient

2208 5671 2402 5753 pepuli.
2453 5672 2753 5753 Corouatus
2800 5672 2859 5752 ,ιη
2911 5672 3016 5753 ﬁne
3046 5691 3195 5732 num.
3236 5677 3302 5746 i,
3335 5671 3567 5735 Αιιάὶαηὶ
3590 5683 3812 5753 populi,

2203 5743 2289 5810 qui
2335 5743 2447 5812 ejus
2502 5744 2710 5811 cupiunt
2743 5743 3014 5800 miracula.
3288 5743 3295 5746 ⁷
3361 5792 3372 5796 -

2276 5811 2365 5882 (2)
2400 5814 2496 5867 Ms.
2532 5811 2790 5868 condedit.
