4216 6178
1936 288 2468 371 PROLEGDMENA.

3727 287 3835 346 208

932 601 1474 700 HISTORIA
1529 604 2431 686 TRANSLATIONIS
2500 600 2896 678 SANCTI
2973 593 3439 669 ZENONIS

1137 792 1480 854 SUBJECTA
1527 787 1716 847 ἮΤᾹΞ
1755 784 2066 843 EJUSDEM
2106 781 2374 850 SANCTI,
2417 782 2506 837 AB
2547 778 2880 839 ANONYMO
2919 775 3234 835 SCRIPTA.

606 1093 758 1150 Nunc
791 1079 1158 1143 necessarium
1205 1071 1361 1128 nobis
1396 1066 1606 1122 videtur
1647 1055 2040 1150 Translatiouis
2071 1053 2133 1108 Β.
2166 1058 2221 1118 Α
2247 1053 2516 1126 paululum
2539 1071 2627 1110 vos
2647 1053 2944 1121 subsequar.
2971 1050 3089 1107 Mox
3111 1049 3208 1122 (al.
3240 1046 3390 1118 Post)
3411 1045 3693 1102 aediculam
3718 1045 3853 1102 Ora-

536 1187 772 1246 Zenouis
801 1176 995 1239 serietn
1023 1172 1320 1232 notiflcare,
1349 1163 1470 1234 quia
1499 1161 1551 1214 in
1583 1155 1827 1229 ge5tione
1861 1149 2019 1219 hujus
2046 1162 2142 1202 ne-

536 1281 668 1354 gotii
691 1275 938 1349 quaedam
961 1272 1262 1323 memoratu
1283 1259 1445 1327 digna
1462 1244 1929 1311 claruerunLQua:
1944 1242 2146 1296 Trans-

533 1339 666 1431 ratio
693 1339 809 1426 acta
835 1376 913 1420 est
940 1404 955 1428 ,
987 1375 1108 1416 cum
1140 1351 1435 1415 Retaldus,
1467 1347 1548 1400 vir
1597 1339 1867 1397 attributis
1899 1347 2144 1405 personae

544 1467 1040 1546 praestantissimus,
1072 1451 1397 1528 pastoralem
1432 1460 1615 1501 curam
1643 1440 1870 1495 Veronae
1899 1434 2146 1506 gerebat,

1226 1545 1232 1546 κ
1286 1542 1331 1546 --
1446 1539 1456 1546 -
1497 1535 1562 1546 —--
1842 1545 1849 1546 ,
1893 1524 2146 1546 ubi“..-

539 1524 854 1630 etwlgipinus
899 1524 1242 1618 rex,tl::roli
1285 1539 1458 1610 Magni
1493 1535 1656 1596 ﬁlius,
1700 1545 1857 1602 quem
1881 1524 2153 1582 Adrianus

544 1618 1011 1726 Dapa'haptizavit
1037 1685 1050 1708 ,
1079 1641 1324 1709 Regnum
1351 1630 1594 1688 Italicum
1621 1621 1858 1694 regebat.
1883 1618 2155 1726 Bexlrero

548 1706 816 1804 Veionam
849 1736 1016 1808 regali
1039 1706 1185 1788 isitu'
1207 1726 1487 1797 praeditam
1521 1719 1642 1789 plus
1691 1711 1902 1799 caeteris
1935 1706 2156 1763 urbibus

875 1795 938 1888 et
958 1844 1082 1885 cum
1110 1795 1366 1894 episcopo
1395 1815 1496 1870 sibi
1537 1811 1737 1866 dilecto
1768 1795 2022 1874 frequens
2047 1797 2159 1910 epl-

551 1892 790 2005 l—oqiiium
815 1892 1050 1982 habebat
1069 1937 1080 1973 :
1102 1892 1190 1986 qui
1219 1915 1346 1969 dum
1374 1905 1605 1981 quadam
1631 1902 1720 2005 die
1746 1899 1946 2005 pariter
1976 1894 2034 1950 S.
2060 1892 2161 1946 Ze-

554 1989 712 2082 noitis
741 2019 912 2075 tndem
946 2009 1355 2080 ingrederentur
1384 2043 1396 2066 ,
1422 2009 1477 2054 et
1501 2007 1605 2050 tam
1635 1993 1703 2047 de
1733 1989 1930 2044 auditis
1956 2027 1970 2052 ,
1999 1997 2160 2054 quam

552 2119 621 2174 de
648 2114 778 2171 visis
805 2077 1143 2164 mirabilibus
1165 2099 1282 2168 ejus
1300 2096 1654 2163 loquerentur
1679 2128 1691 2147 ,
1723 2077 2119 2138 rationabiliter
2146 2117 2160 2140 ,

555 2223 608 2268 et
636 2209 798 2278 digne
822 2198 1255 2274 proposuerunt,
1287 2196 1344 2240 tit
1371 2194 1620 2251 magnum
1648 2175 1963 2231 thesaurum
1989 2167 2165 2222 humi-

556 2306 662 2359 lius
694 2261 869 2368 uquat'u
920 2261 1197 2361 oporteret
1231 2280 1464 2352 positum
1493 2317 1506 2340 ,
1564 2268 1845 2327 decentius
1883 2275 1937 2320 et
1993 2261 2163 2316 subli-

560 2395 699 2451 mius
727 2351 993 2448 locarent,
1019 2388 1073 2436 et
1096 2351 1344 2432 ecclesia:
1367 2366 1664 2440 angustiam
1690 2361 1996 2416 dilatarent.
2013 2351 2166 2408 Edi-

2250 1147 2358 1202 culi
2390 1148 2662 1218 ingressus
2687 1190 2700 1212 ,
2733 1146 2992 1201 auxilium
3025 1142 3264 1198 divinum
3290 1139 3628 1210 imploravit;
3654 1136 3850 1194 deinde

2251 1243 2318 1297 ad
2361 1242 2571 1297 itineris
2595 1241 2914 1297 exercitium
2959 1254 3020 1294 se
3060 1235 3352 1306 expedivit.
3385 1231 3520 1289 Cum
3567 1233 3663 1306 (al.
3688 1229 3850 1301 Dum)

2253 1343 2432 1389 autem
2466 1349 2572 1389 non
2619 1334 2775 1404 longe
2801 1348 2831 1386 a
2862 1330 3053 1386 cellula
3085 1326 3503 1398 progrederetur
3525 1365 3540 1390 ,
3569 1339 3698 1382 ecce
3738 1337 3854 1379 me.

2254 1429 2369 1484 rula
2401 1429 2499 1482 alis
2519 1429 2684 1498 coepit
2710 1436 2973 1495 strepere,
3005 1438 3140 1478 voce
3165 1420 3460 1485 zinzulare,
3482 1429 3538 1475 et
3556 1419 3856 1489 saepissime

2257 1522 2447 1576 callem
2473 1520 2854 1575 transvolitare
2875 1558 2890 1582 ,
2917 1527 2970 1571 et
3015 1515 3165 1585 quasi
3198 1513 3477 1568 sinistrum
3505 1527 3667 1566 omen
3693 1510 3862 1581 signi-

2259 1615 2451 1679 ficare,
2477 1622 2535 1668 ut
2577 1613 2751 1667 virum
2781 1611 2875 1665 Dei
2912 1610 2982 1664 ab
3027 1608 3262 1677 incmpto
3309 1615 3608 1660 revocaret.
3649 1601 3758 1659 Sed
3787 1603 3864 1657 vir

2262 1709 2351 1763 ille
2372 1723 2476 1762 non
2506 1708 2759 1778 ignorans
2789 1704 2889 1759 boc
2915 1715 3037 1757 esse
3065 1708 3385 1769 apparatum
3412 1694 3675 1750 daemonis
3702 1735 3716 1759 ,
3751 1708 3864 1750 me-

2265 1802 2436 1857 rttlam
2483 1799 2870 1870 adjuravit,ut
2907 1795 3114 1850 nullum
3158 1801 3362 1846 motum
3409 1793 3653 1853 faceret,
3695 1787 3866 1843 donec

2263 1895 2379 1964 ipse
2409 1892 2631 1948 rediret.
2667 1891 2742 1945 lbi
2771 1889 2976 1946 merula
3001 1887 3151 1942 stetit
3179 1881 3478 1940 immobilis
3503 1923 3520 1948 ,
3551 1879 3701 1936 velut
3727 1885 3870 1934 esset

2266 1983 2619 2041 insensibilis.
2656 1981 2790 2039 Cum
2824 1991 3002 2035 autem
3031 1977 3511 2048 appropinquaret,
3545 1981 3601 2026 et
3631 1986 3724 2027 rex
3747 1985 3864 2024 cum

2266 2079 2523 2148 episcOpo
2548 2085 2601 2131 et
2625 2073 2869 2130 honestis
2895 2073 3026 2127 viris
3049 2070 3124 2124 illi
3146 2067 3408 2132 obviaret,
3433 2061 3734 2118 honorifice
3755 2074 3871 2116 sus-

2268 2182 2458 2238 ceptus
2483 2212 2497 2233 ,
2527 2168 2650 2238 quid
2694 2182 2790 2223 rex
2827 2165 2989 2220 vellet
3017 2159 3252 2224 audivit;
3279 2167 3406 2213 tunc
3433 2157 3508 2212 ait
3543 2155 3716 2210 :Cum
3748 2162 3869 2208 vota

2271 2271 2445 2318 vestra
2477 2278 2506 2316 a
2533 2262 2680 2330 justo
2716 2259 2991 2330 proposito
3044 2253 3352 2326 pendeant,
3376 2251 3546 2305 Deum
3583 2246 3865 2302 invenietis

2271 2353 2588 2425 placabilem
2613 2396 2626 2419 ,
2658 2359 2712 2407 et
2744 2364 3053 2406 successum
3083 2347 3240 2402 bonae
3270 2343 3545 2414 petitionis
3576 2339 3736 2412 (alias
3765 2341 3877 2411 opi-

560 2431 699 2451 ...ηω
731 2431 993 2448 “Nam”,
1025 2431 1070 2436 --
1108 2431 1150 2432 η
1437 2431 1465 2440 _

560 2487 784 2543 ficantcs
812 2493 941 2547 ergo
973 2471 1258 2529 ecclesiam
1287 2508 1300 2530 ,
1332 2473 1544 2518 antrum
1598 2469 1823 2526 opacum
1852 2492 1866 2515 ,
1900 2444 2168 2504 columnis
2197 2479 2247 2539 Β
2273 2445 2467 2514 nionis)
2523 2443 2807 2498 ferentem.
2845 2440 2996 2496 Tunc
3026 2438 3126 2508 ipsi
3160 2451 3284 2492 cum
3330 2433 3518 2490 electis
3544 2432 3749 2486 aditum
3800 2431 3881 2485 in-

2619 2536 2630 2547 .
2711 2536 2720 2546 ’
2745 2534 2759 2547 ’
3016 2546 3024 2547 ί
3087 2545 3097 2547 -
3143 2544 3170 2547 -·
3218 2536 3233 2547 ·
3303 2525 3488 2547 ἰτ--η---ι
3542 2523 3875 2547 ..-ηιεηιειηη

554 2579 880 2639 subnixum,
932 2579 987 2625 et
1046 2564 1313 2635 lapidibus
1363 2553 2168 2630 pavitnentatum.eoustruxe-

563 2683 688 2728 runt
715 2687 729 2735 ;
765 2668 852 2732 ubi
876 2662 1206 2719 eminentem
1231 2666 1481 2727 aggerem
1505 2665 1569 2704 ex
1595 2644 1777 2716 politis
1806 2637 2170 2696 marmoribus

563 2725 887 2822 ediderunt,
921 2768 1080 2825 quem
1119 2725 1450 2805 sacrosancti
1507 2737 1714 2794 tumulo
1759 2734 1854 2805 (al.
1888 2725 2173 2796 tumulum)

516 2921 522 2927 _
567 2855 812 2929 corporis
842 2851 1196 2906 devoveruut.
1237 2836 1443 2894 Deinde
1474 2849 1566 2887 rex
1598 2844 1718 2884 cum
1753 2825 2004 2897 prmsule,
2037 2835 2172 2876 con-

568 2912 803 3026 gregatis
842 2939 1212 2998 sacerdotibus
1239 2975 1252 2999 ,
1283 2941 1337 2985 et
1379 2925 1498 2980 aliis
1540 2921 1711 2978 sacris
1761 2915 2066 2978 ordinibus,
2117 2912 2171 2965 in

1251 3024 1258 3026 ’
1351 3022 1362 3026 ⁴
1775 3020 1786 3026 ι
1878 3025 1885 3026 κ
1936 3025 1955 3026 κέ
1996 3004 2145 3026 ἀμΛιε

568 3004 762 3118 quibus
792 3044 1094 3106 respectum
1139 3022 1396 3082 bonitatis
1441 3020 1830 3088 speraverant,
1863 3025 1960 3080 per
1993 3004 2179 3061 multi-

577 3099 763 3193 modas
793 3128 1066 3186 orationes
1105 3121 1360 3178 Sanctum
1394 3112 1542 3183 prius
1569 3107 1943 3163 demulcentes
1970 3145 1984 3167 ,
2016 3115 2084 3155 ne
2113 3099 2182 3153 ab

580 3231 657 3304 (in
701 3225 908 3280 duobus
952 3231 1084 3274 mss.
1133 3214 1195 3266 ab
1254 3208 1431 3274 deest)
1459 3203 1565 3257 illis
1609 3209 1786 3254 motus
1814 3197 2178 3256 irasceretur,

580 3283 704 3377 eum
735 3313 937 3385 ingenti
973 3309 1171 3364 timore
1196 3298 1504 3359 cubiculum
1530 3300 1859 3364 aperuerunt
1887 3307 1899 3343 :
1927 3286 2018 3359 qui
2049 3283 2185 3340 adeo

583 3421 710 3468 sunt
758 3382 1170 3480 perterrefacti,
1202 3406 1260 3450 ut
1296 3393 1476 3449 nullus
1530 3387 1658 3442 tanti
1706 3382 1921 3453 collegii
1967 3390 2189 3449 tangere

592 3522 713 3563 ossa
737 3509 920 3558 sancta
976 3496 1366 3565 prmsumeret;
1419 3498 1541 3539 nam
1601 3480 1842 3534 divinum
1893 3472 2188 3545 quiddam,

593 3562 649 3657 et
679 3595 834 3651 valde
883 3562 1182 3646 timendum
1225 3579 1508 3636 videbatur
1540 3573 1665 3628 inde
1701 3570 1975 3626 exhalare
1998 3608 2013 3634 ,
2048 3562 2192 3637 quod

595 3697 881 3750 horrorem
951 3681 1352 3751 inspiraverat,
1414 3677 1469 3724 ct
1520 3680 1708 3721 omnes
1782 3663 2196 3717 circumstantes

599 3782 1023 3842 exanimaverat.
1054 3770 1176 3826 Mox
1206 3763 1520 3820 claudentes
1568 3756 1874 3826 sepulcrum
1927 3751 2195 3825 abierunt.

603 3977 816 4045 gerent,
837 3980 908 4021 ex
942 3957 1124 4015 multis
1174 3967 1305 4022 quas
1345 3945 1676 4003 ventilabam
1709 3937 2058 4009 coniecturis,
2087 3933 2202 3988 htcc

1243 4044 1246 4045 ⁷
1357 4042 1367 4045 ³
1512 4039 1543 4045 “·
1661 4044 1666 4045 ν
1785 4033 1794 4043 ¹
1868 4031 1878 4045 ¹
1939 4031 1951 4045 I
1991 4028 2005 4045 I
2023 4043 2034 4045 ς
2051 4042 2092 4045 υ-
2111 4043 2121 4045 _
2143 4025 2196 4045 ,1-

605 4025 841 4137 placuit,
870 4065 929 4112 ut
973 4066 1068 4124 per
1115 4042 1465 4118 quadraginta
1494 4039 1610 4093 dies
1657 4044 1738 4089 ter
1785 4033 1838 4086 in
1868 4025 2204 4084 hebdomada

606 4119 784 4212 omnis
825 4119 1269 4208 ordo—utriusque
1299 4148 1460 4188 sexus
1491 4127 1786 4189 saecularis,
1835 4130 1889 4176 et
1917 4119 2208 4177 ecclesias-

608 4252 766 4313 ticus,
791 4257 911 4299 cum
935 4240 1052 4309 ipso
1081 4247 1227 4303 rege,
1252 4236 1308 4284 et
1336 4227 1603 4296 Episcopo
1632 4220 1699 4274 ad
1716 4232 1935 4288 specum
1959 4223 2206 4269 sanctum

608 4307 920 4398 reverenter
946 4307 968 4398 ,_
989 4343 1052 4384 ac
1099 4322 1418 4381 solemniter
1439 4314 1811 4377 convenirent,
1853 4307 2022 4364 et‘Dei
2050 4312 2212 4374 atque

613 4426 950 4491 Confessoris
993 4416 1333 4476 clementiam
1377 4426 1484 4466 uno
1537 4416 1665 4464 voto
1704 4402 2106 4491 efﬂagitarent,
2154 4403 2214 4450 ut

617 4528 704 4583 cui
738 4534 844 4578 tam
876 4514 1175 4574 reverenda
1215 4509 1382 4565 motio
1421 4485 1776 4564 conveniret,
1809 4494 2118 4551 inStillaret.

681 4618 823 4673 Dum
867 4612 984 4666 hrcc
1023 4605 1266 4677 diligenti
1299 4614 1426 4656 cura
1457 4603 1747 4666 agerentur
1773 4633 1788 4657 ,
1838 4587 1981 4642 fama
2028 4583 2212 4653 cujus-

614 4715 737 4771 dam
766 4705 992 4764 solitarii
1023 4703 1144 4762 viri.
1173 4692 1514 4752 herbusculis
1536 4697 1590 4743 et
1619 4700 1754 4755 aqua
1778 4694 2055 4752 paucoque
2077 4690 2215 4746 pane

617 4769 793 4878 pasti,
818 4799 950 4870 Regi
1000 4790 1274 4854 innotuit;
1308 4782 1452 4855 quod
1501 4781 1626 4834 dum
1676 4775 1930 4830 alacriter
1969 4769 2212 4833 audivit,

617 4860 946 4968 iipiscbpuih
969 4885 1178 4941 vocavit
1199 4875 1468 4933 celeriter.
1499 4872 1790 4938 Elegerunt
1812 4865 1972 4934 igitur
1999 4860 2215 4915 nuntios

616 4953 914 5046 industrios
946 4980 1038 5050 (al.
1073 4966 1377 5036 industres)
1423 4975 1477 5020 et
1523 4959 1773 5032 provides
1799 5000 1813 5022 ,
1847 4955 2042 5026 quibus
2075 4953 2215 5007 hanc

615 5093 800 5136 curam
832 5044 1269 5127 committerent;
1295 5057 1384 5128 qui
1432 5053 1714 5110 venientes
1757 5050 1823 5104 ad
1876 5047 2049 5101 lacum
2079 5087 2092 5109 ,
2125 5044 2213 5114 qui

617 5172 862 5225 Benacus
891 5159 1086 5215 dicitur
1112 5197 1126 5220 ,
1156 5151 1222 5206 ad
1264 5149 1452 5204 remoti
1503 5142 1604 5199 viri
1649 5141 1929 5197 latibulum
1980 5139 2032 5192 in
2083 5135 2216 5191 emi-

618 5259 767 5316 uenti
796 5252 1015 5325 specula
1044 5249 1205 5303 situm
1233 5286 1247 5308 ,
1279 5252 1505 5312 angusto
1537 5247 1592 5293 et
1623 5237 1929 5307 periculoso
1968 5231 2103 5286 calle
2130 5243 2218 5283 as-

616 5355 880 5424 pirarunt.
909 5346 1180 5400 lntuentes
1212 5347 1388 5391 autem
1421 5335 1593 5387 virum
1629 5329 1926 5397 Benignum
1955 5324 2173 5378 nomine
2206 5363 2219 5388 ,

617 5417 670 5502 et
701 5441 1021 5510 discipulum
1048 5447 1168 5502 eius
1193 5473 1206 5494 ,
1231 5431 1318 5499 qui
1341 5425 1512 5480 Carus
1543 5421 1840 5476 vocabatur
1862 5461 1874 5482 ,
1899 5417 2070 5488 gavisi
2095 5424 2226 5469 sunt

618 5536 814 5610 gaudio
837 5507 1058 5600 magno.
1088 5524 1279 5580 Audita
1313 5519 1583 5590 legatione
1614 5514 1755 5584 regis
1783 5520 1836 5567 et
1857 5509 2121 5580 episcopi,
2149 5507 2228 5562 ait

615 5630 822 5702 legatis:
835 5619 1161 5682 Revertimini
1174 5619 1227 5672 in
1246 5611 1731 5687 pace,resalutantes
1745 5600 2225 5675 dominos[cuxnt]

612 5699 798 5778 vestros
834 5717 944 5787 (al.
977 5713 1256 5767 Dominum
1300 5703 1571 5777 vestrum),
1611 5699 2002 5768 carissimizego
2018 5712 2119 5751 non
2133 5711 2228 5766 pa-

606 5828 718 5868 rum
738 5807 994 5883 tripudio,
1013 5804 1154 5871 quod
1173 5805 1241 5859 ad
1271 5801 1416 5857 illam
1444 5794 1817 5856 solemnitatem
1847 5806 2019 5858 vocor,
2040 5799 2087 5845 et
2117 5797 2230 5860 post

2277 2547 2552 2593 troeuntes
2578 2579 2592 2605 ,
2619 2534 2850 2605 lapidem
2885 2536 3255 2588 removerunt.
3303 2525 3491 2581 Nullus
3539 2523 3878 2578 orationibus

2275 2635 2570 2706 parcebat,
2599 2642 2653 2687 et
2693 2645 2880 2686 eorum
2925 2629 3014 2698 qui
3064 2628 3210 2682 intus
3249 2623 3598 2690 aderant,et
3645 2619 3733 2690 qui
3776 2632 3886 2688 pra:

2278 2729 2487 2782 foribus
2512 2734 2842 2780 manserant.
2880 2721 2986 2777 Sed
3013 2718 3280 2774 beremita
3307 2714 3557 2786 quamvis
3577 2710 3699 2768 suis
3725 2708 3888 2765 meri-

2279 2819 2349 2873 tis
2375 2860 2388 2884 ,
2421 2827 2477 2873 et
2515 2817 2756 2870 omnium
2786 2813 3002 2884 adjutus
3032 2809 3282 2881 precibus
3305 2848 3319 2873 ,
3351 2814 3533 2860 tamen
3567 2801 3881 2858 tremebun-

2281 2911 2655 2975 dusintravit,
2680 2921 2732 2964 et
2775 2922 2897 2962 ossa
2941 2902 3264 2961 beatissima
3306 2898 3611 2969 bajulavit,
3639 2907 3797 2968 atque
3828 2895 3883 2950 in

2284 3003 2645 3059 mundissimo
2675 2999 2871 3056 locello
2896 2998 2991 3052 tali
3020 2996 3140 3050 usui
3174 3009 3276 3065 pra
3289 2999 3477 3064 parato
3503 2988 3712 3058 singula
3743 2986 3896 3042 ordi-

2286 3097 2538 3151 uahiliter
2566 3095 2760 3164 posuit.
2792 3091 2946 3146 Tunc
2969 3099 3118 3144 tanta
3145 3088 3223 3142 vis
3249 3085 3434 3141 odoris
3458 3083 3811 3152 fragraverat.
3836 3086 3899 3134 ut

2289 3203 2448 3244 neruo
2494 3189 2703 3242 illorum
2747 3194 2852 3239 tam
2896 3196 3118 3238 suavem
3148 3186 3272 3234 ante
3327 3175 3679 3247 persenserit.
3742 3171 3900 3227 Tunc

2290 3298 2382 3336 rex
2409 3296 2504 3335 sua
2535 3289 2591 3335 et
2616 3291 2833 3332 suorum
2858 3273 3197 3344 instigatiune
3224 3276 3499 3341 permotus
3541 3264 3894 3337 reliquiarum

2291 3372 2492 3444 aliquid
2540 3368 2869 3442 postulavit,
2898 3364 3043 3438 quod
3094 3364 3383 3435 episcopus
3418 3359 3534 3414 fieri
3584 3353 3898 3426 denegavit.

2296 3467 2364 3520 At
2395 3479 2486 3518 rex
2522 3462 2690 3532 magis
2717 3475 2780 3515 ac
2811 3457 2980 3527 magis
3007 3455 3262 3510 insistere
3287 3493 3301 3516 ,
3335 3460 3390 3506 et
3439 3463 3631 3519 magna
3671 3458 3905 3502 munera

2297 3555 2460 3624 οωμίι
2487 3554 2821 3624 promittere.
2856 3546 3098 3604 Tandem
3134 3543 3330 3616 praesul
3373 3557 3481 3596 non
3511 3539 3694 3611 paucis
3726 3551 3908 3606 neque

2299 3647 2476 3717 parvis
2497 3645 2669 3700 victus
2696 3641 2949 3713 precibus
2969 3637 3262 3710 acquievit,
3288 3633 3598 3705 integritate
3626 3630 3907 3688 membro-

2302 3757 2421 3797 rum
2469 3747 2700 3803 servata,
2734 3749 3044 3799 nervorum,
3077 3742 3133 3788 et
3180 3729 3379 3786 cineris
3405 3768 3421 3794 ,
3448 3741 3513 3782 ac
3551 3725 3908 3780 vestimento-

602 3816 1023 3842 υλαιιιιιιι-ιννιυιιυ
1055 3816 1176 3826 ..-νη
1213 3816 1347 3820 --ν-..ὴ
1379 3816 1387 3817 η
1636 3816 1645 3826 '
2025 3818 2033 3825 .

602 3879 761 3936 Tunc
781 3887 900 3929 cum
927 3868 1041 3923 Rex
1070 3871 1125 3919 et
1152 3856 1394 3915 Pontifex
1425 3851 1551 3925 quid
1602 3848 1775 3905 acturi
1813 3836 1996 3901 eSsent
2027 3840 2197 3898 ambi-
2227 3868 2273 3931 Ε
2306 3848 2424 3887 rum
2469 3828 2756 3900 particulas
2790 3826 3014 3892 tribuit;
3042 3823 3147 3878 alia
3187 3829 3368 3876 autem
3420 3818 3646 3874 firmiter
3673 3816 3913 3872 circum-

2087 3933 2097 3936 λ
2410 3934 2417 3936 “
2674 3922 2686 3936 “
2892 3917 3085 3936 ’λικι-
3170 3912 3399 3936 “manu.

2306 3934 2458 3996 septa
2479 3965 2494 3991 ,
2524 3922 2834 3991 annuloque
2861 3917 3091 3989 sigillata
3120 3958 3134 3982 ,
3164 3912 3424 3970 condidit.

2382 4015 2462 4070 Ad
2495 4030 2678 4070 vocem
2710 4012 3054 4083 psallentium
3081 4006 3301 4063 Athesis
3323 4005 3473 4061 littus
3501 4003 3744 4060 resanuit
3769 4043 3784 4068 ,
3829 4002 3918 4057 in-

2311 4115 2534 4162 tonuere
2577 4102 2927 4174 campestria,
2970 4111 3025 4156 et
3068 4101 3240 4169 ipsam
3281 4097 3460 4152 aulam
3509 4094 3919 4166 Omnipoteutis

2312 4200 2582 4256 credimus
2613 4212 2734 4254 esse
2774 4195 3033 4268 gavisam.
3074 4183 3209 4246 Dum
3248 4189 3392 4245 circa
3421 4187 3704 4244 ecclesiam
3733 4191 3924 4255 gesta-

2316 4303 2465 4349 retur
2490 4333 2505 4360 ,
2533 4301 2592 4347 ut
2621 4291 2734 4346 fieri
2764 4289 2935 4354 solet,
2958 4285 3213 4358 praedicta
3239 4281 3507 4354 praeconia
3537 4277 3875 4334 resultabant
3899 4317 3920 4345 ,

2318 4387 2472 4444 multi
2496 4387 2779 4457 languores
2790 4395 3020 4452 corpora
3047 4380 3138 4434 diu
3163 4378 3386 4434 obsessa
3410 4371 3914 4444 relinquebant(al.

2317 4480 2653 4554 reliquerunt)
2682 4522 2698 4546 ,
2727 4479 2920 4550 ingens
2941 4473 3124 4530 laetitia
3155 4479 3271 4526 orta
3303 4479 3386 4526 est
3413 4469 3466 4522 in
3501 4465 3589 4523 die
3618 4465 3729 4528 illa,
3753 4462 3926 4533 cujus

2321 4553 2555 4631 similem
2586 4571 2766 4628 nullus
2797 4569 2941 4624 illius
2975 4563 3236 4636 temporis
3277 4559 3526 4615 viderat:
3576 4556 3703 4628 quia
3739 4553 3933 4609 omni-

2320 4682 2578 4738 genarum
2605 4663 2942 4721 curationum
2964 4671 3164 4728 genera
3195 4653 3341 4710 brevi
3363 4661 3480 4706 acta
3503 4657 3630 4704 sunt
3651 4660 3926 4716 tempore,

2321 4774 2376 4818 et
2401 4761 2660 4834 prolixior
2679 4757 2814 4812 facta
2839 4752 3114 4826 processio
3136 4747 3234 4804 fuit
3255 4760 3352 4815 pro
3380 4745 3589 4799 visione
3609 4741 3894 4812 signorum
3910 4775 3930 4793 .

2321 4831 2427 4910 Sed
2454 4855 2545 4907 rex
2573 4861 2629 4907 et
2653 4849 2940 4918 episcopus
2969 4854 3131 4912 atque
3160 4838 3308 4909 rupis
3337 4835 3538 4901 incola,
3572 4831 3750 4904 pavidi
3782 4845 3928 4885 san-

2323 4958 2406 5004 cta
2457 4943 2694 5000 membra
2741 4937 3178 5000 introduxerunt,
3227 4939 3281 4986 et
3318 4928 3373 4985 in
3415 4935 3604 4998 parato
3642 4923 3935 4979 mausoleo

2325 5045 2638 5110 posuerunt.
2690 5033 2977 5101 Postquam
3037 5024 3279 5098 pontifex
3329 5019 3550 5075 missam
3609 5022 3939 5072 reverenter

2323 5104 2638 5193 celebravit,
2665 5141 2760 5180 rex
2793 5126 2919 5177 dote
2948 5117 3114 5174 nobili
3149 5116 3242 5170 Dei
3272 5125 3528 5182 sponsam
3557 5107 3772 5162 ditavit.
3816 5104 3938 5160 De-

2325 5221 2405 5276 dit
2445 5220 2494 5276 ei
2541 5215 2898 5289 proprietario
2933 5210 3058 5283 jure
3087 5201 3473 5262 monasterium
3517 5199 3574 5253 S.
3610 5197 3777 5261 Petri,
3827 5195 3940 5264 qui

2328 5285 2615 5368 Mauratica
2643 5285 2858 5381 dicitur,
2898 5316 3021 5357 cum
3052 5296 3304 5354 omnibus
3332 5287 3766 5363 possessionibus
3790 5285 3944 5342 inibi

2328 5375 2737 5475 pertinentibus.
2763 5392 3061 5452 Ecclesium
3085 5403 3299 5460 quoque
3325 5381 3384 5440 S.
3410 5379 3641 5437 Andreae
3668 5375 3943 5448 apostoli,

2328 5513 2448 5567 quae
2477 5493 2650 5550 lncavi
2685 5486 2899 5560 tlucaﬁ)
2951 5488 3317 5551 nuncupatur,
3344 5489 3466 5530 cum
3500 5469 3738 5535 familiis,
3768 5481 3949 5522 mon-

2331 5597 2494 5660 tibus,
2531 5602 2584 5648 et
2611 5589 2776 5654 silvis,
2812 5582 3002 5656 pratis,
3035 5589 3092 5638 et
3125 5577 3318 5638 vineis,
3355 5570 3520 5638 arvis,
3565 5577 3619 5622 et
3643 5562 3949 5620 sationali-

2332 5654 2491 5751 Ιιιιε,⁷
2521 5694 2574 5740 et
2619 5654 2829 5738 cunctis
2871 5669 3292 5746 appendicibus.
3348 5675 3449 5720 nec
3495 5673 3602 5715 non
3639 5654 3952 5712 ecclesiam

2330 5779 2387 5836 S.
2416 5774 2669 5841 Zenonis,
2703 5784 2823 5842 quae
2848 5744 3000 5838 juxta
3027 5763 3204 5819 lacum
3237 5754 3410 5828 posita
3435 5756 3571 5816 erat,
3604 5760 3725 5802 cum
3758 5744 3954 5801 omni-
