4216 6178
407 174 524 233 909

1328 172 1654 233 HISTQRIA
1698 157 2249 235 Tnausm‘rtoms
2291 179 2540 238 sarum
2579 181 2905 242 ZENONIS.

3664 201 3775 258 210

404 293 513 350 hus
545 293 818 350 reditibus
846 294 1081 364 subjecit
1105 313 1123 361 ,-
1156 296 1347 350 silvam
1378 306 1596 365 quoque
1622 290 1853 351 Mantico
1876 292 2038 348 tradiv
2065 294 2120 355 Δ
2148 308 2463 363 Spumosuut
2490 311 2554 353 os
2583 312 2691 352 non
2721 299 3009 360 hominem
3041 309 3303 378 sonabat,
3333 319 3388 365 et
3415 312 3616 381 apertis
3638 328 3770 368 ocu-

402 386 486 443 dit
517 406 533 455 ;
564 388 828 445 vasorum
877 399 1290 460 argenteorum,
1317 398 1370 444 et
1413 400 1702 441 aureorum
1740 385 2042 457 anaglyplta

406 480 1044 553 plurima,Evaugelium
1066 495 1434 553 gemmarum,
1455 487 1618 549 atque
1629 480 2045 551 margaritarum

397 573 807 644 compositura,
839 584 895 630 et
921 575 1177 644 speciosa
1211 574 1326 629 auri
1354 571 1611 628 catlatura
1633 572 1839 628 editum
1876 573 2045 636 donas

400 666 527 733 vit,
576 675 635 723 et
677 666 783 722 alia
815 666 1018 737 quibus
1051 666 1254 738 regalis
1299 665 1538 736 dignitas
1571 663 1847 720 afﬂuebat.
1878 665 2043 736 Cujus

399 757 649 828 exempli
677 772 943 828 sequaces
966 758 1146 815 nostri
1169 758 1530 829 imperatores
1555 757 1837 827 praefatum
1863 760 2038 815 locum

397 865 634 922 semper
662 850 1000 916 dilexerunt,
1033 866 1102 907 ac
1127 868 1226 906 sua
1256 866 1485 907 munera
1516 850 1853 908 obtulerunt.

2155 386 2224 443 iis
2256 403 2361 445 non
2420 390 2638 447 videbat
2667 409 2681 457 ;
2718 394 2792 448 ad
2816 410 2957 465 quos
2988 415 3110 457 cum
3144 403 3246 475 (al.
3279 403 3440 477 dum)
3471 404 3642 460 hostis
3667 422 3773 462 sw—

2150 481 2301 538 viens
2322 484 2606 551 evolabat,
2651 488 2993 559 sanguineos
3033 493 3327 564 reddebat,
3370 488 3423 552 et
3451 495 3762 554 horribiles.

2146 573 2368 631 Occulta
2394 576 2673 634 hominunt
2705 579 3012 651 fatebatur,
3043 597 3100 643 et
3128 590 3292 644 multa
3319 630 3333 656 ,
3366 604 3485 658 qua:
3515 590 3765 646 humani-
3804 586 3809 593 ’

2148 668 2277 722 tatis
2308 685 2413 724 non
2440 680 2618 739 erant,
2660 674 3034 742 operabatur:
3080 689 3197 735 erat
3236 681 3484 736 omnibus
3512 683 3759 738 mirabile

2145 754 2536 831 spectaculum.
2590 765 2766 833 Quem
2795 768 2924 823 dum
2975 772 3280 842 presbyter,
3335 782 3391 826 ut
3437 774 3605 829 moris
3649 784 3754 843 est,

2145 853 2417 925 adjuravit
2437 899 2450 924 ,
2474 857 2695 915 dmmon
2726 862 3040 918 eunuchum
3066 865 3217 920 illum
3249 865 3575 935 appellavit,
3606 867 3753 937 quod

474 942 724 1019 [currv]
742 943 1257 1011 liotaldusPrzesul,
1279 944 1436 1000 dives
1467 943 1896 1014 possessionum,
1926 948 2039 1003 suis
2142 949 2332 1005 vitium
2376 952 2614 1008 nondum
2663 964 2850 1009 notum
2899 965 3021 1011 erat
3058 957 3551 1013 circumﬂantibus.
3594 958 3750 1016 Tunc

392 1039 659 1096 omnibus
672 1037 960 1095 ecclesiam
979 1038 1283 1095 literedavit
1302 1058 1316 1105 ;
1337 1053 1460 1093 nam
1473 1048 1528 1093 et
1546 1037 1809 1095 nobilium
1820 1041 2036 1110 plurimi

391 1147 631 1203 magnas
656 1130 936 1201 portiones
966 1142 1200 1187 suarum
1230 1131 1544 1186 facultatum
1582 1133 1828 1187 certatim
1883 1134 2035 1190 adhi-

388 1224 640 1280 buerunt
671 1221 736 1296 (f.
764 1220 1184 1295 adtribuerunt),
1236 1221 1378 1278 unde
1397 1230 1690 1293 antequam
1714 1224 2034 1281 soloecum-

389 1317 590 1380 beret,
633 1316 726 1371 illa
767 1315 1008 1372 ecclesia
1053 1314 1322 1372 ditissima
1363 1316 1506 1371 facta
1551 1325 1657 1371 est.
1698 1317 1771 1372 At
1814 1320 1898 1373 vir
1938 1319 2032 1377 Dei

387 1406 591 1463 avidus
617 1392 874 1463 redeundi
895 1406 973 1462 ad
1004 1406 1322 1475 heremum,
1346 1408 1458 1464 iter
1480 1421 1637 1463 suum
1659 1409 2026 1466 accelerabat.

387 1499 495 1557 Hie
520 1498 653 1556 dum
682 1499 965 1556 domicilio
1000 1501 1495 1570 appropinquaret,
1519 1499 1652 1555 vidit
1683 1502 1950 1556 merulam
1975 1504 2030 1558 in

384 1594 623 1667 precisa
665 1606 799 1664 rupe
837 1591 1158 1662 jacentem,
1211 1607 1371 1663 quam
1418 1600 1568 1647 ratus
1619 1594 1926 1664 quiescere,
1973 1606 2029 1652 et

2142 1040 2235 1096 ille
2250 1041 2583 1111 turpitudine
2605 1044 2703 1117 (al.
2731 1046 3131 1117 turpitudinem)
3155 1047 3281 1101 illati
3298 1047 3605 1118 improperii
3620 1065 3749 1106 eru-

2141 1130 2275 1200 buit,
2291 1142 2347 1188 et
2362 1133 2698 1192 exivit.Eccc
2716 1138 2938 1209 quidam
2958 1138 3221 1193 diaconus
3239 1138 3538 1196 (immunem
3556 1142 3750 1210 adivit,

2138 1234 2193 1279 et
2221 1225 2378 1294 quasi
2406 1227 2476 1281 ad
2505 1228 2766 1284 ultionem
2792 1230 3101 1302 presbyteri
3135 1230 3354 1305 [cuxv]
3382 1248 3503 1289 eum
3530 1235 3746 1306 gravius

2135 1315 2428 1386 adjuravit.
2464 1318 2615 1377 Hunc
2634 1322 2847 1378 daemon
2872 1327 3028 1394 quasi
3057 1325 3398 1380 notissimum
3424 1329 3667 1397 agnovit,
3692 1337 3747 1385 et

2135 1423 2199 1462 cx
2247 1424 2315 1465 eo
2351 1414 2573 1469 nomine
2612 1415 2853 1480 vocavit,
2898 1423 2954 1470 et
2990 1416 3251 1472 ridiculus
3292 1419 3534 1488 proditor
3566 1423 3738 1492 plura,

2134 1515 2256 1571 qua:
2296 1501 2457 1558 levita
2490 1508 2864 1575 commiserat,
2912 1507 3202 1563 iudicavit:
3243 1509 3383 1566 unde
3406 1512 3608 1583 aliquot
3637 1513 3741 1568 sibi

2134 1594 2341 1649 conscii
2379 1610 2488 1651 non
2537 1597 2831 1653 audebaut-
2860 1597 3160 1664 accedere;
3209 1599 3288 1655 sic
3330 1600 3544 1657 daemon
3586 1604 3740 1672 quasi

385 1702 551 1742 suum
578 1686 862 1742 adventum
883 1685 1218 1755 praestolari
1244 1726 1259 1751 ,
1288 1686 1517 1741 accessit
1544 1696 1601 1741 ut
1626 1687 1932 1757 excitaret,
1969 1701 2021 1747 et
2053 1686 2102 1747 B
2128 1686 2452 1745 victoriosus
2479 1705 2576 1746 sua
2606 1691 2839 1747 ludibria
2863 1692 3153 1747 excitabat.
3181 1693 3305 1749 Mox
3335 1695 3551 1766 quidam
3582 1696 3730 1752 Zeno

385 1778 565 1833 cundi-
591 1777 861 1834 licentiam
886 1774 1106 1831 daret:
1153 1787 1209 1831 at
1237 1775 1325 1831 illa
1353 1775 1466 1846 jam
1497 1779 1891 1848 exspiraverat.
1927 1780 2022 1837 Vir

384 1872 569 1927 bonus
607 1869 946 1943 eompatiens
991 1868 1047 1924 ei
1093 1867 1267 1924 dixit:
1300 1868 1446 1931 llaec
1490 1870 1699 1926 avicula
1746 1870 2021 1930 Damonis

384 1965 656 2020 instinctu
680 1963 926 2035 deliquit,
952 1971 1015 2018 et
1041 1963 1170 2034 quia
1200 1963 1587 2035 irrationabilis
1613 1973 1755 2031 erat,
1780 1972 1840 2020 et
1867 1965 2020 2035 igno-

380 2066 583 2114 ranter
606 2056 831 2112 ollendit
849 2097 867 2124 ,
886 2057 1051 2111 venia
1071 2097 1087 2122 ,
1118 2070 1225 2110 non
1251 2065 1426 2112 morte
1449 2055 1610 2129 digna
1639 2056 1761 2113 fuit.
1790 2058 1902 2115 Hac
1922 2073 2017 2117 oc-

380 2150 616 2205 casione
640 2147 1003 2219 quadraginta
1047 2145 1169 2203 dies
1212 2147 1576 2203 arctissimum
1612 2149 1880 2220 jejunium
1911 2151 2015 2207 sibi

380 2243 610 2307 indixit,
634 2240 781 2298 unde
804 2255 956 2298 aenea
990 2242 1173 2313 imago
1200 2241 1426 2296 merula:
1451 2240 1595 2299 fusili
1626 2253 1744 2299 arte
1769 2242 1908 2299 facta
1938 2244 2011 2300 ibi

382 2339 674 2409 hucusque
694 2334 990 2406 dependet.

462 2430 727 2489 Videntes
755 2437 939 2485 autem
989 2443 1088 2484 rex
1127 2437 1179 2484 et
1234 2426 1478 2498 pontifex
1509 2429 1740 2485 virtutes
1769 2429 2009 2487 Zenonis

383 2522 826 2586 increbrescere,
842 2532 1009 2578 etres
1035 2521 1156 2591 ejus
1182 2521 1335 2577 velut
1362 2536 1579 2577 amnem
1614 2522 1900 2593 liquefacta
1929 2525 2011 2580 ni-

381 2629 452 2669 ve
479 2627 758 2679 crescere,
791 2621 851 2667 ut
879 2621 1090 2668 tutores
1117 2623 1170 2667 et
1200 2612 1325 2668 fidei
1359 2624 1769 2683 procuratores,
1797 2629 2008 2671 summa

379 2721 491 2777 ope
514 2705 856 2770 nitebantur,
887 2720 958 2762 ne
980 2705 1133 2760 locus
1163 2704 1470 2761 fortunatus
1498 2708 1686 2778 copia,
1713 2706 1866 2762 ﬁeret
1895 2722 2009 2762 ma-

378 2798 617 2854 cilentus
645 2797 917 2852 orationis
940 2796 1141 2865 inopia.
1180 2795 1327 2868 Ergo
1355 2797 1468 2867 pari
1509 2808 1666 2865 voto,
1707 2809 1759 2853 ut
1787 2798 2009 2868 gemelli

379 2888 579 2945 fratres
599 2930 616 2955 ,
648 2887 1050 2944 monasterium
1075 2887 1207 2943 olim
1234 2881 1451 2943 auctum
1484 2889 1580 2960 (al.
1639 2890 1872 2960 actum),
1909 2903 2009 2945 au-

375 2998 513 3056 gere
549 2991 873 3039 sanxerunt.
926 2982 1055 3037 Erat
1090 2981 1204 3038 illis
1240 2982 1548 3037 communis
1585 2998 1721 3039 cura
1762 2982 2005 3055 prOhata:

2130 1780 2454 1848 prmpositus
2476 1781 2816 1848 monasterii,
2851 1797 3010 1850 quem
3042 1784 3113 1840 ob
3134 1785 3412 1856 religionis
3434 1796 3489 1841 et
3516 1788 3738 1858 sapien-

2122 1870 2215 1925 tiae
2246 1876 2501 1929 meritum
2527 1875 2881 1931 Salomoncm
2911 1879 3366 1947 agnominabant,
3400 1894 3508 1934 non
3546 1879 3727 1937 ferens

2128 1962 2394 2018 dmmonis
2415 1966 2751 2036 superbiam,
2771 1964 2963 2023 dolens
2985 1969 3302 2038 proditionis
3317 1972 3733 2042 contumeliam,

2121 2047 2247 2116 plus
2283 2048 2448 2102 etiam
2498 2050 2674 2105 invasi
2714 2050 2993 2120 plasmatis
3032 2055 3304 2124 injuriam,
3355 2071 3507 2112 aram
3550 2062 3728 2115 sancti

2121 2137 2360 2196 Zenonis
2405 2142 2737 2214 amplexus,
2772 2144 3071 2203 visceribus
3109 2156 3445 2217 commotus,
3477 2149 3732 2224 lacrymis

2119 2232 2396 2305 irrigatus,
2416 2237 2726 2292 orationem
2753 2238 2907 2308 ludit,
2930 2258 2996 2298 ne
3012 2243 3309 2299 daemonica
3328 2244 3608 2300 insultatio
3629 2245 3732 2300 im-

2118 2327 2304 2396 punita
2329 2328 2619 2382 transiret.
2645 2328 2894 2389 Protinus
2915 2335 3124 2404 dasnton
3159 2337 3267 2392 vim
3296 2339 3558 2393 orationis
3604 2352 3726 2408 pcr-

2114 2419 2307 2486 seusit,
2332 2428 2389 2475 et
2408 2418 2621 2475 vasdin
2649 2423 2950 2494 injuriatum
2969 2429 3167 2484 invitus
3183 2429 3417 2499 reliquit.
3445 2428 3616 2484 Homo
3634 2428 3726 2484 ille

2115 2510 2363 2580 ingentes
2386 2521 2443 2565 et
2472 2509 2724 2572 illustres
2745 2518 2854 2573 Deo
2874 2534 2938 2575 ac
2980 2530 3165 2576 sancto
3190 2520 3393 2576 Zenoni
3414 2503 3615 2593 gratias
3642 2535 3719 2577 re-

2112 2601 2316 2671 ferens,
2360 2603 2699 2664 damnosum
2729 2610 2991 2682 hospitem
3020 2613 3255 2686 fugatum
3287 2629 3409 2670 esse
3436 2614 3724 2685 gaudebat.

2185 2696 2455 2754 Praeterea
2481 2696 2822 2773 Willelmus,
2839 2707 3022 2763 aridus
3044 2719 3099 2765 et
3113 2718 3443 2773 contractus,
3463 2709 3554 2779 qui
3581 2710 3723 2765 sicut

2111 2789 2426 2861 quadrupes
2457 2804 2689 2863 pronus,
2718 2800 2967 2856 manibus
2988 2811 3187 2857 terram
3210 2804 3535 2870 calcaverat,
3569 2813 3712 2874 post-

2112 2900 2274 2954 quam
2305 2889 2581 2957 praeconia
2609 2895 2923 2966 multiplicis
2947 2878 3220 2955 curatura:
3249 2902 3490 2967 audivit,
3525 2902 3715 2959 lectica

2114 2977 2241 3033 illuc
2272 2995 2331 3034 se
2358 2983 2561 3036 vehere
2589 2989 2817 3056 rogavit.
2868 2990 3006 3045 Dum
3056 2994 3512 3065 appropinquaret
3553 2995 3718 3051 vesti—

374 3076 508 3132 vita
527 3075 828 3132 monachos
860 3074 938 3130 ibi
968 3073 1278 3131 habitantes
1305 3075 1372 3153 ad
1401 3075 1637 3132 meliora
1669 3076 2006 3149 provehere;
2037 3075 2085 3139 (ζ
2118 3072 2243 3129 hulo
2269 3074 2455 3145 templi
2482 3115 2496 3139 ,
2539 3078 2731 3135 alienis
2762 3094 3048 3155 susceptus
3078 3087 3219 3143 ulnis
3247 3089 3394 3143 hutni
3438 3089 3717 3160 depositus

374 3174 522 3229 sicut
549 3169 744 3227 artifex
771 3183 1038 3228 coronam
1065 3178 1286 3225 acturus
1312 3211 1325 3231 ,
1357 3176 1689 3239 praestantes
1716 3187 1961 3242 gemmas
1983 3214 1998 3239 ,

373 3281 441 3322 ac
455 3264 787 3336 margaritas
802 3271 1056 3320 exornat.
1072 3263 1269 3334 quibus
1294 3276 1431 3332 opus
1456 3273 1701 3333 ereptum
1730 3263 2001 3336 perﬁciat.

375 3358 501 3415 Non
526 3357 699 3413 multo
720 3365 845 3426 post
869 3354 1066 3411 eodem
1090 3355 1189 3423 (al.
1217 3351 1349 3425 Deo)
1373 3351 1588 3407 clavum
1612 3354 1953 3425 gubernante
1986 3399 2002 3424 ,

372 3451 633 3508 seniores
652 3450 776 3505 illos
800 3463 928 3504 cum
960 3446 1173 3502 Abbate
1200 3444 1393 3501 eadem
1417 3443 1709 3511 institutio,
1741 3455 1797 3503 et
1827 3462 2007 3502 mora-

380 3542 451 3598 lis
470 3540 711 3610 gravitas
742 3538 882 3595 tales
902 3536 1187 3602 exhibuit,r
1208 3534 1408 3605 quibus
1428 3532 1859 3603 gubernaculum
1886 3551 1975 3594 cat
1989 3570 2004 3581 -

382 3632 626 3691 nobialis
652 3630 857 3701 regula:
882 3628 1117 3684 mirilice
1142 3633 1456 3682 servaretur
1481 3664 1495 3688 ,
1541 3634 1597 3680 ct
1623 3628 1852 3683 formula
1881 3629 1902 3700 (
1930 3628 2002 3683 al.

386 3725 677 3798 fortuna),
702 3734 865 3796 atque
891 3721 1175 3794 speculum
1216 3718 1544 3791 sequacibus
1588 3733 1796 3789 essent,
1846 3731 1902 3777 et
1949 3730 2008 3778 ut

385 3818 521 3874 boni
543 3830 726 3889 patres
747 3818 921 3873 honos
942 3814 1191 3895 haeredes
1211 3812 1516 3868 efficerent.
1533 3810 1869 3870 Jocundatur
1884 3830 2002 3882 rex,

382 3910 723 3984 jocuttdatur
765 3909 1059 3979 episcOpus
1083 3947 1099 3971 ,
1152 3902 1468 3976 pullulantis
1517 3904 1719 3973 segetis
1773 3905 1998 3962 uberem

390 4004 631 4059 functum
653 4011 988 4072 spectantes.
1016 3999 1176 4065 Urbs,
1210 4008 1266 4054 et
1293 3995 1605 4053 suburbana
1636 4001 2004 4055 communiter

392 4097 709 4168 huiusmodi
746 4096 1112 4153 contubernio
1135 4092 1447 4164 gaudebant
1471 4107 1486 4145 :
1522 4093 1665 4147 unde
1691 4093 1874 4163 plures
1904 4093 2002 4150 fal-

391 4193 534 4248 lacis
560 4191 747 4247 δεκουιί
776 4189 1120 4246 umbratilem
1133 4201 1320 4243 auram
1350 4186 1998 4252 vitantes,tttcontermitti

395 4287 511 4360 (al.
543 4284 842 4357 cantet-ini)
894 4293 1170 4340 tantorum
1220 4284 1467 4338 virorum
1517 4279 1750 4351 ﬂerent,
1799 4291 2005 4357 satage-

398 4379 575 4443 bant;
606 4393 742 4448 qoos
770 4393 875 4434 non
905 4376 1130 4448 penuria
1169 4375 1221 4431 id
1253 4377 1434 4430 facere
1461 4373 1715 4444 cogebat,
1755 4377 1851 4432 sed
1877 4393 2002 4433 esu-

2110 3172 2214 3220 est.
2267 3167 2461 3222 Pectus
2488 3170 2685 3239 pugnis
2712 3174 2974 3232 tundebat
3000 3220 3014 3244 ,
3061 3194 3246 3236 vocem
3274 3182 3599 3252 singultibus
3620 3184 3719 3239 im—

2108 3258 2317 3328 piehat,
2350 3261 2588 3316 deterius
2618 3263 2840 3334 dignum
2866 3284 2927 3325 se
2955 3287 3078 3328 esse
3106 3274 3340 3331 dicebat.
3374 3277 3526 3333 Tunc
3548 3279 3706 3333 lumi-

2107 3351 2255 3406 naria
2282 3350 2378 3422 (al.
2398 3353 2579 3426 jussit)
2619 3354 2749 3411 fecit
2772 3362 3095 3426 accendere,
3123 3378 3176 3421 et
3206 3356 3404 3423 curvus
3433 3380 3488 3424 ut
3513 3370 3709 3437 bestia,

2106 3446 2233 3514 quia
2261 3455 2441 3501 rectus
2469 3461 2573 3501 non
2605 3449 2841 3519 valebat,
2871 3456 3100 3524 genibus
3129 3468 3185 3514 et
3212 3461 3402 3529 palmis
3424 3463 3709 3520 adversum

2108 3535 2277 3592 altare
2307 3537 2473 3607 cmpit
2497 3553 2708 3608 repere.
2742 3543 2994 3601 Protinus
3024 3548 3206 3605 divina
3235 3551 3406 3607 virtus
3436 3565 3487 3609 et
3512 3570 3633 3611 ossa
3658 3567 3713 3611 et

2109 3643 2305 3684 nervos
2316 3629 2435 3700 ejus
2460 3629 2725 3701 ingressa,
2758 3638 3088 3696 artetiticum
3126 3644 3375 3699 morbum
3396 3647 3589 3718 tetigit.
3614 3648 3712 3704 lllo

2107 3722 2256 3778 velut
2278 3724 2541 3780 exanimis
2567 3725 2617 3778 itt
2641 3734 2841 3784 terram
2867 3734 3096 3801 corruit,
3135 3746 3190 3792 et
3216 3737 3421 3794 diutius
3447 3741 3602 3810 quasi
3631 3743 3706 3796 si-

2108 3832 2176 3873 ne
2194 3818 2382 3887 spiritu
2399 3818 2589 3902 j‘acuit,
2620 3831 2676 3874 ut
2699 3822 2810 3891 jam
2831 3826 3147 3883 crederetur
3170 3842 3437 3888 mortuus.
3463 3833 3709 3902 Repente

2106 3910 2437 3966 consolidata
2467 3921 2592 3967 sunt
2620 3913 2948 3972 lineamenta
2971 3922 3247 3989 corporis,
3290 3933 3348 3978 et
3369 3924 3610 3992 ﬂexura,
3653 3934 3709 3981 et

2107 4002 2297 4069 bases,
2330 4004 2568 4075 nudique
2592 4020 2784 4063 omnes
2813 4010 3071 4065 restituti.
3119 4012 3417 4070 Confestim
3447 4016 3704 4087 erigitur,

2106 4105 2163 4151 et
2180 4096 2246 4152 ad
2267 4108 2416 4152 aram
2437 4097 2548 4152 cito
2571 4099 2949 4167 proficiscitur.
2976 4101 3062 4158 Fit
3081 4119 3377 4161 concursus
3401 4109 3707 4177 popularis:

2107 4186 2168 4242 lit
2206 4189 2323 4244 laus
2360 4204 2423 4245 ac
2458 4189 2712 4259 jubilatio
2739 4192 3014 4262 spiritalis.
3049 4196 3161 4250 Deo
3188 4196 3427 4253 refertur
3449 4200 3621 4271 gloria
3647 4207 3706 4255 et

2104 4283 2519 4353 omnipotentia,
2550 4293 2608 4340 et
2641 4285 2842 4356 inclyte
2871 4286 3076 4343 Zenoni
3100 4289 3386 4346 clementia
3414 4302 3471 4347 et
3497 4292 3703 4362 magni-

2107 4374 2339 4430 licentia.

396 4472 503 4529 riri
552 4482 612 4528 et
662 4472 749 4526 siti
804 4482 1008 4528 sanctae
1057 4468 1486 4526 conversationis
1535 4464 1835 4537 inhiantes,
1887 4453 2079 4527 ηοηῘ)
2178 4465 2312 4523 Cum
2360 4466 2500 4522 fama
2551 4468 2769 4524 virtutis
2816 4471 3002 4526 nuntia
3043 4470 3465 4544 circumquaque
3509 4477 3703 4545 abiret,

398 4565 657 4621 minimas
682 4550 819 4635 opes
841 4564 1048 4618 Zenoni
1080 4562 1337 4629 ferentes,
1367 4560 1725 4617 monasticam
1758 4561 1999 4621 habitum

400 4656 702 4714 induebant
731 4656 840 4728 (al.
885 4654 1222 4727 induerunt).
1258 4653 1372 4710 Hoc
1398 4652 1564 4709 modo
1592 4653 1742 4711 lucus
1774 4655 1864 4712 ille
1892 4657 2000 4713 for-

403 4750 646 4805 tunatior
680 4759 737 4806 et
778 4748 1089 4820 religiosior
1112 4748 1285 4803 lactus
1307 4789 1323 4814 ,
1351 4749 1455 4803 sub
1482 4746 1746 4819 cujusque
1765 4746 2002 4807 Cesaris

401 4845 510 4900 alis
536 4851 807 4913 protectus
835 4850 937 4898 est.
978 4840 1087 4898 Sed
1122 4840 1470 4897 beatissimus
1492 4841 1777 4896 confessor
1803 4843 1944 4897 vires
1969 4857 1999 4897 a

404 4937 642 4993 Domino
667 4935 818 4991 (latas
848 4950 1009 5006 quam
1036 4947 1182 5004 saepe
1208 4934 1476 4993 excitans,
1510 4932 1673 4988 multa
1699 4943 2002 4990 memoratu

404 5031 566 5100 digna
600 5028 905 5100 perliciens,
927 5042 996 5083 ex
1019 5026 1320 5097 longinquis
1335 5025 1575 5096 partibus
1588 5024 1753 5098 (unus
1776 5041 1878 5082 ms.
1902 5044 2003 5081 na-

406 5123 654 5191 tionibus,
666 5123 736 5176 al.
747 5120 1069 5195 regionibus)
1083 5120 1263 5190 plures
1277 5128 1580 5180 vocaverat.
1597 5118 1733 5173 alios
1745 5119 2004 5188 religione

406 5228 609 5281 motos,
642 5215 775 5272 alios
797 5213 1130 5286 mgritudinis
1151 5212 1469 5269 necessitate
1493 5217 1729 5266 coactos.
1791 5210 1856 5266 Et
1900 5211 1992 5283 (al.

404 5308 545 5382 Sed)
572 5323 644 5365 ne
674 5316 1057 5379 pretereamus
1084 5305 1262 5361 omnia
1282 5344 1298 5371 ,
1326 5316 1546 5359 suorum
1577 5318 1673 5373 per
1701 5301 1806 5358 hoc
1836 5318 2002 5373 opus-

404 5408 593 5462 culum
623 5403 958 5461 disseramus
986 5400 1160 5469 aliqua
1188 5398 1590 5453 miraculorum.

475 5494 779 5565 Qut-undam
832 5492 1203 5548 Tridentinum
1258 5491 1471 5545 damon
1516 5491 1826 5560 ingressus,
1882 5504 2005 5546 cor-

404 5592 557 5662 poris
608 5601 665 5645 et
724 5588 886 5644 animi
961 5585 1065 5642 sibi
1134 5589 1277 5643 vires
1338 5586 1663 5648 vindicavit;
1713 5600 1833 5641 nam
1888 5587 2003 5642 unl-

403 5686 518 5740 lum
580 5681 949 5738 membrorum
1000 5676 1236 5734 ol‘licium
1292 5694 1450 5735 suum
1499 5679 1819 5745 exercebat,
1851 5683 2004 5753 cujus

2110 4561 2347 4633 undique
2372 4560 2535 4616 turba.
2557 4576 2663 4617 non
2689 4561 2910 4618 minima
2936 4565 3263 4632 maturabat,
3295 4582 3395 4622 ceu
3421 4584 3612 4639 greges
3636 4568 3704 4624 ad

2108 4669 2297 4726 agrum
2316 4668 2699 4725 compascuum
2729 4655 2987 4711 ubertatis
3014 4657 3232 4727 plenum
3255 4660 3452 4716 solent.
3480 4662 3594 4717 Duo
3618 4662 3702 4717 vi-

2110 4751 2179 4814 ri,
2209 4764 2349 4804 unus
2369 4756 2489 4803 erat
2506 4748 2769 4814 Joannes,
2796 4750 2934 4805 alter
2954 4760 3068 4806 erat
3090 4753 3308 4818 Calvus,
3340 4755 3448 4810 huc
3468 4754 3698 4822 devecti,

2105 4842 2391 4913 paralytici
2407 4840 2661 4913 jacebant
2684 4883 2699 4907 ,
2738 4842 2870 4897 socii
2901 4841 3111 4899 itineris
3139 4886 3153 4910 ,
3195 4845 3331 4900 socii
3359 4849 3625 4915 passionis
3647 4858 3704 4903 et

2104 4936 2423 4998 curationis,
2469 4948 2607 5003 quos
2655 4934 2857 4989 diutina
2904 4950 3052 4992 mora
3095 4937 3206 5008 jam
3256 4949 3413 4993 natos
3460 4940 3703 5010 pluribus

2106 5024 2543 5082 commendabat.
2588 5026 2652 5080 Hi
2697 5026 2900 5082 assidui
2936 5028 3129 5098 jannas
3163 5031 3407 5087 ecclesia:
3442 5033 3703 5089 observa-

2111 5118 2261 5185 bant,
2288 5127 2343 5175 et
2361 5117 2421 5174 S.
2455 5117 2690 5174 Zenonis
2716 5134 2860 5175 nunc
2888 5124 3286 5188 communibus.
3316 5141 3459 5182 nunc
3480 5127 3704 5182 alternis

2111 5212 2361 5284 precibus
2407 5212 2664 5267 auxilium
2710 5213 3089 5283 implorabant.
3146 5216 3271 5272 Illos
3317 5218 3445 5274 dum
3490 5234 3597 5274 nox
3649 5228 3707 5274 et

2109 5318 2361 5359 somnum
2397 5302 2752 5375 opprimeret,
2806 5308 3011 5374 pariter
3046 5308 3292 5365 viderunt
3329 5326 3518 5367 senem
3556 5325 3704 5380 aspe-

2109 5411 2232 5456 ctus
2259 5400 2864 5469 pulcherrimi,-coloris
2889 5402 3075 5469 vividi,
3098 5419 3259 5475 quem
3284 5405 3512 5460 canities
3534 5406 3706 5461 instar

2112 5496 2252 5550 nivis
2281 5496 2604 5562 illustrabat,
2627 5511 2690 5552 ex
2718 5496 2991 5568 interioris
3020 5499 3207 5566 templi
3227 5499 3374 5553 aditu
3392 5507 3700 5563 exeuntem,

2110 5590 2422 5660 virgamque
2452 5591 2504 5644 in
2537 5605 2699 5644 manu
2731 5587 3023 5657 ferentem,
3059 5606 3218 5660 quam
3260 5592 3451 5653 erexit,
3487 5592 3704 5645 ambos—

2111 5700 2216 5755 quc
2242 5685 2492 5752 pulsavit,
2519 5691 2575 5741 et
2599 5684 2701 5739 ait:
2736 5702 2754 5735 t
2783 5682 2931 5739 Satis
2956 5684 3050 5739 diu
3081 5684 3130 5736 in
3164 5682 3248 5738 his
3268 5682 3528 5739 cubiculis
3551 5683 3686 5743 iatui
3706 5710 3718 5723 -
