4216 6178
518 197 616 252 2H

1929 191 2475 250 PliOhEGDMENA.
3721 192 3750 244 (Ξ
3767 191 3782 244 l
3797 190 3827 242 ἐ

519 315 639 378 stis,
688 313 924 386 surgite,
965 321 1018 366 et
1063 312 1230 366 Deum
1273 310 1608 365 Salvatorcm
1655 308 1887 363 laudate.
1923 329 1940 360 ι
1999 305 2118 361 Mox
2150 308 2203 368 Α
2228 322 2387 369 rare;
2424 306 2617 376 palmis
2652 306 2932 361 crectisin
2965 320 3092 360 aera
3133 318 3323 359 omnes
3347 319 3455 358 uno
3485 319 3586 358 ore
3612 346 3626 370 ,
3670 305 3832 358 Anxi-

519 406 670 463 abiit.
719 393 1049 478 Evigilantes
1114 414 1295 460 tnntua
1339 403 1652 458 narratione
1691 400 1835 472 quod
1873 401 2123 455 viderant

2228 397 2356 451 (iure
2386 396 2545 456 Deus.
2576 397 2898 452 clamarunt.
2929 397 3118 453 Nullus
3150 406 3313 452 tanta:
3341 396 3703 452 multitudinis
3736 397 3834 452 bn-

519 500 752 556 invic‘em
776 496 1149 554 conferebant.
1193 494 1490 552 Confestim
1531 508 1591 549 se
1629 492 1844 547 sanitati
1881 491 2122 548 redditos
2221 489 2461 559 jusmodi
2483 490 2646 544 studii
2668 489 2994 545 abstinebat.
3021 489 3242 544 Videres
3261 488 3400 544 alios
3423 504 3626 558 pronos
3645 505 3827 557 orare,

518 597 931 648 consenserunt.
972 587 1227 642 Pretinus
1261 585 1525 643 velociter
1559 593 1868 654 surgentes,
1906 581 2123 653 grandi.

517 685 667 740 sonis
703 682 950 737 laudibus
985 681 1097 735 Deo
1122 679 1461 750 jnbilarunt:
1506 677 1595 746 qui
1628 677 1912 742 timentes,
1943 675 1987 730 si
2010 678 2120 729 cito

517 776 782 839 redirent,
815 789 882 829 ne
915 775 1055 828 Deus
1078 771 1184 827 illis
1204 769 1644 842 ingratitudinem
1675 769 1986 837 imputaret,
2007 764 2122 822 die-

515 871 616 927 bus
638 869 844 939 aliquot
865 875 1268 932 remanserunt,
1295 873 1350 921 et
1375 864 1521 934 quod
1547 863 1653 920 illis
1676 869 1956 929 evenerat,
1991 859 2123 917 lide-

515 960 641 1018 liter
669 959 1038 1015 notificabant.

590 1053 700 1109 Nec
719 1051 990 1122 quoddam
1022 1048 1377 1106 memorabile
1412 1047 1829 1118 prmteribimus,
1852 1044 1998 1116 quod
2028 1043 2122 1100 Al-

518 1147 676 1203 berto
700 1145 1004 1202 Ceuedensi
1022 1143 1266 1213 contigit.
1292 1141 1446 1197 Hunc
1469 1141 1598 1197 dum
1637 1141 1844 1195 feroces
1863 1145 2122 1209 caperent

522 1239 709 1295 hostes
733 1253 838 1293 non
863 1243 1102 1307 capturis
1133 1237 1372 1291 contenti
1393 1235 1561 1306 gloria
1580 1275 1594 1298 ,
1616 1248 1716 1289 nec
1743 1231 1981 1305 [unum]
2000 1232 2120 1286 aliis

522 1332 703 1388 satiati
744 1330 979 1400 ﬂagitiis,
1014 1337 1198 1384 contra
1225 1329 1314 1416 jus
1357 1338 1412 1383 et
1438 1327 1516 1382 fas
1547 1327 1740 1391 illatis,
1775 1327 1945 1397 lgnito
1975 1325 2123 1381 ferro

522 1425 724 1479 lumina
739 1423 1174 1479 combusserunt.
1191 1420 1422 1476 Orbatus
1436 1421 1556 1474 luce
1575 1419 1800 1474 sedebat
1813 1421 1864 1472 in
1882 1417 2124 1473 tenebris

523 1513 825 1583 repentina:
845 1512 1160 1582 prlvationis
1174 1513 1452 1582 querulus,
1470 1511 1812 1580 importunus
1836 1517 1995 1564 nocte
2009 1509 2125 1564 dic-

520 1622 627 1675 que
665 1605 837 1661 Deum
865 1603 1104 1674 judicent
1141 1603 1405 1674 plorando
1438 1603 1779 1673 implorabat.
1816 1603 1952 1657 Dum
1986 1618 2121 1658 con-

2226 584 2362 639 alios
2389 583 3055 653 misericorditerplorare
3077 626 3091 648 ,
3129 584 3267 639 alios
3294 583 3614 638 Sacerdotes
3647 583 3714 637 ad
3745 584 3825 638 of-

2227 672 2405 728 ficitlm
2443 675 2732 744 instigare,
2766 690 2870 745 qua
2904 675 3268 730 commotione
3301 675 3478 730 omnis
3506 676 3651 745 regia
3685 676 3824 730 into-

2229 767 2364 820 nuit.
2418 766 2716 823 Confestim
2769 767 2962 822 fortior
3003 777 3244 823 armatus
3275 769 3461 836 venit.
3504 777 3560 824 et
3603 783 3632 823 a
3672 769 3832 826 domo

2228 861 2444 931 propria
2465 861 2688 916 abusive
2714 860 3030 916 eliminavit.
3057 861 3101 918 0
3123 862 3338 918 daemon
3357 877 3480 918 cum
3509 872 3711 932 quanto
3738 862 3834 918 do-

2228 953 2341 1009 lorc
2359 962 2586 1024 etqnatn
2605 970 2798 1024 magno
2815 955 3056 1012 clamore
3069 965 3124 1010 et
3139 971 3304 1027 quam
3320 957 3616 1027 sulphureo
3643 957 3835 1015 fmtore

2228 1048 2410 1118 lapsus
2429 1050 2542 1104 est!
2571 1049 2730 1106 Stetit
2750 1051 2801 1104 in
2829 1050 3007 1104 medio
3031 1049 3212 1119 populi
3242 1050 3440 1119 puella,
3469 1049 3686 1121 pallida,
3711 1066 3835 1118 per-

2229 1139 2442 1205 territa,
2466 1139 2717 1208 tremula,
2733 1139 2970 1210 fatigata.
2998 1140 3099 1195 Vix
3114 1139 3214 1195 fari
3240 1150 3474 1210 poterat,
3496 1157 3615 1212 quae
3633 1142 3834 1198 dudum

2228 1246 2418 1287 omnes
2438 1247 2572 1287 voce
2597 1232 2918 1302 superabat;
2955 1232 3185 1303 pedibus
3213 1241 3272 1288 et
3301 1233 3552 1289 omnibus
3579 1234 3837 1290 membris

2227 1325 2535 1390 vacillabat,
2551 1340 2670 1394 quae
2683 1326 2885 1380 dudum
2903 1324 3069 1381 fortes
3086 1327 3228 1395 viros
3243 1321 3516 1397 fatigabat.
3535 1326 3837 1384 Aberatille

2227 1417 2319 1487 qui
2348 1419 2582 1484 vexavit,
2608 1428 2662 1473 et
2692 1417 2834 1474 vires
2859 1419 3102 1488 ingentes
3132 1419 3432 1489 inspiravit.
3459 1418 3504 1474 0
3527 1434 3689 1489 quam
3726 1435 3840 1475 ma-

2225 1525 2331 1580 gna
2360 1513 2474 1566 laus
2505 1521 2561 1567 et
2579 1511 2771 1582 gloria,
2798 1520 2856 1566 et
2882 1520 3084 1582 quanta
3112 1512 3182 1568 ibi
3209 1513 3352 1568 edita
3383 1521 3504 1568 sunt
3533 1514 3835 1583 praeconia!

2301 1605 2421 1678 [cu
2431 1603 2562 1676 xvn]
2576 1603 2712 1658 Cum
2734 1604 2826 1660 ille
2842 1605 3058 1674 iniquus
3070 1605 3290 1674 spiritus
3302 1605 3497 1672 abiret,
3516 1605 3839 1662 circumiens

524 1700 754 1754 suetudo
787 1698 911 1753 mali
957 1697 1067 1767 jant
1109 1695 1488 1752 verecundiam
1521 1697 1808 1758 minueret,
1840 1711 1870 1750 a
1910 1695 2132 1752 latebris
2163 1698 2210 1759 B
2238 1696 3838 1768 quemdevoret,videtmonachummanentemjuxtacelsam

531 1792 747 1860 prodire
779 1792 965 1860 (’(Bpil,
997 1791 1174 1844 alieno
1199 1789 1395 1844 ductus
1423 1789 1710 1859 regimine,
1744 1797 1799 1843 et
1833 1803 1943 1842 non
1971 1802 2136 1858 parvo

531 1889 774 1954 tempere
812 1899 969 1939 suum
1018 1881 1348 1953 sequebatur
1382 1881 1597 1936 ducem.
1640 1879 1759 1936 Jatn
1799 1890 1916 1935 erat
1953 1881 2136 1950 gravis

528 1981 690 2047 atque
715 1975 933 2030 odibilis
960 1974 1098 2042 suis,
1128 1985 1180 2029 et
1203 1989 1350 2044 saepe
1382 1973 1551 2028 Deum
1575 1974 1820 2043 rogabat.
1848 1980 1905 2027 ut
1926 1972 2028 2027 sibi
2057 1973 2138 2026 in-

529 2068 742 2126 felicem
775 2068 939 2121 vitam
983 2075 1280 2121 truncaret.
1322 2065 1420 2120 Cui
1466 2076 1693 2135 repente
1730 2063 1833 2119 fuit
1875 2065 2025 2120 cordi
2069 2064 2136 2120 ad

527 2161 586 2218 S.
609 2161 843 2216 Zenonis
869 2159 1184 2230 praesidium
1228 2157 1486 2213 festinare
1512 2175 1524 2212 :
1575 2165 1702 2212 tunc
1728 2172 1756 2211 a
1787 2158 2053 2227 cognatis,
2082 2165 2138 2213 et

532 2255 720 2310 amicis
743 2252 1045 2309 subsidium
1073 2251 1286 2307 itineris
1310 2250 1583 2321 exigebat.
1615 2253 1686 2305 At
1706 2250 1782 2305 illi
1805 2265 1928 2304 eum
1952 2265 2139 2306 aint-n-

532 2357 642 2402 tem
685 2347 971 2412 vocabant,
1013 2353 1068 2400 et
1113 2346 1160 2400 ei
1209 2359 1309 2414 pro
1358 2343 1449 2398 tali
1475 2342 2136 2413 .petitioneinsultabant.

535 2438 767 2494 Omissis
794 2437 1040 2508 reliquis,
1078 2437 1340 2505 praevium
1382 2441 1563 2503 suum,
1599 2435 1727 2489 olim
1757 2435 1858 2489 sibi
1891 2433 2141 2506 paedago-

532 2545 684 2601 gum,
711 2528 1139 2585 misericorditer
1161 2527 1388 2599 rogavit,
1418 2535 1476 2581 ut
1501 2527 1615 2582 suis
1637 2527 1830 2596 coeptis
1853 2536 2136 2584 annueret.

535 2623 656 2679 Mox
691 2622 782 2678 ille
807 2624 1016 2693 paruit,
1048 2629 1103 2676 et
1134 2619 1277 2691 quod
1318 2620 1480 2675 berus
1508 2633 1641 2675 suus
1671 2619 1865 2686 vellet,
1905 2635 1965 2674 se
1992 2629 2142 2675 actu-

537 2732 658 2772 rum
685 2715 1000 2786 spopondit.
1049 2713 1242 2782 Incipit
1276 2713 1377 2769 iter
1417 2713 1644 2768 hilaris:
1689 2715 1784 2768 sed
1813 2713 1906 2768 alii
1932 2729 2002 2769 ex
2028 2714 2143 2768 suis

541 2810 850 2864 humaniter
879 2815 1134 2877 agentes,
1181 2821 1363 2864 secum
1395 2805 1621 2876 profecti
1653 2814 1795 2861 sunt.
1831 2806 2031 2862 Ductds
2061 2816 2145 2862 est

539 2903 606 2956 ad
639 2907 876 2964 antrum,
910 2900 961 2953 in
992 2883 1100 2970 quo
1133 2899 1279 2968 prius
1310 2897 1458 2953 Zeno
1485 2897 1708 2969 quievit.
1741 2896 1956 2953 Stratus
1992 2898 2143 2954 humi

542 2996 811 3051 ﬂebilibus
838 2994 1014 3049 modis
1044 2995 1297 3060 invocat,
1345 2992 1410 3047 ad
1438 3006 1596 3063 quem
1629 3003 1884 3059 venerat,
1928 3001 1986 3048 ut
2012 3008 2146 3048 con-

2241 1792 2456 1856 turrim,
2479 1806 2602 1860 qua:
2634 1799 2760 1845 tunc
2792 1790 3156 1845 aediﬁcabatur
3182 1829 3197 1856 ,
3226 1804 3392 1860 super
3419 1805 3578 1861 quem
3615 1790 3683 1846 de
3707 1792 3842 1847 etni-

2239 1884 2388 1940 nenti
2419 1884 2583 1953 pinna
2612 1883 2845 1952 lapidem
2895 1883 3155 1950 devolvit,
3186 1891 3241 1938 et
3281 1881 3334 1938 in
3365 1897 3447 1939 vet
3461 1881 3566 1938 tice
3607 1883 3842 1950 graviter

2240 1978 2590 2034 vulneravit:
2623 1978 2748 2033 inde
2777 1977 2932 2048 quasi
2980 1987 3226 2034 mortuus
3269 1991 3300 2030 a
3339 1976 3594 2034 fratribus
3633 1987 3717 2035 est
3753 1993 3842 2033 su-

2241 2069 2446 2136 blatus,
2498 2079 2552 2126 et
2579 2070 2684 2124 hoc
2712 2070 2941 2126 habetur
2965 2072 3302 2139 memoriale,
3329 2071 3475 2142 quod
3519 2063 3623 2128 tam
3654 2083 3843 2142 patens

2243 2165 2444 2220 vulnus
2474 2178 2580 2219 non
2629 2165 2726 2218 fuit
2756 2165 2998 2219 exitiale.
3032 2163 3288 2219 Protinus
3315 2165 3460 2220 velut
3484 2165 3676 2236 sagitta
3706 2179 3844 2235 prte-

2244 2256 2498 2327 cipitavit
2519 2271 2579 2311 se
2607 2257 2658 2311 in
2690 2271 2930 2312 mensam
2957 2256 3237 2326 cujusdam
3281 2256 3578 2327 indigenae,
3609 2267 3666 2312 et
3692 2257 3845 2326 quid-

2246 2347 2376 2418 quid
2407 2357 2526 2404 erat
2551 2353 2604 2403 in
2646 2363 2732 2412 ea,
2759 2349 2993 2412 eminus,
3029 2349 3174 2404 velut
3202 2349 3480 2405 nimbosus
3523 2349 3700 2413 turbo,
3730 2349 3844 2404 dis-

2249 2443 2440 2512 persit.
2467 2441 2672 2498 Deinde
2715 2442 2873 2498 citius
2919 2441 3063 2497 dicto
3104 2443 3258 2499 irruit
3300 2443 3354 2498 in
3391 2444 3688 2514 plaustrum
3711 2459 3845 2498 onu-

2248 2544 2392 2592 stum
2421 2534 2784 2606 spinis,quod
2827 2549 2926 2591 nec
2966 2537 3135 2592 ullum
3181 2538 3381 2593 animal
3420 2538 3712 2601 movebat,
3746 2553 3846 2595 nec

2250 2630 2394 2685 venti
2424 2629 2530 2684 ulla
2556 2631 2636 2683 vis
2665 2637 2802 2684 erat.
2847 2629 2982 2684 Tum
3019 2643 3306 2698 perversus
3343 2632 3527 2702 auriga
3574 2631 3678 2686 huc
3703 2640 3847 2686 rota-

2251 2719 2363 2787 bat,
2396 2719 2526 2776 illuc
2544 2721 2870 2791 exagitabat,
2899 2735 2966 2776 ac
2993 2721 3036 2776 si
3082 2721 3290 2777 feroces
3320 2721 3460 2782 tauri
3484 2734 3536 2778 et
3568 2721 3808 2779 indomiti
3828 2763 3844 2788 ,

2247 2812 2419 2882 juncti
2457 2813 2584 2884 jugo
2627 2813 2824 2869 forent.
2858 2813 2952 2870 His
2979 2814 3114 2870 actis
3154 2813 3404 2872 ludibriis
3445 2815 3592 2870 illico
3639 2817 3848 2886 impulit

2251 2907 2672 2977 gubernatorem
2702 2906 2856 2962 nnvis
2887 2907 3285 2964 transvehentis
3311 2908 3516 2977 lapides
3549 2909 3615 2964 ad
3639 2903 3842 2979 specta-

2253 2998 2360 3054 bile
2385 2997 2672 3055 aedificium
2702 2998 2762 3052 S.
2801 2998 3054 3065 Zenonis,
3086 3011 3234 3058 ratus
3272 3008 3327 3057 et
3366 3000 3636 3056 hominem
3665 3002 3720 3058 itt
3747 3002 3846 3056 llu-

543 3099 714 3143 suetan
755 3086 1037 3143 medicina:
1074 3085 1327 3155 ijamen
1379 3085 1665 3156 praeberet.
1716 3085 1851 3140 Cum
1904 3077 2222 3154 Miserere,C
2258 3091 2403 3147 mine
2442 3089 2780 3161 demergere,
2809 3101 2863 3146 et
2890 3092 3068 3146 navim
3111 3090 3454 3162 naufragare.
3482 3093 3671 3150 Atille
3711 3094 3846 3150 infra

547 3181 859 3252 frequenter
906 3181 1148 3245 iteraret,
1198 3178 1474 3250 inopinate
1522 3179 1936 3234 circumstantes
1995 3179 2143 3235 vidit.

553 3275 794 3344 Repente
815 3287 875 3328 se
899 3274 1083 3328 videre
1105 3274 1379 3351 clamavit.
1403 3271 1649 3342 Cumque
1669 3271 1761 3342 qui
1784 3286 1967 3351 secum
1987 3287 2150 3330 vene-

553 3379 695 3432 rant,
713 3379 818 3422 non
839 3367 1147 3432 crederent,
1162 3349 1536 3420 alt'eraltcrum
1555 3349 1939 3434 praisentabat,
1957 3367 2150 3435 etquis

553 3467 715 3524 esset,
741 3468 794 3514 et
814 3456 940 3528 quid
971 3456 1236 3522 indueret,
1262 3455 1596 3527 explorabat.
1626 3455 1759 3511 Dum
1789 3455 1947 3512 index
1977 3456 2153 3527 inqui-

554 3553 781 3606 sitorum
811 3557 955 3605 esset
978 3590 991 3612 ,
1033 3557 1222 3604 omnes
1250 3556 1533 3618 creperum
1564 3548 1852 3617 plaudere,
1896 3559 1949 3604 ct
1980 3549 2151 3605 Deum

556 3655 613 3701 et
637 3645 849 3702 fidelem
880 3645 999 3714 ejus
1028 3643 1299 3702 Zenonem
1328 3641 1571 3698 laudare.
1596 3641 1710 3698 Hoc
1731 3642 2014 3699 audientes
2042 3654 2155 3700 tor-

560 3745 704 3794 tor'es
733 3738 894 3805 illius,
919 3738 1063 3792 ducti
1099 3735 1441 3807 pmnitentia,
1462 3751 1584 3791 eum
1618 3737 1878 3792 audacter
1904 3741 2144 3809 aggressi

557 3840 702 3897 sunt,
736 3835 796 3884 ut
835 3843 930 3898 pro
957 3827 1075 3899 ejus
1113 3842 1298 3884 amore
1326 3827 1432 3884 illis
1455 3827 1608 3883 daret
1635 3828 1868 3896 veniam,
1910 3845 1940 3883 a
1967 3846 2074 3900 quo
2102 3841 2158 3888 et

556 3927 674 3996 ipse
717 3933 1043 3980 consecutus
1070 3933 1156 3981 est
1193 3924 1642 3980 misericordiam.
1680 3925 1771 3982 Ille
1811 3927 2041 3999 impiger
2070 3945 2160 4001 pe-

559 4017 733 4089 percit
751 4016 984 4087 culpam,
1007 4015 1318 4087 nullamque
1343 4017 1552 4088 recepit
1580 4016 1855 4073 mulctam.
1893 4020 2154 4076 Abbatem

558 4113 615 4172 S.
649 4113 1046 4174 Zenonis‘adiit
1071 4120 1124 4169 et
1156 4113 1379 4169 ldricam
1433 4113 1491 4169 S.
1526 4111 1826 4182 Benedicti,-
1853 4113 2036 4185 ibique
2062 4131 2160 4188 per

561 4221 793 4284 quatuor
822 4210 987 4265 lustra
1011 4206 1243 4263 fideliter
1271 4206 1541 4262 militavit.

632 4306 819 4377 Neque
863 4313 917 4359 te
946 4300 1152 4366 silebo,
1198 4299 1427 4356 Wezilla
1453 4297 1719 4357 daemone
1753 4309 1934 4371 capta,
1984 4302 2161 4359 adhuc

562 4400 760 4472 puella,
787 4412 894 4469 quo
915 4395 1017 4451 sub
1043 4394 1244 4450 teneris
1274 4392 1536 4448 membris
1557 4393 1718 4448 modo
1746 4393 1965 4459 latente,
1995 4394 2157 4450 modo

2258 3184 2476 3253 puppim
2525 3183 2651 3248 ruit,
2705 3191 2758 3238 et
2807 3181 2956 3238 navis
3003 3184 3123 3240 sine
3158 3184 3366 3254 jactura
3412 3196 3625 3255 portum
3657 3189 3848 3242 tenuit.

2257 3277 2460 3335 Eodem
2479 3284 2757 3332 momento
2785 3275 2853 3330 ab
2875 3276 3061 3333 Athesi
3111 3276 3177 3332 ad
3219 3292 3454 3342 amnem,
3485 3279 3579 3349 qui
3629 3279 3850 3336 Fluluins

2257 3371 2334 3440 (id
2378 3377 2463 3426 est
2507 3367 2690 3424 Fibius
2718 3370 2914 3440 amnis)
2943 3370 3162 3436 dicitur,
3203 3387 3264 3426 se
3307 3371 3504 3439 intulit,
3547 3375 3850 3429 aratoribus

2259 3479 2428 3535 prope
2448 3479 2718 3521 amantem
2743 3465 2916 3534 ripam
2946 3464 3391 3531 meridiantibus;
3419 3467 3507 3522 ubi
3551 3467 3678 3523 dum
3710 3469 3852 3536 pari-

2259 3557 2360 3612 fice
2381 3573 2474 3612 sua
2500 3565 2814 3622 tractarent,
2837 3557 3075 3627 nihilque
3106 3559 3341 3614 rixarum
3373 3559 3510 3630 apud
3539 3560 3660 3615 illos
3685 3571 3849 3625 esset,

2258 3650 2427 3706 Satan
2457 3650 2670 3704 illorum
2702 3650 2994 3716 praecordia
3022 3649 3236 3704 titillare
3257 3650 3443 3719 carpit,
3463 3651 3607 3707 unde
3633 3653 3850 3723 quidam

2259 3743 2475 3798 illurttm
2509 3741 2808 3797 insolenter
2834 3743 2995 3797 locuti
3022 3751 3075 3797 et
3101 3752 3440 3813 arroganter,
3472 3747 3648 3810 socios
3678 3756 3728 3801 et
3778 3748 3854 3802 fa-

2259 3838 2501 3892 miliares
2527 3836 2734 3891 amicus
2775 3835 2842 3892 ad
2871 3837 3250 3892 contumeliam
3285 3839 3447 3894 verba
3491 3841 3848 3911 exagitarunt.

2261 3930 2544 3998 Extemplo
2573 3928 2842 3984 hostiliter
2869 3927 3087 3983 animati
3111 3928 3312 3984 baculis
3340 3931 3574 3999 graviter
3596 3932 3855 3989 conﬂixe-

2260 4033 2406 4088 runt,
2458 4033 2514 4076 et
2557 4022 2601 4076 si
2653 4021 2909 4076 militaria
2948 4037 3096 4076 arma
3145 4031 3354 4092 prmsto-
3393 4023 3608 4087 forent.
3667 4037 3854 4082 mutua

2259 4123 2440 4187 strage
2459 4115 2718 4183 perirent.
2746 4114 2852 4171 Sed
2892 4113 3029 4171 forte
3051 4115 3360 4172 sacerdotes
3388 4117 3462 4173 ibi
3490 4119 3733 4186 aderant,
3761 4123 3854 4190 qui

2261 4206 2572 4264 mediastini
2618 4207 2878 4262 atrociter
2911 4208 3126 4264 saucios
3165 4207 3504 4266 dirimerunt.
3547 4210 3604 4267 ln
3647 4228 3708 4268 se
3767 4228 3857 4270 re-

2263 4301 2403 4356 versi
2431 4299 2570 4354 alter
2593 4297 2822 4356 alterius
2848 4297 3067 4354 vulbera
3094 4299 3272 4356 adhuc
3291 4301 3570 4368 stillantia,
3601 4321 3720 4375 qua:
3749 4307 3856 4377 ipsi

2263 4393 2542 4457 fecerant,
2574 4392 2844 4460 levabant,
2873 4403 2928 4448 et
2965 4409 3033 4448 ex
3069 4395 3312 4452 vestibus
3351 4396 3603 4468 ligaturas
3659 4403 3855 4471 praecl-

560 4462 773 4546 furente
796 4462 932 4544 facta
959 4495 1045 4542 est
1061 4486 1370 4557 juvencula.
1405 4484 1533 4540 Haec
1554 4486 1866 4555 parentibus
1892 4486 2155 4543 debuerat
2181 4462 2236 4528 D
2260 4489 2473 4554 dente,
2494 4499 2618 4543 cum
2646 4487 2908 4544 cbaritate
2932 4497 2989 4544 et
3018 4489 3270 4560 lacrymis
3297 4462 3479 4564 plagas
3526 4462 3851 4554 vinciiabant.

558 4593 681 4641 esse
697 4581 970 4648 solatium,
990 4578 1084 4635 sed
1101 4588 1214 4633 erat
1237 4578 1341 4632 illis
1364 4577 1749 4632 inconsolabile
1762 4579 2151 4648 spectaculum:

558 4691 695 4750 quos
721 4677 934 4732 dzetnon
964 4688 1110 4745 serpe
1139 4671 1438 4738 fefellerat,
1475 4685 1536 4726 se
1561 4673 1833 4725 exiturum
1855 4672 2042 4740 jurans
2061 4713 2077 4739 ,
2106 4675 2155 4730 si

560 4771 627 4826 ad
673 4770 817 4825 illius
845 4779 935 4822 aut
964 4768 1108 4822 illius
1133 4764 1317 4820 Sancti
1342 4762 1632 4817 duceretur
1659 4775 1833 4817 aram.
1867 4761 1958 4818 Sic
1986 4764 2155 4820 multo

556 4875 803 4936 tempore
832 4875 983 4934 spem
1013 4860 1227 4916 illorum
1273 4856 1477 4910 luserat
1501 4896 1515 4921 ,
1560 4863 1614 4909 et
1638 4863 1828 4916 eorum
1857 4854 2154 4914 studiosam

558 4943 743 5014 curam
782 4957 1115 5026 fatigaverat.-
1166 4947 1274 5005 Sed
1301 4962 1362 5002 ea
1396 4953 1721 5017 tempestate
1746 4987 1761 5012 ,
1803 4963 1905 5018 qua
1934 4950 2154 5020 sanguis

558 5050 762 5108 Christi
789 5049 1017 5104 Mantuae
1039 5045 1293 5100 inventus
1319 5053 1442 5095 esse
1473 5038 1780 5107 ferebatur,
1817 5040 1946 5096 dum
1972 5042 2096 5098 illuc
2123 5058 2155 5100 a

558 5127 879 5215 parentibus
930 5137 1221 5218 duceretur
1255 5173 1268 5196 ,
1333 5131 1730 5202 digressionem
1794 5133 1862 5188 ad
1919 5133 2156 5190 Zenonis

559 5235 730 5290 zedem
763 5232 1026 5287 fecerunt;
1070 5225 1202 5279 Dum
1233 5223 1641 5295 ingrederetur,
1672 5225 1886 5281 damon
1916 5229 2158 5284 atrocius

556 5325 716 5380 solito
743 5319 977 5391 puellam
1000 5315 1376 5382 concutiebat,
1403 5316 1550 5370 velut
1576 5321 1742 5372 eurus
1761 5317 2148 5384 arbusculam:

555 5425 610 5472 et
630 5422 691 5470 ut
714 5422 833 5468 erat
856 5409 1118 5466 terminus
1141 5407 1500 5477 rugationum,
1526 5422 1752 5477 magnus
1774 5407 1902 5462 illuc
1926 5409 2154 5478 populus

559 5507 838 5580 psallendi)
861 5503 1220 5576 praecedebat.
1254 5501 1356 5570 Qui
1385 5517 1507 5557 cum
1537 5509 1788 5556 cerneret
1811 5511 1972 5570 caput
2001 5513 2149 5558 rota-

552 5620 629 5668 re,
654 5601 879 5672 capillos
904 5599 1156 5665 volitare,
1186 5611 1378 5653 manus
1398 5604 1453 5652 et
1471 5594 1691 5652 brachia
1722 5595 1956 5663 vibrare,
1985 5596 2149 5667 pedes

540 5700 760 5764 saltare,
788 5695 972 5767 plures
1003 5690 1151 5749 viros
1173 5691 1228 5748 in
1259 5705 1367 5749 una
1395 5691 1713 5752 muliercula
1740 5689 1969 5748 tenenda
1998 5691 2148 5749 labo-

2264 4579 2468 4636 Deinde
2507 4579 2648 4635 clam
2679 4581 2871 4650 magis,
2903 4596 3061 4651 quam
3110 4583 3287 4652 palam
3331 4587 3523 4642 artil'ett
3567 4587 3715 4643 dirus
3757 4605 3856 4646 no-

2262 4675 2392 4741 cuit,
2407 4674 2498 4744 qui
2519 4673 2691 4743 magis
2715 4673 2853 4729 dolis
2867 4685 2922 4729 et
2945 4674 3176 4742 technis,
3199 4693 3358 4744 quam
3384 4680 3586 4735 viribus
3606 4683 3851 4739 confidit.

2263 4768 2515 4824 Protinus
2543 4767 2852 4824 sacerdotes
2881 4770 3081 4838 apertis
3106 4770 3319 4828 insidiis
3348 4771 3512 4830 Satan
3541 4775 3682 4832 inter
3711 4774 3855 4834 filios

2262 4860 2358 4918 Dei
2384 4860 2598 4917 venisse
2625 4870 3012 4929 cogitaverunt.

2329 5039 2704 5114 Fragmentum
2733 5041 2977 5096 carminis
3006 5040 3070 5098 de
3093 5041 3354 5098 miraculis
3376 5045 3540 5099 sancti
3569 5043 3792 5101 Zenonis

2651 5133 2830 5203 scripti
2859 5151 2892 5187 a
2918 5131 3116 5192 Iacobo
3143 5133 3460 5206 presbytero.

2319 5265 2405 5333 Vir
2428 5265 2604 5327 clarus,
2625 5267 2742 5317 dum
2763 5266 2888 5333 festa
2909 5263 3017 5333 dies
3039 5259 3252 5333 Zenonis
3273 5267 3505 5333 adesset,

2383 5332 2467 5381 Bis
2487 5343 2576 5382 sex
2605 5331 2903 5394 pauperibus
2924 5329 3149 5394 solvebat
3166 5331 3304 5394 laute
3328 5329 3588 5393 quotannis

2381 5394 2588 5457 Prandia
2607 5392 2623 5454 ζ
2649 5394 2728 5443 cui
2754 5394 2956 5457 misero,
2966 5392 3178 5457 facienti
3198 5392 3308 5440 talia
3324 5428 3338 5450 ,
3353 5392 3490 5457 patri

2381 5456 2509 5520 Ecce
2535 5455 2717 5520 ferunt,
2742 5461 2910 5520 natum
2931 5454 3050 5502 diris
3076 5454 3352 5520 Acheronta
3368 5454 3561 5520 petisse.

2379 5516 2822 5580 Vulneribus.'Sed
2845 5521 3001 5580 carpta
3025 5524 3182 5580 pater,
3211 5517 3329 5580 licet
3351 5516 3524 5569 unicus
3543 5528 3678 5570 esset

2380 5581 2536 5632 Filius
2559 5579 2642 5628 ille
2664 5580 2775 5642 sibi,
2805 5591 2899 5642 n_ec
2924 5578 3004 5627 tab
3026 5578 3184 5629 morte
3209 5578 3412 5642 reliquit
3444 5596 3455 5630 :

2378 5644 2442 5692 At
2464 5641 2557 5706 sibi
2585 5641 2806 5704 praesidio
2824 5639 3073 5692 Zenonem
3097 5651 3295 5706 semper
3315 5639 3493 5695 adesse

2379 5704 2633 5767 Praetlixit.
2657 5705 2929 5770 clausitque
2956 5715 3098 5770 pater
3118 5704 3340 5760 convivia
3361 5709 3539 5760 laeuis:
