4216 6178
523 236 630 291 919

1913 237 2427 297 PROLEDOMENA
2440 278 2454 293 .

3715 235 3822 290 2.0

514 352 632 408 ritis
667 367 771 409 non
800 355 985 426 paucis
1012 353 1396 410 exsistentibus
1423 349 1651 408 Gallieni
1678 352 1910 412 Caesaris
1944 353 2110 410 tiliam
2136 356 2186 416 Δ
2305 352 2341 420 ii;
2366 393 2378 406 .
2421 349 2664 406 All'abilis
2686 349 2756 406 ita
2783 361 2898 405 erat
2928 348 2981 405 in
3008 355 3281 416 sermone,
3314 323 3816 405 e'timansuetudine

513 461 542 500 a
567 447 784 503 rninosa
808 456 957 518 peste
989 448 1080 502 Dei
1110 447 1311 501 virtute
1337 445 1567 500 sanavit.
1599 445 1758 502 Allel.

578 537 874 596 Goiifessor
899 541 1118 606 Sancte,
1137 537 1405 595 Sacerdos
1427 551 1643 608 magne,
1661 536 1824 595 Beate
1845 538 2015 604 Zeno,
2043 541 2119 598 in-

512 636 732 692 tercede
755 644 851 706 pro
877 635 1052 692 nobis.

1106 728 1281 798 Super
1328 726 1528 782 Venite.

579 823 965 880 Confessoruth
994 821 1314 894 Regemﬁ).
1354 820 1636 877 Psalmus:
1667 821 1902 879 Venite:

586 919 798 987 Antipli.
844 918 924 973 Ab
961 924 1116 972 utero
1147 915 1334 972 matris
1379 914 1476 969 fuit
1519 915 1886 971 sanctificatns
1925 913 2113 970 beatus

507 1011 675 1076 Zeno,
724 1019 778 1064 et
810 1023 840 1064 a
887 1004 1169 1064 cunabulis
1215 1005 1550 1061 benedictus.
1600 1005 1759 1061 Allel.
1805 1003 2049 1062 Psalmus
2097 1022 2111 1058 :

509 1105 708 1159 Beatus
735 1101 837 1156 vir.

580 1196 700 1249 Ant.
746 1191 1036 1249 Probitatis
1067 1199 1122 1247 et
1159 1189 1401 1246 scientiae
1426 1188 1645 1260 jugibus
1672 1188 2018 1245 incrementis
2044 1187 2111 1243 ad

508 1291 614 1347 hoc
637 1291 945 1363 pertingere
975 1286 1193 1348 meruit,
1217 1294 1275 1340 ut
1300 1299 1396 1356 per
1425 1283 1773 1340 sacerrimam
1797 1284 1959 1342 vitam
1981 1282 2112 1338 Pas-

507 1393 594 1440 tor
627 1385 680 1440 in
730 1381 943 1454 populis
987 1378 1315 1435 efﬁceretur.
1355 1377 1636 1434 Psalmus:
1667 1376 1844 1448 Quare
1871 1375 2110 1433 fremue-

508 1484 657 1532 runt.

577 1567 699 1620 Ant.
739 1563 1022 1621 Continuis
1043 1561 1263 1634 ieiuniis
1281 1569 1336 1619 et
1362 1560 1698 1618 orationibus
1721 1560 1930 1618 crebris
1950 1575 1978 1613 a
2006 1559 2112 1614 Do-

510 1658 657 1713 mino
681 1657 918 1728 petebat,
943 1665 1001 1712 ut
1019 1655 1120 1712 sibi
1147 1654 1350 1711 aditum
1380 1653 1777 1726 priedicationis
1801 1653 1852 1708 in
1880 1651 2110 1725 populos

497 1749 756 1820 aperiret.
788 1747 953 1807 Allel.

585 1840 826 1896 Psalmus
848 1856 868 1895 :
901 1838 1146 1907 Domine,
1168 1837 1294 1912 quid
1311 1836 1697 1908 multiplicasti.
1713 1835 1934 1892 Versus:
1964 1831 2108 1892 Voce

501 1947 641 1987 mea.

579 2024 738 2094 Resp.
784 2023 879 2078 llic
916 2033 999 2078 est
1039 2037 1195 2077 sacer
1235 2023 1462 2078 antistes
1501 2021 1670 2088 Zeno,
1702 2019 1862 2092 quem
1892 2018 2106 2091 gemina

503 2117 700 2172 virtute
755 2117 1012 2176 Dominus
1051 2107 1348 2169 sanctitatis
1393 2119 1447 2170 et
1491 2112 1770 2185 sapientiae
1807 2111 2103 2176 decoravit,

501 2210 656 2280 cujus
683 2190 940 2281 praeclara
975 2205 1241 2264 fulserunt
1271 2205 1324 2262 in
1355 2205 1613 2262 mundum
1659 2204 1936 2270 miracula,
1968 2207 2022 2260 et
2051 2205 2104 2258 in

501 2301 658 2358 ctelis
698 2301 925 2372 adeptus
961 2311 1045 2356 est
1075 2300 1399 2371 Angeloruin
1427 2299 1772 2355 commercia.
1816 2297 1973 2352 Allel.
2028 2297 2064 2366 ir
2087 2335 2104 2351 .

503 2399 610 2454 Iste
639 2405 742 2463 est,
774 2396 864 2467 qui
890 2404 1015 2451 ante
1041 2395 1204 2450 Deum
1226 2407 1446 2466 magnas
1474 2394 1699 2449 virtutes
1724 2401 1976 2461 operatus
1996 2399 2102 2458 est,

503 2499 559 2547 et
586 2491 762 2546 omnis
795 2495 936 2544 terra
964 2485 1207 2544 doctrina
1239 2487 1353 2558 ejus
1381 2486 1588 2557 repleta
1623 2494 1722 2542 est.
1750 2485 1816 2541 Et
1846 2485 1897 2541 iii
1928 2485 2100 2542 caelis.

589 2583 626 2652 ιῆ
650 2623 663 2636 .
706 2581 789 2640 Ab
815 2589 966 2638 utero
987 2581 1352 2636 sanctillcalns
1377 2579 1568 2636 beatus
1597 2575 1760 2645 Zeno,
1792 2587 1848 2636 et
1877 2593 1904 2632 a
1933 2593 2103 2635 cuna-

499 2673 644 2730 bulis
678 2671 994 2729 benedictus
1018 2671 1084 2727 ad
1118 2673 1221 2728 hoc
1252 2671 1560 2743 pertingere
1589 2671 1806 2735 meruit,
1837 2677 1893 2726 ut
1922 2678 2104 2741 pastor

501 2767 552 2821 in
605 2765 816 2836 populis
844 2781 939 2838 per
985 2765 1330 2821 sacerrimam
1373 2763 1534 2820 vitam
1563 2761 1890 2820 efficeretur.
1919 2764 2100 2831 Allel.,

489 2859 635 2915 allel.

573 2949 887 3025 [cuxxvm]
929 2953 1001 3022 Ῡ.
1048 2950 1101 3006 in
1129 2967 1347 3008 omnem
1372 2961 1570 3008 terram
1601 2947 1767 3007 Sonus
1802 2951 1932 3007 exiit
1974 2966 2106 3008 con-

498 3047 821 3104 versationis
848 3046 988 3121 ejus,
1026 3058 1080 3104 et
1106 3049 1364 3104 sanctitas
1391 3047 1697 3105 luculenter
1722 3035 1961 3103 emicuii.
1999 3048 2104 3105 Per

497 3140 867 3197 sacerrimam.

583 3234 620 3306 ii)
644 3276 657 3290 .
698 3233 755 3290 in
779 3233 1058 3290 secretiori
1097 3245 1248 3306 parte
1276 3233 1496 3290 dratdrii
1521 3232 1788 3295 continuis
1807 3233 2026 3305 jejuniis
2048 3223 2102 3290 ei

427 3337 434 3342 '
497 3330 706 3386 crebris
733 3330 1068 3384 orationibus
1094 3347 1125 3384 a
1171 3327 1399 3384 Domino
1433 3331 1667 3400 petebat,
1697 3329 1755 3384 tit
1784 3315 1884 3386 sibi
1915 3329 2101 3402 digna-

498 3431 652 3477 retur
690 3421 892 3478 aditum
940 3421 1340 3495 praedicationis
1387 3425 1438 3480 in
1468 3421 1679 3496 populis
1705 3423 1934 3494 aperire.
1967 3419 2096 3491 All.,

498 3513 645 3570 allel.

588 3609 621 3678 ᾖ
647 3648 660 3662 .
705 3593 782 3665 Ad
813 3609 1207 3666 convertendas
1233 3609 1284 3665 in
1314 3611 1498 3667 amore
1527 3609 1728 3667 Christi
1753 3608 1964 3665 animas
2004 3603 2101 3666 ho-

501 3701 706 3756 minimi
738 3701 828 3756 die
857 3707 1127 3773 nectuque
1149 3701 1366 3758 deditus
1395 3711 1529 3757 erat.
1567 3700 1635 3760 Ut
1660 3702 1786 3758 sibi.

574 3793 785 3866 Autiph.
827 3793 1078 3850 Aﬂ‘abilis
1104 3793 1175 3849 ita
1201 3801 1318 3850 erat
1341 3793 1400 3854 in
1427 3794 1788 3859 sermonibus,
1808 3865 1811 3866 ν
1831 3802 1886 3849 et
1925 3793 1976 3848 in
2004 3792 2100 3848 lia-

495 3884 610 3939 bitu
639 3865 804 3951 mitis,
840 3896 896 3940 ut
927 3887 1068 3942 Deus
1100 3886 1154 3942 in
1188 3887 1306 3958 ipso
1333 3885 1732 3942 collaudaretnr
1752 3865 1819 3940 ad
1849 3883 2100 3940 omnibus

496 3977 841 4034 venientibus
864 3961 930 4033 ad
959 3993 1038 4034 se.
1064 3971 1308 4033 Psalmus
1336 3993 1354 4031 :
1382 3973 1516 4032 Cnin
1541 3981 1870 4032 invocarem.

573 4069 708 4124 Dum
737 4070 996 4126 exercitio
1026 4061 1336 4140 plscaiionis
1364 4061 1682 4140 fungeretur
1725 4069 1777 4123 in
1809 4067 1994 4133 ﬂuvio,
2023 4067 2102 4122 vi-

496 4160 576 4216 dit
596 4162 885 4232 quemdam
905 4161 1178 4219 hominem
1204 4162 1259 4217 in
1284 4159 1527 4233 plaustro
1546 4161 1825 4217 sedentem
1841 4175 1938 4233 per
1962 4173 2102 4232 prie-

497 4268 628 4324 ceps
654 4253 707 4309 i'n
735 4265 892 4310 amne
917 4253 1180 4326 demergi.
1205 4251 1366 4312 Allel.

569 4344 813 4402 Psalmus
840 4364 860 4403 :
889 4347 1064 4404 Verba
1094 4362 1234 4403 mea.

571 4439 664 4495 Vir
697 4429 786 4497 Dei
817 4442 1026 4498 elevata
1065 4455 1279 4497 sursum
1311 4455 1474 4498 manu
1501 4437 1631 4496 fecit
1668 4439 1882 4512 signum
1921 4436 2101 4495 crucis

1883 3125 2085 3144 ””“”“””
2119 3133 2168 3198 C

2218 457 2383 518 atque
2410 445 2596 502 habitu
2628 444 2796 510 mltis,
2827 452 2885 500 ut
2912 443 3052 500 Deus
3092 444 3145 499 in
3185 444 3301 514 ipso
3324 441 3728 500 collaudaretur
3754 443 3823 500 ab

2217 540 2469 597 omnibus
2495 539 2561 595 ad
2591 543 2653 596 se
2694 537 3050 594 venientibus.
3090 536 3276 603 Allel.,
3306 535 3447 592 allel.
3511 536 3546 602 ὶ
3573 575 3586 590 .
3617 535 3690 592 lta
3722 553 3821 594 ea-

2216 631 2443 688 sistebat
2471 635 2672 697 alacer,
2706 640 2764 686 nt
2793 646 2915 687 mox
2949 631 3014 685 ad
3057 645 3180 686 eum
3213 637 3588 699 properarent,
3621 630 3821 689 relictis

2218 725 2376 782 idolis
2405 725 2628 779 Domino
2647 723 2933 779 crederent
2951 722 3080 778 Jesu
3107 721 3344 778 Christo.
3378 721 3449 780 Ut
3473 722 3612 778 Deus
3643 723 3742 782 ini.

2303 817 2377 887 ἢ.
2423 815 2556 872 Dum
2587 817 2640 871 in
2662 813 3058 871 ﬂuvioAthesis
3084 815 3398 884 piscationis
3419 815 3677 871 exercitio
3701 815 3821 874 fun-

2214 920 2452 980 geretur,
2502 909 2695 964 erectis
2738 921 2953 963 sursum
2997 907 3191 972 oculis,
3222 905 3354 962 vidit
3382 907 3676 976 quemdam
3724 907 3819 964 lio—

2215 1002 2413 1058 minem
2444 999 2496 1056 in
2523 1000 2765 1070 plaustro
2794 997 3076 1070 sedentem
3107 997 3284 1055 bubus
3309 997 3684 1067 subiunctis-in
3705 1015 3819 1057 am-

2217 1107 2339 1148 netu
2371 1069 2634 1163 demersi.
2659 1069 3025 1157 Allel.,'allel.'
3068 1089 3099 1160 φ
3131 1132 3141 1144 .
3167 1088 3340 1145 Tanta
3367 1088 3510 1146 enim
3535 1091 3817 1149 velocitate

2216 1185 2512 1253 ferebatur,
2540 1195 2596 1244 ut
2625 1185 2835 1241 cunctis
2861 1182 3240 1240 ostenderetur
3269 1184 3475 1255 antiqui
3504 1183 3676 1242 bo'SIis
3700 1196 3818 1242 arte

2215 1292 2513 1351 peractum.
2540 1279 2705 1335 Vidit.

2302 1373 2340 1442 ii)
2363 1413 2376 1428 .
2409 1372 2628 1428 Elevata
2653 1387 2867 1428 sursum
2885 1383 3052 1426 manu
3070 1369 3261 1427 beatus
3282 1371 3428 1428 Zeno
3457 1369 3586 1428 fecit
3609 1383 3815 1430 sanctas

2214 1464 2396 1519 crucis
2423 1463 2657 1535 signum,
2687 1463 2952 1536 frequenti
2975 1477 3108 1519 voce
3130 1471 3185 1520 et
3209 1461 3341 1520 dixit
3367 1480 3380 1516 :
3414 1463 3704 1521 Revertere
3733 1481 3819 1523 re-

2216 1565 2319 1623 tro,
2354 1555 2602 1620 Satanas,
2636 1571 2702 1610 ne
2729 1556 2964 1626 perimas
2993 1556 3288 1624 hominem,
3321 1572 3480 1630 quem
3503 1556 3644 1613 Deus
3662 1573 3817 1614 crea-

2212 1647 2494 1720 vigAilel.
2529 1647 2676 1704 allel.
2705 1645 2851 1704 allel.

2136 1741 2185 1802 B
2300 1743 2371 1812 ᾗ.
2416 1742 2570 1809 Quod
2594 1743 2805 1813 signum
2829 1750 2887 1798 ut
2907 1731 3041 1798 vidit
3059 1741 3295 1810 daemon,
3328 1743 3546 1800 evanuit
3572 1745 3717 1801 velut
3732 1745 3816 1801 fn-

2212 1851 2331 1892 mus
2357 1845 2479 1892 cum
2512 1837 2843 1893 clamoribus
2872 1845 2935 1893 ac
2953 1826 3186 1892 stridore
3213 1837 3464 1894 nefando.
3500 1837 3813 1899 Revertere.

2286 1931 2406 1986 Ant.
2451 1932 2644 1987 Beatus
2687 1930 2834 1986 Zeno
2863 1930 3042 1987 dixit:
3091 1930 3206 1986 Non
3240 1937 3292 1987 te
3324 1931 3584 2002 permittit
3634 1933 3816 1990 Domi—

2212 2041 2316 2084 nus
2339 2027 2542 2099 aiiqnid
2567 2029 2727 2099 agere
2749 2026 3010 2084 adrersus
3036 2037 3250 2083 servum
3279 2033 3456 2084 suum.
3489 2028 3654 2085 Allci.

2286 2117 2530 2174 Psalmus
2552 2135 2572 2175 :
2607 2118 2856 2186 Domine,
2883 2118 3004 2190 q'itis
3028 2117 3306 2174 habitabit.

2285 2211 2607 2268 Miserabilis
2634 2212 2794 2268 Pater
2831 2220 3050 2282 totaque
3075 2211 3270 2266 domus
3301 2211 3445 2283 regis
3477 2215 3713 2268 maerore
3743 2213 3819 2268 af-

2211 2302 2521 2375 fligebatur,
2549 2319 2616 2360 eo
2645 2303 2788 2375 quod
2817 2305 3016 2360 acriter
3048 2303 3226 2375 puella
3253 2303 3622 2361 summarum.
3655 2303 3815 2362 Allel.

2288 2395 2532 2453 Paulinus
2562 2415 2580 2454 :
2611 2397 2854 2464 Domine,
2891 2401 2942 2454 in
2974 2399 3190 2455 virtute.

2285 2489 2552 2548 Sacerdos
2584 2487 2672 2547 Dei
2701 2491 2845 2546 Zeno
2869 2491 3086 2548 sedebat
3129 2506 3292 2563 super
3323 2491 3575 2562 lapidem,
3601 2502 3653 2549 et
3685 2494 3816 2551 artis

2210 2582 2539 2653 Apostolicsa
2587 2585 2910 2640 documenta
2966 2595 3202 2655 sequens
3251 2585 3558 2655 piscabatur
3612 2587 3665 2642 in
3715 2586 3814 2642 flu-

2212 2675 2376 2729 mine.
2412 2675 2572 2730 Allel.
2606 2673 2849 2732 Psalmtts
2875 2691 2894 2731 .-
2925 2675 3140 2732 Domini
3171 2657 3254 2732 eiii
3282 2681 3447 2732 terra.
3495 2677 3532 2749 φ
3559 2720 3572 2734 .
3602 2678 3816 2736 Amavit

2208 2781 2336 2823 eum
2366 2753 2647 2823 Dominus.
2857 2765 2885 2788 '

2295 2861 2368 2931 ἢ.
2414 2861 2698 2919 Fesunans
2735 2862 2912 2933 itaque
2958 2862 3171 2920 daemon
3217 2863 3493 2936 ingressus
3539 2873 3624 2923 est
3665 2867 3812 2938 palea

2207 2953 2339 3008 tium
2369 2953 2600 3010 Caesaris
2625 2950 2861 3011 Gallieni
2882 2964 2936 3009 et
2965 2951 3417 3025 comprehensam
3449 2957 3568 3028 ejus
3600 2957 3810 3015 unicam

2211 3046 2376 3102 ﬁliam
2397 3048 2561 3117 cmpit
2585 3061 2705 3103 eam
2729 3046 3026 3104 erudellter
3044 3055 3260 3105 vexare.
3295 3048 3459 3106 Allel.
3491 3047 3638 3106 allel.

2273 3137 2552 3212 [suum]
2583 3139 2655 3208 9.
2691 3135 3013 3196 Miserabilis
3056 3143 3227 3210 pater,
3265 3137 3534 3213 simulque
3569 3151 3678 3198 tota
3715 3141 3812 3197 tio-

2209 3231 2325 3286 mtis
2357 3232 2474 3302 ejus
2519 3233 2759 3288 cruciatu
2801 3239 2863 3288 ac
2911 3239 3147 3290 maerore
3184 3225 3539 3305 adimebatur.
3575 3233 3808 3291 Btcom'a

2209 3322 2551 3395 prehensum.

2295 3418 2367 3487 is.
2413 3417 2756 3488 lttgredlente
2805 3417 3010 3474 Christi
3068 3418 3364 3476 Sacerdote
3415 3419 3695 3492 palatium,
3749 3430 3806 3477 et

2207 3507 2348 3564 facta
2371 3511 2546 3565 crucis
2567 3510 2720 3581 signo
2745 3521 2875 3565 mox
2899 3511 3067 3581 cmpit
3084 3512 3298 3568 dicmon
3323 3513 3561 3570 clamare
3585 3513 3802 3570 dicens:

2206 3602 2307 3670 Tu,
2339 3603 2506 3670 Zeno;
2527 3617 2614 3660 me
2641 3605 2898 3676 capellis;
2928 3613 3098 3678 etego
3127 3607 3347 3677 propter
3372 3616 3518 3663 tuam
3557 3608 3809 3663 sanctitas

2207 3704 2312 3751 tem
2343 3706 2489 3753 stare
2533 3699 2638 3751 non
2671 3709 2910 3765 possum.
2941 3697 3127 3765 Allel.,
3173 3697 3348 3765 allel.,
3376 3698 3522 3755 allel.
3565 3700 3600 3770 ᾗ
3625 3739 3641 3755 .
3668 3699 3732 3755 Et
3760 3699 3805 3756 sl

2206 3787 2332 3842 hinc
2353 3785 2653 3852 abiero,1!o
2685 3789 2974 3856 Veronam,
2995 3790 3176 3856 ibique
3199 3791 3446 3847 invenies
3469 3797 3576 3848 me.
3596 3789 3663 3846 Et
3679 3805 3800 3862 ego.

2275 3881 2358 3956 (4)
2414 3882 2486 3950 ἢ.
2528 3875 2726 3937 Sancte
2764 3881 2909 3938 Zeno
2949 3883 3229 3939 confessor
3279 3883 3500 3950 Dhiisti,
3545 3884 3668 3939 audi
3709 3898 3802 3940 ro-

2203 3975 2394 4045 gantes
2439 3975 2715 4042 servulos;
2750 3983 2805 4031 et
2833 3975 3177 4045 impetratam
3207 3979 3428 4034 ciemus
3451 3987 3506 4033 tu
3538 3978 3682 4034 Deus
3721 3978 3804 4034 ter

2204 4067 2610 4138 indulgentiam.
2646 4069 2719 4137 γ.
2753 4067 2798 4124 0
2830 4077 3018 4124 saneto
3048 4068 3214 4137 Zeno,
3250 4067 3400 4126 altius
3429 4071 3672 4137 atii-eunt,
3697 4070 3800 4126 De-

2203 4163 2335 4218 mini
2375 4161 2566 4232 gratis,
2619 4168 2901 4219 servorum
2943 4164 3176 4234 gemitus
3229 4165 3386 4220 solita
3442 4166 3660 4236 suscipe
3693 4162 3802 4220 ele-

2203 4256 2428 4312 mentis.

2729 4346 2795 4402 In
2829 4339 3026 4403 Matut'.
3052 4347 3273 4403 Laudib.

2273 4437 2392 4496 Ant.
2437 4415 2699 4496 Dominus
2750 4429 2909 4497 Iesus
2959 4427 3208 4508 Christus
3275 4441 3621 4514 omnipatens
3693 4441 3798 4526 est,‘

493 4531 680 4588 diwns
706 4551 720 4586 :
751 4533 1046 4590 Revertere
1075 4542 1244 4599 retro,
1285 4532 1535 4598 Satanas,
1571 4545 1639 4588 ne
1667 4533 1900 4602 perimas
1930 4530 2103 4587 homi-
2129 4513 2183 4585 D
2207 4541 2423 4603 oportet
2447 4533 2613 4600 enim,
2643 4543 2698 4587 ut
2725 4531 2989 4588 mirabilia
3031 4532 3129 4590 Dei
3160 4513 3592 4599 manifestatum.
3639 4513 3800 4592 Δηοῖ.

455 4679 476 4704 ,
498 4641 645 4692 nem,
671 4625 830 4699 quem
853 4627 998 4684 Deus
1028 4629 1254 4684 creavit.
1290 4626 1450 4684 Allel.

572 4715 816 4777 Psalmus
841 4738 862 4776 :
894 4721 1140 4787 Domine,
1168 4720 1424 4776 Dominus
1467 4718 1673 4776 noster.
1713 4715 1946 4775 Versus:
1977 4705 2100 4773 tius.

490 4819 603 4866 tum
630 4811 855 4867 deduxit
875 4811 1131 4870 Dominus
1152 4813 1260 4887 (ii).

494 4970 546 5056 in
576 4983 682 5056 quo
707 4970 946 5055 ofﬁcium
969 4971 1246 5056 proprium
1266 5054 1274 5056 ξ
1293 4971 1541 5056 ejusdem
1584 4969 1768 5056 Syri-eti
1801 4969 2090 5056 reperitur,

493 5044 920 5110 respuiisorium,
953 5041 1162 5107 versus,
1183 5049 1239 5095 et
1259 5042 1548 5109 antipbooa
1574 5042 1640 5098 ad
1667 5041 1966 5116 Magniﬁcat
1985 5042 2093 5098 alia

493 5123 692 5167 suutac
717 5114 766 5166 in
787 5113 1179 5183 Antipltoiiario
1192 5111 1633 5183 Capitulari,qum
1651 5113 1770 5168 heie
1783 5114 2094 5170 exscribere

493 5183 858 5260 placetﬂesp.
879 5182 1095 5240 Summe
1115 5184 1212 5238 Dei
1226 5182 1588 5260 priesullieate
1609 5183 1917 5260 Zenonas»:
1928 5195 2093 5240 ceter;

493 5269 605 5306 eam
625 5257 848 5323 prolegé,
875 5271 1094 5323 namque
1115 5257 1369 5311 rredinms
1391 5258 1489 5310 tuis
1515 5257 1750 5312 laudibus
1775 5271 1868 5312 nos
1893 5270 2092 5324 πωρον

493 5340 601 5376 esse
611 5323 1128 5399 saluandamyersus.
1149 5326 1252 5393 Qui
1266 5329 1431 5399 ﬁliam
1454 5327 1678 5382 Gallieni
1695 5327 1914 5384 Cesaris
1931 5343 1962 5380 a
1980 5323 2087 5382 dal-

493 5394 943 5468 iuonioliberastl,
989 5398 1088 5451 tuis
1119 5394 1356 5453 laudibus
1392 5403 1666 5454 instantem
1713 5407 1954 5453 conserva
1983 5400 2093 5468 ple-

490 5463 620 5518 bem.
653 5464 734 5538 Ad
763 5465 1064 5538 Magni/ient
1089 5471 1290 5538 amipli.
1326 5471 1724 5525 Clementissitns
1747 5469 1938 5523 Christi
1957 5463 2092 5523 Con-

490 5538 654 5604 [essoi'
682 5533 911 5612 Domini,
941 5533 1225 5596 beatissime
1254 5541 1415 5603 leno,
1445 5551 1494 5597 te
1531 5543 1829 5609 suppliciter
1851 5542 2069 5612 petimus

493 5580 555 5660 'ne
570 5585 1042 5696 nosaerelim’yuas.
1074 5615 1162 5667 sed
1186 5614 1325 5687 apud
1348 5580 1760 5696 Dominun’i'pius
1781 5580 1978 5696 largiter

496 5679 976 5768 nouisjnfercess'sr
1000 5679 1233 5768 resistas,
1263 5705 1382 5761 quo,
1401 5679 1781 5768 teopimliznte,
1815 5679 2097 5768 adpendit!

489 5759 831 5826 curaturum
848 5759 1116 5817 oeroenire
1140 5759 1578 5820 mereamurJitec
1598 5761 1787 5818 eadem
1805 5760 2100 5830 atitiplioua

2284 4623 2589 4695 Exsurgens
2609 4623 2798 4678 beatus
2821 4617 3090 4678 Sacerdos
3115 4622 3238 4679 lactt
3264 4625 3589 4691 orationem,
3611 4640 3803 4696 parre.

2209 4720 2398 4788 xitque
2423 4717 2490 4773 ad
2515 4715 2797 4788 palatium,
2816 4716 2906 4772 ubi
2930 4715 3269 4794 affligebatur
3287 4731 3384 4789 pro
3411 4714 3503 4773 sua
3529 4714 3636 4777 filia
3663 4717 3798 4774 R‘ex.

2207 4808 2374 4868 Allel.

2199 4969 2253 5053 in
2303 4967 2406 5024 Ini.
2434 4968 2833 5053 "tardabant-6;
2857 4970 3038 5028 Maria
3063 4971 3135 5028 de
3156 4972 3360 5044 arripe
3385 4973 3578 5031 Iartlo
3605 4974 3802 5047 legitur

2201 5041 2256 5096 in
2287 5041 2542 5110 secundis
2561 5043 2824 5110 vesperis.
3294 5041 3305 5044 ⁷
3661 5041 3670 5099 ἶ

2267 5112 2364 5187 (ἢ
2388 5109 2444 5166 lu
2477 5109 2971 5187 mss._Zeooniano,
2997 5115 3052 5170 et
3074 5115 3386 5187 mnialllim
3417 5118 3684 5187 superiori
3703 5115 3802 5170 ad-

2197 5185 2479 5239 notatione
2505 5184 2734 5240 laudatis
2756 5185 2860 5240 hoc
2891 5186 3086 5256 legitur
3114 5184 3530 5244 invitatoriam:

2293 5255 2557 5332 {literan
2570 5261 2848 5328 trinumtu
2876 5255 3043 5332 Deum
3061 5265 3318 5332 laudemus
3337 5277 3392 5318 et
3415 5281 3588 5332 unum,

2293 5328 2386 5386 Qui
2407 5327 2500 5376 sibi
2521 5325 3071 5378 Zenmietn'transrexit
3091 5330 3141 5378 in
3164 5329 3350 5380 aethera
3371 5325 3622 5382 Sanctum.

2277 5404 2357 5474 (8)
2398 5403 2452 5458 In
2492 5403 2700 5473 Carpsit
2722 5404 2858 5460 alius
2883 5417 3077 5460 versos
3105 5405 3371 5462 indicatur
3388 5407 3506 5462 sie:
3544 5407 3800 5475 Posuisti;

2210 5473 2454 5548 nomine,
2485 5485 2602 5548 sup.
2635 5491 2749 5546 rep.
2775 5479 2906 5548 ejus.

2277 5546 2358 5616 (4)
2400 5547 2456 5600 In
2476 5546 2878 5618 inntiphtiltal’iu
2909 5548 3205 5618 Capltulari
3233 5566 3250 5604 :
3291 5549 3482 5606 Sancte
3507 5550 3666 5616 Zeno,-
3713 5567 3802 5603 re-

2204 5619 2348 5692 q__uire
2375 5619 2435 5692 in‘
2461 5617 2639 5692 Sancti
2672 5617 2902 5692 Martini.
2938 5617 3228 5692 IniCarpso
3253 5632 3454 5677 autem.
3500 5623 3539 5692 ἢ
3561 5663 3576 5676 .
3608 5622 3803 5684 Sancte

2207 5683 2365 5744 leno.
2415 5689 2449 5759 γ
2476 5729 2488 5741 .
2523 5687 2569 5741 0
2592 5683 2950 5745 BoneteZenoi
2980 5683 3356 5758 Suphievimus
3376 5709 3443 5750 ex
3471 5683 3574 5750 ms.
3593 5695 3808 5750 monia-

2208 5762 2340 5823 lium
2368 5763 2424 5823 S.
2460 5761 2641 5822 Mariae
2667 5761 2733 5820 de
2758 5761 2962 5836 Campo
2985 5762 3198 5823 Martio.
