4216 6178
493 345 603 416 ἀει

1875 350 2413 420 PROLEGOMENA.

3698 366 3803 422 $238

492 491 654 546 supra
676 477 962 534 Historiam
986 477 1253 534 Suzannte
1280 487 1569 534 tractatum
1601 478 1822 535 brevem
1857 497 1872 532 :
1907 480 1974 534 de
2003 480 2092 534 die
2123 483 2168 542 Α
2203 479 2427 536 Michael
2456 477 2709 535 Fossatus
2744 478 3052 534 Veronensis
3077 479 3130 533 in
3161 478 3402 534 Carmine
3449 479 3511 533 de
3542 478 3804 534 Laudibus

493 566 774 624 limoinico
823 577 1080 625 tractatus
1119 569 1254 624 duos
1310 569 1423 626 :de
1470 570 1746 626 Abraham
1796 570 1934 626 duos
1979 571 2090 626 :de

489 657 779 716 Nativitate
805 660 1012 716 Domini
1039 670 1299 717 tractatus
1328 663 1462 717 duos
1497 680 1509 716 ε
1539 663 1840 733 Epistolam
1869 662 1940 718 de
1966 677 2091 733 pas-

487 752 643 807 sione
687 753 942 825 martyris
981 754 1222 821 Arcadii.
1273 757 1366 826 qui
1407 755 1602 814 eodem
1627 763 1872 825 tempore
1900 769 2092 826 passus

489 854 571 900 est
594 860 629 902 tl
677 845 802 904 ldus
826 846 1062 918 januarii
1089 847 1236 919 apud
1274 849 1722 908 Mauritaniam...
1756 848 1886 908 Haec
1918 848 2092 920 ipsius

493 938 694 1009 scripta
723 949 778 996 et
816 945 1078 1000 tractatus
1103 941 1218 1011 ipse
1245 943 1346 1013 legi
1374 952 1428 998 et
1457 941 1584 998 vidi.

499 1051 691 1109 Petrus
736 1053 862 1110 Caio
904 1056 1019 1110 ard.
1054 1055 1466 1111 Pratdicotorum
1499 1058 1551 1111 in
1584 1055 1934 1113 Miscctlaneis
1965 1071 2091 1113 mss.

637 1147 781 1217 apud
809 1145 1216 1214 Henscltenium,
1239 1166 1361 1221 pag.
1394 1150 1486 1216 7G,
1517 1159 1639 1206 tom.
1673 1165 1710 1208 tt
1733 1149 1948 1222 Aprilis.

566 1262 797 1332 Scripsit
843 1271 1021 1320 autem
1065 1265 1122 1321 S.
1158 1265 1304 1320 Zeno
1333 1274 1598 1321 tractatus
1628 1267 1902 1338 octoginta
1933 1281 2098 1335 super

2276 573 2491 629 Verona
2518 590 2654 628 anno
2690 574 2831 630 1482
2855 616 2868 640 ,
2895 572 3186 644 conscripto
3225 588 3285 626 ae
3329 572 3466 645 edito
3501 581 3532 625 tt
3571 570 3806 642 Baptista

2271 664 2475 721 Pereuo
2513 667 2567 720 in
2605 664 2833 724 Srhotiis
2872 664 3072 720 Latinis
3111 665 3182 718 ad
3244 664 3421 719 Vitam
3467 665 3530 723 S.
3586 662 3807 720 Zenonis

2265 774 2387 834 pag.
2410 757 2501 812 60.

2321 868 2456 936 Zeno
2479 882 2642 932 sacer,
2673 872 2944 936 patriasque
2967 871 3137 936 Pater,
3168 880 3249 923 tua
3267 886 3405 936 musa
3430 882 3624 926 tuorum

2385 934 2681 984 Sermonem
2703 934 3062 1000 codex'quanta
3080 934 3229 987 decet
3259 935 3427 987 fuerit.
3551 941 3558 948 ”

2201 1038 2502 1110 Onupltrius
2535 1037 2821 1098 Panvinitts
2877 1041 3253 1109 Antiquitatum
3307 1041 3674 1103 Veronensium
3712 1043 3803 1100 lib.

2851 1141 2931 1202 1v;
2955 1150 3077 1204 cap.
3106 1133 3158 1190 6.

2271 1249 2367 1306 Vir
2397 1249 2495 1307 fuit
2521 1260 2576 1307 et
2605 1250 2659 1306 in
2684 1251 2846 1308 rebus
2882 1251 3136 1323 gerendis
3156 1252 3452 1310 vehemens
3485 1253 3645 1310 valde
3675 1293 3692 1318 ,
3743 1262 3802 1309 et

493 1355 761 1422 Psaltnoe,
807 1369 863 1413 et
903 1358 1220 1427 prophetas,
1270 1369 1330 1415 et
1355 1359 1426 1415 de
1451 1359 1747 1415 Nativitate
1781 1357 2011 1426 Domini,
2043 1369 2100 1414 et

2208 1345 2404 1401 divinis
2423 1345 2722 1417 Scripturis
2750 1347 3088 1416 explicandis
3114 1347 3398 1418 eloquens,
3418 1349 3618 1418 quiquo
3631 1362 3816 1418 altant-

492 1451 727 1507 diVersis
779 1451 905 1506 aliis
931 1453 1202 1520 materiis,
1231 1460 1288 1508 et
1315 1453 1593 1521 epislolas,
1626 1463 1689 1505 ac
1719 1451 2100 1521 expositiones
2196 1437 2292 1492 diu
2323 1436 2566 1506 pontifex
2587 1439 2741 1504 vixit,
2765 1438 2818 1494 in
2845 1453 2970 1494 eam
2997 1438 3214 1494 assidue
3241 1454 3429 1494 curam
3461 1440 3727 1503 incubuit,
3750 1447 3810 1494 ut

479 1543 708 1613 Nam,
758 1557 822 1598 ac
871 1544 1036 1598 νίωη,
1080 1543 1138 1599 δ,
1183 1543 1397 1600 Arcadii
1441 1527 1716 1616 ma‘nyris,
1770 1544 1860 1614 qui
1903 1543 2097 1599 eodem
2198 1528 2400 1582 civium
2431 1529 2643 1583 animos
2687 1528 2754 1583 ad
2785 1529 3222 1600 amplectendam
3250 1543 3433 1585 veram
3463 1530 3814 1600 Cbristipie—

495 1645 738 1704 tempore
773 1650 963 1704 passus
989 1645 1095 1703 est,
1115 1651 1274 1706 qnam
1300 1637 1454 1707 posui
1485 1637 1660 1706 pridie
1688 1636 1813 1690 ldus
1829 1634 2101 1702 Januarii,

2208 1631 2396 1686 tatem,
2407 1622 2824 1678 simulacrorum
2841 1622 2988 1677 cultu
3007 1623 3232 1694 reiecto,
3246 1632 3593 1679 converteret
3605 1624 3816 1684 inﬂam-

489 1726 2102 1800 quostractatus,etepistolas,etexpositiones[cc]puleltro
2203 1721 2659 1786 ωθτθιςιιθη-οηο
2685 1716 2982 1773 Sermones
3012 1717 3184 1774 edidit
3204 1718 3506 1774 δυουίθηιω
3535 1733 3600 1774 ⁸ο
3619 1733 3813 1790 ¹¹¹³8¹¹³

491 1831 549 1876 et
571 1820 755 1878 subtili
777 1821 921 1890 ston
946 1821 1124 1877 editos
1146 1837 1249 1894 ego
1276 1823 1385 1876 vidi
1410 1824 1460 1876 in
1492 1822 1702 1877 duobus
1732 1821 2100 1879 voluminibus
2133 1872 2178 1894 η
2203 1808 2459 1865 doc"th
2480 1809 2734 1866 refertos.

499 1913 642 1982 apud
663 1912 720 1968 S.
756 1912 1028 1970 Zenonem
1052 1913 1121 1969 de
1152 1915 1384 1970 Verona.

496 2029 807 2085 Guillelmtts
855 2029 1169 2101 Pastrengus
1218 2028 1394 2084 Judex
1443 2027 1756 2083 Veronensis
1801 2027 1851 2082 in
1884 2028 2014 2082 libro
2037 2027 2102 2083 de

914 2121 1054 2177 Viris
1081 2121 1389 2192 illustribus,
1423 2139 1542 2195 pag.
1577 2123 1665 2176 77.

566 2231 749 2302 Zeno,
784 2231 1116 2292 Veronensis
1139 2235 1459 2308 episcopus,
1488 2233 1718 2290 Gallieni
1758 2234 2101 2306 imperatoris

419 2376 425 2383 .
497 2335 742 2396 tempore
806 2323 1030 2397 insignis
1075 2324 1346 2393 habetur,
1405 2335 1459 2383 et
1503 2327 1819 2399 martyrium
1880 2329 2098 2397 patitur.

479 2416 725 2489 Scripsit
751 2425 928 2472 autem
963 2417 1047 2473 bic
1073 2416 1167 2471 Dei
1197 2416 1534 2474 venerandus
1568 2419 1810 2473 Antistes
1836 2411 2005 2475 libros
2036 2418 2104 2477 de

494 2507 780 2577 Patientia,
809 2507 1386 2580 Pudicitia.Fide,Spe,
1406 2508 1679 2565 Cbaritate
1702 2518 1834 2580 tres,
1861 2519 1966 2566 etc.
1994 2509 2106 2566 Ex-

496 2602 672 2657 scribit
716 2604 849 2658 enim
898 2603 1167 2659 laudatum
1203 2601 1458 2664 Joannem
1491 2602 1875 2671 Veronensem;
1920 2605 2106 2660 deinde

499 2695 645 2750 addit
673 2697 897 2751 :Omnia
923 2698 1038 2752 haec
1067 2697 1329 2766 opuscula
1353 2695 1720 2752 memorabilis
1741 2697 1822 2752 vir
1841 2696 2102 2763 Joannes,

498 2788 781 2860 presbyter
803 2787 1024 2859 majoris
1051 2786 1375 2844 Veronensis
1403 2786 1657 2842 Ecclesia:
1681 2787 2099 2855 mansionarius,

498 2894 558 2936 se
581 2879 780 2936 vidisse
805 2888 861 2935 et
888 2880 1081 2951 legisse
1112 2884 1361 2934 testatur.

503 2993 689 3050 Petrus
734 2994 801 3050 de
847 2992 1124 3048 Natalibas
1174 2993 1445 3067 episcopus
1480 2991 1747 3064 Equilinus
1771 2993 1827 3049 in
1855 2992 2106 3066 Catatogo

919 3086 1232 3162 Sanctorum
1257 3086 1346 3142 tib.
1376 3102 1414 3150 ι,
1438 3103 1553 3158 cap.
1581 3087 1672 3142 45.

572 3201 720 3260 Zeno
752 3200 1088 3259 Veronensis
1117 3201 1408 3272 episcOpus
1434 3211 1490 3257 et
1515 3202 1708 3258 doctor
1733 3200 1929 3258 claruit
1965 3209 2107 3258 tetu-

497 3309 636 3366 pore
673 3293 903 3350 Gallieni
933 3294 1394 3364 imperatoris.....
1425 3293 1656 3362 Scripsit
1690 3301 1869 3350 autem
1899 3291 1988 3352 hic
2016 3308 2110 3349 ve-

501 3384 776 3445 nerandus
814 3385 1056 3442 Antistes
1092 3386 1258 3441 libros
1288 3385 1357 3442 de
1389 3385 1678 3447 Patientia.
1707 3395 1754 3440 et
1777 3395 1961 3442 cetera
1987 3387 2110 3442 toti-

501 3481 617 3538 dent
639 3481 792 3551 plane
811 3479 972 3536 verbis
993 3488 1047 3534 ut
1073 3480 1214 3549 apud
1239 3477 1571 3536 Guitletmum
1601 3478 1965 3550 Pauretsguut.

501 3594 729 3650 Iacobus
759 3593 1034 3666 Presbyter
1053 3595 1107 3648 in
1134 3594 1362 3649 carmine
1392 3594 1456 3648 de
1484 3593 1758 3648 Miraculis
1789 3593 1850 3649 S.
1885 3593 2109 3650 Zenonis

573 3689 714 3760 apud
739 3687 1118 3744 Hense-neniam
1143 3705 1282 3742 num.
1318 3690 1372 3755 1,
1401 3706 1520 3761 pag.
1552 3689 1645 3754 76,
1680 3698 1804 3742 tom.
1829 3701 1867 3743 tt
1892 3688 2106 3759 Aprilis,

574 3779 639 3834 de
679 3783 831 3851 cujus
868 3781 1133 3852 scriptoris
1173 3790 1324 3836 (etate
1355 3779 1468 3834 vide
1493 3780 1899 3835 admonitionem
1923 3795 2110 3836 monu-

577 3874 760 3928 mentis
792 3875 1128 3944 prcmissam.

630 3987 731 4051 Sed
751 3999 863 4038 cum
891 3988 1040 4040 verba
1064 3987 1163 4051 Dei
1192 3992 1307 4037 tunc
1331 3991 1486 4051 primo
1509 3995 1674 4038 sancta
1699 3989 1922 4040 dedisset

694 4050 978 4113 intrepidus
997 4050 1191 4112 populo,
1210 4049 1392 4113 dignus
1415 4049 1657 4101 Patronus
1681 4051 1889 4113 habetur

691 4110 925 4176 Veronae,
950 4110 1100 4163 fuerit
1125 4110 1240 4164 licet
1261 4110 1367 4176 ipse
1386 4119 1586 4167 octavus
1605 4115 1654 4163 in
1674 4112 1755 4176 illa

694 4173 916 4237 Antistes
944 4191 954 4224 :
981 4187 1144 4224 sacras
1166 4173 1464 4224 nam'docuit
1492 4183 1691 4237 pectora
1718 4173 1861 4237 leges

691 4211 1054 4300 SostrayPater,
1078 4238 1285 4286 ﬂorebat
1303 4240 1436 4287 enim
1455 4211 1688 4287 selrmbne
1715 4211 1868 4300 poiito
1894 4253 1906 4287 :

691 4298 756 4364 Et
773 4301 1170 4364 patriismonitis
1190 4300 1403 4364 instabat
1423 4313 1652 4364 semper,
1671 4298 1727 4349 ut
1750 4302 1841 4364 ipsi

691 4353 854 4425 Atq'ue
878 4362 960 4412 uni
985 4363 1213 4425 trinoque
1233 4361 1338 4410 Deo
1359 4353 1686 4425 coniungeret
1704 4353 1895 4412 omnes.

691 4423 981 4474 innumeros
1005 4423 1254 4474 Jcsutivo
1275 4425 1340 4473 de
1362 4424 1498 4475 fonte
1519 4423 1733 4473 redemit

690 4486 784 4537 llic
799 4485 1025 4550 .p0pulos,
1051 4493 1102 4539 et
1122 4499 1300 4550 magna
1321 4485 1415 4536 Dei
1436 4489 1647 4538 sacravit
1668 4485 1842 4537 honori

693 4549 824 4598 Faua
843 4549 1012 4598 Pater.

717 4549 824 4598 "ana
843 4549 1012 4598 Pater.

909 4686 916 4694 -
959 4651 1023 4709 Et
1051 4671 1262 4710 nuotero
1294 4651 1381 4722 17,
1414 4671 1534 4726 pag.
1559 4655 1649 4710 77.

629 4770 671 4822 Ο
696 4768 931 4831 praeclara
953 4769 1097 4831 nimis
1118 4776 1238 4831 quot
1259 4774 1541 4831 quantaque
1559 4765 1686 4816 facta
1707 4768 1937 4831 relucent

733 4783 931 4820 τίθεμαι-ιι
953 4783 1097 4818 nuuts
1118 4783 1238 4831 qaut
1259 4783 1541 4830 quantaque
1559 4783 1686 4816 taeta
1707 4783 1859 4818 rerum

690 4783 956 4890 gentilicis,
985 4829 1198 4892 Verona,
1222 4831 1313 4892 tui,
1341 4830 1656 4892 cui‘plurims
1673 4830 1859 4892 debes!

692 4894 814 4944 Nam
841 4894 926 4944 tibi
951 4894 1064 4954 quis
1083 4891 1198 4955 lidei
1220 4890 1403 4955 primus
1423 4890 1876 4955 iutidatorhabctur
1892 4893 1917 4944 ‘l

693 4956 812 5018 Quae
837 4952 1059 5004 tenebris
1087 4952 1167 5002 lux
1194 4952 1347 5017 prima
1372 4954 1468 5018 tuis
1494 4969 1523 5002 e
1546 4953 1789 5018 cordibus
1806 4954 1979 5007 arcot?

692 5015 746 5066 In
771 5029 1002 5065 sermone
1016 5023 1162 5114 pater
1186 5015 1301 5089 quis.
1317 5015 1443 5066 uatis
1469 5017 1654 5088 gratior
1677 5015 1794 5066 illo?
1845 5019 1848 5028 '

694 5079 779 5114 Πιιί
804 5079 958 5114 donum
983 5090 1011 5114 ρ
1032 5077 1331 5114 mutinme
1356 5083 1402 5114 nl
1429 5077 1648 5114 famrrtdm
1676 5078 1798 5114 Iuvit

694 5079 782 5131 Cui
804 5079 958 5128 decus
983 5077 1332 5142 eioquiimagis
1356 5083 1407 5128 et
1428 5077 1652 5127 facundia
1676 5078 1818 5130 luxit.

507 5185 637 5261 [cet]
665 5184 882 5244 Flavius
909 5183 1144 5240 Blondus
1168 5182 1297 5264 Ital:
1321 5181 1596 5240 ltlustrata
1609 5200 1719 5256 reg.
1754 5184 1808 5251 9,
1829 5201 1954 5257 pag.
1975 5183 2106 5252 376,

1074 5277 1198 5332 edit.
1228 5275 1561 5332 Basileensis.

576 5395 746 5462 Zeno,
767 5394 910 5453 sicut
938 5391 1258 5462 religionem
1309 5389 1673 5448 Christianam
1705 5431 1722 5457 ,
1769 5400 1824 5447 et
1851 5407 2002 5449 suam
2026 5380 2109 5462 ip;

502 5493 616 5548 sius
641 5490 798 5547 decet
825 5486 1189 5551 sanctitatem,
1214 5484 1419 5556 primus
1446 5483 1573 5551 erit,
1597 5485 1687 5555 qui
1712 5483 1940 5541 Verona;
1967 5500 2108 5558 prc-

505 5583 587 5640 sul
623 5581 853 5639 celebris
903 5576 1274 5634 sanctimonia:
1319 5575 1490 5633 multa
1544 5574 1762 5646 scripsit
1796 5576 2058 5632 exstantia
2085 5618 2102 5642 ,

501 5689 685 5734 sacras
711 5673 991 5741 utriusque
1037 5665 1371 5744 Testamenti
1405 5666 1617 5724 litteras
1651 5665 1979 5724 declarantia
2007 5709 2022 5734 ,
2054 5678 2110 5724 et

497 5765 937 5827 Ambrosianam,
965 5775 1122 5831 quam
1151 5759 1392 5818 imitatus
1419 5768 1525 5829 est,
1561 5758 1926 5819 eloquentiam
1949 5759 2106 5819 redo-

492 5857 675 5917 lcntia'.

2131 1872 2180 1935 B

2668 1925 2816 1981 Idem
2845 1927 2936 1982 lib.
2968 1942 3038 1992 v1,
3077 1943 3195 1999 pag.
3231 1925 3356 1982 152.

2285 2035 2384 2094 ilic
2409 2053 2530 2094 cum
2563 2038 2761 2110 pietate
2786 2082 2801 2107 ,
2857 2040 2961 2095 ﬁde
2994 2082 3007 2106 ,
3064 2048 3114 2094 et
3147 2037 3410 2111 religione
3446 2038 3812 2106 clarissimus,

2211 2142 2323 2186 tum
2378 2133 2661 2203 multiplici
2709 2131 2955 2190 doctrina
3001 2133 3398 2208 illuswissimus
3444 2134 3658 2191 habitus
3711 2141 3813 2190 est.

2209 2223 2374 2288 Multa
2405 2225 2549 2282 enim
2575 2227 2792 2296 scripsit
2819 2224 3129 2282 Christiano
3159 2225 3397 2283 antistite
3425 2225 3588 2298 digna
3621 2269 3634 2292 ,
3683 2241 3818 2298 quo-

2210 2332 2330 2372 rum
2366 2317 2480 2372 haec
2510 2317 2577 2372 ad
2601 2328 2839 2373 nostram
2865 2333 3164 2388 pervenere
3211 2318 3479 2384 notitiam,
3509 2319 3577 2374 de
3606 2318 3819 2375 Patien-

2214 2411 2307 2479 tia,
2337 2409 2619 2478 Pudicitia,
2643 2408 2792 2475 Fide,
2819 2410 2944 2482 Spe,
2972 2422 3019 2466 et
3039 2407 3318 2466 Charitate
3343 2410 3511 2468 libros
3539 2427 3619 2479 ιιι,
3649 2420 3695 2465 et
3721 2427 3819 2466 cas.

2213 2513 2346 2568 tera,
2374 2503 2448 2555 uti
2469 2503 2578 2574 fere
2603 2504 2743 2573 apud
2765 2502 3018 2558 Joannem
3069 2502 3434 2572 Veronensem,
3460 2507 3610 2578 cujus
3643 2499 3817 2558 Histo-
3884 2523 3886 2526 '

2212 2591 2293 2649 ria
2332 2598 2689 2665 manuscripta
2708 2613 2832 2652 usus
2859 2607 2951 2650 est.

2356 2707 2575 2766 Isaacus
2615 2711 2948 2768 Casaubonus
2975 2712 3028 2766 in
3068 2711 3410 2784 Spartianum
3431 2730 3556 2788 pag.
3586 2712 3676 2770 51.

2283 2825 2429 2882 Zeno
2454 2825 2785 2886 Veronensis
2810 2829 3028 2884 Patrum
3060 2827 3369 2886 Latinorum
3394 2869 3412 2898 ,
3442 2828 3812 2902 meoiudicio,

2211 2920 2674 2992 elegantissimus.

2572 3031 2722 3088 Idem
2748 3031 3030 3089 Exercitat.
3059 3035 3127 3091 16
3147 3077 3162 3104 ,
3193 3049 3338 3090 num.
3368 3036 3462 3092 43.

2285 3147 2434 3204 Zeno
2458 3149 2790 3205 Veronensis
2827 3150 3060 3221 scriptor
3088 3155 3496 3208 vetuStissimus
3519 3153 3816 3225 eLelegan-

2137 3261 2185 3326 ρ
2219 3241 2480 3296 tissimus.

2284 3353 2489 3427 (iaspar
2511 3353 2757 3414 Barthius
2782 3354 3207 3412 Adversariorum
3237 3356 3326 3412 lib.
3361 3373 3490 3430 xw,
3518 3373 3632 3428 cap.
3666 3356 3752 3414 15.

2288 3466 2439 3524 Zeno
2467 3467 2768 3524 eruditione
2790 3477 2846 3534 et
2875 3467 3075 3539 pietate
3122 3469 3470 3528 admirandus
3517 3470 3779 3542 Scriptor.

2642 3581 2795 3639 Idem
2821 3583 2913 3639 tib.
2950 3597 3118 3652 mu,
3141 3601 3259 3655 cap.
3294 3585 3382 3641 10.

2285 3698 2416 3754 Cum
2458 3698 2702 3754 Zenonis
2768 3696 3159 3753 Veronensium
3225 3697 3497 3767 quondam
3559 3697 3818 3752 antistitis

2213 3803 2497 3846 sermones
2519 3790 2661 3862 lego,
2677 3787 3050 3844 Christianum
3084 3788 3371 3858 quemdam
3394 3788 3714 3859 Appuleium
3742 3789 3822 3845 leo

2211 3898 2340 3954 gere
2367 3882 2499 3938 mihi
2523 3883 2747 3941 videor:
2779 3883 2916 3941 adeo
2946 3882 3192 3940 eruditus
3235 3893 3393 3941 estet
3423 3885 3622 3940 densus
3663 3883 3713 3936 in
3743 3881 3819 3936 si-

2211 3974 2532 4044 gniﬁcandis
2563 3982 2673 4046 per
2711 3989 2881 4045 pauca
2927 3975 3112 4032 multis
3143 3975 3190 4031 is
3235 3976 3602 4033 nobilissimus
3641 3975 3818 4044 scrip-

2213 4080 2319 4126 101⁸.

2285 4161 2624 4216 Doctissimus
2659 4160 2867 4218 Pmsul
2891 4160 3094 4218 dicitur
3133 4162 3204 4218 ab
3239 4161 3434 4218 eodem
3464 4159 3684 4216 Barthio
3718 4158 3814 4214 lib.

2213 4270 2346 4320 xui,
2373 4269 2493 4324 cap.
2536 4255 2602 4319 5;
2654 4254 2882 4309 Antistes
2902 4255 3314 4326 elegantissimus
3340 4254 3434 4310 lib.
3487 4269 3594 4309 χιιι
3623 4295 3639 4320 ,
3692 4266 3817 4322 cap.

2214 4347 2310 4411 18;
2344 4346 2582 4415 Scriptor
2611 4346 2940 4401 doctissimus
2971 4347 3065 4402 lib.
3097 4363 3203 4404 χιιι
3238 4391 3252 4415 ,
3313 4363 3432 4417 cap.
3467 4349 3576 4413 l5;
3622 4335 3676 4399 et
3717 4345 3816 4399 lib.

2212 4453 2381 4504 XLVI,
2436 4455 2554 4508 cap.
2630 4439 2708 4507 7;
2763 4441 3101 4495 Acutissimus
3153 4439 3221 4495 ad
3281 4457 3320 4496 ιι
3371 4439 3544 4496 Tlteb.
3606 4437 3820 4508 Papinii

2216 4543 2333 4585 ver.
2367 4521 2497 4586 251.

2137 4647 2190 4707 Ι)
2215 4639 2366 4715 [cett]
2409 4643 2670 4714 Augustus
2714 4621 3428 4701 Bnclmerusdissertatione
3464 4658 3770 4701 CCCLXXXIX
3797 4685 3817 4711 ,

2869 4757 2970 4812 pag
3027 4737 3154 4795 528.

2282 4849 2376 4904 Est
2398 4849 2614 4920 quidem
2634 4851 2869 4908 Zenonis
2889 4852 3052 4909 dictio
3068 4853 3301 4922 erudita,
3331 4853 3545 4923 ﬂorida,
3559 4854 3813 4924 elegans;

2216 4956 2340 4996 nam
2371 4951 2424 4996 ct
2463 4943 3034 5013 przestantissimornm
3085 4956 3364 5002 auctorum
3397 4948 3684 5003 lectionem
3728 4959 3818 5001 re-

2213 5031 2385 5100 dolet,
2416 5049 2479 5087 ac
2507 5032 2712 5106 Virgilii
2741 5052 2861 5094 eum
2891 5039 3081 5108 primis
3100 5081 3115 5102 .
3139 5049 3200 5096 et
3223 5055 3332 5096 non
3359 5040 3478 5097 sine
3501 5055 3632 5100 cura
3659 5040 3816 5096 colo-

2217 5122 2367 5180 ribus
2395 5124 2560 5180 variis
2601 5128 2745 5198 picta
2774 5141 2829 5183 et
2878 5131 3211 5186 interstincta
3234 5172 3250 5197 ,
3283 5117 3554 5201 praeterea
3578 5132 3820 5204 propriis

2213 5225 2269 5270 et
2297 5217 2455 5276 valde
2497 5221 2923 5294 significantibus
2969 5225 3247 5281 voeabulis
3289 5235 3523 5292 constat,
3549 5226 3818 5298 pluraque

2213 5311 2510 5392 ingeniose,
2542 5323 2705 5388 atque
2731 5330 2888 5373 acute
2917 5317 3058 5375 dicta
3090 5319 3252 5376 habet
3275 5317 3388 5389 sic,
3423 5329 3482 5377 ut
3506 5319 3639 5378 nihil
3667 5319 3820 5392 capi-

2212 5402 2373 5464 talius
2399 5406 2508 5463 dici
2548 5422 2709 5479 posse
2734 5408 2998 5466 videatur.
3043 5409 3111 5465 Et
3141 5428 3262 5484 pag.
3293 5410 3435 5468 EH9:
3465 5412 3637 5470 Nemo
3675 5427 3816 5482 ope-

2213 5509 2324 5551 ram
2351 5496 2560 5566 luserit,
2595 5501 2686 5572 qui
2713 5501 2831 5572 ejus
2858 5516 3140 5559 sermones
3181 5504 3580 5561 eruditissimos
3609 5506 3818 5576 pariter

2213 5602 2278 5644 ac
2331 5589 2700 5649 sanctissimos
2774 5593 2950 5665 legere
2981 5593 3221 5654 animum
3286 5595 3526 5652 inducat.
3605 5594 3817 5653 Prteter

2214 5694 2374 5749 quam
2400 5683 2543 5737 enim
2563 5683 2706 5753 quod
2735 5686 2934 5754 passim
2959 5686 3239 5756 praeclaris
3263 5702 3328 5744 ac
3350 5686 3818 5759 praestantissimis

2211 5775 2497 5832 sententiis
2524 5783 2580 5830 et
2603 5775 2671 5831 ad
2701 5775 3018 5847 religionem
3046 5780 3321 5836 inStruant
3367 5781 3581 5838 animos
3603 5821 3620 5846 ,
3659 5789 3716 5837 et
3742 5780 3816 5836 ad

2210 5877 2393 5922 veram
2426 5866 2680 5936 pietatem
2727 5869 2954 5928 invitent
2992 5885 3057 5929 ac
3084 5870 3319 5941 ducant;
3352 5874 3505 5945 plura
3545 5881 3697 5932 certe
3737 5871 3817 5929 ibi
