4216 6178
538 296 651 354 259

1898 298 2434 357 PROLEGOMENA.

3742 308 3849 365 9.40

479 434 491 445 -
542 410 729 465 nuerit
764 422 866 465 :ac
895 407 1121 481 proinde
1151 408 1241 465 isti
1280 416 1484 464 sancta:
1512 408 1642 466 Sedi
1671 409 2000 479 Apostolicze
2036 411 2146 466 Ro—
2172 416 2219 476 A
2251 417 2547 487 principem
2569 417 2972 489 episcoporum,
3012 418 3283 476 hzcredcm
3315 416 3716 490 apostolorum,
3750 438 3848 492 pn-

544 514 721 555 mana:
790 514 920 564 suae,
990 498 1341 568 omniumque
1400 497 1642 555 ﬁdelium
1704 499 2139 558 Christianorum

544 593 727 660 matri,
759 590 899 647 unde
932 605 1119 645 norma
1148 600 1295 648 recte
1323 591 1603 657 credendi,
1634 602 1887 663 recteque
1925 595 2142 649 vivendi

544 684 778 756 petenda
804 693 908 749 est,
940 699 1152 739 summa
1183 699 1306 739 cum
1329 683 1679 741 veneratione
1705 686 1965 756 paruerit.
1996 687 2143 741 Inter

544 781 646 836 hos
675 779 959 849 episcopos
985 778 1047 833 Β.
1082 778 1231 834 Zeno
1257 787 1465 851 martyr
1508 778 1702 835 ordine
1743 789 1968 837 octavus
2015 790 2098 837 est
2128 798 2141 833 :

546 873 639 946 qui
680 873 768 927 vix
814 872 941 928 dum
996 873 1253 944 migrarat
1296 873 1349 928 in
1391 872 1615 939 caelum,
1655 889 1777 930 cum
1809 890 1931 930 eum
1955 874 2147 930 civitas

545 966 877 1023 Veronensis
919 967 1019 1022 sibi
1069 976 1358 1037 patronum
1384 966 1637 1036 adscivit,
1663 977 1720 1024 et
1745 978 1802 1024 ut
1831 970 1992 1025 talem
2024 985 2149 1040 per-

546 1067 714 1131 petuo
758 1059 949 1123 coluit,
997 1059 1141 1128 quod
1186 1060 1304 1129 ejus
1354 1060 1713 1129 patrocinium
1759 1061 2061 1132 saepissime
2092 1062 2147 1117 in

549 1155 665 1210 suis
684 1153 1081 1209 calamitatibus
1110 1160 1333 1222 experta
1379 1162 1482 1208 est.
1532 1154 1596 1208 Et
1624 1156 1834 1223 piorum
1869 1155 2148 1211 hominum

548 1247 819 1303 sententia
866 1261 1081 1318 acquum
1128 1245 1322 1311 fuerat,
1356 1253 1414 1299 ut
1440 1260 1563 1301 cum
1588 1246 1725 1301 Sixti
1752 1246 1797 1301 Il
1824 1246 1985 1317 Papae
2014 1255 2152 1302 tem-

549 1339 773 1411 poribus
800 1348 852 1394 et
876 1339 1098 1400 vixerit,
1131 1346 1186 1393 et
1207 1338 1485 1408 scripserit
1513 1338 1679 1404 Zeno,
1709 1348 1765 1393 et
1802 1338 1920 1408 ejus
1950 1339 2151 1409 scripta

550 1445 692 1501 pene
734 1440 945 1486 mortua
993 1431 1166 1485 altero
1196 1429 1351 1485 Sixto
1400 1429 1444 1485 V
1494 1430 1795 1486 Ecclesiam
1844 1432 2149 1487 universam

550 1525 871 1580 moderante
897 1523 1124 1579 feliciter
1145 1523 1557 1589 reviviscerent,
1580 1532 1635 1578 et
1662 1540 1822 1593 quem
1874 1532 2152 1582 auctorem

552 1625 716 1687 atque
763 1617 1102 1671 hortatorem
1143 1616 1364 1670 tacitum
1398 1630 1511 1669 suae
1538 1614 1792 1670 editionis
1833 1615 2152 1682 habuerant,

556 1707 808 1763 eumdem
840 1716 1126 1778 patronum
1177 1707 1437 1762 diSertum
1482 1715 1536 1761 et
1571 1706 1838 1763 vindicem
1873 1707 2152 1762 haberent.

2248 516 2441 563 testate
2472 508 2715 575 Petrum,
2749 510 3006 566 unctione
3053 509 3325 566 Christum
3378 510 3461 579 (ιιι
3492 510 3674 567 Sancti
3716 511 3845 567 Ber-

2247 598 2400 653 nardi
2452 601 2630 656 verbis
2683 599 2947 672 utamur)
2994 615 3205 655 sacrum
3257 601 3620 657 Cardinalium
3675 600 3842 659 Colle-

2246 691 2415 761 gium,
2447 699 2503 746 et
2533 692 2783 748 universa
2815 693 3119 748 Christiana
3161 694 3465 765 respublica
3494 695 3742 766 agnoscit
3788 705 3842 751 et

2247 793 2563 851 veneratur,
2639 793 2697 841 et
2756 786 3090 857 Augustinus
3146 788 3448 844 Cardinalis
3494 789 3727 845 Veronae
3774 788 3841 845 ad

2251 873 2461 930 Sixtum
2495 875 2536 931 V
2560 891 2719 946 quem
2743 892 2951 933 summa
2975 880 3322 936 veneratione
3342 883 3709 952 prosequitur,
3739 893 3791 938 et
3810 898 3841 939 a

2251 982 2360 1037 quo
2374 968 2557 1023 multis
2585 970 2881 1026 honoribus
2903 980 2959 1027 et
2981 972 3479 1043 ntaguisbeneflciis
3494 984 3573 1030 est
3593 975 3842 1042 affectus,

2252 1075 2315 1117 ea
2337 1062 2553 1117 mittere
2575 1062 2781 1119 debuit.
2806 1063 2923 1119 Non
2954 1064 3140 1122 dubito
3186 1067 3316 1138 quin
3348 1068 3674 1139 pastoralem
3703 1068 3849 1126 hunc

2253 1152 2495 1209 laborem
2523 1150 2722 1221 meu'm,
2747 1157 2993 1226 quamvis
3018 1158 3325 1226 minimum,
3349 1159 3552 1217 aestivis
3578 1160 3849 1217 caloribus

2254 1256 2589 1318 susceptum,
2620 1250 2910 1318 probatura
2956 1251 3027 1305 sit
3054 1251 3328 1308 Sanctitas
3372 1250 3565 1327 vestra
3616 1272 3630 1308 :
3681 1265 3735 1310 et
3783 1271 3851 1311 ex

2255 1341 2518 1412 episcopi,
2552 1346 2911 1415 martyrisque
2951 1347 3167 1421 scriptis
3213 1364 3461 1421 magnam
3512 1351 3584 1406 sit
3626 1362 3849 1422 captura

2258 1434 2613 1505 voluptatem.
2665 1437 2882 1494 Interim
2915 1438 3059 1496 Deus
3098 1450 3292 1497 auctor
3320 1442 3584 1499 bonorum
3612 1445 3853 1512 omnium

2259 1536 2315 1583 et
2343 1528 2565 1599 largitor
2590 1530 2987 1589 Beatitudinem
3006 1534 3276 1601 Vestram,
3301 1537 3656 1595 Sanctissime
3675 1530 3855 1605 Pater,

2259 1618 2418 1675 donis
2444 1623 2558 1677 suis
2585 1624 2754 1694 magis
2781 1626 2832 1679 in
2862 1625 3001 1693 dies,
3028 1638 3087 1682 ut
3116 1627 3267 1696 facit,
3305 1628 3632 1700 locupletet:
3667 1639 3723 1687 et
3746 1632 3860 1687 col-

2264 1708 2404 1780 legio
2432 1721 2620 1767 nostro
2663 1715 3040 1787 universacque
3083 1717 3343 1775 Ecclesia:
3386 1721 3713 1780 incolumem
3739 1723 3857 1778 diu-

552 1799 801 1869 Denique
830 1808 892 1854 ut
919 1799 1180 1870 opuscula
1240 1798 1570 1854 Veronensis
1615 1798 1873 1853 Ecclesia:
1914 1798 2153 1869 episcopi
2186 1804 2235 1866 B
2262 1802 2471 1858 tissime
2508 1814 2710 1874 servet,
2742 1818 2798 1863 ut
2822 1809 3052 1879 justitia,
3087 1827 3213 1883 pax,
3269 1812 3425 1871 istius
3478 1824 3682 1870 sanctae
3710 1816 3853 1872 sedis

553 1892 790 1949 Zenonis
819 1892 1048 1949 Veronae
1092 1894 1382 1962 episcopus
1408 1890 1713 1956 illustrare,
1760 1889 1831 1945 ita
1862 1891 2156 1947 cardinalis

552 1984 624 2042 ad
646 1985 949 2043 Romanum
976 1985 1306 2057 pontiﬁcem,
1332 2000 1491 2057 quem
1513 1984 1852 2041 sacerdotem
1877 2001 2155 2057 magnum,

2263 1895 2578 1963 auctoritas,
2617 1911 2809 1955 omnes
2866 1900 3096 1958 virtutes
3154 1903 3208 1958 in
3259 1902 3379 1960 dies
3428 1906 3599 1977 magis
3652 1906 3863 1977 vigeant

2266 1996 2429 2060 atque
2456 1989 2767 2049 ﬂorescant.

626 2121 3806 2156 Μ

880 2228 1534 2316 RAPHAELIS
1598 2228 2097 2313 BAGATIE

2273 2235 2321 2317 Γ
2390 2236 2977 2325 BAPTIST/E
3034 2246 3549 2330 PERETTI

1180 2388 1554 2448 PREFATIO
1582 2388 1649 2446 IN
1681 2389 1973 2447 EAMDEM
2014 2391 2396 2455 EDITIONEM
2443 2400 2914 2487 VERONENSEM
2943 2406 3058 2463 AN.
3093 2408 3254 2467 1586.

1873 2526 2586 2552 ._________

636 2621 869 2677 Sanctus
896 2616 1042 2673 Zeno
1067 2614 1300 2672 Verona
1329 2612 1640 2683 episcopus,
1669 2620 1725 2666 et
1776 2620 2036 2682 patronus
2062 2606 2166 2663 dif-

564 2711 819 2768 ﬁcillimis
846 2706 1180 2778 temporibus
1211 2707 1264 2759 in
1293 2703 1502 2775 magnis
1531 2703 1952 2773 tempestatibus
1995 2700 2167 2756 admi-

560 2804 719 2859 rabili
758 2800 1063 2857 constantia
1114 2796 1487 2853 Veronensem
1537 2794 1679 2850 rexit
1722 2793 2021 2849 Ecclesiam
2046 2834 2063 2861 ,
2101 2805 2165 2847 ac

564 2894 799 2951 Gallieni
825 2890 1169 2961 imperatoris
1196 2897 1442 2959 tempore
1466 2887 1724 2958 martyrio
1749 2896 2040 2942 coronatus
2059 2894 2165 2941 est.

562 2986 904 3043 Floruitnon
935 2982 1110 3037 solum
1140 2981 1263 3036 vita:
1287 2982 1573 3037 sanctitate
1621 2969 1678 3034 et
1729 2978 1986 3049 pastorali
2036 2977 2169 3050 vigi—-

565 3079 735 3135 lautia
764 3119 780 3147 ,
831 3077 928 3134 sed
972 3075 1217 3131 doctrina
1241 3116 1256 3140 ,
1303 3085 1358 3130 et
1387 3073 1602 3131 dicendi
1642 3072 1836 3129 laude:
1880 3072 2025 3144 quod
2051 3073 2169 3144 ejus

562 3185 848 3228 sermones
906 3184 1119 3226 summa
1162 3168 1427 3239 gravitate
1483 3177 1538 3222 et
1587 3165 1886 3237 apostolico
1935 3166 2168 3236 quodam

563 3264 712 3320 illius
739 3262 925 3319 saeculi
951 3261 1142 3332 spiritu
1165 3258 1460 3330 conscripti
1497 3257 1715 3313 abunde
1758 3267 2044 3313 testantur.
2075 3257 2174 3313 Est

2268 2622 2513 2689 oportuit
2555 2626 2699 2682 enim
2765 2639 2954 2687 sancto
3010 2647 3325 2691 sermonum
3374 2638 3583 2695 auctori
3632 2641 3869 2700 tribuere

2270 2716 2512 2785 martyrii
2544 2718 2799 2789 gloriam,
2834 2741 2996 2795 quam
3043 2728 3119 2782 illi
3151 2729 3234 2803 (ut
3271 2731 3584 2788 omittamus
3618 2737 3871 2792 vetustis-

2269 2806 2405 2861 sima
2437 2810 2496 2865 Β.
2530 2811 2776 2884 Gregorii
2820 2833 2996 2891 papae,
3028 2820 3226 2879 Vener.
3274 2824 3434 2881 Bedte
3458 2870 3473 2892 ,
3508 2826 3738 2886 Usuardi
3762 2872 3778 2898 ,
3818 2842 3873 2889 et

2271 2898 2498 2955 aliorum
2550 2905 2897 2985 testimonia)
2947 2915 3382 2972 recentissimum
3429 2915 3873 2995 Martyrologium

2268 2990 2422 3061 jussu
2451 2993 2696 3068 Gregorii
2722 3000 2841 3057 XIII
2871 3003 3028 3059 Pont.
3054 3006 3196 3062 Max.
3225 3007 3430 3065 editum
3467 2990 3874 3072 attribuit.'0b-

2268 3084 2422 3155 jiciet
2448 3090 2677 3148 fortasse
2705 3082 2902 3165 aliquis
2927 3138 2943 3163 ,
2978 3098 3078 3154 hos
3113 3115 3395 3159 sermones
3439 3104 3664 3161 alterius
3703 3108 3876 3164 Zeno-

2277 3181 2359 3236 nis
2382 3198 2509 3254 esse
2539 3197 2777 3258 martyre
2804 3191 3143 3260 posterioris,
3186 3193 3420 3251 Veronae
3451 3196 3580 3253 item
3608 3200 3873 3272 episcopi,

2274 3276 2430 3344 cujus
2460 3278 2661 3333 mentio
2706 3279 2764 3335 ﬁt
2804 3297 2833 3336 a
2884 3282 2942 3340 8.
2992 3283 3281 3343 Ambrosio
3324 3291 3556 3359 epistola
3602 3293 3780 3363 prima
3806 3293 3879 3350 ad

566 3356 712 3413 idem
741 3356 800 3412 8.
829 3354 977 3410 Zeno
1006 3354 1151 3408 inter
1174 3352 1571 3408 vetustissimos
1599 3350 1858 3450 Ecclesite
1877 3350 2172 3450 scriptores
2199 3364 2245 3428 ρ
2275 3365 2579 3439 Syagrium.
2632 3373 2704 3426 Αι
2734 3373 2824 3429 me
2860 3375 3011 3432 locus
3036 3378 3267 3448 primum
3310 3350 3443 3437 nihil
3492 3350 3655 3440 ιιθδξη
3678 3426 3693 3450 ’
3737 3387 3883 3443 unde

568 3445 1083 3511 connumerandus,
1125 3459 1249 3500 cum
1294 3443 1612 3498 doctissimo
1652 3442 1770 3498 viro
1809 3442 2031 3513 Urigeni
2056 3483 2072 3510 ,
2119 3452 2176 3498 et

570 3541 966 3614 gloriosissimo
990 3540 1214 3610 martyri
1238 3538 1513 3609 Cypriano
1534 3537 1762 3608 :cqualis
1791 3537 1971 3593 fuerit.
1997 3538 2048 3593 Is
2070 3536 2178 3593 Ve-

570 3650 723 3691 ronae
755 3643 907 3705 pater
937 3633 1129 3703 patria:
1159 3632 1468 3687 nominatus
1486 3641 1592 3697 est,
1623 3642 1676 3687 et
1705 3630 1896 3687 doctor
1926 3631 2175 3703 insignis,

572 3742 681 3799 quo
704 3726 941 3782 doctoris
977 3725 1197 3780 nomine
1227 3725 1281 3779 in
1314 3724 1555 3780 Ecclesia
1585 3724 1746 3780 etiam
1787 3725 2178 3782 Mediolanensi

574 3818 885 3878 decoratur.
912 3819 971 3874 In
999 3818 1211 3874 Grazcia
1229 3818 1393 3875 etiam
1424 3817 1628 3873 Christi
1663 3818 2014 3889 Evangelium
2038 3835 2180 3890 pra:-

578 3913 797 3970 dicavit.
831 3912 1060 3967 Exstant
1102 3911 1245 3982 apud
1276 3926 1375 3967 nos
1424 3910 1583 3982 hujus
1618 3911 1677 3967 S.
1711 3912 1942 3968 Zenonis
1969 3929 2179 3970 sermo-

577 4021 679 4062 nes
705 4008 758 4059 in
804 4013 1019 4060 vetusto
1059 4018 1126 4060 ex
1171 4004 1501 4060 membranis
1544 4019 1707 4059 manu
1738 4006 1942 4077 scripto
1970 4006 2175 4064 codice.

580 4093 749 4152 Iidem
780 4110 810 4150 a
837 4096 1076 4152 Guarino
1096 4094 1292 4150 litteris
1320 4094 1524 4152 Grc-cis
1577 4106 1633 4152 et
1674 4096 1882 4152 Latinis
1924 4097 2140 4154 erudito
2162 4141 2178 4165 ,

581 4188 637 4245 in
663 4189 1039 4259 antiquissimo
1071 4188 1343 4244 volumine
1372 4189 1718 4260 episcopatus
1748 4189 1966 4246 fuerunt
1996 4208 2183 4264 reper-

581 4282 646 4350 ti,
691 4294 746 4338 et
782 4297 814 4337 a
843 4281 1134 4351 bibliopola
1165 4281 1397 4351 quodam
1452 4298 1595 4338 anno
1651 4281 1789 4338 {508
1834 4283 2060 4339 rudibus
2131 4294 2186 4341 et

580 4379 859 4436 mendosis
911 4378 1203 4435 admodum
1254 4379 1396 4451 typis
1455 4378 1699 4435 Venetiis
1746 4378 1963 4435 fuerunt
2007 4379 2184 4447 editi,

583 4473 643 4530 S.
692 4472 933 4529 Zenonis
977 4471 1194 4527 nomine
1229 4514 1243 4539 ,
1297 4481 1354 4525 ut
1402 4471 1472 4527 de
1524 4487 1712 4527 eorum
1763 4482 1986 4527 auctore
2037 4473 2186 4527 nullo

584 4568 750 4624 modo
778 4567 848 4622 sit
876 4565 1250 4621 dubitandum.
1281 4564 1437 4620 Nunc
1463 4579 1593 4620 vero
1621 4565 1967 4634 politioribus
1998 4564 2187 4621 formis

587 4669 776 4717 exacte
804 4657 1087 4728 recogniti,
1119 4654 1393 4712 emendati
1423 4664 1478 4710 et
1533 4656 1814 4722 expurgati
1835 4695 1849 4720 ,
1902 4656 2186 4724 Augustini

2274 3460 2535 3529 probetur
2576 3462 2666 3519 ille
2708 3464 2853 3521 Zeno
2903 3467 3100 3524 horum
3146 3479 3338 3528 auctor
3375 3489 3497 3530 esse
3538 3490 3877 3534 sermonum.

2279 3550 2482 3607 Deinde
2509 3569 2619 3635 non
2647 3556 2717 3611 ita
2747 3559 2938 3628 probat
2955 3576 3078 3617 eum
3110 3578 3232 3621 esse
3264 3565 3489 3623 Verona:
3519 3571 3838 3642 episcopum
3862 3616 3880 3640 ,

2278 3652 2338 3699 ut
2362 3646 2667 3703 convincat.
2725 3648 2860 3707 Cum
2911 3654 3055 3709 enim
3107 3658 3166 3713 S.
3215 3657 3539 3716 Ambrosius
3589 3678 3884 3735 aggressus

2279 3735 2470 3793 fuisset
2495 3740 2790 3810 praedicare
2812 3742 2893 3817 (ut
2920 3746 3149 3817 legimus
3183 3750 3235 3805 in
3270 3751 3377 3808 vita
3427 3752 3484 3811 8.
3515 3754 3732 3812 Eusebii
3775 3757 3886 3814 Bo-

2280 3832 2458 3887 noniae
2499 3832 2750 3905 Episcopi
2795 3836 2889 3893 lib.
2924 3855 2943 3894 1
2985 3840 3057 3896 de
3100 3843 3388 3914 episcopis.
3419 3844 3885 3920 Bononiensibus)

2281 3933 2549 3980 sacratam
2583 3926 2692 3983 Deo
2713 3928 3102 4000 virginitatem,
3135 3935 3506 3995 Bononienses
3532 3941 3651 4012 ejus
3687 3944 3889 4013 praedi-

2282 4015 2496 4074 catione
2524 4024 2777 4088 permoti,
2808 4022 3000 4079 eodem
3045 4026 3282 4084 Eusebio
3328 4043 3549 4089 auctore
3574 4076 3589 4101 ,
3642 4036 3889 4107 virgines

2284 4105 2385 4177 ipsi
2411 4122 2536 4163 suas
2582 4111 2782 4178 passim
2830 4112 3194 4174 Mediolanum
3242 4122 3502 4178 velandas
3545 4105 3835 4183 mittebant
3868 4146 3886 4183 :

2284 4199 2439 4269 cujus
2467 4201 2545 4256 rei
2565 4201 2727 4258 etiam
2755 4204 2895 4261 idem
2920 4206 2981 4263 8.
3012 4210 3332 4269 Ambrosius
3369 4216 3617 4272 meminit
3646 4217 3741 4274 lib.
3768 4235 3786 4275 I
3815 4219 3897 4278 de

2287 4292 2632 4363 Virginibus:
2667 4297 2756 4353 ubi
2787 4302 2950 4356 etiam
3001 4311 3226 4361 testatur
3263 4307 3502 4379 virgines
3530 4311 3631 4366 'veI
3668 4313 3741 4368 ab
3766 4312 3899 4383 ipsa

2286 4384 2603 4443 Mauritania
2626 4389 2986 4449 Mediolanum
3022 4437 3037 4462 ,
3067 4406 3127 4454 ut
3152 4401 3461 4457 velarentur
3490 4412 3546 4459 et
3600 4419 3903 4463 sacraren-

2288 4484 2395 4546 tur,
2421 4481 2670 4536 venisse:
2702 4483 2890 4539 eadem
2941 4487 3152 4544 ratione
3190 4490 3521 4548 credendum
3568 4506 3650 4551 est
3676 4538 3692 4562 ,
3718 4497 3907 4568 virgi-

2289 4584 2411 4624 nem
2438 4569 2583 4627 illam
2617 4572 2872 4659 Indiciam
2898 4579 3142 4643 nomine,
3173 4581 3243 4637 de
3279 4597 3385 4653 qua
3425 4585 3501 4641 ibi
3538 4585 3597 4641 fit
3640 4589 3856 4647 mentio
3882 4631 3905 4659 ,

2288 4661 2573 4720 Mediolani
2602 4681 2631 4719 a
2661 4652 3043 4752 S.:Ambrosio
3069 4672 3259 4730 eidem‘
3285 4652 3487 4733 Zenoni
3527 4680 3642 4735 viro
3681 4652 3910 4742 sancta;

585 4751 788 4807 Valerii
810 4749 1041 4805 Veronae
1070 4749 1198 4803 item
1221 4744 1486 4815 episcopi,
1532 4753 1587 4799 et
1615 4743 1765 4799 S.R.
1797 4743 1863 4798 E.
1894 4746 2267 4809 cardinalisD
2291 4756 2569 4811 memoria:
2635 4744 2967 4827 probandam
3044 4775 3099 4819 et
3148 4766 3574 4826 benedicendam
3633 4772 3911 4832 traditam

585 4842 960 4907 illustrissimi,
994 4851 1048 4896 et
1067 4837 1505 4895 reverendissimi
1526 4835 1682 4905 jussu
1707 4851 1805 4906 pro
1835 4836 2020 4892 solerti
2043 4840 2182 4907 ejus,

585 4936 738 5005 vigili
785 4943 839 4989 et
870 4934 1027 4989 solita
1050 4930 1303 5002 pastorali
1335 4944 1467 4985 cura
1496 4930 1746 4997 impressi
1777 4940 1943 4996 sunt,
1992 4941 2047 4988 et
2074 4932 2186 4988 dis-

587 5025 780 5081 tributi
803 5024 955 5094 jnxta
987 5022 1257 5078 eruditum
1288 5021 1437 5075 illum
1467 5020 1737 5088 ordinem,
1768 5038 1927 5094 quem
1959 5025 2042 5101 vir
2061 5027 2184 5080 exi-

586 5118 715 5173 mia:
742 5115 1004 5171 doctrina:
1033 5125 1087 5169 et
1130 5112 1315 5184 judicii
1348 5111 1411 5167 F.
1444 5111 1594 5167 Felix
1623 5114 1913 5170 cardinalis
1938 5114 2006 5171 de
2034 5115 2184 5172 Mon-

586 5211 778 5274 tealto,
810 5221 952 5274 nunc
975 5205 1033 5261 S.
1070 5205 1133 5260 D.
1157 5202 1223 5259 N.
1246 5202 1428 5261 Sixtus
1454 5204 1497 5259 V
1525 5205 1576 5259 in
1604 5220 1698 5261 sua
1722 5223 1944 5278 operum
1972 5208 2031 5265 8.
2054 5211 2185 5265 Am-

585 5303 754 5359 brosii
792 5300 1031 5357 editione
1074 5308 1295 5356 secutus
1342 5310 1464 5356 est:
1501 5301 1706 5372 primus
1751 5305 1893 5358 enim
1941 5305 2090 5361 locus
2120 5306 2186 5360 iis

588 5394 934 5452 sermonibus
962 5393 1253 5449 attributus
1282 5402 1387 5462 est,
1418 5394 1510 5464 qui
1541 5396 1742 5449 veteris
1769 5396 2078 5451 testamenti
2109 5397 2191 5452 Io—

586 5503 684 5545 cos
718 5489 1043 5558 explanant:
1082 5487 1361 5555 proximus
1406 5487 1513 5541 illis
1541 5528 1557 5554 ,
1602 5487 1693 5556 qui
1725 5488 1887 5541 novi:
1917 5497 2190 5558 postremo

2291 4847 2497 4905 fuisse:
2533 4850 2585 4904 id
2632 4853 2774 4909 enim
2804 4853 2966 4912 facile
2999 4871 3069 4913 ex
3103 4859 3291 4915 eadem
3321 4863 3550 4931 epistola
3588 4865 3909 4937 colligitur.

2292 4940 2459 4996 Soror
2479 4942 2621 4997 enim
2650 4944 2763 5014 ipsa
2791 4947 2847 5003 S.
2880 4949 3151 5006 Ambrosii
3177 4994 3191 5019 ,
3224 4969 3347 5009 cum
3371 4965 3516 5011 eSset
3556 4956 3858 5016 Mediolani
3889 5003 3914 5031 ,

2292 5041 2527 5088 testatur
2549 5036 2806 5094 Indiciam
2837 5038 3020 5097 Romae
3051 5042 3198 5099 domi
3225 5060 3337 5101 suae
3367 5047 3658 5104 Ambrosio
3687 5051 3917 5108 absen-

2294 5133 2345 5178 te
2376 5122 2683 5184 hahitasse:
2714 5132 2957 5201 qumdam
2996 5149 3126 5191 vero
3167 5136 3395 5195 Paterna
3427 5141 3644 5197 nomine
3668 5140 3729 5196 S.
3761 5145 3925 5200 Am-

2290 5214 2459 5272 brosii
2484 5218 2584 5290 (sic
2613 5222 2700 5277 ille
2729 5220 2897 5294 ipsam
2938 5229 3195 5301 appellat)
3225 5229 3355 5292 filia.
3384 5247 3678 5304 numquam
3698 5235 3770 5291 ab
3806 5235 3930 5295 In-

2290 5307 2426 5363 dicia
2450 5309 2814 5371 discesserat:
2850 5317 3050 5375 Iudicia
3092 5333 3271 5378 autem
3316 5321 3577 5391 Verome,
3611 5343 3718 5398 quo
3764 5343 3927 5389 cum

2292 5414 2482 5460 sorore
2510 5421 2607 5461 sua
2634 5424 2769 5463 nova
2798 5420 2963 5479 nupta
3012 5414 3251 5483 profecta
3297 5418 3509 5486 fuerat,
3543 5422 3684 5493 apud
3724 5438 3867 5481 eam
3902 5471 3929 5499 ,

2293 5495 2499 5563 pariete
2521 5510 2697 5554 tamen
2727 5501 3029 5572 interjecto.
3059 5521 3227 5578 parvo
3265 5509 3479 5566 videtur
3519 5520 3764 5583 tempore
3794 5495 3938 5573 ha;

2294 5586 2498 5645 bitasse
2522 5606 2538 5645 :
2569 5592 2709 5647 unde
2738 5607 2961 5664 apparet
2985 5596 3244 5656 Indiciam
3272 5601 3424 5669 alibi,
3446 5620 3607 5675 quam
3640 5603 3934 5678 Veronae,

2295 5691 2506 5738 sacrata
2534 5684 2787 5755 virginali
2810 5688 3189 5750 benedictione
3215 5693 3522 5767 insignitam
3546 5697 3733 5764 fuisse,
3755 5714 3942 5767 ιιι-ωε

2297 5773 2489 5831 sertim
2516 5789 2638 5832 cum
2668 5785 2794 5849 post
2816 5787 2896 5839 tot
2920 5798 3092 5842 annos
3111 5801 3141 5843 a
3168 5787 3548 5848 benedictione
3572 5830 3588 5859 ,
3632 5798 3691 5847 ut
3721 5791 3952 5865 inquit

587 5581 711 5638 loco
737 5581 794 5649 ii,
819 5582 911 5653 qui
960 5579 1030 5636 de
1058 5579 1352 5635 virtutibus
1393 5588 1447 5634 et
1476 5579 1619 5634 vitiis
1651 5588 1917 5648 tractant,
1942 5581 2193 5640 collocati

580 5683 731 5731 sunt.
790 5672 981 5744 Neque
1030 5686 1163 5727 vero
1210 5669 1577 5741 reprehendat
1615 5671 1883 5742 quispiam
1939 5678 2193 5749 martyris

570 5777 780 5820 nomen
803 5763 935 5819 huic
962 5758 1194 5817 editioni
1219 5757 1483 5832 additum,
1508 5775 1617 5834 quo
1645 5762 1831 5822 rudior
1872 5763 1964 5824 illa
2001 5778 2187 5828 caret:
