4216 6178
289 248 391 305 241
1419 238 1652 296 PRIEF.
1694 239 1763 298 IN
1801 239 1986 298 EDIT.
2031 239 2294 297 VERON.
2338 237 2509 295 ANNI
2558 242 2735 304 I386.
3649 284 3757 342 an

290 361 742 427 S.‘Ambrosius,
778 368 914 415 nota
958 351 1355 457 corruptionis
1402 355 1739 412 inureretur.
1789 356 1963 457 ξορα·
1990 358 2042 417 Λ
2069 354 2295 457 ritania‘
2325 358 2617 456 coronati.
2667 361 2789 457 His
2841 370 3117 440 profecto
3168 390 3226 439 et
3274 383 3582 457 huiusmodi
3635 397 3758 457 aliis

290 458 363 513 dit
386 466 663 527 praeterea
693 450 969 528 Ecclesia:
1006 444 1365 505 Veronensis
1396 456 1667 517 perpetua
1697 446 1926 515 traditio
1951 488 1968 513 ,
2073 442 2503 544 quamplurimis
2554 450 3013 524 antiquissimus
3043 468 3237 530 horum
3278 442 3590 539 8εὲωὸἦίιῶ

288 566 446 623 quam
474 549 648 605 certis
673 546 984 602 rationibus
1018 544 1244 598 ﬁrmam
1279 553 1353 593 ex
1383 540 1676 597 Canonum
1711 540 1973 612 priescri-
2079 546 2166 591 tor
2195 535 2667 645 demonstratur.
2718 547 2896 617 Quod
2954 568 3132 618 autem
3161 573 3269 622 tres
3293 610 3306 631 ,
3361 535 3749 645 είνοῆἆεῖιῖεῖι-

292 656 380 717 pto
410 643 551 699 tueri
576 642 872 707 debemus,
896 654 1020 711 qum
1042 646 1251 709 praeter
1282 631 1579 690 Zenonem
1614 634 1972 703 episcopum,
2078 643 2379 738 sermones
2419 630 2609 737 iubis
2662 646 3047 717 reperiantur,
3073 670 3216 725 quos
3239 630 3299 714 S"
3328 630 3547 719 Zenoni.

292 746 345 793 et
375 748 689 807 martyrem
720 732 848 802 (qua
879 731 948 787 de
978 746 1038 786 re
1082 730 1135 784 in
1187 724 1399 782 libello
1429 724 1500 780 de
1540 724 1774 827 Sanctis
1804 723 1977 827 νει-ο·
2080 730 2291 827 putant
2314 721 2554 809 adscribi
2573 744 2712 827 -non
2744 752 2941 809 posse,
2970 721 3162 819 nempe
3185 753 3273 820 qui
3299 721 3640 827 inscribitur,

297 830 560 886 nensibus
609 824 889 897 episcopis
932 824 1154 880 uberius
1205 827 1526 873 tractatum
1582 815 1707 887 est)
1765 817 1978 872 nullum

297 921 458 977 alium
503 919 795 974 Zenonem
846 918 1062 987 agnovit
1102 914 1487 985 episcopum:
1525 923 1702 978 quam
1756 908 1981 978 quidem

298 1015 658 1071 traditionem
688 1018 920 1067 testatur
936 1011 1096 1065 etiam
1117 1007 1526 1079 episcoporum
1562 1000 1984 1057 Veronensium

298 1109 466 1165 series
495 1107 555 1163 in
582 1104 719 1161 aula
744 1100 1047 1173 episcopali
1072 1100 1304 1170 depicta,
1342 1096 1403 1149 in
1428 1109 1549 1165 qua
1579 1107 1731 1146 unus
1774 1104 1983 1149 tantum

299 1203 441 1258 Zeno
477 1198 602 1255 VIII
638 1199 934 1270 episcopus
977 1193 1234 1252 cernitur.
1287 1189 1456 1245 Dicet
1504 1186 1699 1255 alius,
1760 1189 1833 1246 ab
1857 1204 1987 1247 auc-

301 1310 413 1356 tore
436 1298 647 1354 borum
675 1308 997 1352 sermonum
1040 1289 1348 1348 confutatos
1378 1298 1516 1340 esse
1562 1295 1797 1339 errores
1823 1282 1940 1338 Arii
1966 1324 1981 1350 ,

302 1394 386 1465 qui
410 1391 544 1446 vivo
589 1388 830 1444 Zenone
856 1397 1101 1459 martyre
1149 1397 1255 1436 non
1300 1384 1443 1431 erat.
1487 1373 1980 1465 Respondemus,

306 1463 423 1541 cum
452 1479 819 1552 Epiphanius
838 1478 1045 1535 scribat
1066 1485 1279 1546 patrem
1303 1465 1418 1522 Arii
1441 1465 1634 1522 fuisse
1653 1463 1955 1537 Origenem
1969 1506 1982 1529 ,

307 1588 356 1635 et
380 1578 439 1634 8.
472 1575 737 1631 Thomas
770 1573 970 1627 fontem
1022 1566 1278 1641 ejusdem
1328 1560 1622 1615 exstitisse
1648 1602 1664 1626 ,
1719 1574 1981 1627 errores,

309 1669 403 1743 qui
432 1670 501 1723 ab
527 1668 669 1722 Δι’ἰο
700 1664 1048 1721 disseminat‘t
1084 1667 1243 1723 sunt,
1273 1653 1438 1709 fuisse
1479 1659 1792 1724 antequam
1816 1654 1984 1743 Arius

2084 814 2372 913 Ijrtecepto
2398 821 2623 913 attende
2649 825 2740 880 tibi
2778 846 2800 883 :
2830 833 3032 891 Sermo
3061 814 3125 892 de
3144 814 3421 913 Euangelio
3448 814 3728 905 secundum

2085 907 2382 1001 Lucamyde
2404 911 2612 982 duplici
2640 924 2988 981 tentalionum
3017 932 3187 1001 specie
3208 948 3229 986 :
3252 907 3443 990 sermo
3480 938 3544 992 de
3564 939 3721 995 Livo-

2085 1018 2162 1066 re,
2194 1010 2252 1055 et
2285 999 2526 1059 Invidia:
2562 1007 2635 1064 Et
2661 1026 2850 1069 sermo
2878 1018 2944 1073 de
2971 999 3219 1090 Jejunio:
3247 1025 3336 1093 qui
3367 1025 3509 1081 inter
3533 1027 3594 1083 8.
3614 1030 3718 1086 Ba-

2088 1094 2194 1149 silii
2224 1095 2480 1151 homilias
2506 1098 2700 1159 Graece
2726 1108 2920 1177 scripti
2944 1115 3283 1181 reperiuntur
3307 1133 3321 1170 :
3351 1121 3598 1186 quamvis
3623 1136 3713 1177 ar-

2087 1198 2346 1257 gumenta
2372 1206 2477 1247 non
2507 1193 2715 1264 desint,
2746 1201 2952 1269 quibus
2979 1204 3209 1271 probare
3238 1205 3429 1263 liceret
3450 1224 3545 1264 θος
3571 1227 3707 1282 quo-

2088 1293 2533 1369 queAsermones
2560 1286 2627 1341 ad
2686 1288 2745 1344 S.
2781 1290 3063 1349 Zenonem
3092 1304 3336 1352 nostrum
3379 1301 3655 1369 pertinere
3689 1346 3703 1369 ,

2088 1364 2404 1428 cum'etiam
2435 1377 2696 1447 plurimos
2754 1397 2974 1441 summo
3027 1388 3209 1443 studio
3276 1400 3333 1444 et
3368 1394 3706 1461 gravissimis

2090 1464 2368 1522 laboribus
2401 1471 2451 1524 in
2499 1470 2704 1528 Graecia
2738 1477 2914 1531 multo
2960 1489 3085 1535 ante
3115 1480 3172 1536 8.
3217 1481 3475 1537 Β.ιεί1ἰιιιιι
3508 1486 3704 1554 praedi-

2089 1556 2264 1613 cando
2295 1560 2361 1615 ad
2391 1560 2549 1617 ﬁdem
2577 1563 2782 1633 Christi
2830 1580 3213 1638 converteret;
3252 1582 3430 1629 tamen
3462 1590 3523 1630 ea
3554 1576 3606 1631 in
3640 1593 3701 1633 re

2086 1652 2409 1707 contentiosi
2456 1668 2578 1711 esse
2610 1657 2885 1715 nolumus.
2922 1662 3003 1716 Ad
3032 1661 3084 1718 id
3112 1680 3266 1732 vero,
3317 1666 3459 1736 quod
3508 1677 3699 1723 auctor

313 1738 647 1817 nasceretur
673 1774 690 1811 :
727 1767 786 1812 ut
816 1768 1041 1812 errores
1076 1744 1309 1807 Lutheri
1335 1784 1351 1805 .
1401 1750 1701 1812 antemnam
1755 1742 1983 1815 pestife—
2013 1738 2063 1797 B
2089 1739 2435 1799 bibliothecae
2465 1756 2669 1801 sanctae
2697 1750 2917 1819 scribit,
2948 1767 3145 1823 nempe
3171 1766 3380 1826 septem
3411 1773 3697 1814 sermones

314 1870 437 1913 ram
470 1855 622 1909 illam
659 1850 911 1906 Incresint
943 1844 1250 1903 Luthcrus
1273 1836 1711 1901 disseminasset,
1738 1835 1983 1891 convicti

317 1947 565 2003 fuerunt.
598 1942 763 2012 Quod
796 1942 839 1997 si
870 1941 916 1996 is
955 1931 1283 1994 contendat
1322 1939 1538 1996 errores
1583 1925 1712 1983 illos
1756 1927 1981 1997 Origeui

320 2039 470 2094 falso
499 2038 762 2101 tributos,
792 2041 853 2089 ut
887 2027 1228 2098 Pamphilus
1265 2026 1472 2092 martyr
1494 2059 1509 2084 ,
1560 2025 1616 2074 et
1644 2018 1737 2072 alii
1769 2018 1982 2073 nobiles

321 2134 636 2202 scriptores
687 2131 1070 2201 putaverunt,
1116 2131 1231 2173 non
1282 2110 1556 2170 convincit
1596 2124 1818 2166 causam
1869 2124 1980 2164 non

325 2228 529 2293 fuisse,
563 2235 623 2279 ut
652 2222 715 2279 S.
767 2217 972 2276 Zenoni
1005 2224 1248 2269 necesse
1279 2222 1390 2263 non
1433 2205 1620 2273 fuerit,
1652 2204 1802 2259 illam
1850 2217 1979 2273 pes-

330 2330 467 2385 tem,
501 2315 653 2388 quod
684 2313 863 2368 Filius
896 2317 998 2362 non
1035 2308 1113 2359 sit
1143 2309 1457 2357 cozcternus
1478 2296 1651 2391 Patri,
1698 2293 1977 2351 refellere.

327 2411 488 2482 Quod
522 2409 816 2480 objicitur,
862 2412 1184 2457 sermonem
1215 2395 1287 2450 de
1324 2390 1659 2485 continentia
1707 2404 1814 2485 non
1857 2402 1980 2485 esse

327 2480 386 2564 8.
421 2502 671 2559 Zenonis
720 2493 978 2571 martyris
999 2533 1015 2558 ,
1048 2503 1178 2545 cum
1211 2488 1264 2541 in
1310 2498 1379 2540 eo
1407 2484 1619 2553 legatur
1643 2482 1838 2538 auctor
1879 2480 1980 2535 ab-

330 2599 507 2653 fuisse
533 2611 565 2650 a
588 2592 651 2650 S.
685 2588 841 2646 Pauli
867 2585 1117 2640 doctrina
1132 2579 1411 2649 divulgata
1428 2576 1587 2631 annis
1604 2574 1979 2645 quadringen-

330 2692 397 2746 tis
430 2703 500 2744 eo
522 2684 793 2753 amplius,
821 2689 872 2733 et
902 2684 1049 2731 totus
1082 2688 1224 2744 pene
1253 2670 1404 2726 orbis
1445 2676 1572 2723 tunc
1597 2665 1775 2724 fuisse
1803 2662 1982 2719 chris-

328 2783 553 2837 tianns:
588 2775 831 2831 dicimus
859 2777 1113 2831 textum,
1166 2764 1310 2819 sicut
1362 2759 1545 2815 multis
1576 2758 1646 2819 ,in
1699 2757 1850 2816 locis
1899 2766 1983 2812 est

327 2870 662 2931 mendosus,
689 2865 763 2918 ita
787 2900 803 2926 ,
851 2867 912 2914 ut
937 2871 1087 2924 saepe
1116 2854 1178 2909 iit
1206 2853 1260 2907 in
1292 2850 1531 2907 numeris
1555 2889 1570 2914 ,
1613 2849 1690 2904 ibi
1724 2861 1862 2908 esse
1888 2844 1983 2902 de-

324 2972 645 3035 pravatum.
678 2953 797 3010 1am
828 2965 957 3007 vero
998 2963 1122 3003 cum
1172 2942 1582 3001 disseminatum
1626 2956 1740 3011 per
1783 2953 1981 3005 omnes

321 3052 646 3129 provincias
677 3054 823 3102 esset
854 3040 1201 3111 Evangeliunt
1244 3052 1276 3091 a
1306 3035 1489 3090 multis
1530 3045 1886 3129 receptttm‘,
1916 3046 1983 3129 eo

2090 1831 2143 1885 in
2172 1834 2305 1901 psal.
2337 1849 2474 1905 quos
2514 1841 2877 1908 enutneravit,
2907 1857 3031 1898 esse
3057 1843 3369 1914 descriptos!
3407 1862 3477 1903 ex
3515 1849 3576 1904 8.
3604 1849 3696 1903 lli-

2090 1924 2209 1980 larii
2262 1930 2692 1995 commentariis,
2743 1931 2977 1989 dicimus
3027 1935 3177 1990 illum
3207 1936 3385 2006 quoad
3412 1954 3698 1996 numerum

2085 2030 2336 2072 errasse:
2368 2032 2656 2076 sermones
2681 2023 2829 2077 enim
2873 2025 2928 2079 in
2965 2026 3102 2095 psal.
3134 2042 3303 2082 1.xth
3330 2037 3385 2084 et
3409 2028 3462 2083 in
3496 2030 3633 2100 psal.
3663 2046 3695 2087 c

2085 2109 2138 2165 in
2167 2114 2575 2169 commentariis
2605 2114 2666 2171 S.
2711 2116 2906 2173 Hilarii
2953 2133 3063 2174 non
3094 2121 3460 2190 reperiuntur.
3506 2124 3694 2190 Quoad

2082 2202 2324 2274 reliquos
2352 2207 2615 2277 quinque,
2640 2224 2766 2266 cum
2799 2211 2907 2266 duo
2936 2226 3220 2269 sermones
3239 2213 3307 2268 de
3328 2214 3525 2286 psalm.
3550 2232 3693 2272 cxxx

2083 2295 2136 2350 in
2167 2295 2251 2351 bis
2279 2299 2625 2356 sermonibus
2651 2302 2902 2373 legantur
2924 2346 2939 2368 ,
2982 2308 3258 2361 secundus
3284 2321 3412 2362 vero
3442 2310 3511 2363 sit
3531 2310 3695 2364 certis

2084 2390 2407 2459 quibusdam
2434 2395 2741 2463 vocabulis,
2774 2406 2829 2454 et
2861 2399 3052 2454 iisdem
3084 2399 3197 2455 fere
3226 2402 3515 2457 sententiis
3539 2404 3691 2457 simi-

2083 2480 2150 2536 lis
2176 2483 2362 2552 priori,
2413 2485 2503 2553 qui
2532 2487 2754 2556 quidem
2785 2491 2937 2560 prior
2974 2492 3028 2544 in
3076 2493 3483 2548 commentariis
3512 2493 3572 2549 8.
3602 2493 3693 2549 Hi-

2084 2574 2201 2630 larii
2228 2591 2335 2630 non
2360 2578 2663 2645 reperitur;
2695 2596 2820 2636 eum
2866 2582 3068 2648 etiam,
3118 2584 3416 2640 secundum
3447 2585 3690 2653 scilicet,

2083 2665 2310 2722 dicimus
2341 2681 2372 2720 a
2414 2668 2471 2721 8.
2519 2667 2744 2725 Zenone
2766 2687 2922 2728 more
2944 2688 3043 2728 suo
3074 2672 3244 2730 fuisse
3271 2674 3448 2744 aliqua
3480 2678 3693 2731 ratione

2084 2761 2392 2830 repetitum,
2451 2770 2506 2816 et
2558 2774 2851 2833 propterea
2882 2766 2950 2821 ad
2981 2767 3127 2821 illum
3158 2769 3464 2837 pertinere,
3514 2768 3610 2824 sed
3638 2769 3695 2827 in

2083 2852 2489 2907 commentariis
2517 2852 2576 2909 S.
2612 2854 2800 2910 Hilarii
2831 2850 2899 2912 ab
2944 2858 3126 2928 aliquo
3169 2858 3335 2915 fuisse
3385 2861 3644 2916 insertum
3676 2901 3691 2928 ,

2084 2944 2543 3014 quemadmodum
2567 2947 2816 3023 videmus
2844 2948 2989 3005 inter
3017 2966 3182 3020 opera
3215 2951 3554 3024 Hieronymi,
3582 2952 3695 3008 Au-

2084 3039 2281 3109 gustini
2338 3048 2393 3093 et
2416 3038 2725 3109 aliquorum
2761 3051 3073 3098 sanctorum
3107 3044 3324 3099 Patrum
3354 3046 3645 3100 conciones
3674 3087 3691 3114 ,

320 3121 375 3203 in
403 3149 533 3203 loco
562 3149 757 3197 auctor
787 3135 940 3208 ponit
963 3174 980 3202 ,
1013 3141 1071 3199 ut
1100 3130 1161 3184 lit
1181 3170 1195 3195 ,
1240 3135 1408 3182 totum
1440 3139 1537 3195 pro
1576 3135 1774 3195 parte.
1830 3121 1987 3177 Anti-

2092 3142 2142 3189 et
2175 3131 2384 3187 libellos
2415 3146 2522 3186 non
2558 3134 2879 3203 ignobilium
2918 3144 3200 3191 auctorum
3243 3136 3550 3206 irrepsisse.
3606 3137 3690 3191 An

319 3236 583 3311 quissimi
604 3230 846 3288 auctoris
865 3236 951 3283 est
980 3222 1262 3286 indicium,
1289 3233 1408 3275 cum
1438 3231 1584 3283 saepe
1614 3215 1687 3270 ad
1747 3214 1981 3275 Judaaos

320 3344 625 3390 sermones
654 3322 944 3382 habuerit:
973 3316 1393 3375 catechumenos
1418 3311 1487 3366 ad
1522 3311 1984 3383 immergendum

323 3444 387 3485 se
417 3429 474 3482 in
497 3436 719 3480 sacrum
750 3419 954 3474 fontem
984 3408 1331 3468 invitaverit:
1356 3400 1806 3476 reprehenderit
1832 3405 1984 3461 Grte-

323 3537 428 3577 cos
461 3531 597 3573 tunc
625 3512 695 3569 ad
726 3511 888 3568 fidem
910 3503 1115 3564 Christi
1144 3513 1441 3556 conversos
1459 3539 1477 3565 ,
1508 3496 1657 3567 quod
1685 3512 1838 3552 vana
1889 3511 1984 3552 sua

336 3610 621 3684 sapientia
664 3606 831 3663 etiam
874 3603 930 3658 in
960 3594 1281 3655 Ecclesiam,
1320 3592 1413 3646 Dei
1462 3604 1601 3684 vana
1627 3590 1891 3684 quaedam
1918 3588 1987 3645 de

333 3681 456 3761 Deo
491 3700 941 3762 introducerent,
991 3702 1053 3748 ut
1077 3702 1251 3743 serm.
1286 3700 1303 3738 ι
1349 3683 1416 3738 de
1448 3682 1587 3754 psal.
1637 3696 1804 3757 cxxx.
1836 3681 1984 3737 Idem

334 3781 856 3859 ostenditur,'cum
887 3790 942 3844 in
992 3798 1163 3841 serm.
1196 3782 1260 3833 de
1310 3776 1590 3847 Spirituali
1641 3775 1990 3844 wdiﬁcalione

333 3896 543 3948 donius
572 3887 672 3943 Dei
694 3894 885 3940 auctor
912 3881 1301 3938 demonstrat,
1348 3879 1475 3925 tunc
1520 3884 1629 3923 non
1681 3866 1851 3921 fuisse
1876 3867 1987 3937 jam

336 3984 563 4054 templa
590 3974 923 4045 Christianis
974 3975 1316 4029 constructa,
1363 3963 1458 4019 sed
1490 3975 1692 4054 novum
1726 3960 1987 4029 pupulum

333 4093 393 4136 et
428 4076 743 4132 minimum
773 4080 1004 4125 numero
1035 4060 1316 4118 exstitisse
1341 4075 1353 4111 :
1378 4056 1461 4112 Ad
1488 4053 1802 4125 Neophytos
1826 4067 1991 4124 porro

335 4187 535 4229 serm.
559 4183 616 4222 tv
642 4180 766 4221 cum
795 4161 864 4217 de
890 4159 957 4214 iis
979 4156 1314 4212 mentionem
1343 4150 1471 4206 facit
1497 4193 1511 4215 ,
1540 4148 1644 4220 ;qui
1678 4146 1990 4202 universam

335 4280 473 4319 rem
513 4258 851 4314 familiarem
896 4248 1229 4319 pauperibus
1280 4252 1596 4313 erogarent.
1646 4239 1846 4310 quique
1899 4240 1992 4295 Dei

339 4356 648 4426 templum
700 4355 930 4412 essent,
982 4358 1105 4399 cum
1158 4337 1422 4409 templum
1466 4333 1789 4391 idololatriae
1834 4340 1992 4389 antea

332 4424 742 4505 exstitissent.
799 4438 856 4493 Id
904 4436 1081 4507 ipsum
1118 4441 1381 4503 praetcrea
1424 4429 1548 4483 licet
1591 4424 1897 4495 perspicere
1926 4425 1993 4480 ad

2085 3241 2216 3282 vero
2246 3225 2438 3293 reliqui
2463 3237 2703 3296 quatuor
2724 3228 2918 3285 eadem
2943 3232 3154 3285 ratione
3175 3228 3381 3286 fuerint
3412 3230 3464 3285 in
3496 3229 3689 3285 iisdem

2086 3315 2493 3373 commentariis
2540 3317 2756 3385 inserti,
2796 3317 2970 3377 necne
2997 3364 3013 3389 ,
3042 3321 3276 3377 aliorum
3303 3324 3374 3377 sit
3400 3322 3684 3399 judicium.

2086 3412 2195 3468 Nos
2223 3425 2375 3477 vero,
2407 3410 2497 3481 qui
2526 3410 2581 3465 in
2605 3412 2798 3468 eodem
2821 3427 3037 3470 vetuSto
3062 3415 3253 3472 codice
3281 3430 3443 3470 manu
3485 3415 3690 3484 scripto

2088 3504 2187 3560 hos
2208 3504 2370 3560 etiam
2392 3518 2679 3559 sermones
2702 3505 2865 3560 simul
2892 3522 3014 3562 cum
3038 3491 3289 3578 quatuor,
3310 3522 3467 3578 quos,
3501 3516 3559 3562 ut
3573 3506 3686 3577 jam

2089 3596 2344 3660 diximus,
2385 3596 2526 3664 apud
2555 3594 2614 3650 S.
2658 3596 2915 3653 Basiliam
2944 3597 3134 3655 Graece
3158 3598 3462 3669 descriptos
3490 3597 3695 3668 reperi—

2090 3702 2229 3755 mus,
2259 3683 2582 3741 defraudare
2610 3685 2669 3743 S.
2701 3687 2977 3745 Zenonem
3007 3690 3186 3746 debita
3206 3705 3342 3745 sua:
3367 3689 3542 3744 laudis
3570 3702 3695 3759 pos—

2089 3780 2336 3835 sessione
2365 3791 2472 3833 uon
2505 3792 2694 3834 sumus
2718 3782 2857 3835 ausi.
2887 3780 3073 3850 Neque
3101 3782 3359 3838 lectorem
3405 3782 3694 3838 debuimus

2092 3880 2199 3926 tam
2228 3870 2345 3927 utili
2377 3878 2433 3925 et
2455 3870 2712 3940 jucunda
2743 3871 2978 3928 lectione
3008 3874 3243 3943 privare.
3277 3873 3354 3929 De
3374 3874 3519 3945 stylo
3546 3873 3693 3944 quod

2092 3964 2365 4035 obiicitur,
2399 3965 2550 4020 vario
2581 3963 2798 4021 dicendi
2824 3965 2982 4023 modo
3010 3981 3296 4041 sermones
3321 3968 3693 4038 conscriptos,

2091 4056 2139 4112 si
2169 4052 2289 4127 quis
2319 4065 2469 4112 recte
2495 4071 2594 4112 eos
2622 4058 2968 4128 perpenderit
2989 4100 3003 4125 ,
3034 4058 3374 4129 paucissimis
3401 4058 3646 4130 exceptis
3672 4101 3688 4126 ,

2092 4147 2334 4218 ejusdem
2387 4147 2526 4219 styli‘
2553 4150 2892 4219 comperiet;
2924 4151 3106 4204 insunt
3132 4149 3278 4205 enim
3308 4150 3503 4207 eadem
3546 4163 3693 4219 saepe

2095 4240 2353 4296 vocabula
2378 4281 2394 4306 ,
2425 4240 2614 4296 eadem
2647 4242 2935 4297 verborum
2964 4242 3248 4310 diSpositio
3292 4250 3348 4298 et
3395 4244 3687 4298 connexio.

2095 4329 2280 4401 Neque
2309 4340 2480 4385 tutum
2506 4339 2591 4385 est
2620 4344 2837 4400 semper
2866 4346 2931 4386 ex
2960 4332 3083 4402 styli
3109 4332 3392 4397 varietate,
3425 4332 3479 4386 in
3510 4332 3695 4402 paucis

2096 4422 2354 4487 maxime,
2382 4422 2451 4478 de
2486 4432 2708 4477 auctore
2752 4422 2866 4476 fieri
2893 4421 3157 4491 judicium
3186 4439 3199 4475 :
3226 4437 3331 4476 non
3362 4424 3507 4477 enim
3528 4423 3694 4494 quili-

332 4538 702 4609 Neophytos
728 4546 896 4586 serm.
928 4544 960 4582 v
985 4541 1105 4581 cum
1146 4537 1243 4579 eos
1281 4522 1529 4577 hortatur
1554 4524 1766 4581 auctor,
1791 4522 1851 4569 ut
1880 4515 1996 4573 ido-
2020 4512 2073 4574 D
2098 4514 2191 4570 bet
2217 4524 2405 4569 auctor
2430 4513 2632 4583 scripta
2663 4529 2757 4569 sua
2785 4512 2973 4567 eadem
3007 4512 3219 4609 dicendi
3256 4514 3438 4609 phrasi
3479 4529 3697 4584 semper

334 4608 662 4691 lolatriam
718 4625 966 4695 fugiant,
1014 4628 1068 4675 et
1110 4633 1177 4673 ne
1216 4622 1435 4685 captent
1478 4609 1710 4679 amplius
1749 4608 1994 4677 auguria.

333 4722 563 4794 Quid?
602 4733 787 4775 nonne
818 4715 869 4770 id
899 4714 1046 4769 clare
1069 4717 1217 4791 patet
1247 4720 1506 4785 eatserm.
1534 4719 1553 4758 ι
1582 4703 1644 4757 de
1673 4697 1916 4765 Pascha,
1941 4708 1998 4755 et

331 4838 411 4876 ex
449 4828 657 4872 serm.
681 4810 745 4864 de
773 4804 1076 4865 Patientia?
1112 4815 1340 4873 quorum
1386 4798 1560 4853 altero
1606 4795 2000 4865 interpretatur

334 4918 716 4969 autumnum
744 4900 825 4955 sui
855 4897 1113 4968 temporis
1136 4900 1399 4964 martyres
1423 4889 1760 4960 significare,
1788 4886 2000 4954 patien-

336 5007 499 5062 tiam
534 5000 608 5054 ἰιι
642 4994 815 5049 altero
841 5003 1097 5046 cereuam
1126 4994 1422 5056 martyrum
1463 4981 1695 5053 appellat
1730 4976 1998 5049 quotidia-

342 5111 498 5153 nam
526 5093 561 5144 ?
593 5088 662 5143 Β.
685 5083 888 5139 Thecla
922 5081 981 5137 8.
1008 5078 1162 5135 Pauli
1202 5085 1374 5146 apost.
1419 5072 1715 5142 discipula,
1750 5080 1805 5127 et
1828 5071 2001 5139 prima

340 5193 530 5251 illius
568 5194 749 5239 sexus
778 5185 984 5255 martyr
1010 5175 1062 5228 in
1088 5183 1336 5227 sermone
1380 5167 1444 5221 de
1489 5164 1699 5220 Timore
1726 5165 1777 5218 in
1818 5178 2003 5219 exem-

341 5289 532 5360 plum
577 5274 804 5334 timoris
834 5267 1051 5329 Domini
1099 5264 1398 5320 adducitur.
1433 5258 1706 5329 Quosdam
1754 5255 2005 5311 meminit

343 5350 412 5440 in
451 5385 674 5434 serm.
703 5368 764 5422 de
786 5361 1176 5421 Resurrectione
1201 5358 1252 5411 in
1296 5350 1595 5414 idololatria
1638 5365 1738 5408 suo
1762 5358 2006 5419 tempore

344 5473 614 5532 abiisse
650 5478 664 5513 :
695 5469 750 5516 et
774 5455 1100 5514 christianos
1127 5445 1384 5520 quosdam
1414 5445 1590 5514 arguit
1613 5456 1901 5512 corporum
1922 5454 2008 5495 re-

345 5555 814 5628 surrecﬁonem
847 5564 954 5605 non
975 5544 1278 5602 credentes.
1311 5540 1390 5596 Ab
1426 5554 1493 5595 eo
1520 5547 1779 5609 pra'lerea
1808 5535 2012 5628 deseri-

346 5676 461 5737 ριι
494 5661 619 5714 est
667 5646 724 5702 8.
747 5641 961 5701 Arcadii
991 5636 1237 5710 martyris
1258 5636 1384 5702 vita,
1414 5647 1517 5689 suo
1534 5642 1796 5735 tempore,
1819 5635 1888 5737 ut
1896 5627 2013 5737 [Pe-

354 5720 504 5819 ίηιε
540 5740 868 5817 episCOpus
908 5730 1191 5805 Equllinus
1221 5737 1462 5793 testatur,
1494 5724 1754 5794 martyrio
1785 5722 1839 5777 in
1868 5720 2016 5839 Man:

2100 4606 2414 4661 contexuit:
2445 4604 2549 4659 hoc
2576 4620 2807 4674 namque
2827 4610 2884 4658 et
2905 4603 3228 4673 Augustino,
3252 4612 3308 4659 et
3331 4602 3660 4677 Hieronymo
3677 4646 3693 4670 ,

2097 4706 2157 4752 .et
2182 4698 2300 4752 aliis
2329 4696 2529 4752 sanctis
2556 4696 2819 4761 Patribus,
2853 4697 3151 4767 quinimmo
3187 4707 3242 4752 et
3284 4697 3342 4753 S.
3376 4697 3544 4753 Paulo
3564 4713 3696 4769 apo-

2101 4791 2241 4846 stolo
2268 4790 2557 4862 contigisse
2580 4830 2597 4857 ,
2652 4801 2709 4844 ut
2739 4798 2869 4845 tom.
2905 4805 2943 4844 tt
2994 4789 3234 4845 Vitarum
3281 4791 3601 4848 Sanctorum
3641 4792 3697 4847 in

2102 4881 2417 4952 praafatione
2443 4882 2533 4937 ad-
2560 4883 2859 4949 lectorem,
2911 4881 2987 4936 ait
3031 4881 3288 4954 Aloysius
3335 4882 3698 4956 Lippomanus

2105 4972 2266 5042 hujus
2295 4973 2554 5029 Ecclesia:
2584 4972 2785 5027 Veron.
2819 4974 3105 5045 cpiscopus
3131 5016 3146 5039 ,
3192 4975 3516 5046 quandoque
3546 4991 3704 5047 repe-

2108 5056 2299 5130 rimus,
2332 5074 2388 5120 ut
2412 5080 2509 5134 pro
2538 5067 2799 5132 locorum,
2841 5073 3144 5137 temporum
3169 5108 3187 5136 ,
3242 5076 3299 5123 et
3346 5083 3701 5139 personarum

2104 5163 2363 5234 qualitate
2389 5162 2549 5218 modo
2574 5162 2755 5229 altius,
2783 5163 2944 5219 modo
2970 5163 3258 5221 demissius
3280 5164 3700 5236 loquantur.lm-

2108 5259 2328 5328 perfecti
2381 5272 2659 5328 sermones
2681 5300 2696 5326 ,
2741 5274 2877 5330 quos
2902 5258 2960 5316 8.
2993 5260 3268 5319 Zenonem
3298 5262 3529 5319 diversis
3560 5269 3701 5316 tem-

2110 5350 2333 5423 poribus
2364 5351 2648 5422 scripsisse
2677 5346 2956 5420 probabile
2976 5363 3077 5421 est,
3105 5354 3175 5410 ab
3199 5355 3379 5426 aliquo
3399 5355 3519 5425 ejus
3541 5350 3703 5408 disci-

2111 5441 2239 5512 pulo
2272 5441 2740 5519 tidehter‘collecti
2771 5455 2932 5516 sunt,
2961 5459 3083 5505 cum
3127 5447 3424 5516 praesertim
3458 5444 3702 5516 quaedam

2113 5534 2165 5589 iu
2197 5535 2275 5589 eis
2306 5535 2446 5601 sint,
2475 5551 2595 5607 qute
2624 5535 2811 5591 eadem
2841 5535 2960 5592 fere
2989 5547 3146 5604 sunt;
3198 5539 3341 5610 quod
3382 5548 3570 5593 auctor
3600 5538 3703 5589 mi-

2116 5628 2262 5684 nime
2290 5628 2505 5684 fecisset
2525 5670 2541 5696 ,
2574 5642 2749 5698 neque
2778 5628 3043 5700 quispiam
3099 5630 3271 5696 alius,
3300 5630 3387 5698 qtti
3415 5645 3510 5683 eos
3535 5641 3598 5681 ex
3626 5625 3710 5680 di-

2117 5718 2289 5776 versis
2314 5721 2624 5778 auctoribus
2647 5721 2900 5791 Colligere
2922 5718 3205 5776 voluisset.
3240 5720 3319 5774 Ex
3347 5719 3431 5771 his
3459 5718 3620 5786 igitur
3647 5716 3710 5769 ll-
