4216 6178
560 287 668 345 945

1954 267 2491 333 ΡΒΟΙιΕϐΟΙΙζΝΑ.

3758 274 3868 333 2H

563 411 646 461 cet
671 415 1022 474 cognoscere,
1045 407 1240 471 quanta
1260 396 1458 467 injuria
1479 395 1673 452 doctor
1694 393 1994 450 eximiusS.
2013 392 2160 448 Zeno
2188 396 2236 455 Α
2270 389 2442 445 nesim
2475 390 2776 448 sententias
2806 405 2872 447 ex
2916 390 3065 447 hisce
3095 392 3440 449 sermonibus
3470 394 3623 464 quasi
3676 391 3871 450 ﬂoscu-

562 497 756 556 eodem
781 496 1122 552 bibliothecae
1151 493 1271 547 loco
1302 493 1507 547 honore
1529 504 1629 545 suo
1659 486 2015 561 defraudatus
2046 487 2163 542 fue-

556 592 631 647 rit
656 630 670 657 ,
701 588 916 659 scriptis
954 585 1067 641 suis
1097 582 1537 640 luculentissimis
1581 579 1843 651 spoliatus
1868 621 1883 645 ,
1914 579 1999 633 cui
2046 577 2166 648 upi-

558 682 711 743 nioni
758 691 815 738 et
833 678 1037 751 judicio
1073 679 1125 733 in
1159 677 1261 735 hac
1282 691 1344 733 re
1386 690 1493 731 non
1522 674 1655 730 satis
1681 672 1896 729 oculato
1925 671 2165 741 refraga-

557 785 648 832 tur
676 772 913 831 Blondus
959 770 1224 835 Flavius,
1284 769 1362 825 De
1411 768 1675 823 illustrata
1734 765 1888 820 Italia
1940 765 2163 834 regione

556 882 699 925 nona
728 885 742 922 :
766 866 953 921 Petrus
973 864 1261 934 episcopus
1288 861 1570 933 Equiiinus
1597 858 1650 915 in
1678 861 1783 914 vita
1812 857 1873 914 Β.
1902 856 2159 925 Zenonis,

559 970 615 1019 et
660 959 897 1018 Joannes
955 957 1193 1017 Sttefiler
1241 956 1604 1027 Justiugensis
1647 953 2064 1009 mathematicus
2112 952 2165 1007 in

558 1053 872 1115 calendario
930 1053 1216 1117 Romano,
1264 1050 1358 1120 qui
1405 1049 1559 1121 prius
1607 1047 1875 1118 superiori
1922 1041 2161 1114 saeculo,

562 1162 723 1219 quam
752 1146 895 1219 typis
920 1144 1152 1201 fuissent
1181 1142 1387 1209 excusi,
1420 1154 1701 1196 sermones
1733 1138 1791 1196 S.
1826 1137 2028 1194 Zenoni
2078 1144 2165 1192 at-

559 1239 827 1295 tribuunt.
859 1235 1052 1291 Nostra
1085 1246 1212 1290 vero
1235 1240 1394 1288 (etate
1417 1240 1614 1302 praeter
1642 1224 1705 1285 F.
1731 1226 2035 1284 Leandrum
2066 1228 2162 1284 Al-

562 1330 780 1387 bertum
837 1327 1236 1383 Bononiensem
1288 1322 1419 1378 0rd.
1469 1318 1644 1376 Praad.
1700 1321 1753 1375 in
1799 1319 2166 1387 descriptione

564 1423 754 1489 Italia),
793 1431 847 1477 et
871 1419 1205 1490 Onuphrium
1232 1415 1551 1473 Panvinium
1593 1415 1646 1470 in
1685 1413 1943 1469 chronico
1973 1392 2163 1467 manu-

563 1515 791 1586 scripto,
819 1527 1015 1568 vanam
1058 1509 1203 1566 illius
1251 1508 1531 1575 trutinam,
1577 1514 1635 1563 et
1672 1505 1935 1576 judicium
1966 1503 2166 1561 refellit

566 1609 709 1666 idem
759 1607 1012 1679 Aloysius
1050 1605 1453 1677 Lippomanus,
1502 1610 1558 1657 et
1604 1598 1925 1657 Laurentius
1973 1597 2165 1654 Surius

567 1701 959 1759 Carlltusianus
984 1740 998 1765 ,
1030 1698 1132 1753 viri
1178 1695 1401 1768 judicio,
1437 1694 1636 1765 pietate
1658 1733 1675 1760 ,
1728 1700 1783 1747 et
1806 1691 1975 1755 varia,
1998 1697 2051 1745 et
2081 1703 2169 1745 re-

572 1795 785 1852 condita
838 1791 1143 1849 eruditione
1192 1787 1432 1859 insignes
1463 1828 1479 1855 ,
1530 1795 1584 1841 et
1611 1796 1884 1840 sacrarum
1916 1781 2166 1837 historia-

2268 481 2353 536 los
2382 480 2671 552 decerptus
2700 482 2920 538 nomine
2944 481 3179 539 Zenonis
3203 483 3453 554 intexuit,
3486 491 3714 556 uterque
3738 498 3869 540 vero

2270 573 2415 629 inter
2433 573 2756 631 Sanctorum
2785 576 2923 632 vitas
2969 576 3255 648 prudentia
3299 591 3508 633 summa
3533 622 3548 645 ,
3576 577 3871 649 laboreque

2271 666 2580 723 incredibili
2632 668 2891 725 collectas
2938 684 3223 726 sermones
3263 673 3500 743 integros
3544 671 3607 726 Β.
3638 671 3869 728 Zenonis

2272 756 2495 813 nomine
2525 757 2813 828 insignitus
2840 760 3203 817 inseruerunt.
3254 762 3349 817 His
3383 761 3717 832 gravissimis
3744 777 3872 819 auc-

2272 848 2486 905 toribus
2515 852 2728 908 accedit
2756 853 2867 907 vita
2902 852 2961 910 S.
2988 854 3240 922 Zenonis,
3264 870 3384 927 quae
3404 855 3514 927 jam
3547 858 3733 914 multis
3763 874 3865 915 ste-

2270 944 2408 1001 culis
2438 944 2537 1000 fuit
2560 948 2868 1020 conscripta
2888 989 2903 1015 ,
2958 949 3012 1005 in
3041 964 3144 1020 qua
3172 950 3415 1007 membra
3440 950 3647 1023 aliquot
3677 953 3868 1010 borum

2272 1055 2613 1109 sermonum,
2653 1042 2724 1099 de
2768 1044 2966 1114 quibus
2991 1053 3074 1100 est
3097 1043 3411 1116 disputatio,
3463 1045 3730 1118 leguntur.
3761 1048 3872 1104 Mo-

2270 1146 2465 1188 nemus
2493 1143 2675 1191 autem
2707 1137 3136 1207 praetermissum
3164 1146 3288 1194 esse
3336 1137 3396 1195 S.
3424 1136 3709 1195 Gaudentii
3757 1141 3873 1213 epi-

2268 1226 2418 1294 scopi
2446 1222 2744 1281 Brixiensis
2772 1238 3079 1284 sermonem
3106 1272 3119 1295 ,
3152 1231 3241 1301 qui
3271 1234 3484 1288 excusis
3528 1234 3872 1290 sermonibus

2269 1315 2333 1372 S.
2358 1316 2594 1373 Zenonis
2637 1318 2810 1375 fuerat
2835 1319 3046 1376 additus
3071 1363 3086 1388 ,
3138 1322 3282 1393 quod
3340 1324 3392 1379 in
3424 1334 3639 1382 vetusm
3686 1325 3876 1383 codice

2267 1411 2640 1481 manuscripto
2658 1427 2765 1467 non
2781 1417 3067 1482 reperitur.
3097 1414 3225 1469 Haec
3245 1415 3315 1471 de
3332 1416 3387 1472 S.
3409 1415 3644 1473 Zenonis
3669 1432 3878 1473 sermo-

2269 1502 2462 1568 nibus,
2491 1510 2549 1557 ut
2573 1502 2803 1574 piissimi
2831 1513 2886 1561 et
2924 1504 3296 1575 benignissimi
3341 1503 3579 1578 pastoris
3619 1523 3683 1564 ac
3709 1509 3879 1582 patris

2270 1595 2449 1652 nostri
2479 1595 2752 1664 mandato,
2786 1611 2890 1668 qua
2939 1596 3226 1654 debuimus
3253 1599 3627 1668 observantia,
3655 1616 3879 1672 parere-

2272 1703 2416 1744 mus.
2446 1689 2649 1755 Fruere
2677 1690 2844 1762 igitur
2866 1733 2882 1760 ,
2910 1689 3144 1750 candide
3175 1693 3377 1762 lector,
3414 1695 3497 1751 his
3526 1696 3873 1753 sermonibus

2286 1781 2546 1853 martyris
2566 1783 2832 1854 cpiscOpi,
2880 1783 2971 1854 qui
3002 1786 3197 1856 magno
3235 1785 3329 1841 Dei
3359 1801 3583 1844 munere
3612 1787 3765 1845 nobis
3796 1804 3883 1846 re-

576 1903 696 1943 rum
728 1887 778 1941 in
810 1883 997 1955 primis
1024 1841 1393 1945 scientissimi,
1421 1881 1511 1947 qui
1542 1890 1650 1932 non
1677 1873 1840 1930 modo
1882 1872 2128 1928 oratione
2149 1913 2165 1939 ,
2198 1841 2248 1901 Β
2279 1873 2394 1930 licti
2417 1883 2563 1940 sunt,
2609 1889 2744 1946 quos
2771 1889 2894 1931 cum
2947 1884 3153 1932 attente
3202 1874 3400 1948 legeris
3430 1921 3444 1945 ,
3475 1879 3678 1936 senties
3730 1888 3784 1936 te
3812 1879 3879 1935 ad

572 1981 668 2039 sed
696 1981 858 2035 etiam
882 1993 984 2033 usu
1014 1978 1132 2046 ipso
1162 1974 1219 2031 S.
1254 1971 1490 2028 Zenonis
1519 1983 1643 2025 esse
1672 1968 2008 2032 docuerunt,
2038 1979 2175 2035 quo-

568 2087 690 2127 rum
720 2070 856 2125 alter
886 2070 938 2123 in
967 2081 1119 2123 suam
1156 2074 1404 2120 catenam
1427 2059 1937 2117 commentariorum
1984 2059 2038 2113 in
2068 2054 2173 2113 Ge-

576 2194 1447 2221 ____________.________..

2279 1967 2494 2025 virtutis
2546 1974 2601 2024 et
2637 1967 2848 2041 pietatis
2898 1969 3132 2025 studium
3164 1970 3486 2028 mirabiliter
3509 1971 3736 2028 excitari
3765 2016 3779 2039 ,
3824 1982 3881 2029 et

2281 2058 2579 2128 hominem,
2603 2061 2655 2117 in
2669 2077 2776 2133 quo
2800 2059 3050 2119 Christus
3064 2062 3404 2136 loquebatur,
3423 2065 3580 2137 plane
3597 2080 3874 2138 agnosces.

1453 2189 3863 2216 mw

1201 2310 1660 2388 NOTITIA
1727 2285 2427 2381 LITTERARIA
2497 2309 2608 2382 IN
2690 2311 3247 2391 ZENONEM.

1587 2463 1699 2547 (ex
1742 2481 2260 2528 SCHOENEMANNO
2294 2482 2358 2527 τ.
2397 2482 2447 2543 ι,
2491 2482 2549 2526 ιι.
2583 2463 2916 2547 312-328.)

645 2728 746 2804 §l.
782 2729 924 2786 Vita.
956 2759 1024 2769 —
1053 2726 1364 2797 Episcopus
1410 2718 1764 2785 Veronensis,
1816 2716 1885 2773 de
1928 2730 2036 2787 quo
2081 2713 2178 2789 ad-

571 2823 793 2883 modum
825 2835 993 2893 pauca
1039 2827 1184 2887 sunt,
1235 2830 1356 2888 quae
1384 2812 1531 2871 certa
1575 2811 1681 2867 fide
1718 2818 1880 2879 atque
1923 2806 2175 2863 continua

576 2930 761 2972 rerum
814 2910 1074 2966 memoria
1118 2906 1424 2963 traduntur.
1498 2904 1758 2967 Fuerunt,
1820 2899 1908 2969 qui
1959 2898 2179 2953 nomine

472 3062 477 3067 κ
575 3008 720 3064 ducti
746 3006 996 3061 Grtecum
1030 3008 1300 3071 putarent,
1336 3009 1389 3054 et
1418 2996 1704 3067 Anonymo
1734 2991 1967 3063 quodam
2000 2990 2175 3045 versis

2281 2714 2629 2785 gnationibus
2694 2718 2911 2777 acribus
2957 2724 3165 2779 tantum
3230 2740 3339 2781 non
3397 2729 3613 2798 penitus
3659 2728 3885 2803 devicit,

2285 2805 2426 2860 unde
2456 2806 2728 2866 Veronam
2755 2813 3032 2871 erroribus
3074 2830 3331 2889 purgasse
3378 2827 3542 2891 atque
3585 2822 3652 2877 ad
3698 2838 3888 2879 veram

2283 2897 2600 2969 religionem
2658 2903 2974 2972 perduxiSSe
3024 2906 3200 2965 dictus
3265 2918 3366 2966 est.
3410 2900 3607 2969 Effecit
3668 2931 3892 2987 quoque

2285 2991 2468 3048 studio
2499 2995 2721 3065 illustri,
2749 3010 2804 3053 ut
2834 3016 2972 3067 nova
3002 3003 3231 3059 ecclesia
3255 3005 3487 3065 Veronae
3507 3025 3538 3062 e
3568 3007 3890 3065 fundamen-

577 3101 802 3156 ficutore
833 3104 968 3151 teste
994 3093 1148 3166 Syria
1172 3090 1481 3148 oriundum.
1504 3084 2041 3155 Quornmbariolatio
2055 3097 2175 3138 cum
2205 3126 2251 3190 Ο
2286 3085 2354 3141 tis
2396 3097 2794 3157 exstrueretur,
2825 3093 3188 3168 primumque,
3223 3115 3283 3153 ea
3316 3109 3525 3171 aperta,
3557 3094 3895 3157 christiano-

574 3208 676 3266 per
704 3206 763 3248 se
791 3190 862 3245 sit
899 3189 1030 3243 satis
1069 3186 1203 3241 levis
1245 3192 1405 3255 atque
1443 3197 1634 3256 parum
1679 3178 2032 3239 communita,
2063 3185 2173 3231 tum

579 3282 893 3355 infringitur
921 3281 1078 3353 plane
1106 3278 1359 3334 dictionis
1384 3286 1584 3348 genere
1611 3274 1769 3345 longe
1783 3273 1985 3341 puriori
2019 3279 2180 3340 atque

579 3374 846 3447 propiori,
882 3388 1043 3442 quam
1096 3370 1316 3427 Grmcus
1361 3369 1524 3422 homo
1563 3365 1740 3421 studio
1787 3365 1993 3434 privato
2025 3362 2178 3416 vitle-

580 3480 670 3524 tur
693 3476 1089 3523 consecuturus
1118 3462 1305 3518 fuisse.
1338 3461 1534 3517 Contra
1586 3474 1655 3515 ex
1702 3457 1894 3514 eodem
1927 3456 2051 3526 styli
2084 3470 2179 3511 co-

582 3563 700 3618 lore
729 3576 836 3615 non
880 3559 999 3614 sine
1020 3558 1143 3629 jure
1170 3556 1270 3612 sibi
1314 3554 1589 3618 videnlur,
1621 3551 1710 3622 qui
1758 3550 2053 3607 identidem
2100 3548 2179 3602 di-

578 3654 815 3710 ctionem
847 3649 964 3722 ejus
1008 3647 1443 3720 deprtedicarunt
1492 3644 1589 3699 viri
1640 3642 1941 3699 doctissimi
1982 3641 2184 3697 Casau-

582 3749 781 3813 bonus,
812 3744 1065 3801 Barthius
1102 3742 1323 3813 aliique,
1351 3739 1663 3795 Africanum
1709 3751 1831 3793 eum
1864 3734 2050 3790 fuisse.
2084 3737 2183 3788 At-

582 3855 691 3912 que
724 3838 849 3893 huic
875 3834 1117 3908 opinioni
1141 3830 1409 3891 calculum
1441 3830 1752 3901 adjecerunt
1780 3827 1972 3883 fratres
2006 3825 2183 3881 Balle-

583 3930 709 3987 rinii
734 3922 973 3987 editores
1003 3944 1069 3984 ex
1103 3926 1192 3982 Tr.
1224 3924 1287 3981 de
1330 3923 1554 3979 Arcadio
1598 3932 1823 3993 martyre
1856 3920 1908 3975 in
1938 3918 2185 3974 Caesarea

584 4023 923 4079 Mauritania:
988 4035 1183 4091 passo;
1250 4017 1403 4089 cujus
1456 4014 1717 4071 memoria
1771 4028 1894 4068 cum
1962 4025 2185 4081 prorsus

586 4113 729 4186 apud
775 4114 1026 4185 antiquos
1054 4111 1235 4183 ignota
1275 4109 1369 4174 sit,
1404 4107 1522 4164 fieri
1554 4121 1660 4162 non
1709 4104 1954 4176 potuisse
2000 4104 2187 4160 existi-

586 4214 757 4273 mant,
786 4213 843 4259 ut
870 4202 1202 4260 Veronensis
1228 4216 1317 4271 ep.
1350 4207 1494 4255 tanta
1536 4214 1658 4254 cum
1702 4197 1962 4268 religione
1989 4197 2183 4251 natali-

585 4297 721 4352 tium
767 4294 887 4367 ejus
919 4294 1063 4350 diem
1110 4292 1432 4357 celebraret,
1483 4290 1585 4345 nisi
1635 4291 1906 4360 praecipua
1952 4287 2183 4358 quadam

532 4376 537 4383 ί
586 4388 879 4446 devotione
902 4386 1076 4444 eidem
1111 4384 1304 4441 fuisset
1334 4381 1582 4437 addictus
1608 4391 1770 4450 atque
1797 4378 1933 4436 adeo
1957 4380 2185 4435 fortasse

2283 3195 2401 3235 rum
2453 3193 2779 3240 conventum
2824 3201 3094 3256 sermone,
3157 3192 3317 3247 etiam
3365 3208 3508 3250 nunc
3568 3197 3892 3266 superstite,

2281 3270 2578 3329 celebravit
2626 3274 2822 3348 (Tract.
2879 3296 2987 3346 xvr,
3034 3281 3072 3337 Ι.
3122 3280 3182 3356 ι).
3240 3284 3416 3357 Atque
3468 3285 3695 3358 primam
3749 3287 3901 3343 hanc

2281 3360 2449 3419 fuisse
2477 3366 2762 3422 ecclesiam
2791 3368 3018 3425 Verona:
3054 3371 3154 3428 hos
3186 3376 3237 3429 in
3269 3389 3401 3431 usus
3432 3376 3779 3447 :cditicatam,
3824 3394 3898 3433 ex

2284 3457 2475 3513 eodem
2508 3458 2627 3529 ejus
2657 3474 2909 3521 sermone
2939 3480 3043 3519 non
3076 3465 3272 3537 injuria
3301 3478 3551 3525 auctores
3596 3478 3722 3533 ante
3771 3471 3901 3525 lau-

2282 3546 2394 3625 dati
2425 3550 2738 3619 conjiciunt.
2794 3552 2999 3610 Murum
3055 3572 3117 3613 ac
3162 3559 3287 3614 vita:
3333 3562 3582 3631 gnaviter
3624 3562 3905 3619 ducenda:

2285 3650 2469 3695 custos
2535 3642 2975 3712 vigilantissimus
3042 3647 3180 3716 fuit,
3235 3660 3290 3706 et
3335 3663 3587 3723 superest
3629 3660 3906 3710 tractatus

2288 3729 2492 3801 (Truct.
2524 3748 2615 3799 xv,
2652 3736 2688 3790 Ι.
2725 3737 2784 3806 t),
2834 3753 2940 3807 quo
2987 3740 3274 3809 plurimum
3311 3731 3437 3798 tunc
3485 3745 3747 3816 temporis
3801 3763 3911 3816 per

2288 3824 2495 3880 italiam
2530 3827 2909 3900 episcoporum
2951 3834 3199 3904 exemplo
3248 3836 3300 3890 in
3349 3851 3444 3892 eos
3490 3837 3734 3892 invectus
3785 3850 3905 3906 est,

2290 3919 2379 3989 qui
2425 3934 2715 3991 agaparum
2763 3924 2985 3981 nomine
3023 3925 3075 3982 in
3109 3930 3613 3999 commessationes,
3646 3932 3913 3989 ebrieta-

2288 4020 2396 4068 tem
2445 4028 2508 4069 ac
2543 4016 2928 4087 impudicitiam
2974 4021 3346 4080 abuterentur.
3399 4024 3668 4097 Imprimis
3707 4038 3914 4085 autem

2291 4104 2561 4177 virginum
2591 4109 2930 4180 disciplinam
2965 4114 3034 4168 ab
3077 4131 3143 4171 eo
3190 4114 3459 4177 excultam
3490 4136 3633 4187 esse,
3664 4123 3814 4179 adeo
3853 4134 3924 4181 ut

2294 4195 2519 4254 Verona:
2556 4198 2671 4255 ~non
2719 4202 2892 4258 solum
2925 4204 3163 4276 virgines
3211 4219 3415 4276 essent,
3463 4227 3587 4283 qua:
3616 4213 3923 4284 pudicitiae

2289 4291 2568 4361 virginalis
2601 4304 2730 4350 voto
2758 4294 3038 4353 obstricta:
3099 4300 3152 4355 in
3211 4300 3463 4360 domibus
3509 4305 3624 4360 suis
3668 4322 3731 4363 se
3762 4324 3927 4365 con-

2291 4381 2548 4451 tinerent,
2578 4384 2672 4438 sed
2704 4386 2867 4440 etiam
2895 4402 3016 4456 quae
3045 4390 3405 4461 virginitatem
3453 4394 3713 4467 professa:
3745 4412 3929 4455 enm-

590 4496 655 4537 ex
687 4481 877 4537 eadem
923 4476 1122 4534 Africa:
1176 4473 1448 4549 provincia
1498 4472 1793 4539 oriundus;
1834 4471 2186 4529 ostendentes
2215 4507 2265 4567 Β
2292 4487 2513 4528 munem
2546 4473 2600 4529 in
2633 4478 2967 4534 monasterio
2999 4480 3160 4535 vitam
3191 4482 3474 4555 degerent,
3504 4502 3571 4542 ex
3600 4487 3931 4548 Ambrosio

588 4568 752 4629 simul
803 4588 911 4627 non
938 4573 1173 4626 alienum
1218 4587 1247 4624 a
1295 4566 1775 4625 consuetudinibus
1824 4566 2186 4622 Ecclesiarum

591 4663 902 4720 Occidentis
928 4662 1117 4728 fuisse,
1151 4671 1207 4716 ut
1234 4660 1520 4715 Africanos
1551 4657 1761 4714 meritis
1807 4657 2045 4727 insignes
2074 4658 2190 4728 epi-

592 4769 788 4826 scopos
818 4763 872 4809 et
900 4753 1128 4809 clericos
1154 4756 1425 4815 crearent,
1471 4764 1571 4804 nec
1618 4748 1797 4804 minus
1827 4748 1993 4803 moris
2024 4746 2189 4803 fuisse

594 4846 968 4918 expeditiones
998 4845 1051 4899 in
1075 4852 1249 4898 terras
1277 4841 1485 4897 Orienti
1512 4839 1810 4908 suscipere.
1858 4837 2022 4918 iidem
2069 4836 2187 4910 epi-

597 4916 824 5008 scopum
875 4951 997 4992 cum
1054 4933 1357 4989 ordinatum
1413 4946 1535 4988 esse
1560 4941 1714 4986 sexto
1744 4930 1865 4986 idus
1889 4916 2193 4989 decembris

596 5043 740 5084 anno
770 5028 877 5084 563
934 5027 1235 5098 (postremo
1260 5022 1485 5094 Juliani)
1515 5023 1779 5079 scribunt.
1823 5020 2038 5078 Iuliano
2062 5038 2192 5095 ergo
2248 5034 2255 5039 '

595 5137 684 5177 an.
716 5116 844 5186 365,
876 5120 985 5175 vita
1015 5118 1296 5185 defuncto,
1330 5132 1451 5174 cum
1496 5117 1782 5190 imperium
1828 5114 1898 5174 ad
1946 5118 2189 5175 Caesares

594 5214 915 5287 religionem
939 5208 1291 5269 Christianam
1318 5210 1561 5267 foventes
1586 5210 1781 5268 iterum
1822 5220 1968 5269 esset
2006 5210 2190 5268 tradu-

592 5314 761 5373 ctum,
791 5306 919 5361 novi
948 5305 1189 5361 muneris
1213 5303 1452 5375 auspicia
1478 5303 1674 5360 exinde
1699 5304 2009 5361 felicissima
2039 5303 2189 5359 Zeno

594 5402 782 5472 carpit,
813 5406 873 5456 ut
904 5398 1095 5469 partim
1123 5412 1384 5470 paganos,
1416 5408 1554 5469 quos
1582 5397 1896 5469 frequenter
1924 5406 2050 5452 tunc
2079 5395 2186 5451 Vc-

591 5508 742 5552 ronm
768 5494 932 5550 fuisse
963 5491 1254 5549 verisimile
1293 5502 1396 5559 est,
1441 5492 1633 5562 partim
1667 5492 1917 5558 Arianos,
1966 5490 2057 5560 qui
2088 5491 2188 5547 sub

587 5576 928 5654 Constantio,
961 5584 1161 5642 Juliani
1205 5585 1630 5657 prredecessore,
1663 5583 1960 5640 catholicos
2006 5585 2060 5639 in
2106 5584 2188 5642 his

555 5676 901 5748 ‘regionibus
936 5692 1072 5747 pene
1099 5684 1486 5749 oppresserant
1503 5718 1519 5745 ,
1545 5675 1875 5743 adoriretur,
1908 5688 2046 5747 quos
2067 5690 2188 5748 par-

576 5767 677 5822 tim
719 5765 987 5829 facundia
1019 5783 1115 5826 sua
1146 5768 1212 5826 ad
1240 5767 1401 5826 iidem
1445 5767 1733 5838 convertit,
1778 5769 1968 5842 partim
2016 5768 2161 5845 impu

2296 4563 2518 4639 (Epist.)
2567 4569 2906 4640 potissimum
2958 4576 3355 4645 cognoscimus.
3404 4577 3615 4647 Annus,
3647 4596 3765 4652 quo
3797 4585 3932 4640 vita

2295 4660 2619 4725 excesserit,
2652 4670 2709 4715 ut
2746 4662 2976 4732 plurima
3007 4662 3125 4736 ejus
3151 4676 3323 4737 gesta,
3351 4668 3590 4727 incertus
3621 4682 3727 4728 est.
3788 4674 3939 4731 Pla-

2295 4752 2408 4806 cuit
2432 4751 2738 4809 Balleriniis
2791 4755 2898 4813 380
2925 4755 3010 4811 vel
3035 4757 3166 4825 581,
3206 4768 3263 4814 ιιι
3289 4760 3426 4818 adeo
3458 4778 3555 4834 per
3596 4780 3788 4822 annos
3829 4768 3933 4835 l8,

2295 4840 2555 4925 Ecclesia:
2576 4843 2905 4902 Veronensis
2934 4849 3173 4920 regimen
3207 4853 3459 4918 tenuerit,
3486 4853 3629 4925 quod
3656 4859 3939 4924 spatium

2296 4934 2363 4989 ad
2390 4924 2569 4990 omnia
2596 4978 2609 5001 ,
2639 4952 2757 5008 quae
2787 4946 2894 4993 tam
2921 4939 3151 4997 obscure
3180 4924 3515 5014 accepimus,
3539 4946 3797 5017 gerenda
3834 4953 3945 5007 vix

2294 5026 2429 5080 satis
2461 5041 2714 5098 maguum
2747 5035 2960 5099 putant.
2990 5022 3063 5087 De
3106 5032 3381 5089 miraculis
3428 5044 3483 5092 et
3528 5041 3821 5111 martyrio
3881 5045 3946 5100 in

2293 5119 2550 5189 praesenti
2580 5119 2711 5176 nihil
2741 5121 2923 5179 dicere
2948 5123 3161 5180 attinet.
3192 5125 3279 5181 lila
3310 5127 3403 5199 qui
3442 5139 3616 5195 curat,
3649 5130 3949 5191 editores

2294 5225 2520 5282 operum
2566 5214 2685 5284 ejus
2714 5224 2768 5270 et
2808 5213 3009 5280 fontes,
3046 5216 3189 5273 unde
3221 5218 3298 5274 illi
3331 5219 3648 5285 hauserunt,
3701 5222 3948 5295 adeat;

2290 5302 2564 5373 posterius
2592 5301 2826 5361 fabulam
2855 5322 2996 5372 esse,
3030 5308 3130 5379 ipsi
3157 5307 3431 5365 Baiierinii
3464 5311 3685 5381 majoris
3743 5331 3951 5386 quam

2296 5392 2434 5450 forte
2485 5409 2620 5466 opus
2650 5405 2766 5452 erat
2802 5413 2983 5468 operte
3012 5400 3289 5471 impendio
3334 5402 3617 5472 probatum
3648 5404 3950 5466 iverunt.

2366 5485 2395 5559 ᾗ
2424 5486 2487 5542 ll.
2519 5487 2749 5561 Scripta.
2780 5521 2852 5532 —-
2879 5489 3014 5563 Ejus
3052 5504 3326 5565 supersunt
3370 5494 3649 5553 Sermones
3700 5500 3959 5575 longio-

2291 5594 2373 5633 res
2401 5595 2508 5646 ινι,
2543 5581 2849 5638 breuiusculi
2878 5596 3119 5642 Lxxxvn.

2366 5670 2394 5744 ᾗ
2426 5671 2512 5728 ill.
2543 5671 2834 5731 Editiones.
2856 5706 2930 5717 —
2954 5678 3094 5736 Ante
3137 5676 3458 5738 Balleribios
3502 5680 3709 5738 fratres
3748 5688 3961 5746 nemo

2297 5766 2415 5839 fuit,
2458 5770 2549 5843 qui
2579 5770 2715 5831 bene
2740 5772 2809 5831 de
2847 5774 3061 5837 Zenone
3089 5779 3352 5839 meruisse
3374 5778 3479 5838 dici
3520 5790 3747 5854 posset.
3789 5780 3965 5847 Nam
