4216 6178
269 115 338 134 ρ..

330 245 445 303 215

328 362 423 441 qui
457 354 625 414 valde
653 358 877 409 mature
901 340 1177 441 .quidem,
1202 359 1378 441 ‘anno
1427 341 1719 441 nimirum.
1745 338 2012 441 1508,.ex

325 431 526 513 codice
556 464 587 506 a
616 446 871 506 Guarino
900 435 1220 494 Veronensi
1246 445 1472 508 reperto
1502 432 1752 489 Zenonis
1782 431 2009 488 nomine

325 548 438 606 luci
482 544 602 601 dati
654 544 786 598 sunt
817 543 1133 597 sermones,
1169 545 1287 586 non
1318 528 1488 585 modo
1516 524 1660 581 nihil
1694 521 1861 579 fama
1907 523 2012 579 hu-

318 644 410 714 jus
437 636 690 696 auctoris
718 630 1074 706 profuerunt,
1119 622 1229 679 sed
1279 624 1448 679 etiam
1502 616 1577 673 ad
1609 614 2012 714 confundenda

322 710 620 793 doctorum
650 729 721 786 de
750 741 821 783 eo
856 718 1090 795 judicia,
1111 716 1443 780 valuerunt,
1484 717 1782 783 praeeunte
1816 710 2014 780 impri-

322 830 427 887 mis
449 827 538 884 Jo.
573 825 730 882 Sixto
759 814 991 878 Senensi
1013 808 1104 881 (In
1131 807 1388 865 biblioth.
1422 812 1636 869 sancta,
1668 816 1745 867 tv,
1775 801 1871 855 ed.
1907 801 2012 856 col.

322 925 428 980 Ion.
463 936 588 994 agr.
627 914 790 980 1626,
827 932 882 985 ρ.
912 901 1067 975 391),
1099 905 1238 994 qui,
1469 894 1685 994 aliquot
1723 899 2016 994 tractatus

319 981 837 1085 deprehendisset;
862 999 950 1075 qui
997 992 1217 1067 partim
1270 991 1561 1085 Hilarium
1590 989 1686 1037 aut
1723 981 2013 1085 stilium

316 1070 610 1167 auctorem
645 1070 932 1163 baberent,
963 1086 1173 1164 partim
1209 1093 1505 1140 auctorem
1525 1076 1708 1177 longe
1732 1070 2010 1177 “Zenoni,

317 1164 481 1273 cujus
535 1198 766 1264 insuper
793 1196 1007 1246 aetatem
1059 1176 1287 1244 Sinus,
1338 1186 1478 1273 cum
1525 1168 1692 1273 Petro
1730 1164 2012 1273 isiquilino

318 1267 589 1366 episcopo
641 1285 711 1343 ad
764 1281 1075 1341 Gallienum
1110 1282 1335 1366 nisque
1384 1267 1669 1366 retrasit,
1724 1267 2008 1366 seriorem

319 1354 733 1445 monstrarent,
768 1374 925 1431 facile
947 1385 1009 1428 se
1037 1360 1406 1420 dubitatione
1459 1354 1636 1424 abripi
1687 1363 1895 1445 passus
1924 1357 2009 1405 est

321 1441 381 1535 ad
432 1475 608 1531 ﬁdem
660 1441 898 1540 reliquis
940 1464 1102 1520 etiam
1153 1451 1433 1510 omnibus
1486 1441 1895 1552 derogandam,
1945 1450 2006 1548 ut

322 1566 525 1639 majori
554 1579 628 1621 ex
659 1539 821 1632 parte
869 1555 1135 1613 collectos
1185 1560 1322 1602 esse
1350 1558 1419 1599 ex
1468 1539 2001 1643 diversiSHauctori-

322 1631 426 1718 bus
454 1700 472 1724 ,
505 1631 773 1712 ducentis
802 1662 945 1720 pene
972 1640 1131 1700 annis
1172 1634 1395 1694 Zenoni
1448 1631 1854 1724 posterioribus
1881 1638 1996 1686 sta-

1394 227 1685 287 NOTITIA
1718 222 2148 283 LITTERARIA
2178 216 2246 282 ΙΝ
2286 222 2646 284 ZENONEM.
2730 242 2745 249 “

3647 254 3758 310 246

2041 346 2097 406 Α
2124 338 2368 395 indicant
2396 339 2805 399 annotationes
2826 343 3049 417 aliquar,
3086 352 3139 407 in
3181 354 3375 425 quibus
3398 356 3471 413 ad
3496 359 3759 420 observas

2120 432 2299 487 tiones
2330 432 2384 488 in
2411 431 2639 488 eosdem
2673 445 2991 505 postremos
3018 458 3233 517 quoque
3258 462 3546 509 sermones
3573 454 3749 523 lecto-

2116 536 2234 577 rem
2263 523 2509 579 remittit.
2544 523 2717 582 Hisce
2748 538 2928 586 autem
2960 534 3013 588 in
3039 539 3482 599 annotationibus
3521 555 3578 602 et
3619 558 3743 604 cur-

2118 613 2367 682 ruptiora
2415 613 2670 684 quaedam
2706 617 2823 673 loca
2860 625 3089 680 tentavit
3116 629 3411 687 emendare
3457 644 3514 690 et
3554 636 3746 694 difﬁci-

2118 702 2288 760 liores
2314 704 2581 776 quasdam
2614 712 2918 769 sententias
2963 718 3237 788 explicare
3266 722 3489 780 naviter
3512 736 3569 783 et
3608 743 3739 785 eru-

2118 794 2234 851 dite
2283 797 2511 853 studuit.
2564 797 2684 856 Uno
2721 804 2913 861 codice
2939 823 3101 877 usus,
3154 827 3314 883 quem
3362 817 3539 874 serius
3575 821 3741 878 etiam

2118 888 2401 960 accepisse
2431 890 2668 961 videtur,
2710 894 2851 952 alios
2879 913 3026 970 srepe
3054 902 3406 975 desideravit,
3441 913 3596 982 queis
3625 915 3740 970 sin-

2118 996 2307 1040 ceram
2339 987 2630 1045 lectionem
2680 994 3015 1053 restitueret.
3057 1000 3282 1071 Aliquos
3313 1013 3576 1065 tractatus
3601 1024 3729 1081 sup-

2118 1079 2395 1146 posititios
2446 1082 2604 1153 plane
2651 1089 2941 1158 cognovit,
2976 1100 3031 1147 at
3058 1108 3180 1150 cum
3209 1096 3485 1168 vulgatum
3513 1103 3582 1160 de
3609 1079 3737 1161 Gal—

2116 1167 2450 1263 li-eni‘aetate
2495 1176 2874 1246 prmjudicium
2919 1184 3161 1241 nondum
3207 1186 3532 1263 detexisset,
3577 1195 3736 1253 baisit

2113 1258 2341 1331 alicubi,
2371 1267 2665 1337 quominus
2710 1270 2925 1341 aliquos
2942 1274 3217 1334 addititios
3240 1258 3733 1342 tractatusalienos

2111 1354 2390 1424 crederet,
2444 1360 2645 1417 alicubi
2687 1362 2851 1419 etiam
2899 1369 3192 1437 genuinum
3241 1371 3478 1431 Zenonis
3522 1390 3735 1434 sermo-

2106 1460 2264 1516 nem,
2312 1450 2406 1520 qui
2453 1454 2503 1508 ei
2536 1454 2682 1508 aetati
2729 1469 2838 1511 non
2870 1461 3138 1530 congruit,
3182 1462 3251 1518 ab
3295 1465 3490 1522 eodem
3518 1469 3728 1540 adjndi-

2103 1541 2344 1598 candum
2377 1547 2584 1615 putavit
2612 1564 2625 1600 :
2672 1556 2730 1602 ut
2756 1564 2827 1605 ne
2855 1555 3039 1608 tamen
3071 1566 3281 1610 certum
3312 1558 3405 1627 sit,
3436 1573 3504 1614 an
3549 1571 3725 1617 muta-

2102 1639 2263 1690 turus
2314 1636 2506 1694 fuisset
2561 1642 2921 1710 sententiam,
2982 1646 3029 1702 si
3085 1647 3312 1705 editioni
3377 1650 3723 1722 perﬁcienda:

328 1723 533 1807 tueret.
595 1744 743 1800 Hinc
790 1741 1070 1809 aliquanto
1112 1731 1287 1802 plane
1336 1724 1650 1782 dubitatum
1698 1723 1821 1786 fuit,
1865 1736 1993 1779 num
2022 1734 2073 1796 Β
2102 1725 2446 1801 longiorique
2484 1732 2827 1789 meditationi
2875 1747 3089 1808 tempus
3134 1741 3513 1812 superfuisset.
3562 1744 3718 1802 Nunc

338 1843 485 1896 inter
531 1836 849 1905 scriptores
894 1824 1306 1884 ecclesiasticos
1323 1818 1477 1874 Zeno
1499 1824 1650 1872 esset
1675 1813 1999 1905 referendus

324 1928 638 2005 (Mabillon.
656 1903 740 1979 Vde
764 1918 978 1978 Studiis
1006 1922 1230 1970 monast.
1263 1919 1416 1984 parte
1439 1909 1640 1980 prima,
1673 1924 1732 1978 p.
1756 1903 1886 1972 277,
1905 1906 1991 2005 eti.

325 2000 570 2079 secunda:
592 2008 1166 2079 Venet.l729,in-i°)?
1177 2008 1260 2063 Ac
1276 2018 1591 2076 quanquam
1609 2009 1872 2056 auctores
1882 2000 1994 2057 edi-

323 2115 406 2171 nis
422 2106 776 2169 Veronensis
798 2118 947 2158 anno
975 2097 1137 2166 1586,
1174 2095 1441 2153 vindicias
1465 2103 1550 2150 sat
1573 2091 1837 2165 prolixas
1865 2106 1992 2147 con-

323 2204 670 2267 texuerintu
711 2212 836 2252 cum
871 2203 1047 2250 tamen
1069 2193 1182 2262 ipsa
1217 2191 1270 2245 in
1295 2189 1538 2245 editione
1565 2197 1800 2260 praeter
1826 2185 2002 2248 alium,

320 2308 643 2354 sermonum
664 2288 953 2352 'ordinem,
982 2298 1090 2355 quo
1118 2283 1206 2339 isti
1233 2282 1287 2338 in
1311 2281 1448 2337 duos
1478 2280 1661 2336 libros
1697 2276 1993 2337 distributi

320 2398 622 2448 cernuntur
666 2380 811 2439 nihil
837 2388 1086 2437 occurrat
1112 2377 1257 2443 novi,
1305 2376 1400 2432 sed
1443 2390 1649 2432 omnes
1706 2382 1987 2431 tractatus

321 2498 474 2554 mque
500 2481 615 2538 sint
651 2473 975 2548 perturbati,
1003 2470 1254 2543 permixti
1280 2484 1342 2525 ac
1373 2484 1470 2538 pro
1496 2467 1873 2526 Zenonianis
1903 2467 1989 2523 di-

322 2578 547 2643 venditi,
581 2573 620 2630 ii
647 2572 835 2636 etiam,
863 2564 997 2641 quos
1024 2566 1227 2621 alienos
1271 2576 1391 2619 esse
1434 2562 1583 2617 Sixti
1636 2571 1985 2634 argumenta

324 2670 673 2729 manifestum
687 2664 928 2721 fecerant
958 2679 970 2715 :
1001 2672 1352 2731 quaecumque
1374 2656 1427 2710 in
1448 2664 1565 2710 tam
1597 2658 1783 2712 malae
1804 2670 1985 2713 causa:

326 2762 691 2837 patrocinium
710 2757 816 2814 dici
832 2763 1078 2830 potuere,
1098 2766 1203 2806 non
1227 2749 1399 2805 solum
1420 2746 1555 2802 nihil
1577 2748 1978 2818 profecerunt,

326 2858 420 2915 sed
451 2856 526 2913 ad
569 2850 1001 2924 indignationem
1052 2846 1236 2919 potius
1262 2840 1708 2923 exstimulat-unt
1746 2843 1982 2898 nonnul-

331 2953 512 3007 lorum
543 2941 784 3012 animos,
825 2954 1156 3012 causamque
1199 2938 1397 3009 ipsam,
1438 2950 1562 3005 quae
1598 2935 1979 2993 imbecillibus

332 3043 492 3098 valde
525 3035 868 3109 argumentis
896 3030 1160 3089 sufi‘ulciri
1185 3043 1250 3083 ac
1278 3024 1577 3082 sustentari
1624 3025 1842 3091 debuit,
1877 3027 1978 3081 im-
2024 3033 2039 3046 ‘

2102 1817 2332 1876 affectus
2381 1821 2471 1879 hic
2518 1823 2829 1895 Sparaverii
2873 1835 3298 1889 commentarius
3335 1834 3451 1904 ipse
3498 1850 3715 1907 quoque

2101 1909 2526 1971 Balieriniorum
2575 1917 2802 1974 editioni
2847 1923 3098 1978 accessit.
3142 1923 3358 1990 ﬂorum
3404 1927 3567 1998 igitur
3612 1929 3716 1983 im-

2098 2006 2321 2061 mortali
2358 2023 2519 2078 opera
2550 2009 2804 2067 eﬂ‘ectum
2836 2022 2942 2081 est,
2992 2024 3070 2082 ut,
3115 2016 3201 2072 cui
3243 2027 3400 2074 antea
3447 2019 3709 2077 honorem

2097 2097 2426 2165 scriptorum
2474 2094 2636 2171 atque
2667 2104 2844 2173 ipsum
2873 2113 3072 2161 statum
3100 2107 3245 2164 docti
3278 2109 3632 2182 denegarem,
3663 2116 3707 2169 is

2090 2188 2205 2257 jam
2250 2206 2498 2258 munere,
2544 2195 2754 2251 meritis
2782 2206 2838 2252 et
2868 2199 3084 2269 scriptis
3121 2198 3563 2259 luculentissima:
3591 2206 3707 2260 edis

2094 2282 2259 2338 tionis
2281 2281 2490 2341 honore
2515 2284 2786 2343 decoratis
2825 2291 3121 2346 elucescat.
3166 2292 3583 2350 Balleriuiorum
3611 2312 3702 2352 re-

2100 2372 2414 2429 censionem
2442 2390 2506 2430 ac
2536 2376 2974 2435 distributionem
3007 2395 3223 2437 secutus
3251 2393 3336 2439 est
3370 2382 3697 2443 Gallandius.

2090 2461 2413 2520 Novissima:
2455 2465 2510 2521 in
2542 2466 2822 2525 Zenonem
2851 2484 2999 2527 cura:
3027 2481 3153 2527 sunt
3176 2470 3548 2532 Bartholomtei
3596 2477 3698 2534 Pc-

2072 2556 2287 2621 ,ναικίηὶ
2331 2566 2387 2613 et
2429 2556 2613 2619 Jacobi
2641 2560 2975 2619 Marcbionis
3024 2563 3249 2619 Dionisi.
3293 2566 3446 2622 Nunc
3470 2568 3539 2624 de
3576 2570 3694 2625 sin-

2085 2648 2247 2720 gulis,
2330 2686 2335 2693 ι

2804 2744 2965 2802 1508.

2162 2833 2411 2903 Venetiis,
2458 2835 2599 2907 apud
2641 2833 2839 2891 Bened.
2888 2835 3152 2895 Fontona.
3186 2839 3385 2897 Eximii
3423 2852 3478 2900 et
3506 2849 3687 2904 excel-

2084 2927 2246 2982 lentis
2287 2928 2388 2983 viri
2417 2926 2929 2998 prmelarissimique
2961 2929 3207 2987 Doctoris
3238 2932 3416 2989 Sancti
3447 2935 3682 2997 Zenonis

2079 3020 2322 3091 episcopi
2380 3018 2710 3076 Veronensis
2778 3035 3090 3076 sermonum
3157 3025 3681 3095 elegantissimorum

333 3136 680 3193 becilliorem
712 3128 887 3184 multo
935 3124 1376 3189 deterioremqne
1424 3131 1570 3179 esse,
1627 3133 1795 3188 quam
1841 3130 1967 3174 ante
1994 3121 2039 3184 C
2081 3114 2148 3170 ad
2191 3115 2449 3184 populum
2476 3123 2861 3185 excerptorum
2894 3130 2959 3171 ex
2992 3118 3360 3174 vetustissimo
3405 3123 3682 3182 volumine

334 3229 487 3284 fuera
500 3236 546 3291 ι,
575 3221 853 3294 aliquibus
885 3229 1235 3289 persuascre.
1271 3209 1351 3266 Ad
1379 3208 1767 3264 difficultatum
1796 3225 1965 3282 porro

335 3320 629 3377 cumulum
662 3315 766 3371 hac
793 3315 847 3369 in
875 3308 1117 3367 editione
1148 3305 1381 3362 accessit
1400 3302 1561 3358 etiam
1594 3313 1828 3373 tempus,
1858 3318 1965 3374 quo

333 3414 393 3471 S.
423 3414 714 3469 Zenonem
756 3405 1012 3462 ﬂoruisse
1041 3400 1284 3457 editores
1312 3402 1635 3462 statuerunt,
1670 3395 1810 3466 quod
1839 3412 1962 3452 cum

338 3505 557 3576 aliquot
588 3510 907 3557 sermonum
939 3490 1271 3551 testimoniis
1298 3487 1612 3543 adversetur
1649 3488 1959 3559 manifeste,

336 3613 435 3670 pro
467 3591 737 3653 sedandis
766 3586 1186 3662 repugnantium
1237 3581 1552 3639 criticorum
1601 3581 1817 3650 animis,
1867 3598 1963 3640 eos

262 3688 267 3691 ’
336 3688 389 3745 in
420 3691 642 3759 majora
675 3682 899 3740 dissidia
931 3686 1289 3736 exacuerunt.
1332 3695 1351 3729 ›
1402 3675 1554 3743 Quod
1582 3674 1628 3728 si
1656 3673 1742 3730 his
1790 3675 1960 3733 addas

334 3794 699 3854 perversam,
751 3791 911 3847 quam
962 3776 1013 3828 in
1063 3773 1183 3844 ipso
1232 3776 1379 3825 textu
1426 3767 1735 3824 exhibendo
1788 3774 1961 3827 secuti

334 3882 465 3930 sunt
499 3872 814 3936 rationem,
857 3879 1131 3938 quamque
1163 3861 1326 3918 iidem
1381 3859 1676 3928 Bullerinii,
1726 3877 1958 3933 quorum

333 3967 601 4036 superius
630 3976 847 4034 quoque
883 3970 967 4016 est
1013 3955 1307 4028 judicium,
1360 3953 1561 4008 acriter
1604 3962 1862 4010 notarunt
1890 3972 1957 4013 ex

330 4072 512 4129 eaque
550 4055 813 4125 deinceps
842 4051 1117 4107 Zenonem
1150 4046 1481 4115 descriptum
1512 4044 1718 4115 videas,
1751 4048 1956 4105 senties

331 4154 567 4222 Oportet
594 4160 705 4218 quo
732 4143 855 4216 jure
895 4142 1095 4200 nemini
1125 4149 1252 4196 ante
1282 4136 1602 4193 Balierinios
1655 4140 1953 4211 quidquam

328 4242 601 4299 debuisse
628 4238 1102 4294 affirmaverimus.
1136 4232 1250 4290 Sub
1294 4230 1455 4287 finem
1488 4232 1668 4288 saeculi
1697 4237 1956 4304 prmteriti

331 4347 481 4388 nova
516 4329 817 4403 parabatur
844 4327 1031 4391 editio,
1081 4328 1259 4380 morte
1305 4321 1430 4377 dein
1456 4325 1689 4379 auctoris
1718 4325 1954 4382 interce-

327 4438 441 4500 pta,
479 4426 561 4483 de
586 4438 692 4496 qua
729 4423 870 4494 apud
901 4421 1120 4478 eosdem
1156 4417 1478 4473 Ballerinios
1510 4417 1622 4471 haec
1652 4417 1905 4489 leguntur
1934 4439 1948 4474 :

328 4520 667 4576 Franciscus
694 4514 1055 4587 Sparauerius,
1087 4510 1294 4567 Nobilis
1342 4504 1664 4563 Veronensis
1713 4509 1765 4562 in
1807 4510 1952 4567 Lati-
1978 4511 2033 4571 D

326 4615 415 4670 nis
448 4612 780 4680 Graecisque
826 4607 1134 4663 auctoribus
1163 4598 1410 4674 apprime
1434 4611 1704 4667 versatus,
1736 4604 1952 4672 politio—

326 4718 580 4778 rumque
609 4704 911 4759 litterarum
940 4712 1004 4756 ac
1033 4695 1359 4755 eruditionis
1392 4693 1569 4749 cultor
1596 4694 1849 4762 eximius,
1882 4696 1950 4753 de

326 4800 639 4871 quopiura
667 4792 852 4865 Scipio
894 4791 1137 4848 Maﬂeius
1183 4784 1416 4859 prodidit
1459 4795 1596 4856 part.
1634 4800 1669 4839 ι(
1723 4784 1949 4842 Veronm

328 4894 679 4956 illustratae;
732 4896 1012 4960 postquam
1062 4880 1319 4940 nonnulla
1366 4878 1672 4935 iucubravit
1738 4894 1947 4936 summa

327 5003 461 5044 cum
499 4983 689 5049 laude,
723 4990 996 5054 postrema
1027 4986 1185 5034 aetate
1232 4988 1420 5029 novam
1469 4972 1528 5029 S.
1576 4971 1807 5027 Zenonis
1834 4971 1949 5027 edi-

330 5080 556 5137 tionem
608 5074 990 5139 meditabatnr,
1031 5070 1085 5126 in
1134 5082 1291 5139 quam
1346 5065 1525 5136 plures
1572 5066 1948 5120 anuotationes

333 5175 588 5247 paravit.
617 5172 689 5224 At
717 5174 890 5223 morte
934 5166 1239 5235 prmventus
1284 5172 1423 5213 anno
1459 5158 1615 5223 l697,
1662 5172 1798 5227 Opus
1849 5156 1948 5212 im-

331 5266 655 5341 perfectum
684 5258 922 5330 reliquit.
954 5252 1277 5313 Veronensis
1307 5261 1482 5306 autem
1515 5249 1759 5304 ordinem
1787 5265 1945 5305 secu-

333 5372 451 5425 tus,
509 5352 963 5412 commentarium
997 5346 1248 5420 produxit
1278 5344 1342 5400 ad
1373 5342 1607 5399 medium
1634 5357 1802 5412 usque
1829 5358 1947 5399 ser-

333 5462 581 5507 monem
609 5444 671 5500 de
696 5443 1037 5515 adiﬁcatione
1074 5436 1269 5493 Damus
1316 5435 1431 5501 Dei,
1466 5443 1588 5503 post
1636 5446 1795 5504 quem
1843 5444 1950 5491 tres

335 5544 433 5600 alii
467 5554 648 5610 supra
674 5536 862 5592 decem
897 5545 1174 5589 sermones
1200 5545 1259 5584 ea
1303 5529 1353 5582 in
1398 5527 1637 5583 editione
1662 5536 1953 5595 Supersunt

339 5636 472 5692 sine
522 5631 643 5685 ullo
686 5625 1101 5688 commentario;
1150 5636 1304 5694 quem
1350 5629 1527 5675 tamen
1574 5632 1816 5689 parasse,
1849 5621 1951 5676 etsi

355 5724 689 5795 descriptus
716 5732 822 5777 non
848 5715 1030 5788 fuerit,
1061 5712 1143 5772 vel
1174 5712 1360 5771 saltem
1388 5712 1569 5768 animo
1605 5711 1948 5784 praecepisse,

2078 3207 2303 3263 Verona:
2329 3207 2399 3263 ab
2433 3206 2671 3263 Guarino
2715 3206 3015 3263 Veronensi
3063 3210 3180 3263 viro
3227 3211 3675 3282 eloquentissimo

2066 3298 2122 3354 in
2150 3299 2413 3369 episcopii
2442 3298 2772 3355 Veronensis
2805 3298 3127 3356 bibliotheca
3160 3313 3404 3374 reperto.
3436 3304 3519 3361 Ad
3543 3310 3674 3379 ,σαι-

2068 3409 2177 3448 cem
2205 3410 2224 3449 :
2273 3394 2355 3449 Ad
2405 3393 2622 3450 laudem
2668 3403 2724 3451 et
2766 3395 2991 3467 gloriam
3018 3411 3244 3453 summae
3285 3408 3342 3454 et
3384 3400 3673 3459 individua:

2068 3483 2373 3553 Trinitatis,
2396 3494 2453 3543 et
2477 3486 2804 3543 beatissimus
2836 3473 3071 3559 Virginis
3087 3488 3289 3557 Mariae,
3311 3501 3366 3548 et
3386 3492 3670 3551 beatorum

2069 3582 2387 3650 pontificum
2441 3578 2680 3638 Zenonis
2726 3591 2782 3636 et
2827 3579 3053 3636 Caesarii
3089 3589 3144 3637 et
3169 3585 3408 3640 omnium
3438 3586 3669 3645 Sancto-

2066 3691 2208 3741 rum,
2242 3691 2527 3734 sermones
2558 3679 2610 3732 in
2649 3679 2752 3733 hoc
2780 3678 3053 3735 volumine
3082 3681 3267 3751 positi,
3291 3688 3348 3737 et
3373 3698 3666 3755 numquam

2063 3768 2197 3823 alias
2226 3769 2500 3841 impressi,
2530 3769 2888 3826 solertissime
2931 3773 3201 3842 recoyniti,
3243 3781 3300 3828 et
3327 3774 3665 3831 studiosissi-

2062 3877 2150 3917 me
2182 3876 2278 3931 per
2303 3863 2639 3919 venerabilem
2661 3862 2873 3918 Patrem
2913 3865 3177 3920 Aibertum
3203 3865 3553 3923 Castelianum
3577 3886 3664 3923 or-

2062 3953 2200 4009 dinis
2229 3952 2643 4009 Prwdicatorum
2670 3957 2904 4023 correcti,
2938 3973 3001 4010 ac
3038 3974 3129 4027 per
3158 3957 3467 4029 Magistrum
3506 3960 3664 4015 Jaco-

2061 4045 2179 4099 lmm
2226 4046 2291 4102 de
2342 4047 2517 4103 Leuce
2564 4050 2808 4119 impensis
2858 4049 3067 4104 Domini
3112 4049 3379 4106 Benedicti
3421 4051 3663 4109 Fontana

2069 4136 2292 4193 Venetiis
2334 4139 2750 4211 diligentissime
2792 4142 3029 4214 impressi
3065 4158 3209 4199 anno
3238 4144 3449 4200 Domini
3494 4145 3659 4213 1508,

2058 4231 2149 4286 die
2177 4230 2248 4287 24
2270 4234 2504 4301 januarii
2535 4232 2765 4290 feliciter
2789 4235 3117 4306 expliciunt.‘
3372 4292 3375 4293 ν

2130 4323 2209 4377 Ex
2253 4324 2480 4393 pleniori
2510 4326 2612 4380 hoc
2644 4325 2798 4381 titulo
2839 4327 2994 4382 facile
3020 4338 3269 4398 apparet,
3312 4343 3595 4399 perperam
3624 4345 3654 4385 a

2057 4414 2238 4468 multis
2269 4414 2393 4469 inde
2417 4416 2576 4471 annis
2600 4415 2667 4470 ad
2696 4417 3016 4473 Ballerinios
3057 4432 3250 4489 usque,
3284 4422 3375 4491 qui
3421 4422 3655 4491 primum

2056 4503 2201 4561 hunc
2225 4521 2465 4561 errorem
2512 4520 2891 4578 correxerunt,
2925 4510 3186 4566 tributum
3234 4526 3356 4569 esse
3403 4514 3657 4570 editionis

2057 4598 2216 4668 hujus
2257 4597 2520 4655 honorem
2568 4598 2807 4657 Guarino
2853 4602 3175 4669 Veronensi,
3222 4605 3313 4674 qui
3360 4608 3467 4676 jam
3513 4621 3657 4662 anno

2056 4690 2238 4746 saeculi
2270 4706 2339 4745 xv
2384 4694 2724 4763 sexagesimo
2769 4694 2915 4751 diem
2960 4696 3192 4762 obierat,
3223 4696 3420 4768 cuique
3448 4698 3652 4754 codicis

2056 4784 2432 4839 tantummodo
2490 4785 2787 4841 Zenoniani
2848 4788 3053 4842 inventi
3103 4787 3274 4859 gloria
3328 4788 3646 4846 debebatur.

2057 4874 2348 4945 Dispertita
2380 4886 2461 4930 est
2491 4876 2545 4931 in
2579 4885 2689 4932 tres
2714 4877 2902 4944 libros,
2935 4893 3163 4948 quorum
3209 4879 3417 4950 primus
3446 4895 3655 4937 sermo-

2055 4984 2152 5023 nes
2179 4970 2558 5038 complectitur
2589 4971 2679 5035 17,
2710 4970 2797 5039 qui
2840 4980 2959 5025 sunt
3003 4971 3068 5025 de
3108 4970 3378 5027 virtutibus
3408 4984 3452 5028 et
3478 4974 3654 5040 vitiis;

2053 5060 2325 5115 secundus
2355 5074 2636 5116 sermones
2665 5061 2757 5127 '58,
2790 5063 2879 5133 qui
2904 5072 3022 5117 sunt
3039 5064 3266 5118 derebus
3298 5063 3500 5119 Veteris
3529 5064 3654 5120 Tes-

2055 5152 2266 5207 tamenti
2280 5168 2295 5217 ;
2325 5153 2515 5208 tertius
2540 5168 2821 5209 sermones
2851 5155 2919 5209 50
2944 5155 3006 5209 de
3029 5156 3181 5210 rebus
3210 5158 3491 5221 testamenti
3514 5158 3653 5223 noui,

2054 5246 2308 5317 subjectis
2350 5246 2401 5300 in
2442 5245 2547 5301 fine
2586 5245 2820 5302 homiiiis
2855 5246 2911 5304 S.
2963 5246 3183 5305 Cmsarii
3224 5250 3555 5306 Arelatensis
3600 5259 3658 5305 et

2057 5338 2179 5395 aliis
2216 5338 2535 5409 quibusdam
2560 5354 2587 5391 a
2609 5340 2858 5410 genuinis
2883 5350 3058 5397 tamen
3080 5339 3314 5397 Zenonis
3339 5341 3655 5397 tractatibus

2059 5446 2162 5486 non
2185 5431 2453 5487 distinctis
2473 5433 2555 5487 vel
2584 5432 2935 5503 inscriptione
2970 5434 3215 5499 secretis,
3248 5441 3446 5504 praeter
3491 5446 3653 5519 unum

2054 5538 2383 5590 sermonem,
2416 5525 2505 5595 qui
2538 5525 2596 5580 S.
2620 5524 2907 5581 Gaudenlii
2929 5520 3172 5581 Brixiani
3197 5539 3392 5581 nomen
3419 5524 3654 5595 prwfert.

2774 5618 2938 5674 1586.

2138 5710 2370 5783 Verania,
2394 5714 2533 5787 apud
2561 5710 3146 5781 Hierombisciputum.
3178 5709 3347 5767 ιιι-1ο.
3373 5707 3668 5766 Sermones
