4216 6178
499 222 603 275 217

1828 242 1831 245 -
1873 205 2407 265 PROLEGOMENA.

3694 198 3800 253 9.48

496 337 565 392 de
595 336 840 408 plurimis
880 335 941 391 S.
986 331 1280 403 Scriptura:
1311 328 1446 385 locis
1475 336 1529 383 et
1560 341 1741 383 rerum
1785 324 2090 381 divinarum
2123 326 2171 385 Α
2194 338 2333 394 quos
2378 322 2583 394 scripto
2623 331 2751 377 ante
2787 334 2961 377 annos
3000 318 3218 376 circiter
3265 316 3413 373 mille
3457 330 3554 388 per
3594 316 3799 372 March.

497 428 860 502 argumentis;
908 442 1031 503 cum
1075 423 1305 495 epistola
1354 418 1748 491 nuucupatoria
1793 419 1859 474 Α.
1893 416 2096 473 Valerii
2200 415 2513 486 Scipionem
2545 414 2815 471 Maffeium
2841 414 2896 469 in
2923 412 3098 470 Gallia
3147 413 3366 469 collato.
3400 410 3809 466 Recensucrnnt

501 522 594 593 (ad
625 522 836 579 Sixtum
864 518 931 575 V.
967 518 1028 574 P.
1060 516 1157 586 Μ.)

2198 522 2255 569 et
2282 512 2764 569 dissertationibus
2792 510 3175 582 perpetuisque
3204 506 3645 565 annotationibus
3685 506 3807 561 illu-

573 612 717 670 Nibil
764 611 929 668 habet
955 606 1213 679 praecipui
1253 607 1373 663 haec
1408 596 1576 662 editio
1616 602 1851 673 impulsu
1883 616 1947 658 ac
1972 615 2103 657 con-
2200 612 2446 660 strarunt
2496 603 2690 658 Petrus
2741 613 2789 658 et
2855 602 3204 674 Hieronymus
3273 600 3486 656 Fratres
3535 598 3806 655 Balleriuii

500 704 623 760 silio
647 703 937 767 cardinalis
966 700 1255 773 Augustini
1282 699 1479 755 Valerii
1502 696 1749 768 praesulis
1772 695 2103 752 Veronensis
2201 695 2511 767 presbyteri
2540 694 2891 769 Veronensis.

505 811 601 866 per
626 794 951 867 Rapltaelem
980 792 1231 865 Baqatam
1255 799 1312 847 et
1332 790 1622 860 Baptistam
1650 787 1913 843 Perettum
1940 786 2100 854 facta;

509 888 615 944 nisi
647 888 789 960 quod
822 901 1104 943 sermones
1131 898 1324 940 omnes
1361 884 1415 939 in
1445 882 1581 937 duos
1622 882 1790 937 libros
1833 877 2107 935 distributi

506 981 638 1037 sint.
664 980 798 1036 Nam
830 979 957 1036 licet
998 984 1268 1033 vetustum
1301 974 1544 1031 codicem
1573 972 1868 1044 appellent,
1904 984 2107 1040 exquo

502 1075 712 1145 aliquot
745 1073 883 1128 locis
925 1071 1261 1127 emendatior
1301 1068 1473 1123 factus
1502 1067 1574 1122 sit
1613 1065 1779 1133 Zeno,
1827 1073 2106 1119 ostensum

506 1176 688 1222 tamen
718 1180 748 1220 a
786 1164 1124 1225 Balleriniis,
1160 1160 1403 1217 codicem
1436 1158 1604 1214 fuisse
1652 1155 1892 1212 recentis
1922 1153 2108 1208 admo-

510 1257 637 1313 dum
680 1256 854 1310 aetatis
883 1296 897 1319 ,
942 1251 1143 1309 smculo
1187 1266 1256 1305 xv
1305 1250 1590 1320 scriptum,
1642 1249 1795 1316 cujus
1845 1262 1976 1302 usus
2021 1246 2110 1300 vix

514 1351 687 1421 major
713 1349 893 1415 luerit,
927 1362 1088 1417 quam
1120 1355 1180 1401 ut
1208 1359 1375 1415 pauca
1424 1342 1671 1413 qumdam
1718 1341 1858 1406 loca,
1890 1355 2009 1409 qua:
2057 1340 2110 1392 in

514 1441 688 1512 prima
731 1439 973 1494 editione
1001 1446 1159 1493 erant
1186 1433 1622 1505 corruptissima,
1655 1430 1933 1501 emendari
1984 1443 2112 1500 pos-

515 1539 657 1585 sent.
690 1528 876 1599 Neque
907 1543 1042 1584 vero
1080 1528 1207 1593 hoc,
1251 1533 1309 1581 ut
1352 1540 1449 1596 par
1489 1533 1628 1589 erat,
1681 1522 1764 1578 usi
1819 1531 1966 1588 sunt,
2017 1519 2114 1576 sed

517 1625 811 1693 pessimum
840 1638 1052 1688 eorum,
1084 1621 1176 1692 qui
1202 1620 1304 1676 sub
1333 1618 1472 1676 Sixti
1494 1617 1540 1673 V
1562 1616 1814 1687 auspiciis
1839 1614 2113 1670 Ambrosii

2279 788 2432 843 Haud
2463 787 2673 857 exigua:
2705 787 2952 862 profecto
2999 787 3159 843 molis
3205 796 3321 841 erat
3362 785 3523 842 talem
3573 782 3809 840 condere

2207 882 2447 949 Zenonis
2497 882 2846 952 reliquiarum
2895 880 3214 945 editionem,
3246 880 3301 936 in
3332 894 3436 949 qua
3487 895 3593 935 non
3636 878 3811 948 major

2207 975 2353 1029 circa
2384 973 2561 1044 ipsum
2603 981 2814 1029 textum
2862 988 3021 1043 quam
3049 982 3324 1029 auctoeetu
3358 971 3510 1026 labor
3534 970 3813 1026 exantlan~

2210 1064 2314 1120 dus
2344 1064 2460 1120 fuit.
2492 1062 2697 1134 Nempe
2730 1066 2917 1136 patria:
2945 1079 3099 1119 amor
3124 1064 3228 1120 hoc
3263 1063 3457 1134 potuit,
3486 1063 3571 1119 cui
3602 1064 3811 1132 episco-

2213 1172 2339 1227 pum
2370 1172 2553 1212 rerum
2583 1166 2640 1213 et
2677 1158 3004 1227 scriptorum
3039 1156 3299 1211 memoria
3330 1156 3597 1211 illustrem
3639 1153 3814 1209 vindi-

2212 1248 2386 1304 caturi
2426 1257 2602 1303 erant.
2642 1248 2756 1303 Duo
2796 1258 2975 1304 autem
3009 1247 3275 1320 imprimis
3313 1248 3657 1313 obstiterant,
3681 1262 3812 1316 quo-

2215 1340 2394 1393 minus
2424 1353 2610 1394 verum
2639 1340 2817 1395 hacin
2848 1355 2909 1396 re
2938 1339 3082 1395 docti
3112 1340 3445 1409 cmteroquin
3458 1347 3513 1395 et
3540 1341 3681 1394 acuti
3714 1339 3813 1395 viri

2214 1433 2449 1489 antehac
2497 1442 2819 1501 cernerent,
2867 1435 3118 1491 videlicet
3165 1435 3459 1490 inveterata
3498 1449 3566 1491 ex
3616 1443 3817 1507 marty-

2218 1526 2429 1595 rologio
2455 1528 2661 1597 opinio,
2690 1525 3054 1583 S..Zeuonem
3081 1528 3180 1584 sub
3224 1526 3475 1583 Gallieno
3520 1528 3720 1583 vixisse
3762 1536 3818 1584 et

2220 1618 2535 1690 martyrium
2576 1633 2698 1675 esse
2729 1634 2970 1690 passum,
2999 1630 3054 1675 et
3077 1619 3215 1675 Sixti
3259 1620 3518 1675 Senensis
3565 1618 3818 1691 prmjudi-

516 1729 678 1784 opera
707 1713 1016 1778 ediderunt,
1048 1712 1357 1782 exemplum
1386 1710 1580 1774 secuti,
1608 1716 1664 1763 et
1688 1708 1892 1763 codicis
1919 1716 1973 1761 et
2002 1707 2114 1776 pri-
2148 1706 2194 1767 Β
2221 1708 2386 1772 cium,
2426 1708 2743 1774 Sermones,
2787 1710 2878 1781 qui
2923 1710 3159 1766 Zenonis
3203 1711 3431 1765 audiunt
3470 1710 3811 1781 farraginem,

522 1821 626 1861 ma:
674 1805 928 1861 editionis
967 1804 1128 1860 ﬁdem
1191 1804 1392 1874 passim
1446 1800 1824 1864 deseruerunt,
1873 1798 2011 1854 adeo
2062 1807 2121 1852 ut

524 1897 830 1952 Balleriniis
874 1896 1147 1965 judicibus
1195 1896 1248 1950 in
1297 1894 1399 1949 hac
1428 1890 1729 1948 Veronensi
1776 1889 2013 1946 editione
2056 1904 2121 1946 ac

520 1989 735 2043 cmteris
763 1986 885 2042 inde
913 1986 1173 2043 derivatis
1199 1996 1397 2056 praeter
1422 1981 1703 2039 confusam
1727 1981 2122 2052 perturbatam-

518 2095 625 2151 que
672 2079 975 2135 alienorum
1021 2086 1345 2134 tractatuum
1390 2090 1514 2131 cum
1545 2073 2120 2147 Zenonianismixtio-

522 2186 645 2228 nem
670 2158 701 2239 ,b
733 2171 1016 2226 arbitraria
1059 2170 1266 2241 aliquot
1310 2170 1554 2224 locorum
1599 2166 1943 2237 interpolatio
1970 2209 1984 2232 ,
2030 2180 2123 2220 ne-

525 2262 657 2317 mini
689 2262 1045 2330 cteteroquin,
1078 2270 1138 2316 ut
1174 2260 1339 2316 iidem
1368 2268 1615 2322 monent,
1666 2257 1735 2313 ob
1780 2257 1967 2328 primae
2012 2256 2123 2311 edi-

526 2354 689 2410 tionis
743 2353 1040 2413 raritatem,
1085 2354 1373 2408 observata
1400 2393 1415 2419 ,
1488 2350 1778 2422 plurimum
1850 2348 2126 2405 offendere

523 2447 739 2502 debeat.
770 2445 950 2502 Vitam
981 2444 1220 2502 Zenonis
1247 2444 1522 2517 praeﬁxam
1547 2442 1708 2499 habet
1734 2440 1870 2512 Bap.
1902 2441 2125 2512 Bagata,

526 2553 585 2597 ut
613 2539 814 2609 ferunt,
846 2549 1088 2597 auctore.

1246 2632 1407 2690 1589.

604 2726 849 2783 Parisiis.
883 2726 1066 2783 in-fol.
1093 2725 1327 2781 Zenonis
1355 2722 1602 2791 Ver.Ep.
1622 2722 1691 2778 de
1705 2720 1955 2791 plurimis
1985 2722 2043 2778 S.
2064 2721 2125 2777 S.

522 2820 681 2887 locis,
717 2828 851 2887 etc.,
873 2832 1188 2881 sermones;
1218 2817 1274 2887 in
1303 2813 1441 2870 Bibl.
1487 2812 1603 2868 PP.
1635 2812 1901 2883 Bigneima
1926 2811 2012 2866 ed.
2043 2826 2131 2867 se-

529 2911 721 2969 cunda:
747 2911 809 2965 Τ.
837 2910 927 2966 Ill.

1200 3028 1203 3031 λ
1251 2996 1416 3054 1618.

2224 1813 2289 1854 ex
2318 1800 2503 1855 multis
2528 1810 2583 1855 et
2629 1801 2942 1859 conditione
2985 1812 3042 1858 et
3088 1811 3332 1873 tempore
3376 1803 3533 1874 longe
3581 1805 3720 1859 inter
3762 1819 3819 1858 sc

2225 1889 2458 1946 diversis
2487 1906 2608 1947 esse
2638 1894 2969 1949 auctoribus.
3018 1894 3170 1951 Unus
3217 1894 3482 1950 Baronius
3521 1897 3822 1965 suspicatus

2224 1991 2366 2045 erat,
2416 1993 2690 2040 auctorem
2739 1986 2900 2056 paulo
2947 1997 3073 2043 ante
3119 1986 3176 2043 S.
3211 1972 3554 2044 Ambrosium
3601 1989 3817 2050 vixisse,

2228 2084 2339 2130 tum
2367 2092 2435 2131 ex
2463 2079 2711 2148 epistolis
2743 2080 3038 2146 Ambrosii,
3065 2091 3175 2135 tum
3201 2080 3345 2150 quod
3381 2082 3433 2136 in
3460 2088 3708 2145 tractatu,
3732 2082 3818 2151 qui

2227 2177 2312 2222 est
2339 2166 2395 2222 b.
2427 2167 2517 2224 ed.
2549 2169 2602 2235 7,
2637 2169 2673 2224 Ι.
2708 2186 2765 2236 ιι,
2795 2170 2993 2226 Ariana
3025 2170 3252 2227 hairesis
3289 2172 3558 2242 tangitur;
3588 2182 3821 2227 attamen

2218 2260 2438 2333 salvum
2480 2262 2644 2317 etiam
2674 2262 2901 2334 cupiens
2927 2246 3203 2319 Zenonem
3230 2304 3247 2331 ,
3294 2278 3453 2335 quem
3502 2262 3823 2334 martyribus

2229 2353 2330 2409 sub
2363 2352 2613 2410 Gallieno
2640 2354 2775 2425 Imp.
2829 2356 3219 2428 adscripserat,
3269 2356 3544 2412 diversum
3605 2357 3745 2411 hunc
3794 2371 3823 2411 a

2230 2444 2531 2501 Veronensi
2572 2461 2885 2502 sermonum
2929 2448 3140 2503 auctori
3180 2459 3340 2519 atque
3383 2448 3523 2503 duos
3563 2447 3700 2503 adeo
3726 2446 3827 2502 Ze-

2134 2608 2141 2619 δ
2232 2552 2406 2593 uoues
2457 2540 2667 2594 statuit.
2695 2539 2813 2595 Mox
2840 2548 3021 2596 tamen
3051 2556 3174 2596 cum
3204 2558 3233 2595 a
3265 2541 3671 2597 Veronensibus
3711 2541 3830 2596 edi-

2231 2629 2439 2686 toribus
2491 2630 2814 2699 didicisset,
2874 2632 3206 2689 Veronensis
3263 2633 3521 2689 Ecclesite
3572 2641 3827 2703 perpetua

2232 2723 2524 2780 traditione
2569 2725 2776 2780 nullum
2825 2725 2991 2780 alium
3023 2724 3300 2781 Zenonem
3344 2726 3619 2796 cognitum
3666 2723 3830 2780 fuisse

2233 2827 2432 2887 praeter
2461 2817 2739 2874 Zenonem
2770 2819 3083 2891 episcopum
3116 2829 3172 2875 et
3197 2827 3510 2893 martyrem,
3556 2818 3827 2882 eumdem,

2234 2908 2327 2979 qui
2399 2910 2500 2966 sub
2554 2909 2804 2981 Gallieno
2858 2913 3174 2984 martyrium
3233 2911 3431 2967 obiisse
3484 2911 3827 2977 traderetur,

2233 3016 2500 3073 quemque
2528 3016 2843 3058 sermonum
2875 3015 3152 3061 auctorem
3172 3004 3245 3060 illi
3277 3002 3651 3071 defenderent,
3682 3003 3829 3075 prio-

604 3096 836 3152 Colom'te
875 3093 1193 3164 Agrippinae.
1244 3088 1425 3170 in-_fol.
1475 3088 1712 3145 Zenonis
1747 3086 1871 3145 Ver.
1906 3088 2128 3145 Sermo-
2158 3092 2206 3157 C
2237 3111 2348 3153 retu
2378 3098 2701 3153 sententiam
2733 3097 3038 3169 repudiavit
3084 3107 3141 3153 et
3188 3097 3313 3153 huic
3356 3097 3732 3168 subscripsit:
3758 3099 3833 3151 ita

531 3207 649 3249 nes.
682 3188 750 3245 In
776 3188 913 3244 Bibl.
947 3185 1068 3242 PP.
1094 3185 1159 3242 T.
1193 3200 1271 3241 ut.

1258 3281 1418 3337 1644.

610 3378 788 3433 Paris.
816 3394 905 3447 ap.
955 3375 1087 3449 1E9.
1120 3374 1420 3441 Moralium,
1452 3373 1635 3429 in-fol.
1666 3372 1905 3429 Zenonis
1932 3373 2133 3430 Veron.

536 3471 638 3542 Ep.
693 3467 944 3540 Martyris
988 3478 1043 3523 et
1090 3466 1334 3522 Ductoris
1377 3466 1560 3522 eximii
1607 3466 1675 3521 de
1704 3467 1944 3537 pluribus
1982 3466 2039 3521 S.
2072 3466 2132 3522 S.

535 3563 693 3628 locis,
743 3570 1179 3627 etc.,sermoues
1214 3560 1269 3612 in
1315 3557 1453 3614 Bibl.
1488 3556 1610 3613 PP.
1649 3558 1715 3614 Τ.
1758 3574 1819 3627 tr,
1850 3558 1955 3615 col.
2005 3559 2132 3615 559.

538 3654 739 3711 Ibidem
770 3655 823 3709 in
846 3653 1035 3709 eadem
1056 3651 1127 3708 de
1150 3666 1300 3706 anno
1332 3651 1489 3708 1654.

1264 3744 1426 3800 1657.

611 3839 876 3911 Lugduni,
895 3847 1083 3910 sumpt.
1108 3837 1267 3892 Laur.
1288 3838 1509 3892 Anisson
1525 3845 1581 3892 et
1602 3834 1838 3906 JoBapt.
1867 3835 2134 3903 Devenel.,

538 3931 719 3987 in-l‘ol.
753 3929 993 3985 Zenonis
1041 3943 1322 3986 sermones
1367 3928 1500 3983 varii
1551 3929 1603 3983 in
1635 3927 1833 3999 Aloysii
1864 3927 2139 4000 Lipomani

534 4020 730 4077 Catena
777 4021 833 4074 in
878 4017 1124 4087 Genesin,
1168 4034 1269 4074 nec
1295 4033 1402 4074 non
1431 4017 1517 4073 Et.
1548 4018 1737 4075 eodem
1770 4018 1806 4073 ι.
1837 4028 1895 4073 et
1916 4033 1967 4074 a.
1993 4018 2136 4075 edita

536 4109 730 4167 Catena
756 4112 811 4165 in
839 4110 1101 4165 Exedunt.

1254 4203 1415 4260 1662.

612 4296 866 4365 Parisiis,
894 4307 1084 4370 sumpt.
1112 4297 1233 4354 Ant.
1265 4298 1484 4364 Bertier,
1531 4296 1711 4354 in-fol.
1737 4297 1973 4354 Zenonis
2000 4298 2136 4352 varii

2240 3197 2299 3243 ut
2338 3203 2433 3245 eos
2462 3192 2835 3245 tantummodo
2865 3200 3147 3256 tractatus,
3178 3191 3231 3245 in
3264 3191 3460 3259 quibus
3504 3190 3827 3245 Arianorum

2239 3281 2444 3336 mentio
2491 3282 2582 3349 ﬁt,
2632 3281 2700 3337 ab
2751 3283 3171 3339 amanuensibus
3221 3281 3547 3337 Zenonianis
3598 3283 3834 3337 intrusos

2239 3384 2472 3444 putaret.
2508 3375 2637 3431 Post
2663 3391 2785 3430 eum
2815 3390 2921 3431 nou
2971 3375 3127 3431 latuit
3170 3375 3387 3447 quidem
3431 3377 3576 3431 viros
3620 3376 3831 3441 doctos,

2242 3465 2607 3524 Veronensem
2654 3468 2966 3539 episcOpum
3006 3468 3073 3523 ad
3118 3455 3636 3533 tertiumsmculum
3676 3466 3834 3525 evehi

2240 3563 2347 3616 nun
2395 3576 2581 3631 posse,
2630 3576 2791 3617 nemo
2823 3570 3000 3618 tamen
3032 3560 3099 3616 ad
3144 3560 3512 3617 discntieudas
3540 3561 3833 3616 enuclean-

2241 3653 2467 3725 dasque,
2500 3655 2695 3726 quibus
2734 3672 2823 3711 res
2854 3654 3109 3726 impedita
3141 3655 3443 3721 videbatur,
3493 3654 3838 3710 difﬁcultates

2241 3757 2460 3819 paratus
2487 3748 2609 3817 fuit,
2658 3765 2792 3820 quas
2829 3750 3057 3809 tandem
3106 3750 3430 3805 Ballerinios
3471 3761 3577 3806 tam
3609 3749 3840 3806 feliciter

2242 3841 2594 3897 cxtricavisse
2645 3841 2913 3898 laetamur.
2963 3843 3133 3910 Quam
3188 3844 3239 3898 in
3307 3859 3422 3899 rem
3477 3853 3602 3899 ante
3653 3844 3839 3898 omnia

2243 3949 2547 3991 memorare
2570 3945 2817 4005 oportet,
2848 3936 3109 3992 vindicias
3152 3953 3248 4008 pro
3276 3947 3495 3993 auctore
3524 3952 3587 3992 ac
3629 3951 3843 3993 sermo-

2244 4028 2403 4083 nibus
2446 4029 2565 4099 ejus
2612 4032 2941 4100 perscriptas
2991 4030 3044 4085 iu
3105 4031 3477 4103 prolegomenis
3528 4030 3842 4086 Zenonianis

2243 4121 2417 4176 tribus
2445 4121 2913 4179 dissertationibus
2942 4126 3385 4196 comprehensis;
3416 4140 3641 4196 quarum
3672 4126 3844 4196 prima

2241 4213 2312 4269 de
2358 4214 2609 4285 genuinis
2659 4216 2974 4271 tractatibus
3002 4215 3060 4272 S.
3091 4216 3326 4272 Zenonis
3355 4216 3617 4288 ep.'Ver.
3663 4226 3721 4272 et
3769 4215 3846 4271 de

2242 4306 2361 4377 ejus
2389 4316 2571 4372 aetate,
2601 4308 2766 4362 altera
2806 4306 2875 4363 de
2904 4307 3155 4364 Doctrina
3196 4308 3336 4378 ejus.
3385 4309 3534 4362 tertia
3577 4307 3645 4363 de
3690 4309 3845 4363 Actis

537 4405 819 4446 sermones
852 4389 904 4445 in
924 4387 1128 4465 Franc.
1174 4388 1467 4460 ϐοῆώεβσὶἱ
1497 4388 1636 4445 Βίὸι.
1681 4389 1728 4443 Ρ
1738 4390 1801 4445 Ρ.
1850 4388 2137 4446 Conciona-
2241 4402 2300 4456 S,
2330 4400 2565 4457 Zenonis
2588 4410 2644 4457 et
2671 4401 2740 4457 de
2770 4399 3014 4471 ejusdem
3045 4400 3194 4455 cultu
3224 4402 3359 4472 agit,~
3397 4401 3593 4471 quibus
3629 4398 3695 4455 ad
3727 4400 3838 4455 cal-

539 4485 697 4540 toria.

560 4566 567 4567 “
1253 4577 1415 4633 1677.

609 4665 877 4740 Lugduni,
909 4670 1049 4739 apud
1076 4668 1402 4734 Anissonios,
1435 4665 1614 4721 iu—fol.
1660 4662 1899 4721 Zenonis
1925 4680 2135 4723 sermo-

535 4774 637 4817 nes
660 4760 715 4813 in
742 4758 879 4814 Bibl.
917 4759 1063 4814 Mam.
1100 4758 1217 4815 PP.
1253 4759 1315 4813 Τ.
1349 4774 1425 4825 tu,
1457 4773 1510 4829 p.
1547 4756 1677 4823 559,
1710 4772 1833 4812 cum
1865 4757 1974 4811 vita
1998 4773 2135 4826 prte-

534 4853 663 4919 ﬁxa,
694 4866 747 4923 p.
775 4851 903 4910 356.

1275 4943 1440 5001 1710.

612 5035 833 5091 Patavii.
852 5036 911 5092 S.
931 5036 1166 5094 Zenonis
1195 5050 1495 5095 sermones.
1522 5036 1718 5098 λθειιεί
1741 5038 1807 5095 ad
1839 5039 2130 5096 editionem

533 5127 708 5197 Rapit.
740 5126 972 5200 Bagam.
1314 5136 1317 5139 λ

1252 5223 1409 5280 1759.

616 5314 845 5379 Verona,
878 5319 1015 5387 typis
1046 5316 1324 5375 Seminarii
1352 5318 1493 5384 apud
1515 5318 1730 5385 August.
1754 5317 2127 5385 Carmaniam,

528 5408 582 5461 in
619 5405 713 5460 fol.
765 5407 935 5477 (ἰηοιιο
1007 5409 1206 5481 potius)
1256 5408 1437 5464 Sancti
1468 5408 1703 5466 Zenonis
1738 5423 1825 5478 ep.
1854 5408 2132 5465 Veronen-

525 5498 602 5551 sis
647 5512 947 5555 sermones.
983 5500 1135 5557 Nunc
1166 5501 1423 5572 primum,
1446 5516 1549 5571 qua
1573 5516 1669 5570 par
1691 5509 1826 5568 erat,
1854 5499 2129 5572 diligentia

526 5590 674 5644 etlni.
730 5590 937 5648 Alienis
968 5594 1221 5649 nimirum
1251 5594 1517 5665 separatis
1548 5609 1612 5649 ac
1657 5593 1710 5648 in
1760 5593 2126 5663 Appendicem
2150 5652 2163 5656 _

523 5685 758 5756 rejectis,
800 5688 1190 5756 codicibusque
1234 5688 1610 5761 compluribus
1657 5686 1940 5755 consultis,
1986 5688 2127 5746 inter

2162 4484 2212 4544 D
2238 4506 2355 4548 cem
2414 4492 2748 4548 Monumenta
2814 4492 2879 4547 de
2931 4489 2995 4547 S.
3049 4490 3256 4546 Zenone
3305 4501 3355 4547 et
3405 4491 3692 4547 testimonia
3750 4505 3852 4545 se-

2239 4585 2377 4640 lecta
2433 4585 2811 4655 subjiciuntur.
2864 4584 3042 4655 Atque
3085 4584 3253 4639 altera
3286 4584 3353 4638 ad
3404 4598 3503 4638 nos
3556 4597 3662 4637 non
3716 4596 3851 4651 per—

2241 4676 2393 4743 tinet,
2443 4679 2616 4733 tertize
2644 4677 2873 4733 debetur
2921 4677 3102 4734 brevis
3154 4677 3345 4733 notitia
3392 4676 3529 4733 Vitae
3575 4675 3846 4744 Zenonis,

2237 4782 2400 4838 quam
2452 4784 2614 4839 supra
2662 4768 2930 4825 dedimus.
2978 4768 3173 4826 Prima:
3221 4778 3451 4835 tantum,
3504 4786 3626 4841 qua:
3669 4771 3852 4828 totius

2238 4858 2494 4916 editionis
2539 4861 2776 4916 rationes
2822 4876 2887 4917 ac
2931 4861 3277 4917 fundamenta
3320 4862 3562 4931 exhibet,
3606 4877 3851 4932 conspe-

2238 4958 2384 5007 ctum
2413 4949 2502 5006 hic
2528 4953 2804 5009 sistamus.

2270 5073 2276 5078 ς
2312 5043 2371 5098 ln
2402 5045 2667 5114 prooemio
2689 5045 2853 5100 variis
2877 5043 3189 5101 criticorum
3223 5045 3466 5100 censuris
3500 5059 3565 5101 ac
3604 5044 3855 5102 difﬁcul-

2238 5133 2439 5191 tatibus
2494 5135 2800 5202 recensitis,
2834 5136 3164 5208 supposititii
3216 5143 3534 5191 tractatusa
3583 5135 3855 5207 genuinis

2238 5227 2453 5284 tandem
2477 5237 2627 5284 certo
2654 5229 2900 5285 codicum
2940 5229 3141 5285 indicio
3168 5239 3487 5298 separantur
3508 5244 3682 5298 eoque
3714 5229 3854 5299 ipso

2236 5319 2357 5376 fons
2378 5336 2441 5377 ac
2461 5322 2621 5379 sedes
2650 5322 2919 5391 potiorum
2941 5320 3320 5377 difﬁcultatum
3351 5322 3639 5378 evertitur.
3675 5321 3852 5390 Quod

2232 5412 2450 5482 genuini
2476 5412 2710 5469 Zenonis
2756 5422 3014 5469 tractatus
3059 5430 3089 5469 a
3135 5413 3493 5483 supposititiis
3544 5414 3853 5484 dijudicari

2235 5519 2341 5559 non
2393 5515 2657 5575 poterant,
2713 5506 2979 5561 editorum
3028 5506 3373 5576 superiorum
3418 5508 3576 5578 culpa
3626 5496 3853 5566 factum

2234 5612 2357 5652 esse
2384 5606 2628 5662 monent,
2656 5599 2746 5668 qui
2773 5598 3145 5667 supposititios
3185 5598 3514 5656 Zenonianis
3555 5599 3858 5670 subjectos

2234 5691 2286 5745 in
2314 5690 2417 5745 ﬁne
2443 5689 2688 5747 codicum
2721 5688 2861 5745 haud
2893 5691 3186 5762 separatim
3209 5691 3491 5762 dederant,
3522 5693 3688 5749 immo
3726 5708 3857 5750 nec
