4216 6178
322 280 435 343 949

1362 279 1651 337 ΝΟΤΙΤΙΛ
1702 274 2120 335 ΙΛΤΤΕΒΛΒΙΔ
2162 275 2227 333 ΙΝ
2268 276 2619 336 ZENONEM.

3580 287 3684 342 29ὶο

328 408 382 464 in
413 402 914 474 manuscriptorum
948 402 1058 460 line
1088 402 1294 474 positos
1320 414 1443 455 esse
1469 404 1815 453 monuerunt
1842 396 2044 467 qui-~A
2071 403 2283 451 scatere
2305 396 2639 462 ostenditur;
2672 406 2945 468 postremo
2991 408 3130 456 actas
3159 400 3216 457 S.
3249 400 3500 468 Zenonis,
3545 415 3681 471 qua-

326 500 477 563 dem,
494 499 635 570 (qua:
658 497 900 553 m'dnitio
921 498 994 553 ad
1018 511 1237 553 omnem
1266 495 1415 551 litem
1449 489 1825 551 dirimendum
1850 504 1974 544 cru.

329 593 461 649 ditis
484 592 609 647 satis
636 587 889 660 fuistset),
923 589 1021 645 sed
1057 602 1154 644 eos
1189 601 1313 641 cum
1357 580 1622 655 genuinis
1672 580 1973 650 permixtos

332 687 585 756 nullaque
605 681 909 739 distinctos
955 680 1238 736 notatione
1263 674 1646 732 exhibuerunt
1678 687 1740 727 ac
1767 672 1839 727 uti
1867 670 1971 756 Ze-

335 754 597 834 non'iattos
634 774 964 845 prontiscue
992 772 1403 852 vettditaruttt.:
1455 768 1602 837 iique
1643 779 1769 819 cum
1800 754 1973 820 Zeno-

336 886 464 927 nem
521 875 796 923 auctorem
865 866 1081 921 habere
1134 860 1469 932 nequirent,
1513 871 1715 912 omnes
1759 869 1972 927 quoque

337 960 675 1017 Zenonianns
716 959 774 1012 in
832 956 1241 1023 dubitationem
1290 949 1601 1020 conjecere.
1664 947 1824 1031 Tales
1876 963 1975 1002 ttu-

337 1068 495 1110 mero
531 1062 655 1107 sunt
699 1059 755 1106 et
800 1058 1135 1106 constanter
1176 1045 1229 1101 in
1278 1043 1387 1098 line
1425 1042 1669 1097 omnium
1723 1039 1972 1096 codicum

338 1146 592 1217 subjecti,
637 1142 908 1199 undecim
936 1184 952 1207 ,
1003 1157 1140 1212 quos
1187 1138 1288 1210 ipsi
1340 1150 1556 1207 quoque
1611 1133 1852 1190 editores
1904 1130 1973 1186 ad

342 1243 551 1298 calcem
582 1237 843 1295 editionis
870 1252 991 1291 suae
1017 1234 1357 1304 adjecerunt.
1414 1229 1507 1284 His
1547 1228 1784 1298 demptis
1813 1238 1976 1296 supe-

338 1342 531 1391 rerant
560 1331 629 1386 85
657 1343 901 1400 quorum
944 1341 1118 1391 unum
1147 1330 1428 1380 auctorem
1477 1314 1603 1377 esse
1646 1328 1893 1375 statuunt
1922 1325 1976 1373 et

340 1422 704 1495 argumentis,
731 1430 853 1474 tum
876 1435 909 1474 e
931 1418 1231 1480 codicibus,
1267 1423 1378 1469 tum
1400 1429 1466 1469 ex
1482 1414 1624 1485 stylo
1646 1410 1974 1480 desumptis,

340 1516 625 1585 variisque
653 1510 1090 1583 obieetionibus,
1124 1523 1255 1578 quas
1284 1506 1353 1560 ab
1383 1504 1688 1576 argumenti
1722 1545 1737 1569 ,
1771 1500 1976 1557 indolis

343 1617 405 1663 et
432 1604 791 1677 longitudinis
814 1600 1140 1658 diversitate
1158 1599 1432 1669 petierunt
1453 1598 1552 1651 viri
1581 1593 1975 1660 docti,dilutis,

344 1700 630 1756 evincunt.
672 1695 804 1751 Haec
852 1693 1034 1761 capite
1079 1692 1252 1761 primo
1286 1688 1315 1761 §
1352 1691 1411 1756 l,
1458 1688 1515 1743 4.
1564 1687 1807 1758 Pergunt
1854 1700 1977 1754 cap.

2076 502 2201 544 cum
2232 489 2409 543 omnia
2439 490 2782 559 conveniant,
2828 491 2999 548 certis
3051 493 3267 562 finibus,
3319 496 3457 551 intra
3510 507 3681 550 annos

2075 582 2183 639 556
2230 590 2286 637 et
2323 581 2428 638 380
2447 581 2703 639 deﬁnitur
2731 597 2853 654 cap.
2882 584 2939 651 '5,
2971 583 3001 657 ς
3057 586 3105 652 1,
3141 586 3193 643 5.
3230 614 3304 627 -—
3346 585 3509 642 Multa
3544 601 3682 656 prat-

2078 681 2227 729 terea
2284 674 2521 730 historia:
2548 689 2611 730 ae
2632 675 2950 733 litteraturae
2988 677 3372 734 ecclesiastica:
3394 679 3589 748 capita,
3621 686 3681 733 ut

2076 778 2264 840 postea
2317 768 2370 823 in
2414 768 2612 825 Leonis
2641 770 2919 841 operibus,
2968 770 3265 827 doctissimi
3291 770 3533 827 editores
3558 771 3680 826 atti-

2075 871 2274 933 gerunt
2294 871 2349 918 et
2383 861 2778 928 discusserunt,
2827 881 2947 936 quae
2995 866 3047 921 in
3075 868 3315 922 omnium
3345 866 3680 923 eruditorum

2077 956 2339 1011 memoria
2377 966 2682 1013 versantur.
2735 957 2842 1014 Sed
2896 959 3052 1015 nobis
3094 960 3205 1029 jam
3249 968 3462 1015 craterae
3520 958 3682 1030 hujus

2077 1049 2331 1106 editionis
2399 1050 2555 1107 dotes
2626 1052 2971 1109 declaranda:
3018 1062 3163 1109 sunt.
3209 1053 3413 1110 Novem
3458 1051 3685 1123 contigit

2080 1141 2320 1197 nancisci
2350 1141 2565 1198 codices
2592 1158 2821 1214 quorum
2854 1154 2978 1199 octo
3008 1160 3198 1202 omnes
3241 1158 3526 1200 sermones
3561 1158 3684 1198 con-

2081 1235 2347 1302 tinebant,
2371 1251 2509 1292 unus
2534 1244 2715 1315 autem
2743 1237 3163 1305 vetustissimus,
3208 1238 3517 1302 Remensis,
3561 1235 3683 1290 {ous

2080 1326 2410 1398 reliquorum
2442 1328 2746 1385 videbatur.
2782 1329 2986 1384 Horum
3035 1330 3199 1401 igitur
3235 1345 3338 1400 0pc
3369 1345 3474 1401 non
3507 1329 3683 1385 solum

2081 1421 2458 1491 supposititios
2486 1430 2744 1478 tractatus
2770 1438 2798 1477 a
2829 1423 3080 1492 genuinis
3106 1431 3460 1478 secreverunt
3484 1463 3500 1487 ,
3533 1430 3592 1475 ut
3618 1434 3682 1476 ex

2082 1523 2210 1568 ante
2237 1513 2395 1569 dictis
2420 1515 2592 1585 patuit
2620 1556 2633 1580 ,
2663 1514 2757 1570 sed
2790 1514 3076 1586 insigniter
3120 1515 3282 1571 etiam
3314 1529 3377 1570 ac
3407 1513 3607 1577 multis
3632 1513 3684 1566 itt

2082 1604 2221 1660 locis
2242 1606 2328 1661 vel
2359 1606 2719 1662 emendarunt
2765 1607 2851 1663 vel
2905 1608 3183 1679 antiquam
3231 1608 3522 1663 lectionem
3571 1620 3688 1660 mu-

2087 1697 2362 1752 niverunt.
2391 1698 2543 1765 Quod
2575 1699 2642 1754 a‘d
2663 1699 3004 1769 partitionem
3027 1704 3091 1755 a‘c
3110 1698 3355 1756 ordinem
3375 1711 3685 1754 sermonum

344 1792 531 1847 altero
554 1799 840 1844 auctorem
872 1785 1065 1840 horum
1118 1791 1441 1838 tractatuum
1472 1781 1766 1850 scripsisse
1794 1793 1847 1837 tv
1878 1791 1979 1831 δας·
2011 1799 2060 1860 Β
2088 1790 2304 1855 amna,
2336 1806 2511 1861 neque
2541 1791 2812 1846 editorum
2858 1791 3199 1862 superiorum
3232 1804 3411 1861 neque
3438 1788 3688 1845 codicum

345 1886 481 1942 culo
504 1925 521 1951 ,
551 1881 847 1951 eidemque
872 1878 1053 1933 omnia
1083 1890 1405 1947 congruere,
1454 1889 1577 1945 quae
1624 1874 1678 1927 in
1727 1869 1982 1925 omnibus

346 1976 680 2034 tractatibus
697 1973 1106 2028 contineantur.
1132 1968 1226 2022 Hic
1252 1969 1487 2039 primum
1518 1965 1757 2021 afferunt
1801 1963 1979 2017 locum

349 2070 630 2139 insignem
651 2081 718 2121 ex
754 2071 918 2119 tract.
954 2078 1007 2127 v,
1038 2060 1131 2116 ltb.
1158 2075 1196 2127 t,
1221 2059 1313 2114 tthi
1343 2059 1750 2131 quadringentos
1793 2070 1863 2110 ex
1885 2069 1981 2109 sua

349 2170 664 2218 retrorsum
707 2155 783 2212 ad
826 2154 980 2211 Pauli
1006 2152 1235 2223 apostoli
1287 2159 1505 2207 tetatem
1566 2164 1742 2207 annos
1792 2155 1984 2201 auctor

350 2250 825 2322 numerat;quod
876 2257 1083 2304 temere
1110 2245 1347 2301 editores
1374 2245 1724 2301 Veronenses
1776 2244 1830 2297 in
1878 2240 1982 2293 du-

351 2358 537 2403 centos
602 2348 998 2416 mutaverant,
1043 2346 1098 2393 et
1146 2324 1405 2393 Baronius
1463 2337 1585 2393 aliis
1645 2333 1985 2414 argumentis

352 2438 562 2496 deinde
602 2436 899 2490 adstruere
920 2441 1148 2485 conatus
1187 2440 1334 2494 erat;
1378 2444 1500 2500 quae
1530 2428 1742 2499 singuli
1769 2425 1986 2480 diluun-

356 2544 468 2590 tur.
497 2531 642 2587 Tum
692 2535 925 2597 urgetur
967 2532 1337 2594 argumentum
1382 2536 1551 2592 grave
1597 2529 1743 2592 quoa
1794 2527 1986 2573 auctor

353 2635 553 2682 contra
577 2622 817 2678 Arianos
843 2618 1119 2673 disserens
1140 2630 1194 2669 tv
1243 2616 1442 2669 saeculo
1470 2609 1864 2679 adjudieandus
1889 2608 1983 2676 sit,

357 2719 619 2775 fulcitum
650 2715 722 2770 ab
750 2714 885 2779 alio,
908 2709 1051 2781 quod
1081 2710 1261 2779 plures
1299 2707 1486 2763 saeculi
1537 2706 1717 2777 quarti
1746 2705 1987 2759 haereses

358 2815 411 2870 in
453 2814 541 2868 his
567 2806 896 2867 tractatibus
926 2786 1322 2873 impugnentur.
1354 2801 1449 2856 llis
1476 2799 1684 2855 addunt
1713 2795 1986 2869 publicum

360 2907 412 2961 in
441 2908 585 2960 urbe
614 2902 836 2959 Verona
862 2902 1291 2959 monumentum,
1319 2894 1605 2950 ecclesiam
1654 2890 1759 2948 sub
1802 2890 1989 2959 auspi-

356 3001 459 3054 ciis
489 2999 616 3068 ejus
644 2992 970 3050 mdihcatam
1004 2984 1071 3043 ab
1100 3001 1271 3057 eoque
1299 2978 1537 3059 (tractat.
1591 3002 1664 3050 tv,
1716 2982 1811 3038 lib.
1861 2980 1900 3054 ι)
1933 2982 1987 3038 in

359 3104 492 3145 usus
536 3098 867 3143 communes
912 3090 1152 3152 apertam
1191 3093 1254 3133 ac
1299 3077 1633 3141 dedicatam;
1669 3072 1817 3145 quod
1862 3082 1990 3130 ante

2087 1883 2397 1951 exemplum
2430 1885 2583 1952 sequi
2608 1898 2638 1938 e
2666 1898 2725 1938 re
2751 1884 2950 1950 visum,
2976 1882 3231 1953 quoniam
3253 1882 3395 1953 apud
3431 1890 3690 1951 utrosque

2088 1971 2368 2043 longiores
2396 1982 2451 2028 et
2483 1975 2759 2031 breviores
2789 1976 3095 2045 promiscue
3123 1975 3382 2039 conserti,
3404 1987 3693 2045 argumen-

2091 2074 2147 2120 to
2171 2075 2228 2121 et
2260 2066 2417 2121 titulo
2443 2068 2652 2124 similes
2680 2068 2917 2140 disjecti,
2951 2069 3019 2124 ab
3048 2068 3160 2124 illis
3188 2078 3450 2139 praeterea
3472 2067 3691 2137 genuini

2087 2173 2213 2213 cum
2260 2160 2459 2229 spuriis
2504 2161 2714 2225 confusi
2755 2171 2960 2219 essent.
3005 2161 3111 2217 Sed
3139 2161 3382 2218 collectis
3426 2166 3478 2216 in
3529 2174 3693 2215 unum

2089 2249 2335 2317 ejusdem
2367 2250 2736 2322 inscriptionis
2765 2252 3084 2309 tractatibus
3104 2252 3387 2308 universos
3407 2265 3690 2308 sermones

2090 2343 2145 2398 in
2175 2344 2345 2400 libros
2383 2345 2519 2401 duos
2558 2346 2885 2411 diviserunt,
2918 2362 3151 2418 quorum
3183 2347 3389 2423 primus
3416 2345 3689 2415 longiores

2090 2448 2147 2494 et
2178 2440 2398 2509 quidem
2428 2455 2619 2496 omnes
2646 2440 2761 2498 fere
2788 2440 2858 2497 de
2887 2442 3031 2496 vitiis
3079 2454 3143 2495 ac
3178 2439 3462 2496 virtutibus
3495 2437 3688 2510 prmci-

2090 2532 2326 2600 pientes,
2342 2533 2481 2588 alter
2499 2535 2804 2607 breviores,
2824 2549 3051 2589 numero
3075 2534 3259 2603 plures
3283 2546 3348 2587 ac
3377 2536 3697 2602 argumento

2090 2623 2338 2678 diversos
2360 2626 2686 2680 contineret.
2721 2624 2798 2680 Ne
2832 2620 2954 2696 quis
2982 2639 3115 2681 vero
3144 2624 3394 2680 codicum
3423 2633 3479 2679 et
3502 2623 3697 2679 editio-

2092 2715 2177 2770 nis
2203 2713 2556 2783 Veronensis,
2589 2731 2710 2788 quae
2742 2716 2903 2787 vulgo
2933 2715 3216 2783 allegatur,
3268 2714 3515 2770 ordinem
3547 2713 3697 2770 desi-

2091 2805 2330 2873 deraret,
2361 2817 2650 2880 ntrumque
2692 2823 2815 2863 cum
2858 2822 2997 2863 novo
3026 2808 3281 2863 collatum
3312 2807 3582 2863 distinctis
3614 2816 3699 2862 ta-

2090 2899 2235 2957 bulis
2280 2911 2408 2958 ante
2454 2903 2605 2973 ipsos
2652 2915 2935 2958 sermones
2960 2902 3343 2957 cxhibuerunt.
3389 2901 3445 2955 ln
3473 2910 3700 2956 annota-

2094 2991 2331 3051 tionibus
2359 3010 2466 3052 non
2495 2997 2672 3051 solum
2703 2995 2756 3051 id
2790 2997 3137 3051 intenderunt
3167 3038 3181 3061 ,
3216 3006 3272 3050 ut
3296 2996 3697 3052 corremionum

2094 3090 2359 3146 rationem
2381 3089 2660 3157 afferrent,
2681 3091 2914 3148 selectas
2943 3091 3210 3145 variantes
3239 3090 3500 3147 lectiones
3527 3105 3699 3162 appo-

356 3184 548 3242 saaculi
581 3192 634 3236 tv
661 3188 909 3247 tempora
959 3173 1076 3229 ﬁeri
1105 3188 1209 3229 non
1237 3172 1486 3241 potuerit.
1519 3170 1655 3226 Item
1703 3166 1850 3251 quod
1904 3166 1986 3221 in-

2093 3193 2285 3239 nerent
2307 3183 2391 3239 vel
2418 3182 2725 3238 difﬁciliora
2776 3184 2893 3237 loca
2946 3183 3303 3253 explicarent,
3351 3183 3446 3239 sed
3479 3183 3699 3238 uberius
3766 3248 3771 3255 η

355 3278 597 3334 terdicta
626 3270 893 3329 Gentibus
926 3267 1244 3336 templorum
1297 3263 1580 3319 aediﬁcatio
1626 3274 1688 3317 et
1738 3248 1990 3329 publicus

349 3366 722 3426 nihilominus
750 3358 1073 3417 idololatria:
1122 3358 1292 3413 cultus
1312 3355 1380 3413 de
1409 3354 1600 3427 quibus
1633 3361 1847 3411 auctor
1876 3366 1989 3406 me-

352 3464 543 3527 tninit,
577 3468 790 3515 (etatem
822 3456 939 3527 ejus
964 3464 1086 3527 post
1115 3454 1347 3510 medium
1391 3459 1654 3523 quartum
1720 3446 1988 3503 saeculum

348 3576 413 3617 ac
460 3557 671 3616 Iuliani
731 3555 933 3610 obitum
989 3550 1303 3608 certioribus
1358 3539 1627 3601 limitibus
1690 3540 1984 3600 deliniant.

346 3655 529 3712 Porro
553 3667 661 3707 non
694 3647 1024 3723 Laetantium
1056 3644 1247 3709 solum,
1275 3640 1368 3696 sed
1398 3647 1453 3694 et
1480 3636 1779 3693 Hilarium
1811 3634 1991 3689 imita-

344 3759 462 3805 tum
496 3756 780 3803 auctorem
812 3739 996 3796 videri.
1019 3735 1254 3792 Tandem
1288 3730 1517 3801 insignis
1539 3728 1809 3785 auctoris
1841 3726 1991 3782 locus

344 3844 416 3898 de
443 3839 794 3911 captivorum
825 3831 1196 3899 redemptione
1222 3841 1348 3881 cum
1367 3822 1492 3877 aliis
1513 3819 1746 3877 duobus
1777 3820 1835 3876 S.
1861 3820 1991 3874 Am-

341 3936 519 3992 brosii
551 3930 785 3988 mirillce
809 3939 1138 3997 congruens,
1170 3930 1424 3991 streetare
1449 3915 1774 3970 ostenditur
1804 3923 1990 3982 captos

337 4046 367 4084 a
424 4025 688 4084 barbaris
735 4029 858 4093 pust
904 4013 1486 4084 Hadrianopolitanant
1542 4023 1786 4080 pugnam
1845 4022 1990 4063 anno

335 4124 474 4184 578,
501 4117 674 4175 simul
703 4130 812 4171 non
841 4113 980 4167 ultra
1010 4124 1139 4165 sate.
1168 4124 1246 4169 tv,
1272 4101 1521 4165 auctoris
1550 4107 1771 4155 tet-atem
1800 4115 1993 4171 proro-

336 4214 459 4283 gari
482 4213 685 4282 posse,
706 4206 804 4263 sed
826 4212 954 4259 ante
974 4218 1103 4256 ann.
1124 4198 1254 4261 591,
1278 4210 1403 4251 eum
1427 4193 1684 4248 ﬂoruisse
1713 4193 1987 4248 statuitur.

339 4306 614 4376 Denique
639 4300 879 4370 obiectio
923 4296 991 4351 de
1032 4287 1510 4364 persecutionibus
1557 4294 1612 4341 et
1663 4287 1991 4359 martyribus

338 4396 659 4466 disjicitur,
692 4390 843 4446 brevi
873 4386 1317 4459 persecutionum
1350 4377 1538 4435 saeculi
1586 4380 1763 4448 quarti
1813 4379 1988 4434 histo-

335 4490 425 4545 ria
460 4504 603 4557 cap.
636 4484 697 4551 2,
733 4483 763 4555 §
800 4485 853 4548 1,
880 4482 934 4537 8.
967 4477 1064 4534 His
1088 4478 1193 4532 ista
1218 4471 1557 4547 praemonitis
1583 4514 1597 4537 ,
1628 4472 1788 4527 tertio
1816 4474 1991 4542 capite

2090 3289 2307 3346 quoque
2337 3273 2579 3330 studium
2630 3274 2682 3329 in
2738 3274 2995 3331 dictibnis
3042 3275 3413 3331 declaratione
3443 3274 3700 3350 ostende-

2091 3376 2233 3423 rent.
2264 3366 2440 3438 Atque
2469 3366 2573 3423 hoc
2595 3368 2762 3422 etiam
2789 3378 2900 3422 tum
2923 3367 2989 3422 ad
3015 3367 3439 3423 conﬁrmandam
3464 3369 3700 3423 auctoris

2091 3469 2329 3526 aetatem;
2360 3467 2473 3514 tum
2503 3457 2570 3513 ad
2591 3452 3076 3515 locntiuniSlatinat
3106 3459 3394 3529 puritatem
3416 3458 3699 3515 vindican-

2091 3551 2238 3607 dam.
2273 3570 2293 3605 ι
2329 3551 2388 3606 In
2422 3551 2649 3621 gratiam
2684 3552 3094 3616 nonnullorum,
3129 3552 3406 3623 inquiunt,
3439 3552 3529 3623 qui
3563 3567 3700 3621 prte-

2085 3644 2303 3716 judiciis
2330 3643 2534 3714 aliquot
2560 3643 2674 3713 jam
2710 3644 2921 3699 inolitis
2967 3643 3198 3699 devincti
3233 3652 3506 3709 tenentur,
3535 3658 3697 3711 apor-

2092 3739 2213 3805 tuit,
2255 3752 2411 3810 pares
2439 3735 2702 3806 quasdam
2752 3737 2986 3792 aliorum
3019 3753 3093 3802 tv,
3129 3737 3213 3792 vel
3236 3736 3505 3807 sequioris
3534 3736 3698 3791 etiam

2091 3831 2274 3886 saeculi
2324 3812 2546 3885 Patrum
2594 3832 2899 3887 Sententias
2947 3828 3147 3885 alicubi
3201 3831 3451 3896 recitare,
3504 3829 3699 3901 quibus

2091 3923 2300 3993 aliquas
2320 3922 2559 3979 Zenonis
2615 3920 2878 3977 formulas
2920 3937 3018 3976 seu
3065 3920 3374 3977 testimonia
3415 3920 3696 3982 nonnulla,

2092 4018 2416 4089 antiquioris
2438 4015 2610 4071 multo
2631 4016 2809 4071 :etatis
2832 4016 2991 4086 vulgo
3018 4016 3345 4083 existimata,
3373 4015 3428 4069 in
3446 4024 3697 4085 quartum

2091 4125 2328 4181 quoque,
2360 4107 2445 4163 vel
2477 4106 2746 4176 posterius
2786 4106 2949 4162 etiam
2982 4106 3242 4162 sazculum
3274 4105 3471 4161 cadere
3502 4106 3699 4177 proba-

2093 4210 2263 4257 retur.
2299 4200 2614 4270 Voces_‘seu
2644 4199 2926 4269 loquendi
2979 4201 3218 4253 rationes
3270 4196 3479 4267 aliquot
3524 4198 3700 4252 minus

2092 4295 2343 4360 usitatas,
2372 4309 2496 4360 qua:
2548 4293 2776 4347 exotica:
2827 4293 2907 4346 vel
2966 4290 3163 4345 intima:
3205 4290 3490 4353 latinitatis
3528 4288 3699 4344 videri

2095 4396 2340 4459 possent,
2370 4384 2765 4456 prohatiorum,
2800 4383 2990 4460 silieri
3025 4383 3221 4453 potuit,
3253 4382 3581 4451 scriptorum
3615 4382 3699 4434 in-

2093 4479 2287 4535 dicatis
2328 4476 2595 4546 exemplis
2623 4460 2851 4545 p‘urgare
2880 4474 3212 4541 studuimus,
3264 4473 3433 4541 adeo,
3489 4482 3549 4528 ut
3576 4488 3700 4544 per—

339 4582 610 4652 probare
652 4576 998 4634 annituntur,
1029 4567 1307 4624 auctorem
1340 4570 1666 4621 tractatuum
1692 4605 1707 4631 ,
1750 4580 1907 4635 quem
1935 4580 1988 4620 tv
2014 4574 2069 4635 1)
2094 4587 2277 4644 paucae
2323 4566 2450 4635 ilhc,
2480 4583 2614 4639 quas
2644 4568 2785 4637 apud
2815 4567 3088 4649 neminem
3114 4567 3442 4637 reperimus,
3475 4566 3607 4622 satis
3632 4580 3697 4621 ex

338 4688 487 4729 saec.
525 4669 748 4725 vixisse
774 4665 1152 4730 ostenderant,
1177 4677 1299 4718 esse
1318 4661 1389 4723 5..
1408 4660 1683 4715 Zenonem
1715 4658 1991 4729 Ep.Vero-

342 4779 631 4826 nensem,
664 4764 1027 4830 provocantes
1056 4755 1287 4833 primum
1331 4752 1396 4807 ad
1427 4750 1644 4807 codices
1670 4752 1993 4819 et'antiquos

344 4868 544 4914 testes
587 4864 647 4910 et
688 4850 948 4908 Ecclesia:
974 4846 1305 4904 Veronensis
1341 4844 1709 4907 traditionem,
1738 4857 1768 4897 a
1799 4843 1993 4913 quibus

341 4950 640 5006 omnibus
687 4951 953 5000 tractatus
1010 4941 1094 4995 isti
1148 4938 1354 4995 Zenoni
1431 4936 1557 4992 huic
1616 4936 1802 4992 tributi
1864 4936 1991 4991 sint.

345 5039 595 5099 Deinde
629 5037 851 5107 vulgare
879 5030 1249 5104 praeiudicium
1294 5028 1362 5083 de
1400 5028 1458 5084 S.
1491 5027 1726 5084 Zenonis
1756 5042 1870 5081 aevo
1897 5026 1997 5081 sub

345 5134 680 5195 Gallieno,
728 5125 873 5197 quod
924 5138 1088 5181 unum
1143 5121 1406 5195 hactenus
1447 5120 1757 5199 constitutis
1798 5118 1997 5189 Opponj

345 5240 539 5296 posse
579 5220 886 5286 videretur,
938 5215 1004 5271 ad
1054 5229 1285 5272 examen
1335 5218 1621 5279 revocant,
1652 5211 1913 5283 originem
1945 5220 2000 5267 et

346 5319 833 5377 fundamentum,
861 5324 1059 5379 nempe
1077 5307 1334 5363 Coronati
1376 5304 1586 5362 Notarii
1610 5303 1996 5370 narrationem,

344 5415 678 5473 declarant
703 5414 866 5477 atque
896 5403 1258 5459 monumentis
1288 5400 1454 5456 certis
1500 5398 1559 5456 S.
1614 5396 1887 5453 Ambrosii
1932 5398 2001 5453 ad

344 5502 684 5579 Syagrium
724 5487 958 5567 epistola
1010 5502 1065 5549 et
1104 5492 1308 5549 ordine’
1345 5490 1570 5562 antiquo
1621 5488 2000 5561 episcoporum

348 5592 799 5657 Veronensium
846 5604 896 5642 tv
943 5586 1145 5642 sarculo
1185 5599 1310 5642 eum
1359 5583 1566 5640 vixisse
1622 5581 1998 5651 comprobant.

344 5699 631 5765 Insuper
660 5687 894 5757 denique
922 5684 1175 5740 Coronati
1226 5681 1431 5739 Notarii
1485 5680 1725 5751 narratio
1772 5683 2002 5748 septimo

344 5791 443 5848 vel
490 5790 724 5844 Octavo
766 5778 965 5836 sarculo
1012 5775 1209 5847 scripta
1266 5775 1647 5847 perstringitur
1702 5780 1757 5830 et
1806 5769 2001 5831 fabulis

2094 4666 2308 4722 cteteris
2332 4662 2616 4719 vindicata:
2644 4669 2917 4723 maneant,
2960 4646 3083 4727 cum
3114 4659 3417 4729 praesertim
3445 4673 3554 4713 non
3585 4646 3699 4711 om!

2098 4756 2473 4813 nes’Romante
2495 4763 2550 4809 et
2569 4755 2806 4823 antiquae
2835 4765 3000 4806 voces
3021 4751 3074 4805 in
3102 4750 3253 4805 libris
3278 4758 3522 4806 veterum
3553 4749 3700 4803 inve-

2097 4850 2337 4904 niantur.
2365 4865 2385 4900 t
2420 4845 2708 4924 Tractatus
2753 4860 2807 4899 ιι
2867 4849 3150 4898 auctorum
3186 4842 3413 4896 aliorum
3442 4840 3701 4912 appendi-

2096 4944 2176 4999 cis
2206 4942 2367 5004 modo
2396 4940 2617 5011 adjecti,
2667 4939 2769 4993 etsi
2820 4937 3054 4992 similem
3108 4951 3294 4992 curam
3342 4936 3551 5005 experti
3592 4948 3701 4989 non

2098 5036 2226 5101 sint,
2281 5048 2388 5088 non
2455 5040 2634 5086 tanten
2688 5028 3040 5085 annotatione
3073 5027 3262 5082 critica
3309 5025 3698 5088 deStituuntur.

2098 5126 2231 5182 Post
2259 5123 2614 5196 appendicem
2632 5120 2889 5176 succedit
2907 5135 3028 5174 cum
3061 5118 3374 5187 prmfatione
3396 5126 3452 5174 et
3475 5117 3702 5190 epistola

2101 5215 2495 5288 nuncupatoria
2542 5213 2630 5269 ed.
2679 5212 2803 5269 Ver.
2849 5228 2991 5266 anno
3033 5209 3191 5267 1586.
3248 5209 3517 5265 Ἐπιηοὶεεὶ
3564 5210 3703 5278 ερατ

2100 5310 2284 5365 raverii
2311 5308 2721 5364 attnotatiouum
2770 5304 3200 5379 αὐτοσχεδίασμα
3225 5320 3348 5359 cum
3382 5303 3575 5373 praevia
3607 5302 3703 5356 ad—

2104 5402 2403 5458 monitione
2429 5398 2720 5464 editorum,
2752 5414 2815 5455 ex
2848 5414 2950 5467 qua
2997 5397 3155 5469 paulo
3177 5386 3304 5451 ante
3328 5396 3573 5467 quaedam
3603 5394 3702 5449 de-

2100 5494 2409 5551 libavimus.
2437 5492 2715 5563 Multiplex
2743 5492 2902 5548 lectio
2925 5490 2978 5545 in
2998 5490 3280 5561 tttriusqne
3309 5489 3501 5558 lingua:
3517 5498 3706 5542 aucto-

2101 5588 2255 5645 ribus
2290 5601 2444 5658 thue
2482 5600 2546 5640 ac
2594 5585 2951 5655 scriptoribus
2996 5583 3378 5638 ecclesiasticis
3408 5590 3463 5635 et
3505 5581 3702 5649 ingenii

2100 5678 2332 5737 facilitas
2361 5680 2413 5734 in
2455 5674 2775 5749 explicando
2802 5688 2855 5733 et
2880 5674 3220 5730 emendando
3248 5674 3445 5744 ubique
3485 5672 3538 5725 in
3578 5669 3701 5726 istis

2102 5772 2664 5832 animadversionibus
2678 5773 2849 5830 elucet
2860 5768 3142 5827 .Cteterum
3160 5769 3434 5839 praeclarae
3447 5762 3574 5822 huic
3585 5762 3697 5821 edi-
