4216 6178
535 295 638 351 ἳδί

1918 281 2459 355 PROLEGOMENA.

3732 311 3843 365 ἓὸὲ

532 412 662 467 tioni
702 427 800 496 nec
827 413 989 470 index
1016 412 1265 481 idoneus,
1300 428 1401 469 nec
1441 413 1709 484 praefatio,
1756 412 1988 486 diligens
2036 429 2139 471 nec
2163 391 2510 479 Aordiolum
2535 422 2619 478 vel
2646 425 2799 479 unica
2819 425 2979 480 etiam
3007 424 3281 497 periodus.
3329 426 3439 485 Sed
3486 428 3553 485 ad
3598 431 3846 502 proposi-

535 504 756 577 dignunt
788 506 955 563 decus
983 514 1100 562 arte
1125 505 1508 578 typographica
1543 507 1720 573 deest,
1754 523 1931 580 neque
1963 516 2145 579 patro-

532 615 655 667 nus,
688 615 795 671 quo
826 601 925 656 ista
958 607 1116 656 aetate
1159 600 1383 671 gloriari
1425 601 1638 669 liceret,
1686 601 1885 673 cuique
1931 616 2143 659 nuncu—

541 700 665 762 pata
696 700 802 759 est,
834 690 1406 755 cardin._Passioneus.

1256 786 1416 843 i769.

611 877 791 933 Venet.
820 894 902 934 ex.
940 887 1072 952 lyp.,
1100 876 1187 934 Jo.
1216 877 1374 951 Bapt.
1404 879 1631 935 Albritii.
1665 878 1844 935 in-fol.
1873 872 1931 935 S.
1958 877 2140 934 Zeno-

532 971 617 1026 nis
645 970 744 1042 Ep.
776 970 902 1026 Ver.
932 971 1217 1027 Tractatus
1257 962 1343 1028 ex.
1374 973 1643 1029 luculenta
1692 964 2003 1029 Ballerinia‘
2024 973 2140 1028 edi-

532 1065 682 1119 tione
711 1064 1011 1121 Veronensi
1063 1066 1188 1121 anni
1236 1066 1396 1128 1759.
1426 1081 1554 1121 cura
1588 1064 1751 1121 Andr.
1787 1065 2055 1122 Gallandii
2086 1066 2138 1121 in

533 1161 705 1218 Tomo
733 1178 787 1229 v,
810 1159 947 1217 Bibl.
979 1159 1102 1215 PP.
1136 1176 1188 1230 p.
1225 1160 1483 1217 107457.
1532 1161 1736 1218 Textus
1765 1160 2141 1217 tantummodo

536 1255 896 1324 transcriptus
924 1262 1026 1310 est.
1047 1253 1466 1310 Observationes
1484 1254 1689 1326 aliquot
1719 1255 1852 1310 locis
1877 1245 2136 1325 adjectas,

533 1363 658 1419 qu:e
689 1347 1030 1413 Ballerinios,
1063 1355 1122 1401 ut
1160 1347 1370 1411 scribit,
1398 1347 1600 1418 fugisse
1624 1346 1960 1411 viderentur,
1992 1361 2142 1401 com-

442 1498 445 1501 .
537 1455 870 1497 memorasse
898 1443 985 1498 vix
1020 1457 1200 1513 Operae
1240 1453 1378 1500 erat.
1411 1444 1487 1500 De
1515 1443 1733 1500 Zenone
1762 1443 1977 1500 disserit
2012 1441 2145 1499 Pro-

539 1534 678 1606 legg.
708 1548 827 1605 cap.
856 1534 945 1602 l2,
977 1550 1101 1607 pag.
1133 1535 1200 1593 19
1230 1545 1284 1593 et
1306 1536 1398 1590 20.

1258 1631 1422 1689 1784.

614 1721 838 1779 Verona.
867 1723 1046 1779 in-fol.
1073 1723 1149 1780 Le
1170 1723 1344 1795 Opere
1372 1724 1425 1780 di
1447 1724 1505 1783 S.
1536 1725 1757 1783 Zenone
1785 1726 2144 1799 volgarizzate

2246 520 2360 568 tum
2391 529 2764 584 properamus.

2317 603 2394 661 De
2425 604 2643 662 (ἐυαήηὶ
2674 608 2848 663 codice
2894 611 3098 665 mentio
3150 609 3261 681 jam
3317 624 3479 682 supra
3526 612 3691 669 allata
3742 623 3845 670 est.

2243 695 2461 753 Nullum
2527 699 2639 770 jam
2702 700 2948 757 codicum
3017 701 3259 759 Zenonis
3312 705 3597 777 vestigium
3663 706 3716 761 in
3773 705 3851 762 hi-

2244 788 2519 846 bliotheca
2569 793 2789 863 capituli
2831 778 3165 851 ‘ero‘nensis
3220 807 3491 868 superest.
3542 798 3687 871 inter
3724 798 3849 855 Bal-

2243 882 2538 939 ierinianos
2566 886 2744 941 nullus
2770 888 3044 960 antiquior
3073 887 3174 943 fuit
3199 904 3261 944 ac
3294 890 3640 959 prarstantior
3685 907 3848 965 quant

2318 973 2607 1045 Remensis,
2651 993 2813 1049 quem
2855 979 3209 1037 Remensium
3251 980 3731 1038 Benediclinorum
3767 985 3848 1041 bi-

2246 1065 2535 1123 bliothecae
2588 1077 2713 1126 ante
2774 1085 2946 1126 annos
3001 1070 3170 1129 ferme
3220 1084 3523 1145 nongentos
3573 1074 3641 1131 ab
3688 1075 3849 1132 Hinc-

2247 1175 2400 1215 maro
2445 1160 2701 1234 episcopo
2745 1162 2890 1219 dono
2935 1162 3142 1218 datum.
3188 1163 3250 1220 P.
3298 1164 3616 1220 Ruinartius
3646 1165 3701 1222 in
3729 1180 3846 1223 acta

2246 1252 2306 1310 S.
2336 1253 2575 1321 Arcadii,
2617 1263 2674 1311 et
2722 1255 2783 1312 P.
2817 1256 3165 1312 Coustantius
3208 1257 3261 1312 in
3314 1258 3456 1314 Vett.
3514 1258 3685 1315 Codd.
3733 1263 3850 1316 vin-

2246 1349 2403 1404 diciis
2434 1366 2483 1420 p.
2517 1350 2646 1417 295,
2696 1367 2759 1407 ac
2800 1352 2853 1407 in
2905 1350 2992 1408 ed.
3049 1351 3233 1407 Hilarii
3278 1363 3399 1424 pag.
3454 1351 3583 1421 465,
3639 1354 3726 1410 ed.
3749 1356 3849 1412 \‘e-

2246 1455 2365 1497 ron.
2400 1441 2602 1513 aliique
2632 1444 2797 1499 etiam
2841 1445 2969 1500 alibi
3011 1455 3530 1501 commemorarunt.
3583 1446 3845 1515 Quoniam

2245 1539 2301 1592 in
2351 1551 2418 1593 eo
2466 1546 2739 1608 tamquam
2790 1539 3170 1610 antiquissimo
3212 1539 3375 1595 totius
3420 1538 3636 1596 fabrica:
3683 1540 3848 1598 veluti

2247 1631 2395 1688 basis
2447 1647 2511 1687 ac
2561 1630 2970 1688 fundamentum
3050 1633 3166 1700 sit,
3215 1643 3526 1689 accuratam
3582 1634 3698 1706 cjus
3755 1633 3845 1689 de-

2246 1723 2598 1793 scriptionem
2640 1739 2744 1778 una
2780 1740 2902 1780 cum
2934 1723 3147 1780 duobus
3174 1724 3566 1796 speciminibus
3613 1723 3666 1779 in
3692 1724 3844 1797 praef.

535 1813 624 1870 dal
674 1814 954 1873 Marchese
1007 1815 1126 1872 Cio.
1181 1815 1381 1889 Iacopo
1426 1816 1634 1873 Dionisi
1678 1820 1943 1876 canonico
1974 1819 2144 1877 Vero-
2173 1799 2222 1862 Β
2252 1831 2301 1885 p.
2333 1831 2406 1881 vn,
2438 1831 2490 1869 ιιι
2518 1814 2807 1871 dederunt.
2839 1815 3002 1872 Iidem
3018 1815 3312 1872 exindiciis
3334 1815 3498 1872 certis
3518 1815 3734 1873 codices
3754 1832 3849 1873 an-

537 1923 735 1964 ncnse.
768 1907 836 1963 In
866 1910 970 1978 ﬁne
999 1928 1018 1966 :
1046 1924 1236 1981 presso
1266 1910 1473 1983 Dionigi
1506 1911 1843 1967 Ramanzini.

610 1999 689 2055 De
717 2001 986 2056 versionis
1017 2002 1258 2058 bonitate
1286 2014 1533 2059 nostrum
1580 2004 1828 2074 judicare
1873 2020 1980 2061 non
2035 2016 2139 2063 est.

537 2091 647 2148 Sed
669 2094 1126 2164 magnificentius
1156 2105 1318 2165 puto,
1360 2110 1521 2166 quam
1567 2095 1773 2152 Zenoni
1805 2101 2145 2169 competehat

535 2183 605 2239 de
628 2182 951 2255 eloquentia:
973 2184 1091 2256 ejus
1117 2187 1168 2241 vi
1198 2201 1262 2242 ac
1284 2189 1525 2244 numeris
1556 2187 1856 2261 iisdemque
1884 2190 1936 2245 in
1968 2201 2143 2246 trans-

536 2273 763 2331 ferendo
805 2275 1161 2347 assequendis
1210 2288 1400 2334 auctor
1461 2278 1650 2335 sensit.
1704 2280 1876 2350 Quam
1932 2281 1983 2335 in
2028 2297 2141 2338 rem

536 2368 705 2423 multa
729 2368 798 2423 ab
818 2384 884 2425 eo
911 2372 964 2425 in
996 2368 1315 2441 praefatione
1343 2370 1619 2441 diSputata
1644 2384 1788 2440 sunt,
1830 2388 1951 2444 quae
1986 2389 2144 2445 aeque

542 2461 611 2518 ad
635 2464 943 2519 communia
977 2465 1336 2521 transferendi
1368 2474 1635 2536 praecepta
1650 2469 2140 2539 acregulas,quam

541 2554 911 2612 Zenonianam
963 2555 1102 2613 hanc
1143 2556 1535 2615 traductionem
1581 2568 1845 2630 spectant.
1877 2559 2143 2617 Universe

538 2650 847 2705 sententias
904 2658 961 2705 et
1019 2650 1294 2722 ingenium
1354 2650 1594 2707 Zenonis
1620 2653 1929 2722 exprimere
1972 2654 2152 2724 magis

537 2757 698 2813 quam
726 2741 887 2798 verba
918 2752 972 2798 et
1002 2743 1257 2799 dictionis
1283 2744 1521 2799 colorem
1567 2744 1846 2800 laborasse
1891 2759 1952 2801 se
1995 2745 2145 2800 afﬁr-

539 2846 670 2893 mat.
733 2836 839 2893 Sed
889 2837 1032 2908 quod
1074 2837 1141 2892 ad
1198 2837 1382 2907 plures
1411 2837 1549 2893 forte
1583 2838 1838 2909 pertinet,
1867 2838 2144 2909 singulare

541 2931 702 2985 habet
732 2944 929 2985 munus
956 2928 1073 2983 haec
1099 2929 1267 2984 editio
1293 2945 1323 2984 a
1353 2930 1556 2985 criticis
1592 2942 1645 2985 et
1682 2931 1979 3002 exegeticis
2006 2929 2142 2986 Bar-

546 3021 808 3077 tholomcei
842 3018 1140 3087 Perazzini,
1170 3021 1628 3093 archipresbyteri
1658 3021 2012 3089 Veronensis,
2046 3040 2142 3078 an-

543 3113 933 3177 notationibus,
966 3113 1194 3185 singulis
1246 3113 1561 3170 tractatibus
1590 3113 1837 3184 adjectis,
1865 3116 1917 3171 in
1949 3115 2143 3187 quibus

541 3208 733 3279 partim
774 3182 1162 3277 interpunctio,
1216 3208 1409 3277 partim
1458 3208 1569 3278 ipsa
1618 3207 1805 3276 verba,
1855 3220 2013 3278 prout
2057 3182 2216 3264 velC

540 3300 954 3356 Ballcriniorum
988 3299 1068 3355 vel
1104 3303 1342 3355 omnium
1394 3302 1618 3357 omnino
1672 3301 1967 3357 editionum
2007 3317 2141 3358 con-

542 3405 735 3447 sensus
788 3390 874 3447 vel
923 3391 1064 3447 ratio
1111 3390 1195 3445 his
1241 3393 1494 3449 omnibus
1542 3394 1729 3463 potior.
1774 3395 2005 3451 suadere
2066 3398 2143 3450 vi-

544 3484 783 3551 deretur,
821 3494 1067 3540 correcta
1096 3486 1185 3540 vel
1227 3486 1524 3542 sententias
1574 3487 1734 3544 aliter
1781 3504 1844 3545 ac
1885 3489 2144 3547 hactenus

544 3576 826 3633 consuevit
863 3578 1155 3647 eXplicatas
1185 3579 1428 3634 invenias
1459 3581 1726 3649 sagaciter
1754 3591 1808 3637 et
1851 3598 1973 3637 cum
2006 3583 2143 3639 insi-

544 3669 633 3738 gni
657 3667 883 3738 judicio.
914 3667 1023 3725 Nec
1053 3685 1181 3725 vero
1214 3684 1395 3740 paucae
1438 3686 1519 3727 ea:
1560 3680 1708 3740 sunt,
1751 3688 2074 3744 quamquam
2113 3690 2143 3729 a

546 3759 809 3816 versionis
839 3769 1083 3824 auctore,
1113 3760 1202 3831 qui
1227 3762 1424 3833 stylum
1447 3777 1663 3834 quoque
1691 3765 2141 3833 accommodavit,

544 3854 599 3908 in
625 3853 840 3909 brevius
864 3862 1178 3910 contractae.
1226 3854 1451 3912 Accedit
1480 3866 1742 3927 praeterea
1775 3856 1879 3915 hoc
1904 3874 2145 3921 comnio-

545 3945 695 4013 dum,
729 3957 786 4001 ut
813 3946 867 4001 in
897 3947 1073 4003 indice
1127 3964 1231 4003 non
1268 3948 1576 4005 'dcsultorie
1620 3951 1869 4007 confecto
1914 3968 2021 4008 uno
2062 3954 2145 4009 in-

548 4039 686 4094 tuitu
712 4038 972 4094 lectiOnes
1003 4056 1180 4106 novae,
1217 4041 1545 4112 postliminio
1577 4043 1817 4099 reductze
1842 4088 1856 4111 ,
1886 4047 2145 4118 suppletae

545 4131 803 4204 aliisque,
883 4148 981 4190 nec
1053 4151 1159 4191 non
1244 4120 1740 4207 interpunctionum
1819 4139 2146 4196 mutationes

545 4226 777 4294 spectari
837 4228 1064 4297 possint.
1115 4224 1387 4284 Caeterum
1445 4240 1568 4301 post
1609 4231 1979 4301 praefationem
2024 4232 2144 4289 Vita

546 4315 782 4373 Zenonis
825 4316 1005 4374 addita
1033 4361 1047 4385 ,
1109 4319 1422 4376 inscribitur
1469 4330 1650 4378 autem
1692 4321 1788 4378 Pio
1822 4322 1908 4391 Vl,
1965 4322 2022 4380 S.
2078 4322 2141 4379 P.

542 4408 696 4465 Nitor
727 4418 975 4483 typorum
1030 4420 1192 4484 atque
1234 4413 1543 4469 chartarum
1590 4423 1673 4471 est
1702 4415 1861 4486 plane
1887 4415 2141 4473 eximius.

617 4500 847 4558 Codices.
881 4503 995 4559 Hoc
1022 4505 1139 4561 loco
1176 4517 1470 4562 annotasse
1513 4524 1622 4563 non
1671 4507 1870 4580 pigeat,
1917 4524 2036 4580 qua:
2077 4508 2146 4565 de

2248 1908 2509 1980 tiqniorcs
2540 1908 2761 1964 lihrario
2783 1909 2901 1981 ejus
2932 1908 2999 1964 ad
3028 1925 3247 1965 manum
3274 1909 3440 1965 fuisse
3462 1918 3673 1966 notant.
3699 1907 3849 1966 Hunc

2246 2009 2448 2072 praeter
2478 2011 2680 2071 praesto
2714 2000 2869 2058 fuere

2319 2091 2635 2147 Tolentinas.
2700 2092 2940 2149 Venetiis
2998 2093 3052 2149 in
3123 2092 3452 2150 bibliotheca
3524 2092 3847 2148 clericorum

2246 2189 2574 2258 regulariinn
2654 2185 3058 2244 Tolentinatum
3129 2186 3368 2241 existens
3436 2185 3606 2242 codex
3675 2201 3843 2240 mem-

2246 2281 2549 2339 branaceus
2595 2280 3060 2353 pulcherrimique
3118 2278 3471 2345 characteris,
3516 2277 3715 2351 quique
3781 2276 3846 2333 ad

2245 2391 2339 2431 xm
2384 2376 2601 2432 circiter
2651 2375 2911 2431 smculum
2965 2376 3241 2444 pertinere
3325 2381 3562 2440 putatur.
3633 2370 3846 2426 Lectio-

2246 2483 2346 2524 nes
2394 2469 2462 2523 ad
2493 2469 2818 2525 Remensem
2867 2465 3093 2521 multum
3136 2463 3426 2531 accedunt,
3460 2472 3517 2518 ut
3559 2478 3587 2516 δ
3628 2463 3846 2517 librario

2247 2562 2426 2616 minus
2444 2560 2615 2632 perito
2628 2570 2682 2616 et
2702 2558 3003 2630 indiligenti
3025 2557 3644 2627 scriptosapparet,cum
3661 2555 3846 2610 eadem

2246 2668 2379 2707 voce
2402 2652 2600 2709 alicubi
2630 2662 2965 2717 recurrente,
3003 2648 3317 2722 frequentes
3340 2647 3511 2704 saltus
3538 2658 3844 2703 occurrant.

2329 2744 2606 2800 Vaticanus
2667 2760 2723 2800 n.
2788 2743 2930 2799 1255
2960 2785 2974 2809 ,
3022 2741 3469 2797 membranaceus
3503 2782 3518 2807 ,
3589 2756 3683 2795 xm
3750 2755 3853 2795 sa:-

2246 2838 2367 2893 culo
2388 2836 2644 2908 scriptus,
2683 2853 2745 2892 ex
2763 2834 2957 2893 eodem
2978 2848 3100 2890 cum
3120 2832 3327 2889 Veneto
3350 2831 3502 2888 fonte
3537 2831 3837 2905 profectus,

2253 2929 2378 2984 licet
2432 2929 2792 2993 emendatior,
2837 2928 3033 2997 cuique
3074 2924 3317 2982 codicem
3350 2941 3378 2980 a
3401 2922 3641 2981 Guarino
3665 2939 3853 2993 reper-

2249 3032 2358 3077 tum
2402 3021 2734 3092 persimilem
2786 3019 2955 3075 fuisse
2979 3019 3147 3074 videri
3176 3017 3315 3074 Edd.
3340 3019 3508 3073 nostri
3533 3017 3838 3072 observant.

2334 3113 2606 3170 Vaticanus
2641 3112 2865 3170 Urbinas
2897 3112 3024 3178 150,
3059 3112 3502 3168 membranaceus
3549 3110 3702 3175 item,
3752 3109 3849 3165 scd

2245 3208 2355 3278 jam
2384 3206 2657 3277 descripto
2681 3207 2958 3278 aliquanto
2989 3204 3260 3276 posterior
3285 3216 3339 3260 et
3366 3203 3580 3277 saeculo
3597 3203 3737 3260 forte
3759 3219 3849 3259 χιιι

2245 3313 2499 3356 cxaratus
2526 3299 2625 3373 (i).

2320 3390 2491 3446 Codex
2518 3391 2759 3447 Basilij
2808 3391 2870 3447 S.
2915 3390 3062 3446 Petri
3089 3391 3143 3445 in
3186 3388 3431 3445 Vaticano
3452 3429 3467 3454 ,
3500 3387 3736 3459 scriptus
3766 3387 3850 3441 in—

2246 3492 2409 3539 eunte
2463 3499 2589 3540 smc.
2645 3500 2758 3552 ιιιιι,
2814 3483 2899 3538 vel
2967 3484 3186 3539 ineunte
3224 3499 3338 3551 xrv,
3382 3481 3627 3553 signatus
3670 3480 3849 3536 littera

2247 3572 2309 3629 F.
2340 3576 2435 3643 5'5,
2482 3584 2678 3646 praeter
2726 3577 2908 3632 titulos
2966 3591 3277 3633 sermonum
3329 3575 3382 3630 in
3422 3573 3676 3631 omnibus
3723 3590 3849 3633 cum

2247 3672 2502 3731 liemensi
2534 3671 2845 3727 concordat.
2880 3670 3050 3742 Hujus
3093 3685 3200 3726 non
3229 3669 3445 3740 plenam
3475 3668 3843 3733 collationem,

2246 3763 2343 3818 sed
2366 3763 2571 3835 aliquot
2591 3764 2767 3819 solum
2789 3774 3109 3818 tractatuum
3134 3771 3189 3818 et
3208 3760 3573 3817 difﬁciliorum
3604 3760 3847 3816 locorum

2248 3858 2521 3913 variantes
2548 3856 2809 3912 lectiones
2849 3855 3175 3927 procedente
3199 3855 3309 3927 jam
3338 3854 3573 3912 editione
3608 3854 3851 3925 postula-

2246 3961 2436 4006 Veram
2460 3960 2514 4005 et
2539 3952 2909 4007 obtinuerant.
3222 3972 3225 3975 ·
3660 3968 3665 3973 ·

2337 4041 2637 4098 Veronensis
2704 4044 3005 4098 monasterii
3065 4042 3127 4100 S.
3197 4040 3461 4110 Zenonis,
3525 4042 3854 4099 rccentioris

2247 4140 2442 4204 aetatis,
2472 4138 2657 4194 saeculi
2684 4156 2777 4206 xv,
2808 4138 2951 4194 haud
2998 4137 3183 4207 dubie,
3237 4154 3303 4194 cx
3344 4136 3678 4195 membranis
3700 4152 3858 4192 com-

2248 4241 2458 4302 pactos,
2530 4230 2671 4286 idem
2748 4231 2861 4296 ille,
2936 4247 3096 4302 quem
3166 4230 3514 4287 Veronenses
3597 4230 3861 4286 Editorcs

2247 4339 2375 4379 ann.
2438 4322 2596 4391 1586,
2656 4324 2934 4380 Vetustum
2992 4324 3354 4396 appellarunt.
3408 4322 3545 4380 Cum
3589 4324 3862 4380 Remeusi

2248 4429 2461 4488 quoque
2487 4414 2662 4486 quoad
2685 4414 2929 4471 ordinem
2954 4427 3008 4470 et
3035 4430 3317 4471 numerum
3342 4422 3688 4484 tractatuum,
3716 4416 3863 4469 titu-

2251 4509 2318 4565 lis
2366 4510 2528 4566 modo
2578 4504 2859 4580 exceptis,
2912 4510 2959 4564 ei
3011 4509 3288 4565 convenit.
3341 4502 3621 4564 Diversum
3667 4516 3864 4563 autem

546 4593 870 4655 collectione
915 4596 1235 4654 Sermonum
1269 4601 1329 4656 S.
1358 4601 1591 4658 Zenonis
1629 4602 1903 4660 Ballerinii
1951 4603 2139 4659 obser-
2168 4574 2226 4637 D
2254 4604 2395 4660 hunc
2420 4619 2543 4661 esse
2569 4620 2599 4659 a
2631 4604 2840 4673 codice,
2858 4619 3020 4674 queat
3053 4602 3246 4658 Petrus
3288 4602 3421 4658 Cale
3452 4600 3664 4658 ordinis
3704 4599 3872 4656 Prae-

546 4694 761 4753 varunt,
815 4702 934 4742 eam
991 4690 1150 4760 paulo
1201 4704 1319 4762 post
1367 4692 1427 4749 S.
1482 4692 1736 4764 Episcopi
1767 4704 1994 4749 mortem
2028 4695 2145 4766 ipso

514 4802 526 4816 ο
546 4786 739 4851 quarto
769 4781 970 4836 saeculo
998 4794 1235 4840 exeunte
1266 4785 1350 4839 vel
1380 4785 1598 4841 ineunte
1619 4786 1808 4856 quinto
1840 4803 1907 4842 ex
1930 4784 2145 4844 schedis

547 4874 667 4944 ejus
692 4872 925 4929 Veronae
950 4875 1152 4931 relictis
1172 4876 1421 4932 eductam
1459 4889 1619 4949 atque
1658 4893 1973 4951 expressam
2001 4894 2142 4936 esse.

549 4965 841 5024 Auctorem
891 4969 1067 5040 ipsum
1116 4986 1235 5027 eam
1288 4987 1505 5043 parasse
1558 4987 1622 5028 ac
1671 4972 1906 5031 edidisse
1948 4984 2147 5049 negant

553 5070 863 5133 propterea,
889 5061 1033 5132 quod
1067 5062 1248 5134 plures
1277 5063 1598 5132 imperfecti,
1635 5068 1849 5138 repetiti
1878 5083 1944 5124 ac
1976 5069 2150 5139 mutili

552 5164 843 5210 occurrant
872 5155 1015 5213 unde
1040 5157 1316 5226 probabile
1356 5172 1477 5215 esse
1505 5157 1817 5216 existimant
1836 5205 1851 5229 ,
1884 5161 2026 5232 quod
2058 5178 2145 5232 ea,

551 5262 670 5316 qua:
697 5246 750 5302 in
781 5264 935 5304 usum
974 5266 1305 5317 sermonum,
1336 5268 1473 5324 quos
1501 5252 1567 5308 ad
1614 5254 1870 5326 populum
1898 5254 2149 5328 frequen-

555 5339 792 5397 tissimos
824 5340 1032 5410 habuit,
1065 5356 1184 5414 post
1221 5354 1451 5400 mortem
1482 5346 1534 5401 in
1567 5346 1782 5404 schedis
1815 5347 2147 5420 reliquisset,

561 5433 628 5488 ab
662 5434 781 5490 aliis
813 5436 1064 5505 inventa,
1121 5438 1191 5493 ob
1244 5440 1498 5495 eximiam
1548 5442 1650 5497 viri
1692 5444 2151 5517 existimationem

556 5527 857 5599 colligenda
882 5532 1094 5587 naviter
1122 5534 1233 5588 visa
1267 5535 1374 5590 sint
1401 5577 1415 5601 ,
1442 5535 1601 5607 idque
1629 5546 1772 5592 tanta
1806 5539 2000 5593 factum
2033 5541 2154 5596 dili-

557 5622 760 5692 gentia,
791 5632 849 5677 ut
877 5623 1135 5695 quidquid
1165 5626 1389 5695 reperiri
1419 5630 1655 5699 patuerit
1696 5630 1812 5687 sive
1860 5632 2152 5707 perfectum

557 5724 672 5779 sive
701 5723 901 5791 minus,
938 5733 1108 5781 totum
1136 5728 1461 5789 collectione
1491 5738 1546 5789 et
1571 5729 1810 5788 editione
1833 5729 2047 5802 dignum
2070 5728 2155 5799 ju-

567 5818 802 5874 dicatum
834 5821 924 5887 sit,
957 5818 1311 5890 fragmentum
1338 5820 1460 5879 licet
1475 5824 1919 5898 exiguumesset,
1947 5821 2031 5881 vel
2060 5837 2153 5883 ex-

2251 4696 2548 4751 dicatorum
2581 4697 2802 4752 ineunte
2823 4711 2949 4751 saec.
2982 4711 3070 4751 xxv
3098 4709 3157 4750 se
3190 4695 3391 4750 ibidem
3420 4693 3615 4749 vidisse
3637 4693 3688 4749 in
3716 4712 3869 4755 mss.

2251 4787 2612 4846 Collectaneis
2642 4790 2710 4846 ab
2736 4787 3077 4846 Henschenio
3109 4786 3340 4845 laudatis
3380 4796 3634 4854 testetur,
3667 4787 3872 4845 Balle—

2251 4881 2356 4936 rini
2379 4880 2673 4938 afﬁrmant.

2326 4977 2756 5048 Sparauerianus.
2809 4976 2908 5033 Ms.
2960 4977 3117 5045 liber,
3164 4993 3326 5051 quem
3384 4976 3442 5030 F.
3494 4973 3885 5043 Sparaveritts

2253 5072 2382 5127 olim
2410 5086 2532 5126 cum
2566 5071 2728 5142 editis
2757 5072 3003 5140 contulit,
3040 5071 3422 5139 variantesque
3451 5067 3569 5137 ejus
3595 5066 3888 5125 lectiones

2253 5164 2464 5221 notavit
2510 5165 2563 5220 in
2605 5164 2753 5222 obss.
2803 5181 2904 5222 suo
2945 5166 3064 5221 loco
3110 5164 3360 5221 laudatis.
3386 5162 3517 5229 Quis
3546 5161 3637 5216 ille
3670 5160 3886 5228 fuerit,

2255 5258 2551 5328 ignoratur.
2588 5258 2908 5327 Plerumque
2948 5256 2997 5312 ei
3040 5270 3164 5311 cum
3210 5254 3399 5311 codice
3448 5251 3761 5308 monasterii
3807 5253 3888 5309 S.

2329 5412 2406 5490 (l)
2447 5417 2563 5472 Duo
2608 5424 2804 5490 printer
2859 5415 2958 5472 hos
3005 5414 3059 5469 in
3108 5412 3361 5490 Vaticana
3411 5407 3899 5490 codices_Zeno—

2257 5482 2344 5546 nis
2387 5482 2620 5551 extant,
2659 5488 2752 5542 sed
2800 5502 2923 5541 eum
2978 5486 3211 5551 numeri,
3255 5484 3449 5554 quibus
3492 5482 3660 5536 notati
3706 5494 3897 5553 sunt,

2262 5576 2373 5618 non
2415 5562 2517 5616 nisi
2553 5560 2781 5616 duorum
2813 5564 3183 5628 suppeterent,
3222 5556 3456 5628 duorum
3496 5563 3701 5628 tantum
3747 5558 3907 5628 ςοιε»

2270 5633 2531 5690 lationum
2576 5631 2730 5702 copia
2772 5645 2801 5684 a
2845 5624 3192 5700 PL'Josepho
3240 5625 3553 5683 Blanchiuio
3581 5625 3712 5695 ipsis
3744 5624 3904 5686 ﬁeri

2261 5713 2492 5778 poterat.
