4216 6178
496 283 606 340 255

1857 274 2099 331 SANCTI
2145 273 2433 330 ZENUNIS

3698 268 3807 324 956

498 399 811 474 praecedens
833 399 1190 471 amplectatur
1222 395 1375 462 ﬁdes,
1402 409 1521 466 qua:
1548 403 1656 449 tam
1687 393 1815 460 sibi,
1839 407 1997 462 quam
2019 392 2094 446 illi
2123 400 2178 459 Α
2204 392 2292 456 tis,
2325 406 2431 446 non
2464 398 2786 462 argumento
2809 432 2822 455 ,
2856 403 2963 444 non
2991 387 3317 443 necessitate
3340 426 3356 453 ,
3408 383 3504 440 sed
3531 382 3812 439 voluntate

497 495 772 552 credendo
847 501 1066 563 praistet
1137 489 1188 561 5
1233 487 1511 550 eﬁ‘ectum;
1581 484 1874 541 insinuatio
1924 484 2100 539 inanis

499 587 605 642 erit
634 603 647 640 :
693 586 817 656 quia
847 582 1125 640 incredula
1151 581 1426 637 credentis
1446 579 1678 634 fructum
1704 565 1968 648 priestare
1991 591 2099 630 non

500 679 717 750 poterit.
752 677 993 744 Denique
1022 673 1290 730 Abraham
1322 671 1519 741 placuit
1544 669 1656 725 Deo
1681 670 1758 741 (6)
1784 667 2101 724 credulitate

497 772 618 827 sine
649 771 765 840 lege
792 768 987 841 (Galat.
1020 783 1099 831 ιιι,
1122 765 1178 838 6)
1205 808 1219 832 ,
1252 774 1307 820 et
1333 763 1586 819 Judaicus
1628 761 1859 832 populus
1907 760 2098 831 displi-

499 863 612 918 cuit
639 862 748 916 Deo
775 859 1157 916 incredulitate
1201 873 1322 912 cum
1355 857 1490 928 lege.
1523 854 1676 912 Unde
1723 855 1946 908 dubium
1995 869 2102 907 non

502 963 590 1010 est
647 955 822 1024 legem
864 967 972 1007 non
1005 945 1165 1022 pus-se
1220 951 1338 1005 sine
1367 947 1473 1004 lide
1504 990 1519 1013 .
1559 947 1720 1002 ﬁdem
1776 961 1935 1016 posse
1986 947 2105 1001 sine

499 1048 645 1119 lege:
674 1046 916 1116 alioquin
944 1044 1021 1117 (7)
1073 1043 1262 1098 istltatc
1305 1040 1715 1097 innumerabilis
1761 1039 2104 1110 simplicitate

502 1155 602 1196 sua
633 1139 846 1194 felicior
891 1138 1043 1192 turba
1069 1138 1126 1209 6
1165 1136 1339 1190 adhuc
1371 1135 1562 1190 mortis
1590 1134 1819 1203 imperio
1863 1132 2108 1201 subjacc-

502 1243 610 1300 ret,
639 1232 687 1288 si
719 1233 852 1303 legis
883 1231 1042 1301 periti
1081 1239 1287 1285 tantum
1327 1227 1614 1298 jDSIiﬁcm‘i
1667 1227 2013 1283 meruissent.
2039 1227 2112 1281 At

503 1335 626 1376 cum
658 1322 918 1389 scriptum
947 1320 1052 1384 sit,
1073 1317 1267 1373 Littera
1295 1317 1504 1382 occidit,
1529 1317 1740 1386 spiritus
1781 1325 1950 1368 autem
1981 1315 2106 1367 vivi-

504 1414 627 1482 ﬁcat
648 1411 711 1480 (Il
734 1410 852 1466 Cor.
889 1426 966 1476 ιιι,
991 1411 1070 1480 6).
1101 1411 1224 1480 quia
1259 1425 1366 1464 non
1396 1409 1496 1463 sub
1528 1409 1652 1478 lege
1683 1449 1696 1472 .
1740 1407 1834 1463 sed
1863 1408 1964 1461 sub
1986 1421 2108 1476 gra-

507 1506 582 1560 tia
603 1519 822 1567 sumus.
850 1518 968 1574 quas
998 1517 1098 1558 nos
1123 1503 1349 1574 diligere
1398 1502 1564 1558 Deum
1602 1543 1615 1564 ,
1669 1516 1731 1555 ac
1758 1500 1858 1555 soli
1889 1500 1967 1554 illi
1994 1515 2111 1555 ser-

504 1597 622 1652 vire
650 1597 702 1651 in
735 1605 1076 1651 sacramento
1098 1597 1266 1651 semel
1298 1593 1520 1650 creditae
1564 1593 1642 1666 (8)
1672 1595 1845 1649 unica:
1872 1594 2112 1649 Trinita-

2203 482 2518 553 compellit;
2555 481 3057 538 manifestissimum
3111 489 3238 550 puto
3266 520 3282 546 ,
3315 478 3479 534 nimis
3503 478 3584 550 (9)
3626 484 3813 532 aswto

2205 591 2328 632 esse
2370 577 2670 646 simplicem
2713 575 3036 631 meliorem:
3100 574 3223 644 quia
3274 571 3506 642 simplex
3556 570 3817 626 omnibus

2209 669 2307 724 Dei
2334 668 2512 724 verbis
2559 662 2882 737 simpliciter
2926 665 3133 729 credit;
3188 672 3400 720 astutus
3430 673 3613 720 autem
3647 663 3816 719 nintia

2207 765 2473 834 sapientia
2504 763 2793 817 intatuatus
2816 802 2832 828 ,
2881 759 3324 832 inquisitionibus
3373 759 3529 813 vanis
3557 758 3819 828 semetip-

2217 875 2337 914 sum
2368 857 2675 914 confundit.

2283 950 2344 1004 ll.
2378 950 2482 1005 Sed
2510 949 2653 1004 dicet
2674 948 2870 1018 aliquis
2895 967 2907 1001 :
2933 948 2976 1003 si
2997 947 3083 1001 ita
3109 954 3222 1012 est,
3257 944 3393 1000 nulli
3421 958 3550 1014 ergo
3581 941 3695 1016 (10)
3727 943 3815 999 lex

2210 1041 2451 1112 prodest.
2481 1042 2659 1096 Absit.
2695 1041 2940 1125 Prodest.
2981 1048 3033 1096 et
3060 1040 3276 1111 quidem
3333 1038 3664 1109 plurimum:
3693 1053 3817 1092 nam

2209 1151 2304 1206 per
2326 1136 2493 1206 ipsum
2525 1135 2620 1190 Dei
2645 1127 2896 1193 ‘volttnlas
2922 1133 3443 1204 populisintimatur
3470 1152 3482 1186 :
3520 1149 3616 1202 per
3649 1133 3818 1202 ipsam

2213 1229 2499 1295 disciplina
2539 1229 2789 1286 caelestis
2817 1227 2930 1300 (Η)
2958 1228 3232 1299 colligitur
3261 1243 3325 1283 ac
3375 1217 3590 1283 tenetur
3641 1226 3816 1296 (Rom.

2217 1337 2296 1379 ut.
2329 1321 2403 1374 20
2429 1331 2476 1374 et
2509 1338 2598 1386 \‘ll,
2626 1323 2718 1392 7):
2768 1313 2867 1392 per
2896 1321 3064 1391 ipsam
3093 1362 3107 1387 ,
3145 1322 3360 1391 inquam
3396 1362 3411 1387 ,
3463 1335 3634 1390 genus
3661 1333 3820 1374 omne

2218 1413 2466 1482 peccati,
2510 1428 2578 1467 ne
2620 1413 2742 1481 quis
2792 1412 3109 1490 imprudens
3158 1401 3387 1468 iuteFeat
3416 1454 3430 1477 ,
3487 1411 3817 1466 diﬁ'amatur.

2219 1505 2448 1576 Semper
2473 1519 2698 1560 monere
2729 1521 2836 1560 non
2868 1504 3100 1571 desinit,
3133 1505 3433 1574 ignorantia
3455 1517 3523 1558 ne
3545 1503 3669 1572 quis
3694 1517 3818 1558 rea-

2221 1609 2334 1654 tum
2357 1609 2613 1656 exeuset:
2643 1613 2785 1654 nunc
2812 1612 3184 1664 sever:t,nuuc
3205 1595 3402 1651 blanda
3427 1595 3540 1667 (l2)
3568 1594 3822 1650 demons-

509 1715 656 1789 tibtts
689 1714 834 1789 ﬁdei,
864 1722 1013 1789 patet
1037 1729 1102 1768 ex
1127 1712 1358 1789 eo‘quod
1386 1711 2107 1789 subditur.disputationem
2141 1722 2189 1781 Β
2221 1718 2420 1784 becilli,
2449 1733 2569 1789 quae
2602 1717 2653 1772 itt
2688 1717 2812 1772 ﬁdei
2861 1716 3203 1789 dogmatibus
3249 1714 3372 1789 (sine
3417 1713 3566 1784 gravi
3593 1713 3819 1770 crimine

506 1780 834 1855 huiusmodi,
867 1780 914 1839 Si
937 1795 1141 1838 versuta
1168 1780 1272 1849 sit,
1306 1784 1582 1838 eradicare
1617 1780 1796 1848 ﬁdem,
1830 1785 1950 1853 quia
1981 1784 2110 1851 ﬁdes

511 1861 741 1929 profecto
770 1873 880 1929 non
914 1866 1008 1921 est,
1055 1855 1141 1910 ubi
1182 1856 1432 1924 quwritur
1458 1855 1606 1929 ﬁdes,
1649 1871 1750 1929 seu
1774 1857 1868 1929 ubi
1903 1855 1971 1909 de
2001 1855 2110 1929 ﬁde

510 1925 1049 2000 pcr'disputationem
1079 1939 1350 2000 Amovetur
1389 1927 1636 2000 quaestio.
1700 1925 1959 1982 Similiter
1983 1927 2111 2000 doc—

513 1997 864 2055 irinant’ﬁdei
893 1998 950 2053 S.
966 1997 1210 2052 Antistes
1232 1999 1391 2067 legem
1414 1997 1671 2066 appellat.
1700 2011 1820 2051 cum
1846 2014 1903 2052 tt.
1930 2002 1965 2052 5
1994 1999 2070 2050 ait
2095 2015 2108 2050 ;

512 2071 616 2124 (Ῑιιν
643 2069 803 2142 legent
830 2071 939 2142 lege
959 2069 1231 2142 distringis
1249 2069 1276 2122 ξ)
1301 2085 1409 2142 cur_
1439 2069 1532 2142 sub
1569 2069 1790 2142 imagine
1811 2067 1930 2142 ﬁdei
1956 2067 2113 2142 ﬁdem

513 2140 770 2213 deponis?
799 2148 852 2195 et
881 2139 1003 2194 aliis
1035 2140 1106 2213 ‘id
1131 2141 1352 2213 generis
1398 2139 1550 2213 locis.
1579 2140 1728 2213 llanc
1759 2141 1884 2213 legis
1910 2139 2112 2213 signiﬁ-

511 2210 782 2268 cationem
819 2254 832 2276 ,
878 2228 998 2282 quae
1027 2210 1275 2265 fortassis
1306 2210 1373 2265 ab
1402 2210 1765 2282 ea_locutione
1798 2210 1964 2282 (Pauli
1998 2213 2110 2265 ori-

513 2285 694 2353 ginem
730 2280 908 2346 ducit.
931 2298 1036 2353 qna
1062 2281 1130 2336 ad
1161 2283 1315 2337 Rom.
1348 2297 1427 2346 ιιι,
1459 2280 1551 2353 27,
1583 2282 1744 2353 legem
1773 2281 1893 2348 ﬁdei
1919 2290 2110 2353 vocat.

515 2351 718 2411 indicat
760 2355 921 2409 etiam
950 2351 1030 2426 'S.
1066 2358 1292 2426 August.
1352 2354 1414 2408 de
1458 2352 1611 2426 Gest._
1637 2352 1829 2426 APelag.
1858 2351 2115 2426 n.__4._ul)i

517 2427 680 2496 hujus
697 2425 902 2487 dictum
945 2425 1013 2480 de
1051 2423 1177 2496 legis
1207 2426 1418 2480 scientia
1465 2423 1817 2480 considerans
1844 2465 1857 2485 .
1894 2423 1959 2496 Si
1985 2423 2118 2492 forte

519 2494 788 2568 Pelagius,
821 2497 1013 2567 inquit,
1043 2494 1387 2567 responderet.
1446 2498 1579 2550 hanc
1605 2503 1770 2568 ipsam
1821 2511 1875 2548 se
1925 2494 2118 2568 dixisse

514 2566 790 2639 scienliant
835 2566 1056 2639 legis...,
1101 2566 1216 2638 qua?
1246 2585 1334 2636 per
1363 2568 1646 2623 doctrinam
1675 2567 1797 2639 ﬁdei
1815 2566 2113 2639 (neopltytis,

514 2641 740 2713 atquein
763 2638 966 2693 Christo
989 2639 1218 2713 parvulis
1247 2641 1491 2704 traditur,
1519 2655 1619 2713 qua
1643 2638 1795 2691 etiam
1824 2638 2120 2713 baptizandi

515 2709 915 2774 catecltizantur.
946 2720 1000 2764 ut
1048 2711 1332 2782 symbolum
1382 2712 1642 2772 noverint;
1669 2725 1769 2782 non
1797 2709 2118 2782 quidemista

513 2783 732 2852 intelligi
777 2783 927 2844 solet.
959 2780 1168 2852 quando
1200 2783 1382 2836 habere
1405 2785 1671 2850 quisquam
1697 2780 1961 2852 scientiam
1993 2780 2120 2852 legis

517 2850 738 2919 dicitur;
761 2855 954 2922 quibus
969 2850 1148 2908 uerbis
1179 2869 1284 2908 non
1310 2853 1359 2906 id
1391 2867 1420 2904 a
1447 2852 1838 2922 consuetudine
1865 2850 2118 2922 loquendi

519 2927 754 2980 alienum
781 2920 956 2987 notat,
990 2926 1132 2994 quod
1157 2925 1238 2978 lea:
1266 2938 1360 2993 pro
1389 2923 1621 2975 doctrina
1651 2920 2116 2994 ﬁdeiraccipiatur,

521 2997 616 3051 sed
649 2995 788 3064 qttud
821 2991 1055 3048 doctrina
1085 2995 1242 3062 ﬁdei,
1268 2991 1396 3065 qua:
1420 2993 1820 3065 calccltutttettis
1848 2991 2081 3065 traditur-
2103 3033 2117 3055 .

520 3062 1076 3136 appelletur-scientia
1102 3083 1114 3119 :
1150 3083 1271 3120 nam
1293 3062 1530 3127 scientia.
1557 3063 1985 3136 Sttbdiltuocatur
2005 3062 2114 3124 illa,

520 3133 800 3192 secundum
845 3153 999 3210 quam
1028 3137 1152 3207 legis
1179 3138 1330 3210 periti
1370 3137 1722 3210 appellantur.
1768 3133 1879 3187 Hoc
1905 3148 2118 3201 quoque

521 3209 573 3264 in
609 3216 836 3263 tractatu
861 3208 920 3263 S.
965 3207 1113 3262 Zeno
1139 3207 1204 3262 ex
1254 3207 1463 3272 eorum,
1492 3221 1628 3277 quos
1661 3208 1964 3274 impugnat,
1993 3218 2118 3277 sene

523 3281 710 3343 tentia,
767 3280 927 3350 legem
957 3297 1061 3332 non
1094 3289 1201 3333 tam
1246 3295 1340 3349 pro
1371 3276 1600 3348 simplici
1643 3277 1952 3350 dogmatttttt
1995 3276 2114 3350 ﬁdei

522 3352 789 3416 doctrina,
816 3346 982 3420 quam
1013 3365 1109 3418 pro
1141 3346 1258 3418 ipsa
1277 3346 1498 3404 scientia
1529 3358 1584 3403 et
1615 3346 1949 3420 peritiaﬁdei
2000 3347 2116 3414 ple-

522 3437 748 3489 rtttnqtte
779 3419 983 3486 accepit
1005 3462 1019 3484 .
1060 3436 1154 3490 pro
1185 3437 1244 3475 est
1279 3421 1528 3474 nimirum
1558 3419 1685 3490 ﬁdei
1716 3419 1924 3490 peritia,
1957 3432 2115 3490 quam

523 3492 596 3564 illi
647 3486 1008 3564 necessarium
1044 3486 1468 3564 profitebantur.
1503 3491 1592 3559 qui
1643 3489 1956 3564 obscuriora
1988 3486 2111 3541 ﬁdei

523 3563 775 3631 dogmata
801 3561 873 3617 'de
909 3561 1170 3617 Trinitate
1203 3561 1515 3616 tractatibus
1542 3561 1832 3629 explicare,
1864 3571 1917 3612 et
1957 3571 2117 3628 ἀι-σει-

524 3634 708 3688 mentis
733 3650 824 3700 pro
846 3635 1035 3704 ingenii
1054 3634 1304 3704 qualitate
1325 3648 1550 3704 asserere
1585 3631 1950 3704 eottaltautur:
1977 3631 2116 3704 unde

528 3706 647 3769 bos,
682 3701 916 3772 perinde
949 3719 1012 3759 ac
1041 3701 1370 3773 Augustinus
1399 3703 1699 3772 Pelagium,
1724 3701 1922 3773 refellit
1958 3701 2116 3756 allata

527 3776 580 3830 in
635 3775 870 3829 medium
920 3772 1302 3844 simpliciorttttt
1350 3774 1528 3838 turba,
1571 3790 1688 3842 qua:
1719 3772 1887 3844 adhuc
1942 3774 2117 3844 mortis

525 3848 742 3926 imperio
770 3843 1071 3926 subjaceret,
1101 3849 1145 3901 si
1167 3848 1291 3926 legis
1317 3847 1690 3926 peritétantimt
1710 3843 2000 3926 justiﬁcart;
2016 3860 2116 3926 t‘ne-

528 3920 752 3970 ruissent
773 3958 786 3981 ,
819 3914 916 3986 pro
945 3919 1138 3985 quibus
1163 3914 1231 3972 n.'
1249 3920 1279 3972 li
1309 3914 1383 3970 itit
1409 3936 1422 3971 :
1452 3915 1572 3970 Non
1601 3914 1787 3968 habent
1820 3930 1939 3983 ergo
1965 3914 2116 3986 ﬁdem

525 3989 611 4058 qui
639 3985 830 4041 litteras
861 3989 1090 4042 nesciunt
1122 4007 1133 4042 :
1167 3999 1218 4044 et
1257 3989 1506 4043 similiter
1529 4005 1584 4041 ιι.
1611 3987 1663 4052 5,
1699 3987 1955 4058 imperitos
1984 3985 2116 4055 legis

529 4057 730 4124 laudat,
762 4073 928 4127 seque
977 4061 1144 4113 minus
1177 4061 1394 4128 peritum
1443 4058 1683 4123 proﬁteri
1731 4074 1835 4111 non
1885 4057 2110 4121 dubitat,

528 4145 634 4184 tton
663 4129 806 4200 quod
847 4129 1124 4184 Trinitatis
1159 4131 1316 4186 ﬁdem
1377 4146 1482 4184 non
1523 4129 1786 4193 calleret,
1833 4129 1925 4181 sed
1973 4129 2112 4196 quod

527 4215 630 4256 nec
659 4209 914 4256 tractatus
947 4203 1015 4256 de
1036 4201 1124 4258 illa
1156 4203 1339 4261 edere.
1372 4217 1474 4258 nec
1505 4202 1714 4255 ratione
1743 4215 1859 4254 eam
1887 4201 2114 4254 scrutari

527 4280 584 4341 et
618 4271 906 4341 explicare,
941 4283 998 4327 ut
1026 4273 1207 4328 Ariani
1251 4273 1544 4338 audebant,
1576 4287 1635 4326 se
1663 4286 1820 4341 posse
1847 4269 2111 4325 crederet.

528 4340 676 4417 Hanc
695 4340 914 4412 quidem
943 4345 1123 4417 legem.
1149 4361 1308 4416 quam
1331 4345 1452 4414 ﬁdei
1473 4359 1596 4398 mox
1617 4340 1870 4417 opponit.
1887 4351 1939 4395 ct
1960 4357 1998 4417 ειΔ
2013 4341 2117 4417 ﬁde

527 4413 826 4488 distinguit.
859 4413 1273 4488 cunt’aitle'gem
1326 4433 1428 4470 non
1478 4430 1624 4484 posse
1665 4416 1772 4469 sine
1797 4414 1916 4483 ﬁde,
1962 4413 2114 4488 ﬁdem

529 4501 674 4553 posse
699 4487 806 4540 sine
831 4488 958 4557 lege,
988 4505 1040 4540 ιι.
1074 4486 1130 4551 4,
1160 4484 1440 4552 doctrinam
1465 4496 1638 4552 vocat,
1670 4501 1897 4553 eantque
1942 4484 2117 4538 credu-

530 4556 685 4621 litati,
714 4557 762 4638 id
795 4556 1296 4638 estsintplici_tidei
1357 4560 1406 4612 in
1457 4557 1700 4638 eamdem
1753 4557 1930 4638 plane.
1957 4570 2118 4637 quant

531 4627 881 4698 exposuimus
922 4625 1241 4684 sententiam
1265 4672 1279 4695 ,
1327 4646 1391 4685 ex
1420 4629 1669 4698 Opposita
1719 4629 1928 4698 statuit.
1964 4625 2034 4698 ita
2069 4636 2127 4698 ut

533 4693 674 4772 idem
694 4697 808 4772 hoc
840 4700 958 4754 loco
988 4701 1054 4754 sit
1079 4703 1180 4765 (ex,
1205 4693 1346 4772 quod
1378 4693 1730 4760 ibidoctrina.
1761 4709 1815 4772 et
1839 4697 1977 4750 idem
2008 4693 2126 4750 heic

531 4770 596 4824 sit
628 4770 772 4837 ﬁdes.
820 4785 883 4825 ac
911 4772 1054 4840 quod
1085 4773 1152 4825 ibi
1176 4768 1530 4826 credulitatem
1561 4777 1746 4840 vocat.
1779 4768 1847 4822 de
1867 4781 1969 4835 qua
1996 4781 2129 4840 voce

534 4841 684 4910 plura
737 4839 939 4896 admit.
979 4843 1245 4912 sequenti.
1281 4841 1493 4895 Variam
1525 4842 1663 4894 hanc
1700 4839 1826 4907 legis
1854 4839 2127 4912 acceptio-

535 4927 659 4965 nvm
687 4917 785 4965 ltoc
807 4913 856 4966 in
881 4910 1108 4967 tractatu
1132 4914 1438 4982 promiscue
1457 4913 1766 4982 usurpatam
1791 4910 2131 4982 animadver-

534 4991 649 5052 tere
676 4991 728 5035 et
767 4983 1098 5052 disﬁnguere
1127 4979 1359 5037 maxime
1387 4979 1634 5036 interest.
1667 4981 1778 5035 Hoc
1809 4981 1988 5052 itaque
2012 4979 2131 5034 loco

534 5051 816 5105 insinuatio
867 5049 992 5122 legis
1036 5068 1132 5114 pro
1161 5053 1281 5107 ﬁdei
1336 5052 1627 5107 didascalia
1676 5053 1844 5118 accipi
1875 5049 2128 5104 videtur:

533 5137 695 5195 quam
744 5122 954 5195 idcirco
1009 5125 1140 5194 ﬁdes
1174 5125 1466 5195 prwcedens
1511 5125 1846 5194 amplectatur
1896 5129 2138 5195 oportet,

534 5193 676 5266 quod
704 5193 804 5247 nisi
831 5195 949 5264 quis
972 5193 1031 5250 se
1051 5197 1124 5261 ei,
1147 5193 1235 5266 qui
1261 5195 1382 5250 ﬁdei
1409 5193 1669 5264 pnecepta
1693 5195 1873 5260 tradit,
1904 5194 2132 5266 docilem

534 5265 794 5338 praebeat.
829 5262 1002 5338 inanis
1033 5262 1190 5338 plane
1230 5262 1419 5322 omnis
1445 5262 1804 5321 insinuationis
1832 5280 1928 5320 seu
1948 5262 2135 5338 didas-

533 5336 686 5390 calite
716 5337 868 5391 labor
895 5335 1105 5396 futurus
1132 5341 1219 5392 sit.
1258 5340 1380 5395 Haec
1431 5349 1612 5395 autem
1660 5340 1709 5392 in
1743 5351 1856 5390 rem
1887 5349 2038 5388 suam
2073 5336 2129 5389 S.

537 5405 683 5461 Zeno
707 5407 958 5472 inculcat.
990 5426 1096 5465 non
1120 5417 1176 5465 ut
1201 5410 1544 5466 didascaliam
1569 5408 1927 5464 necessariam
1953 5416 2130 5474 neget.

535 5477 637 5533 sed
661 5486 719 5532 ut
748 5475 913 5550 (quod
945 5482 1155 5536 dixerat
1185 5483 1342 5547 paulo
1384 5483 1532 5550 ante)
1565 5479 1720 5549 ﬁdem
1772 5495 1873 5530 non
1919 5477 1981 5550 ab
2029 5477 2133 5531 alio

534 5546 874 5622 coitttnodari,
907 5551 1002 5607 sed
1031 5546 1243 5622 prapria
1283 5569 1346 5608 ex
1372 5546 1632 5607 voluntate
1653 5550 1794 5603 nasci
1824 5546 2126 5602 conﬁrmet.

605 5620 684 5694 (6)
717 5617 1245 5694 Credttlitas'nttstro
1298 5625 1517 5678 Auctori
1564 5623 1761 5691 plur-les
1787 5630 2086 5694 memorata
2116 5661 2132 5686 ,

532 5689 711 5772 neque
756 5693 988 5749 sumitur
1017 5710 1112 5760 pro
1167 5696 1331 5750 nimia
1365 5689 1619 5772 facilitate
1671 5689 1928 5772 credendi
1955 5705 2135 5772 ,quae

531 5760 662 5820 vitio
689 5777 796 5817 non
824 5773 975 5824 caret
999 5808 1014 5833 ,
1044 5779 1220 5838 neque
1251 5781 1348 5839 pro
1387 5768 1648 5836 opinione
1697 5760 1906 5818 inﬁrma
1945 5771 1997 5815 et
2026 5760 2139 5816 im:

2219 1791 2396 1845 luennt
2423 1786 2526 1844 ιιὸιι
2553 1789 2712 1844 habet
2735 1831 2750 1852 ,
2780 1788 2874 1843 sed
2910 1805 3006 1852 pro
3031 1786 3256 1858 simplici
3287 1787 3436 1858 ﬁdei.
3484 1800 3603 1854 qua:
3629 1793 3818 1858 aucto-

2219 1861 2362 1914 ritati
2393 1862 2502 1914 sine
2521 1861 2650 1928 lege.
2686 1860 2734 1912 id
2764 1871 2843 1913 ('Sl
2874 1859 2990 1913 sine
3021 1857 3232 1912 ratiOne
3262 1857 3588 1928 adhibetur,
3646 1857 3818 1928 qualis

2218 1947 2350 1986 sane
2380 1931 2614 1987 Abraltic
2661 1931 2798 1985 ﬁdes
2827 1929 2925 1984 fuit
2951 1972 2965 1993 ,
2993 1931 3080 1996 qtti
3117 1946 3220 1982 non
3247 1928 3422 1983 solum
3473 1927 3618 1981 nulla
3650 1927 3810 1996 petita

2221 2003 2433 2057 ratione
2478 2002 2708 2056 credidit
2739 2001 2884 2064 Deo,
2918 2001 3010 2055 sed
3039 2000 3202 2055 etiam
3236 2041 3252 2063 .
3307 2008 3367 2054 ut
3397 1999 3551 2052 Rom.
3585 2013 3638 2051 tv
3664 2039 3678 2063 ,
3715 1999 3811 2063 18,

2223 2084 2406 2128 tnonet
2433 2074 2726 2139 Apostolus
2751 2113 2766 2136 .
2798 2073 2908 2126 Deo
2953 2072 3181 2126 credidit
3223 2085 3401 2124 contra
3446 2085 3588 2136 spem
3612 2109 3626 2133 .
3655 2083 3813 2138 quam

2221 2146 2362 2199 ratio
2393 2145 2654 2198 naturalis
2683 2143 2956 2214 injiceret.
2992 2143 3103 2197 Hoc
3133 2154 3327 2214 tamen
3358 2143 3408 2195 itt
3433 2140 3553 2214 loco
3573 2181 3596 2214 _.
3633 2141 3718 2214 ttb_i
3741 2139 3815 2214 dc

2224 2215 2329 2270 ﬁde
2357 2217 2572 2285 proprie
2599 2209 2944 2269 dicta'sermo
2969 2223 3070 2276 est.
3106 2214 3196 2268 illa
3220 2213 3400 2285 potius
3424 2211 3655 2266 Abraltm
3685 2209 3814 2285 ﬁdes

2222 2282 2544 2340 credulitatis
2599 2287 2814 2342 nomine
2863 2282 3236 2340 commendata
3291 2285 3501 2337 videtur
3533 2323 3548 2348 ,
3576 2297 3680 2352 qua
3727 2282 3815 2336 ille

2221 2356 2440 2412 Christo
2463 2373 2526 2413 ex
2557 2374 2654 2412 suo
2681 2357 2890 2412 semine
2919 2357 3191 2427 gignendo
3221 2353 3532 2427 divinailide
3555 2351 3809 2427 credidit,

2222 2439 2510 2498 antequam
2537 2429 2602 2483 de
2626 2429 2726 2483 ltoc
2752 2425 3002 2498 dogmate
3040 2437 3296 2482 tractatus
3328 2425 3418 2480 ulli
3445 2467 3459 2490 ,
3488 2438 3623 2498 quos
3655 2425 3813 2498 legem

2222 2495 2411 2554 auctor
2441 2501 2702 2561 nominat.
2739 2495 3088 2570 per'Ariauos
3108 2509 3204 2570 aut
3229 2498 3366 2570 alios
3386 2495 3656 2570 quoslibet
3683 2496 3812 2570 ede.

2223 2584 2450 2626 rentur:
2482 2587 2585 2640 qua
2613 2565 2753 2626 sane
2785 2571 2852 2626 de
2881 2585 3068 2625 caussa
3097 2569 3154 2626 S.
3198 2565 3542 2640 AmbroSitts,
3576 2565 3672 2640 lib.
3704 2582 3719 2620 ι
3746 2567 3814 2621 de

2225 2638 2646 2712 Abraltameap.
2677 2644 2730 2704 3,
2766 2658 2821 2695 tt.
2851 2643 2913 2695 21
2939 2683 2952 2706 ,
2983 2640 3124 2695 hunc
3158 2641 3338 2696 laudat
3360 2681 3373 2702 .
3403 2639 3524 2703 quia
3546 2638 3812 2712 rationem

2226 2731 2328 2767 non
2350 2709 2628 2779 qutcsivit',
2670 2713 2758 2767 sed
2805 2713 3184 2782 promptissima
3230 2712 3333 2780 ﬁde
3377 2709 3594 2782 credidit
3627 2749 3642 2773 .
3697 2723 3815 2782 qua:

2226 2785 2386 2852 plane
2417 2787 2556 2839 idem
2589 2796 2710 2839 sunt
2741 2781 2811 2838 ac
2842 2781 2982 2854 apud
3017 2795 3259 2837 nostrum
3289 2781 3600 2854 Atttistitem
3635 2781 3818 2854 credu—

2225 2851 2342 2909 litas
2373 2857 2482 2910 sine
2513 2857 2637 2926 lege.
2696 2857 2803 2910 liae
2833 2851 2899 2909 de
2956 2854 3060 2908 lide
3102 2854 3331 2909 Abrahae
3379 2852 3534 2926 plura
3591 2851 3815 2926 inferius

2225 2926 2409 2980 adnot.
2439 2928 2528 2982 54.
2561 2923 2830 2981 Caeterum
2853 2928 2905 2980 in
2936 2925 3180 2980 eamdem
3210 2923 3532 2978 sententiam
3565 2923 3652 2977 alii
3685 2936 3818 2991 quo-

2230 3012 2336 3066 que
2367 2999 2659 3065 scriptores
2705 2998 2846 3052 idem
2879 2997 3197 3050 credulitatis
3224 3010 3418 3050 nomen
3467 3009 3564 3063 pro
3592 2994 3694 3063 ﬁde
3716 3008 3820 3066 κιο-τ

2226 3064 2446 3137 cepere.
2472 3064 2824 3123 Nemesiantts
2849 3110 2863 3134 ,
2906 3068 3146 3131 Dativns,
3175 3079 3228 3121 et
3248 3067 3431 3120 Victor
3455 3074 3723 3134 martyres
3752 3064 3819 3118 ad

2225 3139 2294 3211 S.
2317 3140 2638 3211 Cyprianum
2665 3155 2751 3208 cp.
2781 3155 2980 3193 Lxxvttt
3009 3138 3175 3211 :Dum
3189 3155 3289 3192 non
3311 3137 3502 3211 desinis
3524 3137 3821 3211 tractatibus

2223 3210 2322 3264 tuis
2362 3207 2685 3264 sacramenta
2706 3207 2912 3263 'occulta
2962 3210 3160 3263 nudare
3185 3251 3200 3272 .
3233 3211 3304 3263 sic
3345 3223 3436 3260 nos
3475 3209 3528 3260 in
3560 3207 3663 3276 ﬁde
3693 3207 3822 3276 fucis

2223 3298 2466 3348 crescere,
2489 3295 2535 3336 et
2563 3282 2625 3335 de
2647 3283 2833 3335 steculo
2852 3281 3080 3335 homines
3100 3281 3168 3334 ad
3184 3279 3537 3348 credulitatem
3560 3279 3818 3331 accedere.

2225 3353 2514 3416 Arnobius,
2549 3354 2640 3407 lib.
2671 3353 2993 3407 ttadvcrsus
3033 3351 3234 3408 Gentes
3275 3366 3327 3420 p.
3355 3350 3451 3403 λῆς
3488 3347 3678 3402 Ridere
3698 3365 3824 3420 nos-

2223 3431 2357 3476 trum
2386 3425 2540 3493 ﬁdem
2569 3425 2874 3487 consuestis,
2901 3434 3052 3490 atque
3079 3423 3245 3493 ipsam
3269 3419 3648 3475 credulitatem.
3680 3419 3825 3493 Cou-

2221 3490 2401 3548 cilium
2425 3495 2832 3558 Eltberitanum.
2861 3508 2912 3548 c.
2937 3493 3040 3547 42:
3068 3492 3148 3546 Ad
3169 3493 3321 3561 ﬁdem
3349 3493 3569 3560 primum
3598 3490 3828 3544 creduli-

2223 3565 2344 3617 tatis
2389 3565 2672 3630 accedunt,
2713 3575 2767 3619 et
2804 3581 2854 3620 c.
2899 3567 2996 3620 «με
3059 3565 3120 3619 Si
3176 3563 3502 3634 postmodum
3543 3565 3610 3615 ad
3636 3562 3823 3634 credu-

2225 3635 2421 3690 litatem
2449 3637 2698 3690 venerint.
2723 3637 2991 3700 Sedulius,
3025 3635 3064 3688 l.
3094 3651 3109 3688 ι
3137 3632 3330 3702 Operis
3357 3633 3656 3698 Paschalis,
3685 3648 3732 3685 c.
3765 3632 3822 3685 ἓξ

2227 3705 2357 3760 Πωο
2378 3717 2451 3761 est
2473 3725 2590 3761 vera
2620 3708 2748 3777 ﬁdes
2799 3718 2846 3762 et
2877 3708 3026 3776 ﬁrma
3054 3704 3356 3759 credulitas.
3395 3704 3622 3777 Exstant
3652 3705 3702 3756 itt
3731 3718 3829 3777 au-

2227 3779 2390 3846 tiqttis
2418 3773 2708 3833 Ordinibus
2757 3773 2885 3833 ﬁdei
2931 3777 3178 3832 formula:
3235 3777 3506 3844 inscripta:
3559 3773 3828 3828 Formido:

2226 3849 2567 3903 credulitatis.
2595 3848 2770 3918 thue
2804 3850 2911 3902 alia
2961 3850 3128 3902 multa
3181 3846 3231 3900 id
3258 3850 3471 3916 generis
3521 3846 3828 3918 testimonia

2235 3916 2712 3989 praetermittamus
2739 3962 2752 3984 ,
2804 3919 3092 3974 Ratlterius
3133 3918 3630 3989 nosterepiscopus
3654 3916 3707 3970 itt
3739 3931 3830 3984 sy-

2227 3990 2416 4044 nodica
2438 3991 2504 4044 :td
2539 3988 2913 4059 presbyteros:
2943 3989 3100 4043 Fides
3120 4001 3308 4055 autem,
3329 3988 3520 4058 inqttit.
3548 3989 3600 4040 id
3623 3997 3830 4059 estora-

2223 4060 2416 4116 dulitas
2441 4049 2558 4115 Dei'.
2592 4049 2719 4115 litae
2740 4061 2964 4116 dicenda
3010 4070 3167 4115 erant
3204 4049 3531 4123 ittsitts,'tttttt
3565 4057 3706 4127 quod
3747 4059 3833 4111 ltic

2221 4131 2372 4187 locus
2391 4133 2440 4186 id
2466 4137 2720 4202 postulet,
2747 4133 2840 4186 sed
2861 4143 2915 4186 ιιι
2945 4132 3043 4186 hac
3066 4132 3470 4202 prattnonitiune
3489 4128 3832 4202 lectorintel-

2209 4202 2385 4272 iligat.
2413 4200 2532 4272 quae
2559 4204 2610 4257 ιιι
2642 4205 2990 4272 sequentibus
3019 4202 3330 4259 obscuriora
3358 4200 3606 4258 fuissent.
3633 4200 3720 4253 ubi
3741 4214 3837 4252 ea-

2223 4271 2346 4329 dem
2363 4271 2487 4338 vox.
2514 4290 2673 4328 sensu
2704 4271 2809 4330 non
2835 4275 2904 4330 ita
2925 4275 3226 4344 explorato.
3252 4273 3489 4344 repetita
3507 4271 3834 4326 invenietur.
3905 4293 3917 4305 -

2298 4344 2379 4417 (7)
2403 4344 2494 4401 Sic
2524 4361 2625 4400 ms.
2663 4345 2851 4417 Pomp.
2895 4343 3016 4400 cum
3053 4345 3142 4400 alii
3197 4343 3356 4417 codd.
3409 4343 3644 4417 habeant
3691 4343 3790 4417 ista
3817 4357 3840 4395 :

2219 4412 2556 4471 illud'autem
2593 4412 3005 4488 praaelig'ettdum
3055 4416 3392 4488 putavimus,
3434 4423 3491 4488 ut
3544 4412 3840 4488 impedire-

2147 4509 2200 4568 Β
2227 4495 2313 4568 t_ur
2338 4483 2691 4554 :equivocatio
2715 4529 2730 4553 .
2763 4483 2818 4544 et
2848 4486 2908 4543 id
2925 4483 3217 4558 pronomen
3248 4485 3316 4540 ad
3356 4485 3556 4539 turbant
3586 4483 3838 4540 referen-

2229 4557 2358 4612 duttt
2389 4569 2615 4626 pateret.

2303 4628 2380 4698 (8)
2414 4628 2542 4683 Mss.
2576 4630 2763 4699 Pomp.
2793 4639 2846 4685 et
2872 4630 3002 4686 Zen.
3036 4629 3214 4684 unita’.

2305 4697 2383 4769 (9)
2438 4701 2562 4756 llaec
2590 4717 2691 4756 ms.
2717 4697 2916 4770 'Pomp.
2966 4701 3126 4756 lectio
3153 4700 3344 4755 melior
3363 4697 3582 4770 yisaest
3611 4737 3625 4762 ,
3681 4703 3848 4770 ltbcx

2233 4780 2487 4825 contextu
2531 4779 2781 4841 apparet:
2836 4768 3045 4827 tametsi
3091 4772 3231 4826 idem
3276 4769 3447 4841 codex
3492 4768 3542 4821 itt
3593 4768 3850 4836 margine

2233 4839 2624 4912 θοι-τροιίοιιόιιι
2651 4844 2895 4912 prmfcrat
2916 4852 3082 4906 acute.
3105 4841 3317 4912 quodin
3343 4839 3569 4912 editiset
3593 4847 3848 4912 mss.est.

2309 4912 2424 4983 (10)
2458 4911 2587 4984 Heic
2618 4909 2778 4984 legem
2808 4918 3024 4984 proprie
3047 4909 3213 4968 suinit
3253 4926 3351 4978 pro
3377 4909 3798 4984 doctrinalegis
3831 4927 3850 4973 ;

2240 4981 2359 5035 huic
2389 4983 2530 5036 ettint
2555 4981 2789 5054 estfper
2809 4981 2968 5053 quam
3000 4984 3096 5038 Dei
3122 4985 3360 5038 voluntas
3395 4981 3600 5052 populis
3627 4981 3855 5054 intima:

2236 5062 2340 5126 tur_.
2375 5054 2651 5123 disciplina
2683 5053 2898 5111 ctelestis
2929 5057 3192 5126 colligitur
3217 5097 3230 5117 ,
3263 5069 3421 5126 genus
3448 5067 3613 5126 ontne‘
3642 5053 3858 5126 peccati

2237 5120 2570 5190 di/famatu'r,
2603 5135 2710 5180 etc.
2739 5128 2808 5181 At
2834 5136 2954 5197 post
2983 5120 3152 5197 pauca
3186 5120 3282 5194 pro
3309 5123 3552 5179 doctrina
3584 5120 3711 5176 ﬁdei
3741 5122 3860 5176 ite-

2237 5209 2354 5266 rum
2377 5197 2572 5265 accipit
2594 5239 2608 5260 ,
2637 5198 2803 5251 immo
2833 5200 2993 5252 etiam
3029 5212 3124 5265 pro
3155 5207 3404 5266 utroque.
3478 5264 3512 5266 μ
3560 5265 3565 5266 γ
3709 5211 3716 5215 ·

2311 5265 2425 5338 (οι-ι)
2459 5264 2512 5320 In
2545 5268 2744 5323 Veneta
2770 5268 2901 5323 edit.
2929 5277 2982 5323 et
3013 5264 3142 5321 mss.
3173 5264 3689 5338 Pom'p.acholeut.
3718 5277 3864 5330 per-

2237 5336 2421 5410 peram
2454 5340 2642 5407 legitur
2665 5341 2965 5410 corrigitur,
2992 5339 3138 5408 quod
3167 5350 3344 5410 tamen
3373 5337 3423 5410 in
3451 5336 3622 5404 ipsius
3646 5336 3858 5410 Pump.

2237 5407 2441 5463 codicis
2468 5411 2709 5480 margine
2729 5407 3070 5466 θιιιθιιάειιιιιι
3095 5421 3174 5465 est
3201 5409 3294 5471 ita,
3330 5418 3384 5480 tit
3407 5409 3458 5480 iu
3493 5415 3640 5480 textu
3666 5407 3865 5474 serip-

2238 5480 2405 5534 simus
2451 5497 2519 5534 ex
2550 5476 2668 5535 aliis
2709 5496 2836 5535 mss.
2863 5480 3288 5536 cteditionibus.
3339 5476 3616 5544 Di/famari
3653 5485 3862 5530 autem

2237 5565 2398 5622 omne
2428 5554 2630 5621 peccati
2668 5567 2835 5620 genus
2861 5567 2958 5622 per
2987 5553 3160 5622 legem
3201 5551 3399 5604 dicitur
3433 5565 3529 5622 pro
3555 5563 3622 5603 eo
3645 5588 3659 5611 ,
3693 5548 3866 5622 quod

2237 5619 2439 5678 Paulus
2465 5623 2531 5677 ad
2561 5619 2718 5678 Rom.
2749 5639 2804 5678 ιιι
2835 5619 2966 5691 .90,
2991 5619 3097 5679 ait:
3130 5621 3234 5677 Per
3261 5622 3420 5694 legent
3450 5621 3585 5675 enim
3611 5619 3866 5689 cognitio

2238 5696 2454 5764 peccati.

2309 5765 2423 5837 (ίῖ)
2467 5765 2762 5824 Probamus
2811 5767 3191 5838 repetitionem
3261 5763 3419 5835 plane
3467 5761 3872 5819 Zenonianam
