4216 6178
546 297 655 379 2'59

1905 308 2150 369 SANCTI
2188 305 2480 372 ZENONIS
2512 332 2521 341 ’

3736 302 3844 357 9.80

496 436 503 441 ‘
551 425 890 483 errabimus:
922 425 1114 496 subjici
1141 425 1284 480 enim
1307 437 1366 480 se
1387 422 1729 495 loquacitatis
1751 425 1985 482 artiﬁcio
2011 425 2134 482 ﬁdei
2167 434 2218 496 Α
2245 433 2531 489 tractatus,
2563 421 2760 479 multas
2788 417 2905 493 (5|)
2951 417 3105 484 ﬁdes,
3145 424 3199 474 et
3229 415 3446 485 quidem
3494 416 3760 484 novellas,
3794 426 3849 473 ct

559 527 749 574 natura
777 533 882 573 non
914 516 1138 588 patitur,
1171 531 1200 569 a
1227 530 1331 586 qua
1362 515 1497 571 nihil
1525 516 1673 572 aliud
1715 515 2013 585 laboratur,
2044 518 2145 573 nisi

550 620 607 665 ut
633 610 746 665 suis
774 608 876 665 sibi
900 618 1104 664 tantum
1131 607 1419 664 virtutibus
1452 609 1783 679 approbatur
1812 627 1826 665 :
1857 624 1963 665 non
1993 609 2140 666 enim

544 711 722 772 potest
748 715 867 757 esse
894 699 1229 773 perfectum,
1268 700 1412 773 quod
1463 700 1680 757 aliunde
1717 710 1998 771 exspectat
2037 701 2141 758 sibi

544 791 747 862 aliquid
780 795 1168 848 necessarium.
1200 792 1260 850 Si
1289 808 1415 849 vero
1461 793 1621 848 ﬁdem
1668 792 2142 867 tractatusdicere

544 886 903 953 eruperimus;
931 886 1034 942 erit
1076 885 1318 955 profecto
1345 901 1445 942 nec
1467 883 1583 959 (28)
1611 895 1827 951 nostra,
1859 899 1959 941 nec
2001 899 2095 941 sua
2122 925 2138 952 ,

545 978 639 1033 St‘d
666 994 765 1036 nec
791 981 940 1049 ejus,
966 979 1121 1048 cujus
1150 994 1271 1035 esse
1301 978 1510 1035 dicetur
1538 996 1551 1034 :
1593 979 1717 1049 quia
1767 986 2024 1036 tractatus
2071 978 2136 1034 ﬁ-

544 1069 667 1126 dem
697 1085 820 1126 cum
870 1071 1130 1139 adstruit,
1158 1087 1227 1128 ex
1273 1086 1338 1127 eo
1386 1072 1504 1142 ipso
1533 1088 1652 1128 eam
1675 1114 1692 1141 ,
1737 1088 1846 1144 quo
1874 1073 2138 1140 adstruit,

542 1163 812 1219 destruit:
841 1179 940 1220 nec
963 1163 1055 1219 ulli
1083 1164 1268 1235 dabit,
1297 1165 1438 1235 quod
1462 1182 1567 1220 non
1597 1166 1788 1234 habet;
1813 1167 1906 1225 sed
1936 1167 2137 1238 potius,

542 1265 600 1311 ut
624 1272 731 1311 non
756 1255 951 1313 habeat
971 1298 984 1321 ,
1009 1256 1184 1312 adhuc
1207 1257 1321 1327 ipse
1344 1256 1614 1328 disquirit.
1639 1258 1810 1315 Video
1842 1270 2100 1328 praeterea
2122 1299 2138 1326 ,

544 1350 687 1406 sicut
713 1348 829 1424 (‘29)
857 1359 1185 1407 assertorum
1230 1349 1470 1406 indicant
1496 1351 1714 1408 nomina
1746 1352 1890 1424 (quae
1913 1353 1957 1407 si
1990 1351 2142 1408 aufe-

541 1457 664 1510 ras,
703 1442 895 1515 9(50)
919 1443 1062 1498 nulla
1089 1442 1336 1499 fortassis
1375 1452 1458 1500 est
1486 1447 1712 1516 pugna),
1742 1444 1941 1502 multos
1979 1443 2144 1502 fuisse

541 1607 556 1653 τ
615 1606 1092 1681 (28)Traetatunm
1108 1608 1267 1665 ﬁdem
1292 1607 1477 1665 nullibi
1506 1622 1630 1666 esse
1654 1608 1910 1675 ostendit,
1932 1608 2133 1679 quippe

542 1679 660 1751 quin
691 1694 813 1734 cum
861 1679 916 1734 in
969 1680 1285 1735 tractatibus
1329 1689 1623 1750 quaeratur,
1672 1696 1773 1737 nec
1817 1680 1923 1735 illis
1964 1682 2135 1751 possit

545 1750 755 1817 inesse,
804 1760 862 1806 et
904 1765 1026 1806 esse
1064 1768 1188 1817 sua,
1219 1766 1317 1806 nec
1359 1751 1514 1807 nobis
1557 1766 1653 1821 per
1684 1760 1941 1806 tractatus
1972 1750 2135 1806 inseri

2252 517 2359 573 litis
2380 517 2569 573 labore
2608 530 2673 572 ac
2701 514 2886 570 favore
2925 512 3152 569 nutritas
3183 530 3194 565 :
3226 525 3359 581 quas
3380 552 3394 577 ,
3428 512 3553 581 quia
3580 527 3713 569 vera
3758 512 3848 569 vix

2247 618 2427 680 potest
2447 608 2699 673 inveniri,
2727 605 2921 672 credo,
2949 619 3017 661 ne
3047 603 3229 674 populi
3259 605 3479 674 penuria
3512 604 3846 673 laborarent,

2249 701 2365 774 (52)
2388 700 2607 757 venales
2623 715 2745 757 esse
2760 699 3083 770 propositas.
3109 697 3495 755 Verumtamen
3526 714 3593 755 ex
3627 699 3714 755 his
3732 713 3852 755 om—

2248 793 2406 849 nibus
2426 792 2732 861 eligendum
2761 790 2887 861 quid
2916 790 3005 855 sit,
3038 805 3146 844 non
3180 798 3356 860 potest
3385 790 3533 846 nosci
3587 798 3681 846 aut
3705 805 3851 853 com-

2247 884 2514 957 prehendi
2547 903 2560 938 :
2591 885 2713 956 quia
2746 900 2854 940 non
2882 883 2985 939 erit
3016 881 3132 954 (55)
3161 898 3263 939 nec
3292 885 3594 954 proprium,
3626 900 3727 941 nec
3756 887 3849 940 lir-

2248 997 2428 1048 mum,
2468 980 2614 1052 quod
2658 981 2821 1036 habet
2857 988 3055 1035 statum
3101 994 3318 1050 semper
3362 980 3628 1035 incertum
3680 997 3694 1034 :
3749 980 3851 1053 ιο

2254 1074 2451 1144 quippe
2478 1089 2599 1130 cum
2627 1073 2786 1129 unius
2814 1073 3011 1129 electio
3030 1073 3104 1129 sit
3132 1072 3358 1129 alterius
3388 1072 3701 1144 reprobatio
3725 1090 3740 1128 :
3764 1071 3850 1127 vel

2250 1169 2297 1229 si
2325 1183 2514 1225 omnes
2539 1169 2764 1225 omnino
2786 1168 3176 1238 amplectenda:
3210 1169 3355 1234 sint,
3390 1177 3449 1224 ut
3496 1177 3576 1224 tot
3603 1169 3727 1240 quis
3756 1167 3852 1222 ha-

2250 1264 2375 1318 beat
2397 1262 2563 1329 ﬁdes,
2590 1270 2721 1334 quot
2762 1278 2868 1318 non
2898 1261 3061 1319 habet
3082 1262 3271 1327 verba,
3303 1262 3475 1317 multo
3505 1264 3678 1332 magis
3716 1260 3851 1315 nihil

2254 1354 2510 1420 habebit,
2541 1356 2667 1425 quia
2716 1364 3006 1420 tractatus,
3037 1354 3128 1425 qui
3171 1368 3266 1411 eas
3306 1354 3526 1424 genuit,
3558 1354 3646 1409 vel
3672 1355 3852 1424 quoti-

2254 1446 2343 1503 die
2370 1458 2632 1519 generat,
2660 1448 2835 1506 adimo
2865 1455 3042 1519 potest
3069 1462 3334 1518 generare
3362 1465 3376 1502 :
3417 1462 3449 1504 e
3477 1446 3699 1503 diverso
3726 1462 3851 1517 pro-

2245 1608 2384 1664 libro
2412 1619 2601 1665 contra
2621 1610 3022 1675 Constantium,
3042 1608 3160 1671 n.5,
3180 1606 3617 1679 persecutionem
3638 1605 3851 1679 ditando

2244 1687 2300 1735 et
2329 1697 2457 1735 auro
2485 1696 2606 1736 eum
2640 1681 3002 1737 commovisse
3027 1677 3357 1735 teterrimam
3387 1677 3581 1748 prodit.
3625 1677 3690 1730 At
3722 1693 3853 1731 nunc

2248 1768 2540 1822 pugnamus
2585 1764 2766 1806 contra
2809 1760 3184 1824 persecutorem
3230 1749 3564 1816 tollentem...
3615 1749 3719 1824 qui
3750 1765 3851 1824 non

542 1822 753 1897 possit,
772 1830 828 1897 et
846 1838 967 1878 esse
996 1832 1201 1897 nostra,
1237 1837 1335 1878 nec
1362 1824 1413 1897 in
1446 1818 1573 1893 ipsd
1592 1832 1852 1897 tractatus
1880 1832 2132 1897 auctore,
2167 1837 2215 1897 Β
2247 1818 2402 1897 dorsa
2432 1824 2583 1897 credit
2607 1865 2641 1897 ,_
2661 1818 3012 1897 sedquentrem
3056 1822 3271 1890 palpet;
3320 1837 3424 1897 non
3471 1818 3753 1897 proscribit.
3781 1818 3850 1897 ad

545 1893 632 1960 qui
666 1893 858 1948 dubius
887 1896 1237 1960 qttmstionem
1269 1895 1475 1958 movit,
1508 1896 1732 1962 reperiri
1758 1904 1918 1962 queat
1944 1910 1956 1947 :
1986 1904 2039 1948 et
2059 1895 2137 1950 sic

545 1962 707 2018 fidem
736 1974 1058 2020 tractatuum
1087 1965 1371 2020 destruere
1405 1964 1563 2018 [idem
1598 1964 1946 2033 pronuntiat:
1980 1982 2098 2018 nam
2119 2006 2134 2029 ,

544 2044 601 2086 ut
632 2034 843 2088 dixerat
874 2035 1032 2105 paulo
1062 2045 1205 2092 ante.
1234 2036 1362 2103 ﬁdes
1391 2039 1618 2104 profecto
1644 2045 1858 2100 nonest,
1893 2036 1978 2089 ubi
1998 2052 2138 2105 quar-

544 2105 677 2159 ritur
706 2105 854 2175 ﬁdes.
890 2105 1095 2173 Quibus
1124 2106 1374 2161 similiter
1397 2107 1631 2160 Hilarius
1658 2148 1672 2171 ,
1708 2106 1799 2160 lib.
1837 2121 1872 2160 ιι
1892 2107 1960 2161 ad
1986 2109 2133 2163 Con-

546 2183 806 2259 stantium
839 2192 895 2233 ιι.
918 2175 972 2240 6;
995 2175 1156 2232 Fides
1175 2176 1359 2231 deinde
1380 2178 1650 2248 quaeritur,
1673 2178 1821 2248 quasi
1845 2178 1975 2244 ﬁdes
1995 2177 2140 2231 nulla

545 2258 611 2301 8H
621 2289 633 2301 .

618 2318 738 2389 (29)
761 2318 990 2373 Nomina
1005 2329 1316 2391 assertorum
1347 2319 1666 2391 tractatibus
1696 2316 1973 2391 inscripta,
2016 2327 2142 2374 sunt

546 2391 767 2462 nomina
812 2391 1134 2447 Arianorum
1161 2402 1217 2462 et
1259 2389 1722 2462 Semiarianorurn
1763 2389 2019 2462 inscripta
2040 2432 2055 2457 ,
2083 2399 2142 2445 ut

545 2460 805 2533 credibile
841 2468 961 2527 est,
1008 2461 1485 2533 pseudosynodicis
1529 2461 1653 2533 ﬁdei
1701 2460 1991 2533 formulis,
2039 2477 2137 2517 seu

548 2532 885 2603 tractatibus,
916 2548 1043 2598 quos
1067 2533 1171 2603 ipsi
1195 2531 1500 2596 emiserunt,
1547 2531 1622 2603 uti
1669 2532 1903 2603 loquitur
1943 2532 2141 2603 Marius

548 2601 879 2670 Victorianus,
906 2603 961 2657 in
983 2601 1122 2659 libro
1145 2604 1208 2658 de
1248 2603 1541 2674 recipiendo
1569 2601 1830 2674 ὁμορύᾱιον
1849 2645 1865 2670 ,
1900 2619 1953 2673 p.
2000 2602 2139 2669 295,

548 2675 636 2728 ubi
669 2691 776 2729 non
803 2674 872 2730 de
899 2674 1114 2730 Arianis
1139 2674 1314 2730 solum
1334 2672 1471 2736 ,sed
1495 2685 1547 2729 et
1569 2672 1638 2729 de
1654 2672 2006 2730 Semiarianis
2032 2681 2142 2728 tes—

549 2754 692 2800 tatur
725 2763 739 2801 :
770 2746 985 2816 appelat
1014 2748 1157 2801 enim
1187 2745 1443 2801 Basiliam
1478 2749 1845 2816 Ancyranum,
1876 2745 1971 2815 qui
1999 2746 2141 2816 inter

548 2816 914 2898 Semiarianos
935 2817 1227 2898 aliquando
1269 2816 1381 2870 fuit.
1430 2815 1690 2898 Videntur
1717 2818 1901 2898 etiam.
1923 2815 2141 2898 quidam

552 2895 809 2942 tractatus
856 2897 1008 2958 extra
1049 2887 1285 2958 synodos
1333 2903 1363 2958 a
1400 2887 1675 2958 nonnullis
1716 2886 1987 2958 btet-micis
2025 2886 2138 2940 suis

551 2958 863 3013 nominibus
892 2956 1044 3023 editi,
1073 2956 1371 3027 cujusmodi
1398 2958 1493 3011 t'uit
1521 2957 1613 3011 illa
1641 2958 1868 3013 Potamii
1888 2957 2140 3026 epistola,

549 3043 699 3097 quae,
741 3027 1033 3084 thbadio
1080 3038 1216 3084 teste
1265 3043 1385 3098 pag.
1433 3027 1530 3083 501
1596 3029 1726 3085 tomi
1784 3027 2026 3095 laudati,
2077 3028 2143 3082 ab

553 3098 760 3155 Oriente
782 3108 830 3153 et
856 3097 1132 3154 Occidente
1161 3097 1460 3154 transmissa
1477 3107 1572 3153 est.

628 3173 746 3240 (50)
790 3170 952 3226 Nulla
979 3170 1215 3242 fortassis
1235 3179 1308 3225 est
1349 3186 1555 3242 pugna,
1579 3170 1794 3242 inquit,
1838 3171 1883 3226 si
1916 3180 2135 3226 asserto-

550 3238 697 3307 rum,
724 3243 860 3297 idem
891 3238 1170 3297 auctorum
1193 3284 1208 3304 ,
1240 3238 1457 3296 nomina
1497 3238 1705 3311 auferas
1730 3281 1745 3307 ,
1768 3242 1909 3312 quod
1947 3243 2143 3312 aliquae

555 3313 678 3370 lidei
710 3314 988 3380 formulae,
1019 3328 1153 3384 quas
1174 3313 1493 3367 Sentiariani
1519 3314 1779 3376 emisere.
1811 3322 1958 3369 recte
1987 3315 2146 3367 intel-

557 3385 647 3454 ligi
676 3394 931 3455 possent,
965 3383 1065 3439 nec
1088 3384 1249 3438 ullam
1284 3383 1554 3438 haereseos
1602 3383 1965 3451 suSpiciouem
1996 3385 2145 3455 inge-

557 3465 772 3520 rerent,
826 3454 927 3511 nisi
956 3469 1076 3524 quae
1124 3471 1189 3510 ex
1240 3464 1518 3508 auctorum
1569 3454 1875 3510 nmninibu‘s
1920 3454 2143 3519 manat,

554 3525 845 3597 quosgdolo
868 3525 1009 3580 malo
1037 3526 1281 3597 quaidani
1314 3525 1473 3579 verba
1500 3540 1812 3597 usurpasse,
1843 3527 1944 3580 alia
1963 3533 2146 3581 autem

556 3595 806 3652 mnisisse
835 3606 1021 3653 notum
1052 3595 1185 3653 erat.
1220 3595 1353 3651 Hinc
1390 3610 1521 3651 sane
1556 3595 1786 3653 Hilarius
1829 3598 2034 3666 aliquot
2078 3612 2147 3653 ex

556 3668 747 3723 iisdem
779 3667 1024 3724 formulis
1047 3668 1314 3724 catholica
1347 3681 1504 3737 posse
1549 3667 1716 3737 accipi
1763 3668 2001 3723 insinuat
2031 3677 2146 3723 toto

557 3738 698 3794 libro
719 3738 1048 3811 deﬁynodt's.

631 3811 753 3880 (51),
768 3806 923 3865 Fides
953 3810 1093 3866 idem
1115 3824 1189 3881 ac,
1211 3808 1331 3865 ﬁdei
1356 3807 1605 3865 formula.
1631 3806 1821 3881 Incipit
1847 3811 1976 3878 ﬁdes
2006 3809 2149 3878 apud

559 3876 795 3937 Nicazam
826 3885 1133 3950 conscripta,
1155 3876 1406 3951 Hilarius,
1441 3881 1632 3951 fragm.
1668 3898 1724 3948 ll,
1749 3876 1821 3935 ”ιι.
1847 3876 1943 3946 ‘27,
1973 3889 2027 3935 et
2042 3876 2142 3935 lib.

557 3952 621 4006 de
642 3951 986 4025 Synodis,n.
1006 3955 1081 4008 δι
1115 3967 1134 4006 ;
1160 3950 1572 4025 IpsamAquidem
1601 3954 1837 4022 religiose
1852 3966 1965 4025 tum
1988 3954 2149 4025 scripf

565 4034 668 4077 tam
690 4021 873 4093 ﬁdem.
907 4024 1038 4078 Vide
1067 4021 1281 4094 quoque
1326 4021 1562 4079 libellum
1593 4021 1806 4092 precum
1849 4021 2148 4078 Marcellini

558 4103 614 4149 ct
643 4095 881 4149 FauSIini
903 4094 968 4150 ad
994 4094 1380 4161 Theodosium,
1412 4102 1545 4149 tom.
1581 4110 1596 4148 ι
1628 4095 1899 4149 Sirmondi
1920 4136 1932 4156 ,
1969 4093 2056 4147 ubi
2080 4095 2147 4162 ﬁ-

560 4165 649 4222 des
675 4167 919 4222 eamdem
952 4166 1006 4220 in
1037 4167 1360 4220 sententiam
1392 4164 1589 4234 saepius
1636 4176 1945 4233 usurpatur,
1990 4164 2149 4219 sicuti

556 4246 611 4292 et
639 4240 690 4292 in
721 4236 1062 4292 confessione
1088 4236 1211 4292 ﬁdei
1237 4235 1501 4303 Faustini,
1527 4245 1569 4290 t.
1604 4252 1641 4292 ιι
1669 4234 1906 4306 Operunt
1935 4234 1991 4293 S.
2014 4238 2149 4290 Leo—

560 4308 675 4373 nis,
706 4325 829 4433 lpng.
868 4309 991 4364 158.
1040 4306 1098 4361 ιιι
1133 4308 1327 4377 plurali
1355 4324 1480 4362 vero
1521 4323 1750 4363 numero
1773 4323 1887 4432 (pro
1916 4310 2147 4362 Ariano-

560 4392 673 4432 rum
725 4379 945 4433 Ormulis
986 4378 1128 4433 anud
1159 4378 1420 4433 Hilarium
1467 4378 1727 4433 adversus
1815 4381 2147 4433 on~tantium

558 4392 673 4432 rum
706 4378 945 4435 fo‘rinulis
986 4378 1128 4443 apud
1159 4378 1420 4434 Hilarium
1467 4378 1727 4434 atliersus
1773 4378 2149 4443 Communium

556 4465 612 4503 ιι.
643 4451 670 4503 ’ῖ
700 4468 712 4503 :
738 4451 926 4505 Condis
957 4449 1085 4519 ﬁdes
1110 4461 1291 4519 contra
1316 4450 1470 4516 fidem
1495 4450 1663 4505 vivens
1688 4491 1702 4516 ,
1736 4467 1842 4519 quo
1871 4449 1991 4505 loco
2021 4451 2149 4517 ,‘ides

556 4521 802 4591 intelligit
837 4522 1013 4576 varias
1042 4519 1164 4575 fidei
1216 4518 1509 4586 formulas,
1551 4518 2020 4591 qua:_Cbnstantiu
2048 4522 2151 4576 im-

556 4588 803 4659 perato—re
836 4592 1048 4647 favente
1079 4592 1162 4647 vel
1206 4599 1472 4661 prtcsente
1494 4633 1509 4658 ,
1555 4588 1624 4646 ab
1673 4588 1886 4649 Arianis
1924 4593 2138 4661 scriptm
2167 4599 2221 4660 D

554 4662 775 4731 fuerunt
796 4705 811 4729 ,
833 4674 923 4721 aut
952 4663 1112 4733 etiam
1146 4664 1311 4719 libros
1341 4663 1463 4719 illos
1483 4704 1497 4728 ,
1530 4676 1665 4733 quos
1696 4661 1914 4733 Lucifer
1941 4662 2144 4733 Caturi-

555 4743 712 4791 tanus
753 4732 915 4789 veluti
956 4750 985 4787 a
1032 4732 1351 4790 Constantio
1395 4732 1585 4788 contra
1629 4736 1952 4788 catholicam
1981 4732 2140 4788 Iidem

552 4807 779 4876 scriptos
805 4806 971 4862 refert
1000 4807 1053 4860 in
1083 4806 1220 4862 libro
1244 4807 1306 4860 de
1330 4822 1433 4876 non
1462 4804 1715 4876 parcendo
1752 4804 1810 4876 in
1842 4800 2010 4856 Deum
2049 4803 2141 4857 de-

553 4873 914 4948 linquentibus.
944 4876 1143 4933 Iterum
1179 4874 1443 4948 Hilarius,
1464 4873 1556 4948 lib.
1583 4874 1698 4948 ttin
1727 4874 2100 4948 Constantium
2127 4916 2143 4940 ,

551 4962 608 5002 ιι.
633 4946 665 5004 ὅ
694 4965 706 5003 :
736 4948 1029 5005 Miserabile
1057 4960 1131 5005 est
1156 4959 1227 5003 tot
1249 4965 1383 5003 nunc
1411 4946 1537 5015 ﬁdes
1559 4947 1787 5011 existere,
1818 4954 1936 5015 quot
1966 4946 2145 5001 volun-

553 5028 697 5089 tates.
718 5020 1131 5089 S.Athanasius,
1156 5022 1208 5074 in
1231 5020 1327 5074 lib.
1357 5019 1425 5074 de
1455 5017 1715 5089 Synodis,
1744 5016 2148 5089 undecimﬁdei

549 5088 810 5149 formulas
834 5094 902 5148 ad
925 5087 1316 5149 Antiochenam
1336 5087 1516 5158 usque
1539 5103 1628 5142 an.
1654 5087 1753 5144 561
1781 5129 1796 5155 ,
1824 5088 1893 5142 ab
1919 5088 2134 5144 Arianis

550 5164 914 5232 promulgatas
929 5171 1214 5219 memorat.
1238 5162 1438 5217 Harum
1462 5158 2134 5232 multitudinemSocrates

548 5230 764 5301 nutans,
786 5230 891 5290 lib.
926 5252 993 5299 ιι,
1017 5251 1063 5291 c.
1108 5233 1174 5288 4|
1199 5275 1213 5300 ,
1248 5234 1589 5307 λαϐύρινθον,
1622 5230 1971 5307 labyrinthum
1986 5272 2007 5297 ,
2035 5248 2133 5302 ap-

547 5309 744 5379 pellat,
775 5308 1071 5379 earumque
1100 5304 1403 5377 praecipuas
1426 5315 1693 5379 recenset.
1723 5304 1828 5357 llas
1861 5317 2021 5379 porro
2037 5319 2135 5379 no—

544 5372 702 5433 uellas
725 5387 881 5433 vocat
910 5372 1175 5443 SfZen'o,
1209 5372 1494 5446 pr'0pterea
1542 5372 1685 5446 quod
1728 5388 1892 5446 nov:e_
1919 5373 1973 5446 in
2015 5373 2134 5429 dies

543 5449 785 5504 formulae
812 5449 1123 5504 ederentur.
1157 5443 1515 5515 Quod—autem
1541 5443 1648 5511 ait,
1676 5444 1839 5500 hasce
1864 5443 1998 5499 fides
2029 5446 2136 5499 litis

539 5521 713 5575 labore
737 5529 787 5589 et
812 5519 985 5589 {livore
1011 5514 1227 5574 nutritas
1248 5560 1262 5584 ,
1296 5518 1416 5573 vide
1437 5526 1620 5589 annot.
1649 5517 1717 5572 58
1746 5514 1914 5589 et_59.

611 5585 1030 5664 (572)7Furmulas
1055 5591 1377 5646 Arianorum
1407 5588 1607 5664 uenales
1635 5585 1909 5656 appellat,
1937 5585 2136 5657 quippe

533 5660 678 5735 quod
709 5660 896 5735 Ariani
915 5704 930 5729 ,
950 5670 1010 5716 ut
1038 5676 1253 5735 suarum
1283 5660 1514 5732 partium
1544 5672 1826 5713 numerum
1850 5667 2131 5735 augerent,

2168 3213 2215 3275 C

2244 1896 2400 1948 vitam
2424 1938 2439 1960 ,
2492 1895 2581 1949 sed
2607 1895 2734 1949 ditat
2759 1895 2813 1949 in
2839 1888 3087 1956 mortem;
3141 1888 3242 1947 non
3268 1891 3427 1946 trudit
3451 1906 3656 1946 carcere
3684 1888 3753 1943 ad
3779 1890 3849 1943 li-

2245 1966 2518 2030 bertatem,
2553 1967 2643 2018 sed
2683 1966 2817 2019 intra
2866 1964 3116 2032 palatium
3161 1965 3379 2016 honorat
3418 1961 3486 2015 ad
3525 1962 3847 2022 servitutem;

2245 2053 2348 2090 non
2389 2037 2550 2090 latera
2593 2046 2775 2101 vexat,
2802 2031 2891 2089 sed
2916 2052 3003 2089 car
3033 2044 3289 2104 occupat;
3330 2048 3431 2086 non
3478 2041 3632 2104 caput
3675 2031 3845 2102 gladio

2244 2107 2480 2172 descent,
2509 2107 2599 2160 sed
2632 2108 2857 2161 animum
2885 2121 3014 2161 auro
3047 2103 3253 2159 occidit.
3299 2104 3447 2159 Multi
3476 2103 3693 2174 quidem
3727 2119 3842 2174 ntu-

2245 2192 2370 2232 nera
2395 2168 2757 2250 anteponentes
2778 2220 2793 2244 ,
2836 2185 2893 2233 ut
2915 2177 3088 2250 inquit
3114 2175 3384 2250 Liberius,
3423 2168 3564 2244 apud
3593 2168 3845 2250 Theodo-

2246 2256 2448 2313 retum,
2480 2244 2574 2303 lib.
2602 2264 2646 2304 ιι
2672 2248 2836 2316 Hist.,
2862 2262 2915 2303 c.
2958 2244 3025 2315 6',
3056 2249 3155 2302 hac
3182 2247 3393 2300 ratione
3414 2244 3654 2315 corrupti
3678 2253 3801 2300 sunt
3829 2264 3844 2301 :

2245 2335 2383 2390 quos
2412 2319 2636 2390 proinde
2680 2328 2878 2388 qucestu
2946 2320 3313 2390 circumuentos
3338 2358 3355 2390 ,
3417 2324 3492 2390 e_t_
3521 2316 3639 2390 auri
3682 2317 3846 2387 magis

2245 2387 2396 2460 quam
2414 2387 2616 2447 Christi
2652 2387 2887 2446 amantes
2930 2399 3093 2445 vocat
3134 2388 3426 2460 Gregorius
3447 2387 3841 2460 Nazianzenus,

2247 2456 2304 2515 ιι.
2339 2463 2437 2527 is,
2463 2473 2602 2516 orat.
2627 2462 2691 2517 21
2720 2503 2735 2525 .
2759 2462 2827 2517 de
2859 2461 3104 2517 laudibus
3132 2456 3411 2514 Athanasii
3437 2476 3451 2513 :
3482 2467 3539 2514 et
3576 2457 3721 2513 inter
3746 2458 3845 2513 bos

2246 2546 2275 2585 a
2310 2532 2567 2588 Faustino
2592 2548 2654 2587 ac
2680 2532 2995 2588 Marcellino
3017 2534 3070 2587 in
3100 2530 3287 2586 libello
3314 2543 3547 2602 precum
3561 2529 3626 2585 ad
3672 2530 3846 2602 impe-

2247 2612 2481 2658 ratorem
2505 2603 2643 2673 apud
2664 2604 3035 2668 Sirmondum,
3067 2610 3196 2657 tom.
3234 2617 3273 2669 ι,
3301 2599 3423 2671 pag.
3453 2599 3846 2673 142,7rcfertur

2246 2672 2677 2730 Potamiuslidei
2704 2674 2983 2729 catholicae
3026 2674 3158 2730 olim
3188 2673 3460 2743 defensor,
3512 2672 3605 2743 qui
3631 2672 3841 2739 privatio

2248 2745 2399 2827 fundi
2422 2746 2631 2827 ﬁscaljs,
2658 2761 2807 2827 quem
2829 2744 3394 2827 liabereconcupierat,
3417 2742 3576 2827 ﬁdem
3603 2744 3846 2827 prmanavi-

2245 2824 2395 2870 catus
2420 2813 2511 2871 est.
2556 2817 2764 2873 Similia
2794 2817 2956 2871 habet
2986 2813 3277 2885 Gregorius
3316 2813 3708 2880 Nazianzenus,
3733 2814 3846 2867 lau-

2247 2886 2371 2941 data
2403 2898 2541 2942 orat.
2573 2888 2637 2941 2i
2670 2888 2737 2943 de
2780 2888 3029 2943 laudibus
3056 2886 3368 2950 Athanasii,
3401 2887 3489 2939 ubi
3540 2899 3841 2955 pauperum

2250 2958 2391 3013 bona
2425 2960 2475 3012 in
2506 2959 2704 3013 malum
2737 2957 3003 3028 ejusmodi
3025 2972 3176 3013 usum
3200 2956 3268 3028 ab
3299 2957 3508 3013 Arianis
3525 2964 3844 3028 consumpta

2246 3037 2497 3084 testatur.
2528 3029 2663 3083 Hinc
2702 3026 2895 3084 iterum
2921 3031 2979 3085 S.
3020 3029 3171 3085 Zeno
3210 3027 3424 3081 divitum
3463 3027 3752 3098 patrocinia
3776 3026 3845 3083 ab

2247 3098 2436 3154 iisdem
2465 3101 2517 3154 in
2548 3100 2846 3155 subsidium
2876 3101 3132 3155 advocata
3159 3099 3324 3154 tradit
3351 3116 3365 3153 :
3395 3114 3695 3167 eorumque
3718 3098 3848 3167 opi-

2249 3169 2353 3226 bus
2384 3170 2561 3240 plures
2586 3181 2872 3241 corruptos
2898 3171 3215 3227 docebimus
3236 3179 3421 3224 annot.
3451 3169 3538 3225 59.
3568 3166 3684 3241 llue
3704 3166 3847 3241 forte

2251 3237 2589 3310 prospiciens
2617 3240 2674 3299 S.
2709 3237 3045 3307 Ainbrosius,
3079 3242 3132 3297 in
3160 3243 3384 3311 Apolog.
3424 3239 3611 3306 David,
3634 3255 3754 3311 cap.
3784 3237 3843 3304 4,

2250 3327 2306 3366 ιι.
2342 3314 2402 3367 l7
2422 3354 2436 3376 ,
2463 3314 2625 3367 allato
2661 3313 2867 3368 Veteris
2906 3310 3231 3368 Testamenti
3261 3310 3530 3381 exemplo,
3558 3312 3628 3366 de
3655 3310 3847 3366 sacer-

2249 3381 2474 3437 dotibus
2500 3384 2761 3453 scriptnm
2810 3383 3028 3455 reliquit
3063 3402 3075 3436 :
3119 3384 3234 3449 Quo
3278 3382 3469 3437 iudicio
3505 3382 3692 3455 claruit
3730 3381 3850 3455 auri

2250 3456 2579 3523 cupiditatem
2602 3452 2868 3510 materiam
2887 3452 2995 3510 esse
3024 3455 3256 3525 perﬁdia
3274 3495 3290 3523 ,
3322 3463 3371 3508 et
3401 3453 3636 3508 avarities
3674 3452 3847 3508 studio

2249 3526 2519 3597 sacrilegia
2547 3526 2709 3580 solere
2732 3529 2981 3597 generari.

2323 3594 2449 3668 (33)
2468 3596 2577 3651 Nec
2604 3594 2757 3652 abest
2784 3613 2810 3651 a
2844 3612 2970 3654 mss.
2998 3597 3186 3667 Pomp.
3218 3606 3272 3651 et
3294 3595 3426 3668 Zen.
3456 3594 3732 3668 Utantem
3758 3594 3846 3650 in-

2254 3665 2579 3739 telligantur,
2605 3683 2725 3739 quae
2749 3668 2816 3723 de
2842 3684 2977 3739 vago
3004 3665 3320 3738 incertoque
3347 3666 3469 3739 ﬁdei
3515 3665 3847 3739 Arianorum

2252 3737 2395 3792 statu
2438 3738 2491 3793 id
2538 3737 2640 3794 loci
2672 3737 2976 3805 traduntur,
3016 3737 3283 3809 simulque
3323 3738 3674 3793 conﬁrmetur
3701 3737 3847 3791 diluo

2252 3809 2373 3864 cide
2408 3809 2571 3865 hasce
2616 3812 2674 3866 S.
2704 3810 2935 3865 Zenonis
2965 3810 3264 3867 sententias
3293 3824 3413 3864 cum
3445 3809 3603 3878 hujus
3633 3814 3846 3876 tempo-

2254 3881 2326 3934 ris
2376 3881 2596 3935 historia
2638 3882 2807 3952 probe
2847 3896 3183 3952 congruere,
3221 3880 3357 3936 adeo
3388 3891 3444 3952 ut
3490 3879 3619 3934 nihil
3665 3879 3850 3952 simile

2252 3953 2624 4023 superioribus
2642 3949 2892 4023 saeculis,
2922 3949 3116 4023 quibus
3144 3952 3293 4005 illum
3337 3950 3537 4006 vixisse
3593 3949 3849 4005 ncnuulli

2251 4022 2598 4094 existimant,
2628 4022 2807 4078 afferri
2835 4022 3035 4094 queat,
3066 4023 3151 4078 cui
3190 4023 3296 4077 illa:
3337 4036 3586 4094 portaque
3616 4036 3852 4094 respon-

2251 4093 2443 4157 deant;
2480 4093 2761 4150 .rccilauda
2812 4092 3061 4164 putamus
3101 4095 3305 4162 aliquot
3349 4093 3575 4161 insignia
3601 4092 3851 4164 Patrum

2253 4166 2368 4219 loca
2391 4206 2405 4231 ,
2434 4180 2553 4235 qua:
2579 4180 2700 4219 cum
2732 4162 2982 4234 praesenti
3006 4165 3235 4219 miriﬁce
3257 4162 3850 4235 cpncinuntsprimum

2255 4233 2537 4298 Albanas,
2568 4236 2621 4290 in
2648 4233 2808 4307 epist.
2840 4236 2906 4291 ad
2932 4238 3226 4307 Episcopos
3255 4233 3473 4307 [Egypti
3499 4245 3547 4288 et
3579 4234 3759 4307 Libym
3780 4251 3840 4287 ιι.

2252 4307 2316 4373 6,
2342 4309 2395 4378 p'.
2422 4293 2560 4372 2'5,
2591 4318 2629 4361 t.
2659 4293 2723 4362 1':
2753 4305 2933 4377 Itaque
2970 4293 3144 4361 ὃηιηὶά
3180 4293 3382 4361 moveri?
3400 4293 3452 4359 'et
3495 4293 3799 4378 conturbant
3829 4345 3850 4371 ,

2251 4376 2357 4432 ttec'
2370 4388 2537 4433 tamen
2562 4379 2671 4431 suis
2699 4376 2914 4434 decretis
2936 4380 3035 4448 ipsi
3065 4387 3185 4431 sunt
3209 4378 3434 4432 contenti
3460 4393 3474 4428 :
3499 4392 3619 4429 nam
3646 4376 3856 4442 singu—

2252 4450 2317 4502 lis
2338 4451 2516 4515 annis,
2545 4450 2679 4503 velut
2704 4451 2790 4520 qui
2811 4461 2962 4520 pacta
2986 4449 3241 4514 scribunt,
3272 4449 3373 4516 ipsi
3412 4462 3612 4520 quoque
3648 4460 3855 4520 conpes

2251 4522 2432 4587 niunt,
2465 4531 2511 4574 et
2540 4521 2605 4574 de
2631 4516 2735 4587 ﬁde
2760 4516 2977 4575 statuere
3005 4520 3278 4585 simulant,
3304 4528 3363 4573 ut
3396 4516 3547 4572 etiam
3567 4516 3687 4571 inde
3711 4517 3859 4572 nihil

2246 4592 2342 4645 nisi
2370 4593 2534 4645 risum
2563 4600 2611 4646 et
2632 4592 2848 4644 dedecus
2869 4592 3131 4655 referant:
3157 4592 3346 4661 quippe
3381 4605 3599 4661 quorum
3635 4588 3857 4661 decreta

2247 4679 2347 4717 non
2369 4662 2432 4716 ab
2462 4664 2599 4723 aliis.
2626 4664 2715 4715 sed
2743 4662 2804 4715 ab
2827 4664 2952 4730 ipsis
2982 4659 3362 4716 rescindantur.
3387 4659 3445 4715 Si
3472 4661 3607 4714 enim
3630 4659 3704 4723 hi,
3728 4674 3864 4728 qua:

2249 4735 2390 4800 prius
2419 4735 2759 4801 deﬁnierunt,
2782 4732 3199 4797 considerarent,
3242 4732 3434 4785 nollent
3460 4732 3693 4801 profecto
3734 4732 3864 4785 alia

2248 4800 2498 4869 deﬁnire,
2529 4820 2619 4858 nec
2646 4819 2825 4857 rursus
2852 4804 2956 4858 illis
2983 4803 3206 4857 dimissis
3224 4843 3239 4867 ,
3277 4818 3337 4856 ea
3366 4800 3504 4855 nunc
3529 4800 3811 4868 delinirent
3839 4842 3860 4866 ,

2247 4892 2393 4941 qua),
2443 4884 2496 4928 ut
2539 4873 2638 4942 ipsi
2686 4884 2821 4929 certe
2860 4875 3193 4939 meditantur,
3240 4881 3354 4941 post
3391 4873 3599 4942 aliquod
3641 4882 3865 4940 tempus

2246 4957 2364 5000 sunt
2390 4946 2822 5000 immutaturi.....
2864 4944 2998 4998 Hinc
3033 4960 3153 5015 ergo
3181 4959 3455 5010 numquam
3486 4943 3866 5015 cessantscri-

2250 5018 2384 5082 bere,
2411 5028 2564 5088 atque
2586 5017 2659 5069 ita
2675 5032 2771 5071 sua
2803 5028 3049 5087 perpetuo
3079 5012 3331 5088 mutantes
3349 5015 3636 5088 ,incertam
3662 5012 3861 5088 ﬁdens,

2235 5088 2311 5142 uel
2338 5085 2506 5155 potius
2527 5098 2717 5142 certam
2744 5085 3169 5157 manifestamque
3203 5086 3565 5213 ingdelitatern
3590 5096 3636 5138 et
3659 5085 3866 5153 pravi-

2236 5169 2391 5213 tatem
2420 5157 2625 5212 Itabent.
2652 5157 2919 5213 Praeterea
2942 5158 2996 5212 in
3023 5158 3117 5212 lib.
3152 5158 3216 5212 de
3289 5156 3494 5213 unodis.
3515 5172 3571 5210 ιι.
3599 5155 3687 5213 id.
3714 5169 3864 5213 Dan.

2236 5169 2391 5213 tatem
2420 5157 2625 5212 habent.
2652 5155 2919 5213 Prteterea
2942 5158 2996 5212 in
3023 5158 3117 5212 lib.
3152 5158 3216 5212 de
3245 5155 3494 5227 Synodis,
3515 5172 3571 5210 ιι.
3599 5155 3687 5219 id,
3714 5169 3864 5227 pag.

2237 5229 2342 5284 727
2378 5249 2390 5285 :
2434 5230 2635 5285 Etenim
2672 5231 2775 5299 ipsi
2801 5230 2934 5297 inter
2975 5243 3028 5283 se
3062 5237 3236 5282 mutuo
3264 5228 3544 5293 dissident,
3572 5237 3619 5282 et
3645 5242 3767 5280 cum
3827 5244 3872 5283 ιι

2239 5299 2483 5357 Patribus
2531 5301 2843 5371 defecerint,
2888 5304 3207 5368 nequaquam
3250 5315 3357 5352 una
3396 5300 3675 5368 eademque
3717 5308 3872 5371 sum

2239 5381 2439 5433 mente‘.
2475 5372 2565 5427 sed
2592 5366 2746 5427 rariis
2775 5366 3085 5438 diversisque
3113 5370 3375 5425 sententiis
3406 5366 3659 5439 ﬂuctuant
3687 5366 3873 5422 τάξε-

2241 5456 2595 5515 ceptantesque
2613 5444 2859 5515 adversus
2893 5440 3166 5515 Nictenam
3208 5442 3497 5515 synodum,
3535 5439 3741 5515 inultas
3792 5449 3873 5515 _et

2240 5511 2341 5581 ipsi
2380 5514 2605 5587 synodos
2634 5514 2985 5587 celebrarunt,
3024 5514 3077 5569 in
3120 5511 3337 5581 quorum
3371 5511 3589 5587 singulis
3616 5524 3732 5587 cum
3768 5511 3870 5577 [i-

2236 5588 2351 5643 dem
2376 5581 2704 5657 eiposuerint
2722 5585 2897 5657 ,rnulli
2931 5593 3102 5640 tamen
3141 5593 3323 5657 stetere
3347 5581 3659 5657 professioni
3688 5596 3707 5634 :
3734 5596 3871 5657 nec

2233 5658 2341 5711 alio
2369 5654 2612 5726 umquam
2639 5656 2792 5711 modo
2817 5658 2983 5712 acturi
3004 5658 3127 5713 sunt
3148 5672 3166 5711 :
3186 5654 3321 5710 male
3339 5654 3532 5724 quippe
3549 5654 3872 5726 qurerme

527 5720 584 5792 ἐι
610 5735 676 5789 ad
708 5720 980 5792 haeresebs
1010 5720 1494 5805 subscriptionem,
1526 5720 2133 5805 senassensmn'plures
2233 5720 2644 5805 quam__oderttnt
2680 5728 3022 5805 sapientiam,
3063 5720 3651 5805 nitntquam'in'venient.
3686 5720 3874 5804 'l‘an-

527 5805 895 5876 adducerent,
931 5804 1171 5875 praemiis
1211 5793 1512 5864 uterentur.
1548 5798 1786 5860 Hilarius
1805 5793 2044 5870 quidem,
2077 5800 2130 5857 in
2230 5793 2356 5856 dem
2387 5798 2643 5867 Hilarius,
2680 5793 2773 5854 lib.
2803 5812 2841 5854 ιι
2863 5796 2929 5854 ad
2956 5793 3427 5867 Constantiumm.
3456 5793 3508 5860 4,
3540 5793 3591 5850 id
3622 5794 3702 5851 sui
3735 5808 3874 5863 ευρ
