4216 6178
560 299 668 355 265

561 432 710 488 gum,
745 415 862 487 (39)
887 415 1147 483 judicum,
1179 412 1427 476 divitum,
1465 411 1753 482 aliquoties
1777 411 1940 467 etiam
1969 453 1981 475 ,
2013 410 2156 482 quod

570 509 671 581 13
699 509 852 578 pejus
879 517 984 569 est,
1020 506 1133 578 (40)
1182 503 1434 560 Gentium
1464 503 1740 563 desiderat
1765 518 1862 573 per
1887 512 2158 558 momenta

563 601 896 672 patrocinia!
918 599 963 654 0
987 613 1146 670 quam
1176 597 1352 669 turpis
1378 612 1442 653 ac
1471 596 1702 664 lubrica,
1720 596 1789 652 de
1811 611 1916 667 qua
1941 594 2058 668 (41)
2081 596 2164 650 lu-

563 735 1045 809 scriptoribusadg
1073 733 1291 790 eosdem
1351 733 1703 803 imperatores
1771 729 2160 809 significandos

565 805 874 877 usurpatur.
928 808 1003 862 De
1033 805 1136 862 hoc
1189 819 1352 876 porro
1392 820 1576 875 regum
1624 819 1720 859 seu
1766 805 2156 877 imperatorum

566 873 864 953 patrocinio
921 879 990 953 ab
1046 873 1265 953 Arianis
1311 873 1861 953 studiose_qua¥sito’
1897 873 2156 942 praaclare

567 945 909 1016 Ambrosius,
934 951 971 1005 l.
1006 964 1103 1003 vnt
1149 948 1203 1003 in
1245 947 1374 1002 Luc.
1399 989 1415 1012 ,
1448 964 1500 1001 ιι.
1531 947 1595 1001 17
1629 965 1642 1000 :
1675 945 1818 1000 Pone
1862 963 1999 1000 nunc
2040 958 2158 1002 ante

565 1035 892 1096 conspectum
922 1020 1254 1096 stecularibus
1285 1018 1519 1096 Aricinos
1559 1018 1744 1073 studiis
1764 1019 1988 1096 intentos
2014 1018 2157 1096 ,“qui

566 1087 861 1151 societatem
887 1093 1125 1166 potentia:
1153 1091 1339 1166 regalis
1373 1087 1736 1166 alfectant,_ut
1776 1090 1934 1143 armis
1966 1089 2158 1166 milita-

569 1168 709 1221 ribus
739 1161 1034 1236 impugnent
1066 1162 1310 1236 Ecclesia:
1334 1163 1612 1236 veritatem.
1643 1161 1820 1230 Reges
1842 1169 2018 1214 autem
2051 1161 2156 1216 Ze-

570 1238 697 1293 noni
725 1233 1050 1291 meindratos
1080 1248 1200 1288 esse
1230 1233 1564 1288 Christianos
1592 1242 1738 1300 patet
1763 1245 1830 1286 ex
1857 1241 2110 1286 contextu
2141 1272 2156 1294 ,

569 1324 692 1364 cum
722 1309 819 1361 hos
862 1322 891 1360 a
921 1305 1186 1362 Gentibus
1219 1303 1500 1373 perspicue
1539 1303 1831 1372 distinguat
1869 1303 2112 1357 scribens
2139 1343 2154 1366 ,

571 1379 852 1433 hmreticos
889 1385 1082 1446 prmter
1119 1375 1370 1444 suffragia
1400 1389 1608 1446 regum,
1638 1373 1976 1446 desiderasse
1996 1374 2158 1428 etiam

560 1451 822 1522 judicans,
849 1443 1062 1522 divitum
1080 1443 1436 1522 ,‘aliquotiens
1462 1443 1644 1506 etiam,
1688 1443 1846 1522 quod_
1867 1447 2116 1522 pejus_est
2141 1486 2156 1509 ,

569 1514 808 1574 Gentium
835 1519 1172 1592 patrocinia:
1201 1514 1394 1592 quibus
1421 1525 1605 1582 aperte
1626 1530 1780 1585 reges
1799 1514 1896 1592 ab_s
1923 1514 1988 1592 se
2020 1517 2160 1592 inter

569 1593 770 1648 Gentes
798 1587 902 1645 non
931 1589 1230 1644 recensitos
1283 1588 1554 1650 insinuat,
1600 1602 1756 1641 secus
1784 1587 1928 1640 enim
1954 1587 2063 1650 jam
2103 1589 2158 1642 in

570 1661 681 1718 illis
709 1663 841 1717 satis
862 1660 1115 1718 Gentium
1145 1658 1395 1729 praesidia
1424 1659 1653 1729 quaesita
1677 1655 1930 1712 fuissent.
1957 1658 2159 1713 Plurali

569 1733 695 1788 dein
723 1748 950 1789 numero
995 1728 1465 1803 reges’appellans,
1496 1744 1600 1803 non
1629 1728 2160 1803 Constantiummo-

1925 295 2176 354 SANGTI
2214 296 2512 354 ZENONIS

3763 309 3871 367 261

2187 449 2242 510 Α
2265 411 2344 467 dit
2374 413 2550 469 aliena
2577 415 2876 472 sententia!
2908 415 2954 472 Ο
2977 431 3136 489 quam
3169 417 3284 488 (£2)
3313 417 3581 485 adultera,
3609 435 3732 492 quae
3761 440 3872 480 non

2270 505 2545 576 agnoscit,
2579 522 2684 578 quo
2725 516 2943 563 auctore
2975 510 3045 564 sit
3075 519 3201 564 nata
3227 511 3240 564 ι
3270 509 3315 566 0
3345 527 3505 581 quam
3539 513 3644 586 ιι
3670 515 3874 572 ridicu-

2272 597 2389 652 losa
2415 639 2426 661 ,
2457 611 2578 666 quae
2603 598 2815 655 duobus
2841 598 3256 671 conﬂigentibus
3282 601 3610 658 Christianis
3630 645 3646 671 ,
3684 605 3755 660 ab
3787 607 3870 662 al-

2348 729 2462 808 (10)
2484 730 2628 808 Inter
2649 733 2857 808 iudices
2878 745 2931 808 et
2951 751 3222 808 proceres,
3248 753 3384 808 quos
3405 739 3505 794 sibi
3536 741 3874 798 advoearunt

2273 800 2494 874 Ariani,
2527 800 2708 874 plures
2751 800 3011 861 Ethnicos
3042 807 3210 863 luisse
3243 800 3374 864 nihil
3415 811 3562 867 dubii
3587 823 3692 868 est.
3728 815 3782 869 ld
3818 818 3868 870 itt

2273 872 2749 951 Georgio'nupen
2780 889 3078 951 memorato
3136 878 3438 951 Gregorius
3493 882 3869 941 Nazianzenus

2270 945 2545 1014 explorate
2577 947 2939 1016 reprehendit.
2985 965 3125 1004 orat.
3155 951 3221 1005 2i
3250 945 3352 1008 'de
3405 953 3603 1009 laudib.
3664 955 3864 1012 Athan.

2271 1015 2445 1096 in]?
2469 1058 2484 1082 ,
2519 1017 2606 1073 ubi
2636 1015 2882 1096 profanos
2928 1020 3239 1096 Sanctorum
3275 1024 3482 1096 iudices
3521 1027 3822 1096 appellatos
3851 1071 3864 1092 ,

2272 1085 2530 1166 Ethnieos
2558 1085 2929 1166 Am’agiStratus
2978 1091 3250 1162 intelligit.
3275 1085 3349 1148 Ἰιι
3400 1085 3604 1150 libello.
3632 1085 3864 1166 supplici

2274 1157 2571 1216 Marcellini
2597 1170 2650 1214 et
2677 1157 2919 1216 Faustini
2956 1157 3286 1218 metnor'atur
3314 1167 3682 1224 Clementinus
3704 1157 3864 1225 Vica-

2273 1229 2388 1307 rius
2418 1231 2689 1307 lliSpanite
2717 1233 3010 1307 ethnicus,
3049 1235 3138 1302 qui
3164 1245 3356 1307 contra
3391 1236 3712 1307 Gregorium
3743 1240 3860 1294 Ban-

2271 1301 2434 1355 ticum
2459 1303 2769 1372 episcopum
2795 1305 3118 1358 catholicum
3151 1304 3448 1362 ConSIantii
3479 1301 3728 1364 mandata
3764 1329 3863 1366 cx-

2270 1382 2489 1451 seeutus
2529 1385 2632 1451 est.
2666 1375 3010 1451 Athanasius.
3045 1375 3398 1451 iii‘encyclica
3446 1379 3512 1433 ad
3540 1380 3858 1451 Episcopos,

2267 1459 2322 1497 n.
2339 1444 2395 1525 2,
2412 1443 2735 1525 ethnicoset
2758 1445 2974 1525 Jttdreos
2997 1463 3026 1525 a
3055 1443 3326 1525 Philagrio
3362 1443 3612 1525 praelecto
3636 1443 3858 1525 Eg'ypli

2265 1523 2452 1594 contra
2483 1516 2862 1594 catholicosin
2898 1518 3192 1572 Ecclesiam
3217 1516 3539 1594 immissos,
3573 1538 3638 1576 ac
3685 1516 3862 1594 iii'ip-

2263 1601 2381 1641 sum
2411 1586 3073 1666 baptisteriutningressos
3094 1589 3374 1659 queritur;
3405 1601 3462 1666 et
3491 1609 3544 1646 ιι.
3575 1595 3629 1661 '5,
3660 1586 3858 1666 allegat

2263 1665 2384 1734 acta
2411 1667 2601 1734 contra
2628 1674 2687 1713 se
2719 1658 2786 1712 ad
2817 1658 3196 1730 imperatorem
3236 1663 3549 1734 transmissa
3579 1658 3748 1734 ,qua:
3771 1658 3860 1732 qui

2263 1729 2507 1805 scripsit,
2554 1730 2659 1805 ait,
2711 1733 2978 1805 transfuga
3021 1742 3090 1784 est
3129 1748 3192 1805 ea;
3221 1731 3558 1805 Christianis,
3582 1729 3687 1805 qui
3718 1729 3858 1791 idota

567 1804 639 1860 do
661 1847 674 1870 ,
704 1805 796 1860 sed
828 1815 882 1860 et
915 1800 1198 1876 Valentem
1243 1804 1467 1857 innuere
1494 1801 1746 1876 videtur_,
1778 1815 1916 1876 quos
1942 1800 2158 1876 Arianis
2193 1817 2236 1876 Β
2266 1800 2486 1876 turpiter
2525 1800 2758 1876 adorat__:
2785 1801 2872 1864 qui
2915 1811 3086 1856 autem
3110 1803 3485 1876 subscripsere,
3516 1800 3632 1860 sunt
3665 1810 3859 1862 ethnici

569 1877 813 1946 impense
843 1875 1040 1930 lavisse
1069 1874 1403 1943 esploratum
1433 1881 1548 1946 est;
1574 1871 1717 1946 quod
1759 1872 1802 1925 si
1821 1872 1918 1946 cui
1962 1871 2157 1940 probe-

571 1940 688 2013 tur',
711 1949 820 2016 jam
844 1947 934 2003 hic
965 1940 1166 2016 primus
1188 1953 1447 2016 tractatus
1475 1940 1783 2016 lucubratus
1814 1940 2007 1996 fuisset
2035 1951 2158 2011 post

566 2013 774 2074 dicari
802 2017 913 2073 kal.
966 2013 1170 2087 Aprilis
1211 2031 1300 2070 an.
1350 2014 1455 2070 ’564
1483 2055 1498 2082 ,
1530 2029 1638 2084 quo
1686 2013 1883 2070 Valens
1932 2027 2157 2084 regnare

565 2089 751 2146 omnii.

783 2160 878 2244 his:
925 2159 1078 2244 Rem.
1107 2157 1268 2214 habet
1297 2156 1545 2244 iudiciuin
1571 2197 1585 2220 ,
1618 2154 1928 2244 qttlzeolectio
1962 2155 2018 2244 lsi
2059 2170 2155 2244 ge-

567 2225 749 2288 nuina
786 2230 1027 2286 ltabeuda
1080 2241 1258 2290 esset.
1298 2225 1600 2283 referretur
1639 2225 1705 2279 ad
1754 2225 2108 2294 imperatores
2141 2269 2154 2291 ,

565 2301 1131 2372 spectaretque,'quod
1155 2299 1582 2359 traditHilai-ius,
1600 2299 1662 2352 de
1688 2298 1935 2372 Synodis,
1967 2317 2020 2354 ιι.
2047 2301 2115 2356 78
2141 2318 2153 2354 :

569 2373 837 2430 Fellerunt
862 2371 998 2428 enim
1042 2375 1363 2445 ignorantem
1390 2387 1592 2442 regent,
1624 2379 1676 2423 ut
1715 2371 2003 2426 istiusmodi
2043 2389 2160 2445 per-

565 2446 708 2513 ﬁdia:
754 2445 909 2513 ﬁdem
938 2444 1084 2500 bellis
1129 2452 1414 2513 “occupatus
1470 2451 1770 2510 exponeret,
1817 2452 1864 2496 et
1919 2444 2160 2496 credendi

566 2519 783 2586 formam
814 2514 1059 2570 Ecclesia:
1083 2517 1310 2570 nondum
1333 2522 1635 2586 regnaturus
1667 2515 1948 2586 imponeret
1972 2529 1990 2568 :
2015 2514 2158 2583 quod

567 2585 736 2642 fusius
765 2588 1000 2656 explicat
1021 2587 1293 2657 Sulpicius
1321 2586 1556 2657 Severus
1579 2585 1670 2638 Iih.
1704 2600 1762 2638 ιι.
1794 2585 1861 2638 At
1897 2600 2018 2638 cum
2049 2600 2159 2640 non

568 2657 953 2727 imperatorum
983 2656 1189 2714 tantum
1214 2699 1228 2720 ,
1252 2656 1346 2712 sed
1374 2666 1424 2710 et
1456 2657 1860 2727 magistratuum
1902 2671 2160 2727 quorum-

568 2725 802 2800 cumque
827 2727 1203 2785 auctoritatem
1235 2725 1555 2800 Arianisibi
1583 2731 1636 2780 in
1667 2725 1972 2800 subsidium
1993 2726 2161 2800 advo—

568 2797 743 2856 carin't
771 2803 924 2871 (nam
952 2817 1082 2870 quas
1110 2815 1211 2853 non
1239 2798 1461 2871 exseruit
1483 2797 1629 2871 [alste
1657 2797 1924 2871 religionis
1949 2797 2160 2871 blandi-

569 2884 736 2926 mento
762 2867 937 2926 saeculi
965 2867 1462 2940 potestates?iuquit
1484 2867 1685 2940 ibidem
1713 2867 1989 2940 Hilarius),
2011 2867 2159 2939 judi-

568 2958 688 2997 cum
715 2941 920 2996 ex'aliis
942 2937 1321 3010 manuscriptis
1337 2937 1391 2995 et
1410 2937 1569 3010 editis
1597 2940 1831 3010 re_tinere
1850 2937 2157 3010 maluimus,

568 3027 690 3068 eum
723 3012 1021 3083 praesertim
1046 3026 1204 3067 secus
1219 3007 1567 3066 enumeratio
1587 3023 1614 3061 a
1638 3007 1860 3083 Zenone
1885 3009 2156 3076 inchoata,

572 3078 762 3139 manca
794 3085 954 3139 nimis
979 3095 1034 3138 et
1081 3085 1376 3152 interrupta
1401 3089 1704 3150 appareret.
1735 3078 1948 3152 Judices
1978 3092 2158 3136 autem

569 3157 903 3234 vocabantur
926 3157 1251 3234 quicumque
1281 3151 1628 3234 magistratus
1663 3159 1717 3206 et
1747 3151 2005 3234 praesides
2036 3167 2163 3234 pro-

570 3227 890 3295 vinciarum,
944 3223 1040 3296 qui
1072 3223 1662 3296 .eo’nominegpassim
1716 3223 2056 3296 appellantur
2104 3223 2157 3278 in

570 3293 951 3354 Theodosiano
970 3293 1182 3352 codice.
1218 3295 1352 3350 Vide
1381 3294 1542 3356 etiam
1568 3336 1581 3358 ,
1615 3296 1658 3346 si
1692 3293 1866 3362 placet
1893 3335 1906 3356 ,
1933 3295 2161 3348 Ambro—

568 3371 730 3436 sium,
760 3370 854 3424 ιιι».
889 3384 924 3423 ιι
947 3367 1015 3422 de
1043 3382 1268 3424 excessu
1297 3366 1507 3436 Satyri,
1551 3380 1605 3436 ιι.
1638 3365 1729 3428 58,
1780 3364 2056 3420 Paulinum
2106 3365 2160 3419 in

571 3433 846 3496 Ambrosii
874 3439 1026 3501 Vita,
1061 3456 1113 3494 ιι.
1145 3440 1177 3493 8
1199 3479 1212 3502 ,
1257 3445 1363 3493 etc.
1395 3433 1596 3490 liorth
1626 3450 1756 3490 vero
1778 3435 2007 3502 iudicum
2035 3451 2163 3490 auc-

573 3514 846 3567 toritatem
874 3511 943 3564 ab
983 3507 1194 3565 Arianis
1232 3519 1418 3563 contra
1457 3505 1755 3561 catholicos
1786 3506 2159 3576 interpositam

572 3582 878 3638 luculenter
897 3581 1059 3637 docet
1079 3579 1332 3645 Hilarius,
1353 3578 1447 3632 lib.
1476 3593 1492 3631 ι
1521 3577 1586 3631 ad
1609 3577 1999 3642 Constantium,
2025 3595 2079 3631 ιι.
2109 3581 2158 3633 1;

578 3652 854 3708 Provideat
893 3662 942 3708 et
981 3653 1217 3706 decernat
1246 3648 1512 3705 clementia
1542 3659 1632 3701 tua
1652 3690 1666 3712 ,
1697 3657 1750 3701 ut
1779 3665 1950 3702 omnes
1980 3649 2165 3714 ubique

564 3725 789 3795 judices,
821 3725 1001 3793 quibus
1039 3723 1420 3795 provinciarum
1449 3719 1914 3795 administrationes
1955 3721 2164 3775 credita:

575 3789 694 3868 sunt
715 3836 732 3862 ,
759 3789 1124 3868 ad'quossola
1161 3807 1288 3868 cura
1326 3801 1371 3846 et
1398 3789 1689 3868 sollicitudo
1717 3791 2033 3868 publicorum
2069 3809 2162 3868 ne-

576 3867 831 3938 gotiorum
865 3862 1126 3936 pertinere
1165 3863 1346 3929 debet,
1397 3879 1430 3916 a
1467 3862 1708 3934 religiosa
1753 3879 1806 3916 se
1845 3862 2164 3917 observantia

576 3938 858 3992 abstineant
891 3953 908 3992 :
939 3952 1097 4004 neque
1131 3945 1306 4006 postea
1346 3943 1658 4006 praesumant
1680 3942 1841 4006 atque
1879 3944 2159 4005 usurpent,

577 4017 622 4063 et
664 4019 836 4078 putent
881 4025 936 4064 se
980 4005 1190 4062 caussas
1237 4005 1978 4078 cognoscereclericorum,_et
2014 4006 2164 4078 inno-

577 4075 747 4133 centes
771 4080 1000 4133 homines
1023 4079 1180 4133 variis
1205 4075 1652 4146 afﬂictationibus,
1676 4076 1848 4141 minis,
1876 4075 2118 4146 violentia
2144 4117 2158 4140 ,

579 4153 853 4205 terroribus
885 4144 1302 4222 frangereatque
1339 4162 1538 4222 vexare.
1581 4147 1645 4200 Et
1687 4164 1740 4222 ιι.
1773 4146 1809 4200 2
1841 4163 1854 4198 :
1890 4144 2124 4222 Prwcipe
2145 4189 2158 4211 ,

577 4229 634 4275 ut
678 4237 778 4276 non
806 4218 1034 4276 studium
1056 4260 1071 4282 ,
1105 4236 1204 4273 non
1225 4218 1453 4287 "gratiam
1476 4259 1491 4282 ,
1533 4233 1634 4271 non
1679 4218 1904 4286 favorem
1933 4218 2162 4271 locorum

577 4303 794 4349 rectores
823 4289 1135 4364 gravissimis
1181 4290 1429 4364 hwreticis
1461 4298 1700 4364 praestent
1747 4288 1883 4364 :“ubi
1933 4288 2162 4364 locorum

577 4375 798 4419 rectores
823 4358 1010 4426 vocat,
1043 4376 1177 4432 quos
1206 4376 1367 4428 supra
1387 4361 1594 4432 judices
1624 4359 2005 4432 appellaverat.
2044 4358 2157 4432 Vim

578 4435 793 4504 tandem
845 4451 940 4504 per
983 4429 1145 4486 hosce
1188 4431 1398 4502 judices
1443 4429 1757 4504 Clll‘lSll:lttlS
1791 4431 1990 4484 illatam
2046 4429 2161 4485 fuse

577 4501 918 4560 describit-ti.
950 4504 1004 4569 6,
1037 4504 1125 4558 ubi
1148 4501 1464 4571 judiciorum
1489 4501 1724 4556 subsidia
1749 4509 2158 4556 commemorat.

578 4576 907 4632 Athanasius
928 4589 1160 4646 quoque,
1185 4574 1236 4629 in
1279 4574 1500 4636 historia
1535 4573 1863 4646 Arianorum
1882 4573 1948 4626 ad
1972 4587 2158 4626 mona-
2193 4584 2250 4645 D
2274 4573 2531 4646 adulteros
2607 4585 2781 4629 vocat.

577 4649 731 4715 chos,
762 4665 813 4700 ιι.
842 4648 912 4704 15
943 4643 956 4700 Ξ
993 4643 1279 4700 orientales
1311 4661 1426 4698 vero
1454 4645 1762 4715 ptedagogos
1797 4643 2170 4715 advocatosque

577 4712 749 4774 secant
769 4717 1086 4774 adducebant
1116 4717 1482 4771 Musonianum
1506 4712 1751 4770 Comitem
1780 4723 1826 4766 et
1850 4712 2168 4784 Hesychium

581 4789 922 4852 Castrensein,
945 4805 1160 4858 quorum
1188 4803 1283 4858 ape
1310 4787 1426 4856 freti
1443 4826 1458 4850 ,
1483 4785 1644 4838 alacri
1672 4784 1844 4858 animo
1875 4800 2132 4838 accessere
2150 4827 2164 4850 ,

580 4863 682 4916 rati
723 4879 776 4914 se
817 4855 987 4916 omnia
1030 4855 1268 4926 deinceps
1312 4855 1489 4909 eorum
1534 4855 1758 4926 polentia
1798 4863 2005 4926 acturos
2050 4871 2069 4908 :
2108 4871 2166 4909 eo

581 4933 715 4987 enim
737 4937 886 4987 modo
907 4974 922 4999 ,
945 4941 991 4986 et
1011 4925 1267 5003 ejusmodi
1307 4925 1702 5003 opitulatm'ibus
1747 4925 1954 5003 subnixi
1974 4968 1992 5003 ,_
2020 4943 2160 5003 sese,

581 5004 767 5073 quibus
794 4995 942 5058 libuit
964 5045 978 5061 .
1005 4995 1263 5073 terribiles
1304 4995 1600 5073 exhibuere,
1632 5013 1691 5050 ac
1717 4997 1898 5073 quibus
1939 4999 2165 5073 placuit,

579 5067 811 5130 insidiati
831 5085 969 5129 sunt.
993 5071 1126 5127 Cum
1158 5082 1290 5124 vero
1315 5070 1380 5123 ad
1405 5068 1520 5122 hare
1549 5068 1905 5138 perpetranda
1935 5067 2168 5124 numinis

580 5146 719 5203 bene
747 5146 929 5201 multis
974 5157 1112 5211 opus
1140 5149 1320 5204 essrt,
1347 5139 1566 5194 divitum
1615 5154 1827 5212 quoque
1881 5141 2168 5208 patrocinia

579 5220 840 5272 advocata
867 5215 1181 5276 traduntur;
1215 5219 1271 5266 et
1293 5212 1392 5266 hac
1428 5213 1633 5266 ratione
1657 5213 1851 5266 multas
1877 5212 1994 5266 illas
2017 5212 2165 5280 ﬁdes,

579 5287 647 5343 de
677 5288 874 5355 quibus
900 5284 1140 5338 diximus
1166 5299 1219 5336 ιι.
1253 5282 1344 5355 51,
1377 5282 1483 5355 litis
1517 5283 1701 5355 labore
1716 5293 1762 5355 et
1795 5283 1968 5355 favore
1998 5283 2165 5336 nutri-

579 5351 1018 5424 tas,'venalesque
1055 5354 1345 5424 propositas
1391 5352 1549 5424 Zeno
1571 5352 1808 5424 tradidit.
1839 5351 1973 5424 Hinc
2003 5356 2162 5407 etiam

577 5428 866 5497 Georgium
896 5422 1178 5497 Asianum,
1205 5427 1293 5497 qui
1317 5423 1732 5497 Alexandrinam
1759 5422 2056 5497 Ecclesiam
2087 5425 2165 5477 iti-

574 5493 824 5561 vasefat,
858 5513 1092 5567 proceres
1115 5495 1213 5551 sibi
1252 5496 1465 5567 pecunia
1504 5509 1830 5567 comparasse
1859 5495 1932 5548 ait
1959 5493 2165 5567 Grego-

572 5571 689 5627 rius
727 5564 1116 5631 Nazianzenus,
1135 5567 1205 5623 de
1249 5564 1496 5622 laudibus
1545 5564 1822 5620 Athanasii
1867 5580 2015 5619 num.
2054 5565 2119 5618 12
2144 5607 2160 5633 ,

569 5656 800 5699 numero
828 5649 1009 5695 autem
1050 5640 1119 5696 15
1146 5642 1370 5708 loquens
1397 5638 1466 5692 de
1506 5636 1716 5692 Arianis
1743 5651 1806 5691 ac
1835 5649 2021 5690 eorum
2053 5637 2162 5691 lor-

568 5711 753 5776 mulis,
778 5712 943 5784 pretio
970 5711 1248 5765 conductos
1269 5711 1612 5784 sycophantas
1640 5718 1693 5764 et
1714 5708 1991 5762 sententias
2027 5717 2161 5763 stata

565 5781 794 5845 ntercede
817 5786 1180 5862 pronuntiatus
1207 5781 1391 5839 tradit.

2263 1881 2323 1948 et.
2341 1869 2598 1948 idolorum
2633 1872 2844 1948 wditui,
2869 1889 2937 1948 ac
2967 1875 3240 1948 cumipsis
3270 1869 3471 1948 Ariani.
3505 1875 3559 1930 In
3589 1877 3855 1948 Synodica

2260 1941 2652 2019 Alexandrina,
2683 1943 2821 2019 apud
2851 1941 3233 2019 Athanasium,
3258 1961 3309 2014 p.
3350 1947 3482 2011 155,
3515 1948 3582 2003 de
3623 1941 3852 2019 pseudo-

2259 2013 2450 2085 synodi
2507 2012 2683 2085 Tyria:
2735 2015 2922 2084 legatis
2977 2015 3091 2070 hare
3121 2012 3402 2071 traduntur
3433 2037 3444 2073 :
3478 2012 3642 2074 Atilli
3688 2038 3855 2075 sacros

2259 2084 2466 2151 quidem
2506 2084 2763 2139 ministros
2810 2085 2990 2140 adesse
3019 2103 3119 2140 non
3163 2103 3488 2153 concessere,
3541 2092 3630 2144 sed
3683 2109 3851 2146 coram

2260 2156 2476 2209 ethnicis
2505 2155 2570 2209 de
2596 2156 2844 2221 Ecclesia,
2873 2157 2936 2209 de
2959 2157 3138 2224 calice,
3172 2157 3237 2212 de
3257 2175 3462 2226 mensa,
3487 2161 3550 2215 de
3579 2164 3741 2218 sacris
3770 2181 3848 2216 re-

2263 2227 2355 2282 bus
2379 2229 2757 2298 inquisitionem
2787 2231 3033 2298 fecerunt.

2334 2297 2686 2382 (4|).Lttsis-s'c
2711 2297 2912 2353 dieitur
2939 2301 3112 2382 aliena
3143 2302 3440 2382 sententia,
3475 2303 3618 2373 quod
3666 2303 3755 2382 alii
3778 2320 3851 2382 ex

2262 2370 2479 2445 Arianis
2513 2371 2758 2445 inLalios,
2791 2386 2926 2445 quos
2963 2371 3294 2445 anathemati
3322 2370 3668 2442 subjeéerant
3699 2376 3851 2445 (plu-

2263 2457 2352 2514 res
2374 2442 2518 2514 enim
2547 2441 2756 2514 diversa
2779 2443 3074 2497 sentientes
3095 2441 3433 2514 diversisque
3454 2441 3854 2501 suliscribentes

2265 2512 2701 2586 lgormulis,r_sese
2734 2512 2965 2586 invicem
2994 2512 3748 2586 anathemate‘perCuIerunt)
3782 2518 3853 2570 lti-

2263 2582 2416 2638 dicre
2446 2583 2768 2646 scribentes,
2799 2583 2851 2637 itt
2882 2601 2938 2638 re
2960 2586 3276 2653 gravissima
3308 2582 3427 2641 lidei
3463 2582 3742 2652 luderent;
3772 2589 3851 2643 vel

2263 2655 2424 2727 etiam
2457 2655 2599 2724 quod
2631 2671 2696 2708 ex
2727 2655 2876 2727 hisce
2897 2655 3138 2710 dissidiis
3165 2657 3298 2727 lides
3327 2657 3464 2727 apud
3491 2659 3748 2713 Ethnicos
3777 2661 3854 2712 lu-

2265 2725 2444 2779 dibrio
2497 2725 2793 2799 esset,_de
2837 2742 2950 2799 quo
2999 2725 3319 2799 adnotsﬂ.
3362 2725 3644 2799 Numquid
3691 2731 3850 2785 etiam

2264 2805 2537 2870 spectatur
2564 2795 2817 2870 hocloco
2843 2798 2957 2851 Arii
3002 2798 3136 2852 liber
3166 2798 3350 2853 Thalia
3377 2795 3668 2870 inscriptus
3693 2843 3707 2864 ,
3735 2801 3855 2867 e/fe.

2264 2868 2473 2920 minatis
2503 2884 2563 2920 ac
2588 2868 2824 2921 ridiculis
2851 2869 3017 2922 modis
3047 2876 3330 2924 contextus
3352 2911 3366 2935 ,
3400 2868 3855 2927 tcslevAthanasio

2267 2942 2318 3011 in
2352 2940 2512 3011 epiSt.
2545 2939 2614 3011 de
2639 2942 2909 3011 sententia
2940 2941 3178 3011 Dionysii
3212 2957 3266 2995 ιι.
3301 2941 3366 3008 6,
3403 2942 3652 3010 idemque
3697 2945 3854 2998 Sota-

2264 3008 2401 3063 dit-is
2427 3010 2648 3064 canticis
2674 3026 2775 3063 non
2800 3008 3093 3076 adsimilis,
3112 3023 3166 3065 ut
3183 3027 3302 3065 cum
3325 3012 3515 3067 eodem
3540 3008 3852 3080 Athanasio,

2268 3081 2486 3133 tradunt
2515 3080 2788 3135 Socrates.
2822 3082 2915 3136 lib.
2950 3099 3000 3146 ι,
3026 3097 3074 3137 c.
3102 3083 3164 3148 9,
3197 3092 3250 3138 et
3279 3082 3612 3140 Sozonienus
3655 3086 3690 3140 l.
3726 3101 3740 3139 ι
3767 3129 3779 3149 ,
3804 3103 3852 3139 c.

2265 3149 2359 3225 2_0,
2390 3153 2530 3225 quod
2562 3151 2829 3207 seribendi
2860 3169 3028 3218 genus
3055 3170 3210 3222 quain
3244 3166 3390 3221 esset
3419 3168 3597 3223 turpe,
3628 3167 3680 3211 et
3724 3157 3856 3225 ipsis

2267 3220 2530 3277 Gentibus
2561 3237 2839 3292 perosum,
2867 3225 3004 3279 idem
3038 3220 3364 3280 sinamus
3392 3220 3614 3282 indicat.
3649 3220 3786 3282 orni.
3825 3229 3846 3283 1

2267 3303 2454 3348 contra
2485 3293 2735 3358 At-ianos,
2765 3296 2952 3350 num.2
2975 3307 3027 3350 et
3049 3302 3084 3351 4
3111 3314 3122 3348 :
3153 3295 3346 3362 Turpis
3375 3297 3519 3362 hinc,
3551 3314 3612 3353 ac
3636 3298 3852 3365 lubrica,

2267 3377 2385 3426 seu,
2421 3375 2478 3419 ut
2500 3365 2680 3439 legere
2711 3367 2914 3434 placet,
2949 3369 3150 3421 ludicra
3176 3371 3352 3422 vocari
3390 3369 3522 3424 lides
3553 3373 3756 3439 potuit,
3786 3369 3858 3425 dc

2268 3451 2377 3508 qua
2400 3438 2823 3508 lamidlSSlLlllllS
2861 3440 3085 3493 canticis
3127 3439 3316 3508 vulgus
3345 3438 3576 3494 fortasse
3623 3441 3857 3496 luderet.

2268 3506 2380 3582 Arii
2408 3507 2624 3582 quidem
2670 3506 2939 3582 Thaliam,
2967 3525 3060 3582 seu
3092 3506 3240 3582 alias
3255 3510 3492 3582 eiusdem
3529 3513 3741 3582 generis
3773 3513 3858 3566 lu-

2268 3579 2612 3652 cubrationes
2638 3593 2666 3630 a
2696 3581 2856 3652 vulgo
2879 3581 3016 3635 tritis
3039 3581 3324 3652 cantilenis
3353 3579 3692 3652 elatas'aputl
3719 3584 3862 3638 l’ho-

2269 3649 2400 3704 tium
2449 3661 2714 3722 memorat
2760 3649 3150 3722 Philostorgius
3176 3693 3189 3717 ,
3225 3651 3314 3705 lib.
3365 3669 3439 3718 ιι,
3473 3671 3525 3706 ιι.
3567 3649 3621 3707 :2.
3652 3654 3816 3710 Arius
3841 3700 3854 3722 ,

2268 3734 2388 3774 cum
2420 3723 2487 3775 ah
2521 3721 2760 3776 Ecclesia
2786 3721 3047 3785 recessit,
3073 3725 3292 3783 cantica,
3326 3722 3531 3792 inquit,
3565 3726 3769 3779 nautica
3812 3721 3862 3780 et

2268 3792 2643 3845 ntolendiuaria
2672 3803 2722 3848 et
2749 3793 2964 3868 viatoria
3005 3795 3337 3868 conscripsit,
3367 3797 3568 3865 aliaque
3596 3799 3863 3868 ejusmodi

2269 3866 2555 3938 composuit
2581 3904 2594 3927 ,
2635 3879 2748 3938 qua:
2788 3866 2937 3918 certis
2981 3864 3412 3938 modulationibus
3450 3864 3662 3935 aptavit.
3695 3866 3864 3938 Turpi

2267 3947 2478 4001 quoque
2506 3934 2720 3989 dicendi
2749 3950 2966 4004 genere,
3000 3935 3224 4006 impuro,
3253 3944 3302 3989 et
3333 3937 3401 3990 ad
3423 3934 3698 3992 ridiculum
3725 3934 3858 3992 cha-

2267 4013 2510 4059 racterem
2557 4006 2841 4074 pertinente
2870 4020 2998 4060 usus
3047 4018 3124 4059 cst
3179 4009 3469 4062 Eunomins
3518 4008 3749 4063 Arianus
3803 4011 3862 4067 in

2267 4087 2554 4148 sermone,
2602 4090 2760 4148 quem
2808 4074 3272 4146 Constantinopoli
3305 4077 3356 4131 iu
3408 4079 3524 4148 ipso
3567 4079 3868 4148 Theopha-

2269 4143 2478 4200 niorum
2513 4143 2651 4202 festo
2696 4145 2762 4200 ad
2805 4149 3056 4216 populum
3093 4143 3276 4202 habuit
3305 4164 3371 4204 ex
3417 4143 3868 4207 eodem-Philos-

2269 4217 2442 4296 torgio
2474 4219 2510 4272 Ι.
2545 4233 2629 4296 vi,
2661 4233 2809 4272 num.
2843 4218 2879 4272 2
2899 4260 2914 4286 ,
2958 4219 3110 4275 etde
3137 4219 3240 4275 hoc
3267 4220 3468 4290 pariter
3497 4222 3674 4276 ludere
3703 4223 3868 4293 quis-

2269 4288 2406 4359 piam
2440 4288 2630 4359 potuit.
3108 4321 3111 4324 -

2339 4357 2458 4429 (42)
2499 4359 2712 4414 Adulter
2756 4376 2852 4433 pro
2907 4359 3214 4433 tdulterino
3245 4378 3642 4433 nonnumquam
3693 4367 3873 4420 sumi-

2267 4434 2535 4505 t_ur,_adeo
2561 4443 2616 4505 ut
2643 4433 2742 4497 ipsi
2769 4432 2931 4505 fletus
2953 4448 3017 4505 es
3046 4432 3314 4505 adulterio
3335 4432 3602 4505 concepti,
3631 4438 3873 4491 adulteri

2268 4502 2398 4577 dit-ti
2423 4503 2784 4559 inveniantur.
2821 4503 2956 4577 Vide
2982 4502 3250 4577 Solinum,
3285 4521 3403 4574 cap.
3437 4502 3536 4569 27',
3567 4512 3655 4577 qui
3679 4521 3876 4576 partus

2860 4574 2962 4629 Per
3031 4576 3340 4640 allegoriam
3410 4591 3538 4630 vero
3585 4574 3814 4632 'Plinins
3855 4625 3868 4633 .

2277 4644 2370 4697 lib.
2396 4661 2568 4699 χχχιιι
2587 4688 2600 4706 .
2631 4661 2680 4700 c.
2708 4646 2768 4709 7,
2801 4645 3014 4698 nimium
3044 4645 3332 4717 adulterum
3362 4648 3603 4702 nominat
3630 4667 3729 4717 pro
3759 4649 3882 4704 itu-

2274 4717 2474 4770 mundo
2502 4727 2554 4769 ct
2583 4718 2830 4784 impuro;
2861 4726 2915 4770 et
2946 4718 3085 4785 apud
3117 4716 3508 4772 Tertullianum
3536 4716 3746 4776 adulter
3774 4740 3879 4775 sa-

2272 4803 2366 4854 por
2393 4787 2603 4856 legitur.
2638 4788 2770 4840 Hinc
2801 4801 2929 4857 ergo
2954 4787 3275 4842 Arianorum
3311 4790 3442 4843 lides
3463 4829 3476 4853 ,
3509 4792 3674 4845 variis
3706 4808 3883 4846 erro-

2272 4857 2419 4931 ribus
2444 4858 2623 4931 vitiata
2645 4862 3007 4931 etpermixta,
3037 4857 3276 4912 adultera
3303 4859 3501 4914 Zenoni
3529 4864 3882 4931 appellatur.

2274 4925 2436 5001 Forte
2461 4927 2622 4983 etiam
2669 4928 2720 4982 id
2769 4944 2965 4984 nomen
3013 4931 3200 4983 sortita
3229 4941 3344 4993 est,
3389 4931 3531 5000 quod
3563 4925 3825 4988 errorum
3864 4979 3882 5001 ,

2272 4999 2462 5066 quibus
2496 5011 2773 5073 Acorrupta-
2801 5009 2945 5073 erat,
2978 5011 3153 5055 certos
3182 4999 3428 5073 auctores
3474 5011 3530 5056 et
3558 5006 3714 5073 quasi
3762 4999 3882 5073 pa;

2273 5078 2456 5124 rentes
2486 5069 2664 5142 (quod
2691 5071 2889 5146 spuriis
2917 5087 3061 5142 saepe
3085 5071 3312 5146 accidit)
3347 5087 3452 5127 non
3484 5069 3826 5141 agnosceret.
3866 5099 3880 5132 :

2272 5151 2728 5216 auctoresautem
2782 5142 2980 5216 idcirco
3013 5157 3116 5196 non
3147 5142 3302 5216 erant
3324 5146 3537 5216 cogniti
3559 5187 3572 5210 ,
3607 5147 3753 5215 quod
3820 5151 3885 5204 in

2273 5211 2567 5267 condendis
2609 5210 3074 5283 reformandisque
3115 5214 3276 5268 variis
3315 5210 3434 5270 lidei
3480 5210 3730 5271 formulis
3792 5229 3894 5277 tot,

2273 5285 2598 5338 mutationes
2627 5283 2854 5339 subinde
2898 5285 3048 5338 laeta:
3076 5285 3306 5352 iuerint,
3339 5286 3459 5340 aliis
3491 5287 3669 5343 verbis
3705 5289 3896 5346 addi-

2276 5356 2343 5408 tis
2366 5395 2380 5418 ,
2413 5354 2534 5409 aliis
2563 5356 2820 5410 detractis
2845 5397 2858 5421 ,
2912 5365 2968 5409 ut
2999 5357 3216 5425 quinam
3267 5367 3449 5412 essent
3497 5354 3889 5418 formularum

2269 5433 2521 5500 auctores
2546 5467 2559 5491 ,
2591 5426 2886 5500 _dijudicari
2913 5441 3023 5500 non
3052 5439 3254 5493 posset.
3303 5427 3452 5482 Adde
3479 5431 3641 5482 etiam
3667 5473 3679 5490 ,
3711 5437 3892 5500 quod

2269 5499 2538 5570 nonnulla:
2586 5497 2830 5570 lorttiulac
2880 5499 2996 5570 sine
3037 5508 3316 5552 auctorum
3391 5500 3698 5554 nominibus
3731 5497 3895 5570 iH‘U-

2266 5567 2518 5632 dierunt,
2567 5567 2690 5642 alia:
2735 5569 2868 5642 item
2895 5568 3084 5623 alienis
3128 5570 3438 5625 nominibus
3479 5570 3670 5634 edita};
3709 5567 3896 5642 quod

2264 5648 2518 5707 quantam
2549 5637 2618 5693 de
2645 5639 2956 5694 auctoribus
2993 5642 3420 5695 controversiam
3470 5637 3749 5709 moveret;
3799 5646 3898 5703 fa-

2263 5711 2365 5764 cile
2397 5710 2683 5779 intelliges.
2729 5709 2842 5762 Huc
2885 5711 3021 5764 forte
3064 5721 3309 5780 spectant
3355 5712 3441 5766 illa
3479 5713 3660 5767 llilarii
3690 5715 3805 5772 ιιι»,
3854 5737 3898 5776 ιι

2265 5782 2330 5838 ad
2355 5781 2757 5850 Constantium,
2790 5798 2842 5838 ιι.
2871 5783 2906 5839 5
2933 5800 2945 5837 :
2975 5780 3053 5839 De
3077 5785 3370 5839 auctoribus
3395 5785 3603 5855 qua’slio
3631 5795 3728 5840 est.
