4216 6178
308 339 425 395 275
1572 330 1814 390 LIBER
1858 332 1898 389 Ι.
1942 336 1971 392 'l

2072 337 2352 397 .CTATUS
2388 342 2451 398 ll.
3566 350 3673 404 274-

311 472 381 514 ac
417 455 558 512 lides
597 463 820 527 tempus
852 454 1085 522 habent;
1135 453 1370 511 eharitas
1398 462 1575 511 autem
1612 450 1808 506 [litem
1852 467 1957 509 non
1987 463 2041 524 Α
2063 469 2225 511 sensu
2254 457 2508 528 magistra
2539 458 2831 517 dilectione
2870 461 3133 527 converti,
3165 470 3223 517 ut
3249 463 3436 535 quivis
3466 464 3668 522 intelli-

313 550 485 607 babet
508 548 556 621 (l
581 546 710 603 Cor.
738 564 834 603 xm
861 550 902 618 ),
930 549 1218 605 momentis
1242 549 1488 617 omnibus
1507 542 1751 605 crescit.
1778 558 1956 614 quan-
2057 541 2168 620 gat,
2202 549 2308 607 hoc
2333 551 2447 608 ﬁeri
2478 568 2584 608 non
2604 568 2763 624 posse
2787 554 2906 611 sine
2933 554 3194 612 naturalis
3220 558 3488 614 amicitiai
3514 559 3671 616 disci-

314 653 487 715 mque
514 643 586 701 ab
616 657 688 697 ea
720 641 1071 715 diligentibus
1104 631 1615 715 invicem-creditur,
1672 643 1833 692 tanto
1875 640 1961 695 in-
2056 643 2239 714 plina?
2267 646 2402 713 Quid
2432 644 2614 702 autem
2634 663 2744 729 pro
2775 663 2835 703 se
2882 648 2935 702 in
2987 632 3409 707 necessitatibus
3449 664 3669 724 gerant,

312 738 499 793 vicem
530 736 654 806 plus
680 734 933 790 debetur.
981 733 1097 790 Non
1124 749 1447 805 quemquam
1470 750 1564 803 pro
1595 743 1841 802 persona
1871 732 1953 788 di-
2057 736 2309 793 omnibus
2341 745 2469 792 nota
2497 740 2781 808 porcorum
2800 738 3108 812 quotidiana
3130 732 3532 812 propemodum
3558 756 3665 800 tam

314 827 464 899 ligit.
498 826 711 882 adulari
742 824 870 896 quia
906 825 1118 890 nescit;
1152 840 1257 880 non
1289 842 1385 896 pro
1415 827 1636 887 honore,
1674 822 1801 890 quia
1834 840 1951 879 am-
2052 831 2277 901 jucundi
2309 834 2624 887 certaminis
2667 833 2916 902 exempla
2949 831 3222 889 declarant
3252 851 3266 890 :
3297 838 3429 906 quia
3470 829 3667 909 aliquis

316 921 525 977 biliosa
552 933 667 973 non
690 926 808 983 est;
840 931 949 972 non
980 932 1080 988 pro
1108 918 1551 1010 sexu,‘”quoniam
1584 916 1662 970 illi
1710 930 1847 970 unus
1870 926 1954 972 est
2055 938 2243 979 eorum
2259 938 2380 978 cum
2402 923 2536 979 forte
2550 925 2617 980 de
2640 940 2867 979 numero
2890 923 3107 978 audacis
3128 924 3237 995 lupi
3256 927 3412 983 rabie
3442 928 3563 1000 (28)
3582 927 3669 984 r01

316 1013 521 1077 ambo;
568 1024 679 1066 non
714 1025 812 1081 pro
857 1019 1125 1080 tempore,
1174 1011 1297 1079 quia
1339 1013 1484 1064 varia
1526 1025 1629 1065 non
1672 1018 1796 1074 est;
1843 1025 1950 1064 non
2058 1016 2290 1083 talus,in
2313 1031 2555 1086 praesens
2574 1016 2869 1086 periculum
2896 1012 3257 1087 Memperit
3290 1016 3410 1090 (29)
3437 1019 3667 1075 infesta-

318 1103 648 1168 aemulatur,
694 1100 821 1171 quia
852 1100 1052 1155 invidia
1086 1100 1216 1189 quid
1259 1101 1347 1164 sit,
1384 1102 1621 1171 ignorat;
1651 1114 1758 1155 non
1792 1099 1950 1155 iulla-
2058 1108 2296 1164 tionibus
2321 1099 2614 1181 tyrannicis
2644 1110 2786 1176 duci,
2816 1108 3010 1163 omnes
3036 1108 3656 1188 repenteconcelerant;

318 1206 446 1261 tur,
501 1195 630 1265 quia
682 1192 1048 1252 humilitatem
1096 1193 1263 1257 colit;
1310 1208 1417 1247 non
1459 1191 1656 1247 malum
1708 1194 1945 1279 Cogitat,

2080 1194 2330 1256 aberanti
2359 1202 2712 1268 subveniunt;
2740 1217 2877 1272 pene
2902 1201 3070 1255 armis
3089 1203 3219 1269 ipsis
3250 1202 3457 1258 inimici
3490 1214 3667 1258 certa-

314 1290 449 1361 quia
483 1288 718 1358 simplex
763 1298 880 1352 est;
916 1303 1023 1342 non
1063 1287 1341 1349 irascitur,
1372 1288 1493 1357 quia
1526 1286 1691 1342 etiam
1725 1287 1952 1356 injurias

312 1384 563 1440 libenter
626 1383 1007 1452 amplectitur;
1059 1396 1187 1435 non.
1220 1379 1391 1444 fallit,
1440 1380 1563 1449 quia
1619 1379 1779 1434 tidem
1834 1378 1952 1448 ipsa

313 1475 602 1540 custodit;
646 1490 757 1530 non
802 1474 912 1528 ulla
954 1488 1015 1529 re
1064 1473 1289 1544 indiget,
1322 1474 1450 1543 quia
1488 1472 1541 1528 ei
1582 1484 1780 1543 praeter
1806 1472 1953 1542 quod

315 1578 429 1634 est,
480 1568 618 1623 nihil
649 1576 737 1628 est
777 1565 1172 1621 necessarium.
1218 1564 1346 1619 lla-c
1385 1579 1531 1631 rura,
1567 1563 1727 1619 urbes
1757 1579 1819 1618 ac
1849 1577 1949 1633 po-

314 1663 503 1730 pulos,
530 1659 648 1731 (£2)
691 1658 996 1727 composita
1040 1657 1147 1730 23
1180 1657 1434 1726 pacisque
1476 1667 1784 1713 conservat.
1823 1657 1959 1739 Haec
2061 1659 2344 1714 Eleinenta
2372 1661 2746 1732 quoque'ipsa,
2778 1661 2993 1725 fratres,
3025 1663 3157 1715 satis
3181 1661 3397 1715 diversa
3426 1661 3668 1731 satisque

315 1752 467 1808 circa
494 1760 682 1822 regum
710 1750 883 1805 latera
925 1763 1148 1804 securos
1199 1749 1411 1820 gladios
1455 1749 1574 1822 (25)
1627 1748 1773 1804 facit.
1825 1749 1955 1806 Hmc
2060 1757 2419 1823 repugnantia
2466 1754 2597 1830 olim
2640 1752 3093 1823 deprehendisset
3141 1751 3417 1819 interitus,
3468 1751 3568 1806 nisi
3601 1767 3666 1806 ea

316 1844 462 1899 bella
494 1843 713 1912 premit,
753 1841 878 1896 lites
910 1840 1070 1906 tollit,
1111 1839 1233 1911 jura
1269 1852 1516 1906 evacuat,
1551 1841 1664 1896 lora
1695 1840 1937 1913 compes-
1980 1846 2030 1907 B
2058 1845 2290 1902 invicem
2338 1848 2540 1908 mutuis
2589 1840 2993 1917 aequalibusque
3047 1846 3429 1916 temperantiae
3481 1846 3666 1902 dotata

316 1940 418 2004 cit,
464 1936 589 1991 odia
640 1935 908 1999 eradicat,
965 1936 1072 1990 iras
1098 1934 1381 2006 extinguit.
1433 1936 1560 1993 Hinc
1588 1951 1739 1991 mare
1779 1929 1946 2005 pene.
2058 1939 2404 2005 muneribus,
2430 1920 2695 2010 perennis
2726 1938 2989 2015 connubii
3019 1938 3166 1993 ﬁdeli
3195 1938 3493 2015 propagine
3517 1937 3677 1993 beni-

320 2041 451 2101 trat,
477 2031 598 2103 (24)
614 2030 804 2087 orbem
829 2031 1047 2097 circuit,
1077 2024 1408 2087 commercio
1430 2032 1737 2087 nationibus
1765 2046 1955 2109 neces-
2055 2023 2163 2103 gna
2184 2031 2420 2088 charitas
2451 2014 2907 2103 illigasset.Niltil
2951 2040 3035 2085 est
3078 2014 3338 2101 prorsus,
3363 2029 3525 2104 quod
3551 2029 3671 2085 sine

318 2116 477 2179 saria
511 2122 914 2178 subministrat.
940 2121 1270 2191 Potentiam,
1310 2122 1528 2191 fratres,
1564 2126 1674 2180 cito
1694 2124 1816 2195 ejus
1837 2124 1956 2180 edi-
2056 2122 2164 2178 hac
2189 2134 2425 2193 gratum,
2454 2123 2572 2177 sine
2592 2121 2702 2177 hac
2725 2121 3033 2192 paciticmn,
3065 2120 3314 2177 sine‘bac
3336 2120 3520 2187 ﬁdele,
3547 2122 3667 2177 sine

317 2235 467 2275 eam.
496 2217 769 2289 Quidquid
816 2206 953 2274 locis
991 2226 1180 2272 natura
1210 2219 1486 2288 negaverit
1517 2259 1531 2284 ,
1563 2217 1805 2273 cbaritas
1833 2217 1953 2290 (25)
1990 2280 1993 2287 _
2058 2212 2164 2269 bac
2195 2208 2469 2278 securum,
2501 2214 2619 2270 sine
2651 2202 2752 2269 hac
2771 2199 3092 2284 gloriosum,
3117 2211 3233 2268 sine
3260 2211 3364 2267 hac
3389 2212 3506 2267 Deo
3540 2212 3669 2282 jun-

319 2311 524 2369 reddit.
557 2310 688 2366 Haec
717 2309 1026 2381 conjugalis
1065 2308 1295 2364 allectus
1323 2308 1460 2363 duos
1492 2308 1744 2369 homines
1771 2323 1955 2364 sacra-
2056 2312 2232 2368 ctum,
2265 2293 2384 2360 sine
2430 2305 2530 2362 hac
2564 2305 2738 2375 possit
2772 2319 2895 2360 esse
2921 2302 3240 2374 perlectum.
3270 2304 3514 2376 Denique
3541 2319 3666 2360 cum

326 2414 518 2460 mento
538 2401 843 2458 venerabili
870 2416 1029 2455 unam
1060 2402 1204 2472 cogit
1235 2401 1291 2454 in
1324 2416 1564 2465 carnem.
1613 2400 1739 2456 Haec
1762 2399 1956 2456 huma—
2061 2397 2326 2453 Dominus
2356 2398 2810 2468 interrogaretur,
2835 2396 2982 2467 quod
3022 2404 3176 2452 esset
3207 2410 3478 2456 stmrmum
3529 2396 3665 2467 legis

2058 1293 2156 1347 tim
2185 1308 2244 1348 se
2273 1290 2387 1364 (50)
2418 1298 2611 1347 crebro
2637 1293 2947 1372 subjiciunt;
2971 1292 3171 1372 ingenti
3196 1291 3413 1363 fragore
3439 1293 3669 1349 conluu-

2058 1383 2228 1456 duiil;
2262 1384 2601 1453 exseriisque
2631 1369 2980 1440 mucronibus
3006 1369 3260 1449 sordidis,
3299 1385 3451 1438 velut
3491 1395 3664 1441 testu-

2059 1467 2189 1532 dine
2209 1472 2441 1547 quadam
2470 1480 2762 1543 resistunt;
2797 1474 3122 1547 vincuntque
3136 1470 3348 1531 facilius
3376 1464 3666 1541 cbaritate,

2059 1569 2206 1639 quod
2237 1569 2507 1638 sigillatim
2555 1569 2695 1625 nuda
2735 1562 3095 1639 vix_’pessunt
3138 1583 3404 1639 superare
3448 1569 3673 1624 virtute.-

323 2495 483 2550 nitati
528 2503 749 2564 praestat
778 2506 926 2557 esse,
955 2491 1098 2563 quod
1126 2491 1388 2546 nascitur.
1417 2491 1585 2561 Hujus
1612 2502 1698 2547 est
1724 2507 1944 2559 munus,

315 2585 468 2657 quod
493 2600 619 2640 cara
647 2598 806 2651 uxor,
837 2578 989 2653 quod
1016 2580 1133 2653 (26)
1167 2582 1418 2653 generosi
1446 2582 1621 2649 liberi,
1655 2581 1802 2652 quod
1835 2583 1953 2637 veri

319 2687 456 2733 sunt
500 2687 702 2746 patres.
737 2674 909 2746 llujus
935 2684 1020 2730 est
1047 2689 1273 2741 munus,
1296 2673 1438 2743 quod
1467 2673 1581 2740 alii,
1614 2684 1671 2728 ut
1694 2687 1815 2739 nos,
1848 2664 1944 2728 aut

321 2769 616 2839 plusquam
646 2782 768 2833 nos,
802 2765 1059 2835 proximi,
1106 2764 1383 2842 velamici
1410 2772 1535 2819 sunt
1564 2765 1738 2820 nobis.
1773 2763 1949 2834 Hujus

321 2869 413 2917 est
442 2873 657 2926 munus,
709 2856 855 2928 quod
894 2855 1168 2927 diligimus
1194 2871 1405 2923 servos,
1454 2865 1511 2911 ut
1548 2856 1684 2911 tilios
1709 2874 1723 2922 ;
1753 2872 1819 2913 ac
1846 2871 1951 2913 nos

324 2952 409 3010 illi
434 2952 623 3006 colunt
654 2950 913 3017 libenter,
940 2960 1000 3003 ut
1028 2948 1298 3003 dominos.
1333 2947 1503 3018 Hujus
1520 2948 1846 3011 est'munus,
1869 2957 1951 3016 ut,

326 3062 439 3102 non
460 3044 638 3101 dicam
665 3043 778 3115 (27)
810 3052 993 3112 notos,
1017 3049 1111 3095 aut
1131 3040 1356 3105 amicos,
1380 3039 1473 3093 sed
1487 3054 1631 3109 saepe
1644 3040 1807 3094 etiam
1825 3053 1943 3106 eos,

328 3154 475 3211 quos
523 3151 815 3208 numquam
860 3133 1119 3198 vidimus,
1166 3133 1474 3203 diligamus.
1524 3131 1689 3202 Hujus
1719 3141 1803 3186 est
1832 3145 1953 3185 mu-

2057 2503 2233 2543 sacraa
2258 2488 2633 2557 praeceptum,
2672 2488 2751 2542 sic
2780 2487 2857 2541 ait
2886 2487 3072 2543 dicens
3101 2506 3114 2545 :
3146 2486 3357 2560 Diliges
3389 2488 3667 2543 Dominum

2064 2581 2231 2635 Deum
2262 2590 2408 2634 tuum
2436 2595 2501 2635 ea:
2533 2589 2639 2634 tato
2665 2578 2820 2634 corde
2845 2589 2950 2644 tuo,
2979 2596 3042 2634 ea:
3067 2589 3171 2636 tota
3201 2580 3375 2633 anima
3401 2589 3512 2644 tua,
3533 2586 3579 2632 et
3604 2594 3670 2632 ea:

2058 2680 2168 2726 tota
2211 2672 2400 2725 virtute
2447 2680 2563 2724 tua.
2610 2667 2678 2722 Et
2724 2669 3001 2724 secundant
3044 2670 3211 2734 simile
3254 2670 3372 2723 huic
3400 2685 3419 2724 :
3471 2668 3669 2740 Diliges

2057 2764 2355 2834 proximum
2382 2772 2551 2824 tuum,
2574 2759 2835 2830 tulitquam
2857 2763 3091 2833 tcipsum.
3125 2760 3193 2816 In
3219 2762 3298 2816 his
3320 2762 3516 2816 duobus
3547 2760 3665 2834 (51-)

2058 2858 2332 2928 precantis
2369 2849 2561 2927 pendet
2591 2851 2755 2910 omnis
2778 2854 2881 2921 lem,
2909 2867 2956 2910 et
2984 2857 3244 2929 prapltcta:
3274 2857 3295 2927 (
3322 2853 3511 2910 Matth.
3534 2869 3665 2918 xxii,

2057 2950 2150 3012 57.
2197 2948 2306 3016 59,
2346 2948 2480 3018 40).
2538 2946 2692 3003 Unde
2736 2945 3082 3013 manifestum
3149 2958 3264 3015 est,
3321 2947 3670 3003 dilectionem

2058 3040 2316 3096 virtutum
2349 3041 2602 3096 omnium
2632 3040 2937 3096 divinarum
2970 3056 3092 3098 esse
3129 3041 3486 3098 substantiam
3517 3050 3674 3096 natu-

2060 3136 2341 3206 ralemque
2372 3135 2693 3205 magistram
2720 3153 2734 3190 :
2767 3135 3116 3207 quoniiniex
3147 3137 3263 3205 lege
3291 3134 3542 3202 discitur,
3574 3134 3672 3191 sed

330 3247 461 3296 nus,
510 3233 656 3300 quod
681 3218 1029 3299 antiquorum
1060 3234 1155 3281 aut
1181 3227 1412 3280 virtutes
1438 3238 1507 3279 ex
1536 3223 1706 3292 libris,
1754 3231 1847 3278 aut
1877 3239 1942 3278 ex
1974 3220 2020 3282 C
2052 3227 2107 3282 in
2138 3228 2412 3282 mentibus
2460 3229 2705 3285 nascitur
2737 3246 2750 3282 :
2785 3228 2872 3284 lex
2899 3230 3043 3285 enim
3071 3228 3268 3301 pendet
3292 3245 3358 3284 ex
3384 3229 3672 3300 charitate,

330 3325 635 3382 virtutibus
660 3325 828 3379 libros
850 3320 1221 3395 agnoscimus.

423 3417 488 3471 V.
521 3415 825 3485 Sed'quid'
848 3430 984 3486 ergo
1022 3412 1229 3468 diutius
1259 3410 1515 3466 demorer
1568 3410 1622 3464 in
1668 3409 1954 3478 humanis,

336 3512 502 3583 quasi
531 3510 649 3566 sola
680 3511 786 3565 isto
811 3507 1010 3564 alfectu
1042 3508 1154 3562 sint
1186 3503 1453 3576 praedita?
1490 3500 1683 3558 Nonne
1712 3503 1960 3557 videmus

343 3619 519 3660 omne
562 3602 913 3658 animantium
962 3613 1134 3671 genus
1173 3595 1618 3666 congregatione,
1667 3591 1963 3648 concordia

340 3697 543 3754 testari
563 3696 917 3762 cbaritatem;
948 3692 1206 3765 atqueita
1242 3702 1435 3745 omnes
1462 3695 1641 3744 motus
1667 3685 1825 3757 quasi
1854 3701 1963 3741 uno

344 3860 448 3918 hic
482 3859 554 3915 de
599 3872 723 3914 vera
746 3866 802 3914 et
835 3855 1143 3913 Christiana
1169 3852 1432 3907 cbaritate
1459 3867 1640 3908 sermo
1659 3858 1775 3917 est;
1803 3866 1962 3907 secus

345 3930 687 3987 admittenda
720 3938 864 3984 esset
892 3925 1206 3999 Sparaverii
1253 3922 1561 3999 emendatio
1605 3921 1812 3999 :AFides
1852 3939 1965 3999 ogn-

911 3993 1249 4071 paucorum.__
1269 3994 1375 4071 Sed
1403 3996 1677 4071 etim‘liuic
1703 3993 1964 4071 emenda-

352 4076 499 4130 tioni
538 4074 665 4127 nulli
698 4065 938 4135 codices,
974 4070 1139 4123 nulla:
1167 4066 1435 4121 editiones
1465 4066 1852 4135 sull'ragentur;
1899 4065 1969 4119 de

346 4147 625 4201 cbaritate
650 4143 755 4198 late
786 4150 997 4209 ~umpta
1030 4140 1115 4195 hic
1141 4139 1293 4192 locus
1323 4137 1671 4209 accipiendus
1698 4146 1758 4209 et
1799 4136 1972 4209 inter-

346 4006 507 4059 nium
536 4013 628 4064 est,
659 4001 881 4054 charitas

352 4215 663 4289 pret-nudus
694 4206 934 4267 videtur:
960 4213 1028 4266 de
1059 4227 1165 4278 quo
1201 4210 1351 4277 plura
1380 4208 1595 4262 dissert.
1634 4206 1703 4273 ll,
1722 4221 1842 4274 cap.
1876 4208 1931 4264 5.

438 4307 557 4379 (22)
591 4306 660 4360 lla
686 4323 750 4360 ex
780 4320 907 4360 mss.
934 4304 1114 4379 Rern”
1145 4302 1272 4379 Vat.
1292 4311 1345 4355 et
1371 4302 1556 4371 Pomp.
1582 4301 1635 4379 in
1660 4301 1970 4379 hujus-pos-

352 4372 818 4443 treuii'tnargine,
858 4387 911 4430 et
940 4378 999 4430 itr
1024 4376 1158 4430 Ven.
1188 4374 1319 4428 edit.
1362 4388 1458 4439 pro
1482 4373 1722 4496 pacisgue
1749 4372 1974 4427 habetur

352 4464 665 4496 nucesque:
703 4448 754 4496 in
796 4448 945 4496 edit.-
979 4446 1175 4496 Veron.
1233 4457 1495 4496 nuceaue.‘
1526 4444 1578 4496 in
1663 4450 1803 4495 atav.
1853 4460 1974 4496 vace

1663 4450 1803 4514 atav.
1853 4460 1977 4514 pace

351 4464 665 4526 pacesque;
703 4448 754 4501 in
796 4448 945 4502 edit.-
979 4446 1175 4526 Yet-0n.
1233 4460 1454 4526 paceque
1476 4457 1495 4508 ;
1526 4446 1578 4526 in

355 4512 560 4578 δειειό
586 4512 679 4588 que
704 4533 769 4572 ex
811 4516 1214 4588 emendatione,
1233 4512 1319 4569 ἰιῑί
1349 4523 1597 4588 apparet,
1618 4584 1627 4588 Δ
1646 4512 1971 4588 Sparaverii,

350 4592 532 4662 cujus
588 4583 768 4643 adnot.
821 4590 871 4642 in
920 4589 1026 4662 line
1054 4587 1400 4662 referentur.‘
1445 4583 1569 4662 Huic
1618 4584 1775 4662 lectio
1826 4584 1979 4639 nobis

351 4655 594 4737 «unique
635 4662 885 4737 placeret,
925 4658 970 4712 si
992 4663 1085 4737 cui
1114 4657 1290 4737 codici
1319 4656 1404 4737 vel
1436 4655 1658 4710 editioni
1680 4662 1973 4737 niteretur.
2008 4662 2057 4724 Ι)

353 4726 445 4793 At
487 4726 616 4786 eum
637 4726 735 4800 que
765 4733 960 4800 ubique
991 4731 1222 4800 legatur,
1254 4728 1538 4800 lectionem
1566 4734 1798 4800 quatuor
1826 4726 1975 4800 cudi:

363 4790 509 4863 inm
541 4790 753 4855 exteris
788 4790 1347 4871 przeposui‘inus,qu:e
1377 4814 1405 4851 a
1433 4790 1740 4871 Zenoniana
1766 4797 1976 4868 syntaxi

358 4891 492 4934 non
542 4868 843 4940 discrepat;
897 4868 1001 4927 non
1035 4884 1305 4938 nunquam
1351 4874 1497 4924 enim
1541 4868 1977 4938 conjuncttonem

355 4962 483 5020 que
534 4944 786 5020 secundae
837 4954 955 5013 post
997 4943 1258 5020 virgulam
1309 4940 1427 5020 voci
1468 4949 1672 5020 auctor.
1708 4940 1978 5020 apposuit.

360 5009 683 5086 Composita
705 5009 883 5069 autem
911 5015 1052 5085 pacis
1083 5009 1180 5086 pro
1214 5022 1367 5082 pacta
1395 5012 1446 5066 in
1479 5009 1821 5086 Concilianda
1852 5024 1983 5086 pace

362 5081 692 5151 composita
735 5081 921 5146 dixit,'
952 5094 1007 5139 et
1050 5083 1223 5149 ellipsi
1278 5098 1405 5138 usus
1457 5093 1541 5136 est
1589 5081 1731 5139 illius
1781 5081 1983 5136 simili:

367 5164 593 5217 Λῆσσα
629 5172 868 5210 curarum
913 5157 1051 5225 apud
1085 5154 1392 5220 Horatium,
1437 5152 1612 5225 abdigs
1639 5154 1906 5218 montium,
1935 5160 1993 5208 et

362 5229 498 5288 alia
526 5229 579 5281 td
607 5228 818 5296 generis
850 5222 999 5297 plura
1020 5226 1160 5296 apud
1183 5225 1525 5290 Lucretiuttt,
1557 5222 1828 5290 Tacitum,
1849 5226 1996 5295 Apu-

369 5300 567 5360 [cium
596 5308 648 5352 et
676 5298 828 5354 alios.

472 5392 596 5466 (25)
638 5392 792 5466 ιῖαιιίι
818 5394 871 5447 in

374 5536 473 5597 tié
502 5536 651 5608 facit.
684 5536 824 5606 quod
851 5536 1192 5589 retinuimus.

469 5630 595 5705 (24)
626 5628 811 5705 Urbem
836 5643 932 5698 pro
948 5629 1117 5682 orbem
1146 5626 1283 5705 facili
1311 5627 1468 5705 unius
1495 5623 2006 5705 littera:_mtttation_e

376 5695 696 5780 perperam
744 5702 795 5755 in
837 5695 1225 5767 'mantiscrtptis
1278 5697 1542 5780 ethed‘itis
1592 5695 2001 5780 scriptumﬁest.

378 5764 853 5837 Etiiendationem
887 5785 1079 5826 sensus
1110 5764 1396 5839 persuasit.
1426 5764 1742 5839 Comiiiercio
1769 5764 2007 5839 restitui-

381 5864 528 5908 mus
558 5860 629 5900 ex
660 5858 794 5898 mss.
828 5842 1005 5907 Rem.,
1042 5837 1254 5910 Pomp.,
1286 5850 1340 5895 et
1380 5838 1510 5893 edit.
1540 5837 1696 5902 Ven.,
1743 5851 1862 5890 cum
1898 5838 2005 5893 alio

915 5392 1187 5462 plerisque
1211 5390 1489 5462 codicibus
1514 5398 1584 5462 et
1597 5385 1833 5462 editione
1864 5387 1996 5462 Ven.

365 5457 616 5538 legitur.
648 5463 830 5538 Solum
859 5457 1075 5538 in'inss.
1097 5461 1311 5532 Pomp.,
1335 5461 1467 5517 Zen.
1491 5471 1544 5515 et
1572 5459 1626 5531 in
1651 5457 1863 5513 caeteris
1888 5458 2003 5513 edi-

2060 3332 2167 3374 non
2185 3319 2428 3375 charitas
2443 3321 2649 3388 pendet
2680 3337 2749 3377 ex
2771 3322 2909 3393 lege,
2933 3337 3089 3377 saera
3120 3322 3397 3393 Scriptura
3423 3323 3638 3380 dicente
3663 3342 3676 3378 :

2059 3410 2212 3466 Iusto
2243 3412 2328 3467 lex
2360 3412 2527 3480 posita
2557 3430 2661 3468 non
2708 3424 2801 3481 est,
2837 3415 2927 3470 sed
2955 3415 3213 3483 peccatori
3253 3407 3305 3486 (Ι
3333 3413 3469 3469 Tim.
3502 3431 3545 3481 ι,
3570 3414 3673 3486 9).

2062 3502 2325 3558 Peccator
2372 3512 2553 3558 autem
2611 3504 2853 3577 ille.est,
2883 3506 2973 3578 qui
3006 3504 3325 3561 charitatem
3353 3523 3461 3562 non
3512 3507 3675 3563 habet

2066 3594 2193 3650 Dei:
2211 3610 2275 3650 ac
2295 3610 2391 3665 per
2414 3596 2519 3650 lioc
2545 3596 2664 3668 (32)
2687 3600 2932 3667 aperanti
2955 3600 3087 3655 iram
3110 3609 3260 3655 recte
3279 3602 3523 3671 subjacet
3544 3601 3670 3672 legi.

2069 3688 2231 3758 Atqui
2276 3684 2418 3742 forte
2462 3687 2661 3759 aliquis
2704 3689 2872 3760 dicat,
2905 3692 2993 3748 lex
3040 3692 3347 3763 spernenda
3387 3704 3499 3761 est,
3547 3694 3675 3766 quia

2070 3867 2232 3907 sensu
2264 3853 2541 3922 legeretur
2567 3854 2647 3909 sic
2678 3871 2693 3909 :
2721 3855 2898 3911 urbem
2921 3856 3104 3911 circuit
3128 3874 3147 3913 :
3173 3858 3485 3912 commercia
3503 3858 3676 3913 natio-

2073 3922 2219 3976 nibus
2247 3924 2535 3977 necessaria
2562 3926 2931 3981 subministrat.

2144 3992 2259 4065 (25)
2302 3994 2489 4048 Reddit
2521 4010 2616 4063 pro
2641 3996 2764 4061 dat;
2812 4014 2932 4051 nam
2976 4008 3031 4052 ut
3059 4006 3209 4053 notat
3234 3997 3424 4054 Celsus
3448 3999 3498 4055 J.
3526 3997 3589 4055 C.
3615 3999 3678 4054 de

2073 4066 2337 4140 uerborum
2364 4066 2763 4140 signiﬁcatione,
2791 4068 2850 4123 L.
2876 4071 3080 4124 verbum
3101 4072 3136 4124 Ι.
3163 4086 3233 4124 xx
3259 4070 3677 4140 Dig.,Reddendi

2074 4136 2283 4189 verbum
2310 4152 2618 4206 quamquam
2644 4136 3070 4206 significationem
3096 4140 3245 4194 habet
3283 4136 3416 4193 re'tro
3469 4143 3676 4204 dandi;

2078 4207 2262 4281 accipit
2290 4218 2459 4281 tamen
2482 4216 2531 4260 et
2545 4224 2648 4281 Aper
2686 4224 2741 4281 se
2781 4212 2939 4264 dandi
2960 4212 3407 4281 siqniﬁcalionem.
3440 4212 3530 4267 Sic
3560 4211 3679 4265 red-

2082 4279 2199 4351 dere
2222 4279 2510 4343 epistolam,
2534 4279 2619 4351 jus
2650 4279 2862 4351 reddere
2892 4296 2988 4350 pro
3013 4279 3136 4335 dare
3161 4298 3358 4350 smptus
3386 4283 3524 4350 apud
3550 4296 3679 4351 pro-

2079 4347 2236 4421 batos
2256 4360 2509 4421 aucuires
2533 4349 2795 4421 invenies.
2816 4347 3147 4421 Quamquam
3176 4347 3296 4404 cuiu
3323 4352 3392 4404 de
3410 4347 3679 4407 continer-

2082 4422 2168 4473 cio
2219 4417 2303 4472 hic
2340 4433 2519 4473 sermo
2560 4417 2854 4492 εἰιλνεάᾴό
2883 4417 3068 4475 stric'ie
3108 4422 3275 4489 accipi
3305 4421 3507 4492 potuit,
3542 4438 3677 4492 qua-

2084 4498 2240 4544 tenus
2269 4503 2363 4556 per
2391 4490 2775 4543 commercium
2796 4487 3163 4545 'eommutatis
3195 4487 3462 4547 mercibus
3482 4534 3497 4558 ,
3530 4487 3677 4549 aliud

2088 4558 2509 4631 |il'0}lli0._q“0d
2539 4563 2824 4631 accipitur,
2854 4562 3116 4616 redditur.

2164 4629 2283 4702 (20)
2326 4629 2586 4702 Generosi
2622 4629 2725 4685 hoc
2744 4632 2863 4686 loco
2895 4633 3145 4686 dicuntur
3161 4646 3266 4687 non
3295 4632 3591 4699 degeneres
3618 4634 3685 4688 li-

2084 4700 2219 4761 beri.
2251 4703 2339 4771 qui
2366 4711 2511 4756 recte
2544 4700 2696 4756 lactis
2724 4704 2802 4755 sui
2827 4703 3040 4771 generis
3064 4705 3231 4757 decus
3252 4714 3490 4767 tuentur,
3517 4705 3679 4773 idque

2081 4772 2415 4847 potissimum
2448 4773 2710 4847 cliarttate
2742 4783 3048 4847 prtestatur,
3077 4775 3566 4847 quatettttsihzeead
3588 4772 3683 4847 ge-

2082 4842 2489 4914 nerisgejusdem
2518 4842 2684 4898 decus
2711 4842 3134 4899 conservandum
3174 4845 3321 4914 ipsos
3348 4846 3593 4913 impellit.

2159 4912 2276 4986 (27)
2318 4915 2372 4969 lu
2408 4930 2538 4968 mss.
2570 4915 2722 4968 Rem.
2758 4924 2812 4968 et
2840 4914 2967 4969 Urb.
2999 4912 3233 4983 iqnotos,
3281 4925 3373 4986 aut
3402 4912 3636 4971 inimicos
3666 4933 3683 4971 :

2085 4985 2285 5056 ignotos
2315 4986 2475 5040 etiam
2507 4986 2701 5054 legitur
2725 4985 2776 5039 in
2796 4986 2981 5040 codice
3001 4986 3216 5056 Pomp.,
3241 4985 3335 5040 sed
3368 4987 3539 5054 male;
3566 5003 3688 5042 nam

2087 5057 2246 5124 ignoti
2276 5056 2519 5123 sequenti
2558 5069 2715 5108 versu
2745 5060 3297 5126 comprehenduntur.
3344 5057 3510 5112 Paulo
3568 5066 3689 5125 post

2095 5126 2459 5200 prudenter-er,
2480 5127 2532 5179 in
2554 5126 2793 5195 margine
2813 5142 2914 5182 ms.
2941 5128 3127 5198 Pomp.
3155 5128 3367 5184 etEdit.
3395 5127 3531 5184 Ven.
3555 5130 3687 5200 legi-

2099 5209 2185 5253 tur
2209 5199 2477 5261 demoror,
2504 5207 2559 5250 et
2584 5205 2704 5250 sunt
2730 5211 2827 5261 pro
2856 5201 2980 5251 sint.

2169 5265 2288 5338 (28)
2332 5266 2454 5321 Mss.
2492 5266 2608 5320 Vat.
2632 5274 2694 5338 rt
2722 5265 2852 5323 Urb.
2883 5269 3151 5324 denotatus
3172 5286 3191 5325 :
3220 5270 3374 5334 Zen.,
3401 5270 3592 5338 Pomp.
3637 5279 3696 5326 et

2104 5337 2561 5419 Spar.devoratus
2584 5352 2602 5392 :
2629 5337 2750 5395 Tol.
2794 5339 3087 5408 denotatur,
3119 5341 3209 5412 qui
3254 5357 3375 5396 mox
3401 5357 3518 5396 cum
3544 5337 3699 5408 capit

2143 5426 2204 5466 1'0
2231 5419 2455 5466 canent.
3284 5421 3291 5427 ”

2106 5426 2204 5483 pro
2231 5426 2455 5479 coeperit.

2181 5479 2297 5553 (ΞΗ)
2317 5480 2340 5534 Ι
2349 5481 2585 5553 nfestatio
2598 5488 2683 5535 est
2697 5479 2837 5548 apud
2855 5480 3250 5553 Tertullianum
3271 5482 3497 5553 Apolog.
3515 5480 3670 5552 cap.l
3683 5520 3699 5534 .

2212 5492 2274 5537 :9
2317 5492 2585 5553 lnfestatto
2598 5492 2683 5535 est
2697 5492 2837 5548 apud
2855 5492 3250 5539 Tertullianttm
3271 5492 3497 5553 Apomg.
3515 5492 3699 5552 can.

2212 5492 2314 5678 illi
2344 5553 2482 5609 Edit.
2539 5552 2671 5607 Ven.
2700 5562 2755 5608 et
2779 5568 2881 5609 ms.
2908 5552 3100 5625 Pomp.
3134 5556 3188 5609 in
3231 5554 3476 5623 margine
3509 5554 3710 5608 habent

2112 5641 2334 5681 οενευνο.

2189 5694 2377 5765 (51)Ιη
2394 5694 2555 5751 editis
2574 5702 2629 5750 et
2645 5692 2698 5748 in
2710 5692 3011 5765 Pomp.ms.
3033 5711 3118 5749 ma
3106 5695 3284 5765 Igine
3287 5692 3569 5755 mandatis;
3584 5699 3637 5744 at
3656 5689 3718 5747 in

2115 5763 2262 5825 lex—tu
2291 5782 2516 5822 necnon
2541 5768 2592 5821 in
2619 5764 2895 5820 codicibus
2915 5763 3405 5830 Rem.,'l‘ol.,Zen.,
3424 5766 3721 5833 praeceptis.

2190 5835 2304 5907 (32)
2330 5837 2386 5893 In
2418 5839 2547 5894 edit.
2575 5837 2757 5891 Patav.
2784 5850 3028 5903 operam,
3046 5834 3140 5890 sed
3168 5846 3450 5904 perperam
3478 5851 3493 5888 :
3520 5841 3733 5904 Specta-
