4216 6178
553 324 659 383 275

1911 313 2160 374 SANCTI
2190 313 2484 373 ZENONIS

3759 308 3870 365 976

547 439 696 509 justo
723 435 1026 492 necessaria
1054 446 1162 489 non
1196 440 1301 500 est,
1333 430 1600 502 peccatori
1626 443 1756 485 vero
1786 430 2016 485 molesta
2038 438 2143 485 est.
2177 432 2224 491 A
2257 444 2399 494 mus,
2425 429 2550 500 quia
2593 427 2728 485 facta
2760 429 3204 493 commutatione,
3237 425 3381 498 quod
3410 427 3527 496 ejus
3547 436 3651 494 est,
3687 428 3745 481 tit
3772 443 3872 497 pro

554 529 729 594 Absit,
762 530 955 581 fratres
985 544 997 579 :
1056 525 1164 580 into
1192 524 1367 595 potius
1408 522 1714 578 veneranda
1744 531 1859 587 cst,
1900 523 2025 593 quia
2054 536 2149 576 ve—

554 620 731 675 ritatis
754 608 1036 689 ‘speculum
1060 656 1076 682 ,
1108 616 1231 686 quia
1262 613 1431 687 rigida
1460 616 1704 685 quaedam
1737 611 2045 668 dilectionis
2067 619 2152 666 est

552 713 723 768 forma
766 729 791 765 :.
811 708 1068 783 quidquid
1107 709 1253 765 enim
1292 725 1321 763 a
1350 709 1494 781 justo
1525 708 1733 774 didicit,
1766 708 1817 764 id
1847 706 2025 765 facere
2069 707 2151 761 in-

552 807 757 875 justum
783 818 997 875 quoque
1026 800 1304 873 compellit
1328 820 1341 856 :
1375 800 1492 874 (55)
1523 799 1714 856 bifarie
1743 798 1962 872 inclyta,
1982 813 2149 855 unum

552 896 925 969 glorificaudo,
956 894 1118 950 alium
1142 892 1485 965 corrigendo.

632 986 717 1044 VI.
736 986 961 1043 ConStat
973 1002 1099 1059 ergo
1113 1001 1271 1041 omne
1288 984 1707 1043 Christianitatis
1721 984 1890 1055 magis
1910 978 2151 1038 in'chari-

556 1091 688 1148 tate,
715 1097 874 1152 quam
901 1082 953 1136 in
980 1096 1096 1151 Spe,
1127 1080 1212 1135 vel
1237 1078 1339 1134 fide
1361 1094 1480 1135 esse
1501 1079 1801 1147 depositum
1828 1096 1842 1131 :
1875 1078 2015 1132 sicut
2040 1075 2154 1132 evi-

551 1174 927 1229 denstestatur
948 1172 1271 1243 exemplum.
1293 1169 1459 1227 Judas
1482 1171 1587 1244 25
1609 1169 1724 1243 (Eii)
1741 1168 2024 1225 lseariotes
2047 1177 2157 1222 tra-

549 1267 693 1322 ditor
715 1264 945 1333 Domini,
971 1275 1025 1323 et
1051 1281 1199 1335 spem
1219 1273 1274 1320 et
1299 1263 1457 1319 fidem
1483 1260 1713 1333 perdidit
1736 1280 1748 1315 :
1775 1262 1897 1332 quia
1917 1259 2155 1315 charitas

567 1376 600 1413 η
628 1358 743 1429 ipso
773 1374 877 1412 non
911 1359 1103 1412 mansit
1133 1376 1145 1409 :
1182 1372 1302 1410 nam
1335 1365 1391 1411 et
1422 1353 1655 1410 haereses
1685 1360 1736 1409 et
1767 1350 2054 1408 schismata
2078 1350 2156 1405 sic

550 1451 994 1517 disseminantur,
1028 1464 1151 1504 cum
1191 1446 1372 1503 inﬂata
1407 1444 1542 1502 fides
1572 1460 1635 1500 ac
1670 1460 1817 1515 Spes,
1847 1442 2155 1519 dilectionis

553 1560 583 1598 a
617 1542 968 1599 fundamento
1008 1542 1298 1596 velluntur.
1332 1537 1471 1607 Quid
1521 1548 1700 1594 autem
1731 1538 1850 1592 siue
1892 1536 2158 1592 charitate

548 1636 657 1694 sint
687 1652 793 1691 non
826 1643 1031 1691 tantum
1062 1633 1200 1699 istae.
1231 1633 1325 1690 sed
1353 1644 1404 1688 et
1429 1633 1549 1687 alite
1576 1645 1787 1702 quoque
1815 1628 2159 1695 virtutes,iuc

549 1727 670 1784 dice
693 1727 858 1782 Paulo
886 1728 1196 1797 cognoscite
1226 1743 1238 1778 :
1296 1723 1361 1778 Et
1389 1725 1430 1778 si
1455 1723 1698 1790 Itaburro,
1729 1719 1923 1792 inquit,
1958 1736 2158 1773 omnem

2259 523 2501 593 partibus
2534 522 2649 593 (57)
2680 521 3162 593 nostris.Sequens
3188 529 3290 583 est,
3312 526 3371 574 ut
3399 521 3561 575 etiam
3595 522 3871 589 proximos

2256 629 2323 670 eo
2372 613 2583 679 allecto,
2639 630 2744 684 quo
2799 629 2897 668 nos
2948 614 3094 683 ipsos
3140 612 3417 682 diligimus
3449 653 3465 680 ,
3519 612 3808 684 diligamus
3851 629 3866 668 :

2257 707 2490 762 maxime
2518 722 2638 763 cum
2662 706 3001 777 cognationis
3031 708 3144 777 ipsa
3176 706 3277 760 hoc
3308 705 3526 774 exigant
3545 705 3669 777 jura
3703 723 3718 759 :
3760 706 3871 761 cla.

2259 811 2370 856 mat
2388 801 2530 855 enim
2556 799 2815 871 propheta
2847 817 2860 854 :
2888 796 3032 854 Deus
3059 816 3194 853 unus
3218 800 3407 853 creavit
3435 815 3543 853 nos.
3573 798 3764 855 Nonne
3781 816 3873 869 pa-

2259 901 2335 947 ter
2359 908 2494 945 unus
2522 902 2596 946 est
2625 892 2850 946 omnium
2879 900 3102 945 vestrum
3132 893 3149 958 (
3179 889 3312 946 Mal.
3349 907 3410 956 ll,
3440 892 3505 946 10
3529 890 3592 963 )‘i
3620 892 3872 962 Quisquis

2261 984 2423 1054 igitur
2452 983 2750 1038 nobilitatis
2771 998 2883 1037 sum
2910 982 3306 1038 conscientiam
3325 982 3544 1049 retinet,
3568 982 3744 1055 diligit
3763 984 3871 1038 fra-

2261 1086 2396 1133 trem
2421 1093 2434 1128 :
2466 1092 2565 1133 nec
2588 1076 2987 1147 aliquidaudire
3009 1074 3126 1148 (38)
3147 1083 3428 1146 exspectat
3444 1091 3511 1133 ex
3541 1077 3681 1147 lege.
3697 1092 3765 1133 ne
3786 1077 3875 1132 ad.

2260 1167 2579 1233 monitione,
2613 1167 2796 1239 pietati
2814 1167 3018 1238 aliquid
3045 1169 3373 1238 derogetur:
3398 1174 3715 1239 tantumque
3735 1185 3795 1225 se
3820 1171 3873 1226 in

2259 1262 2378 1324 ipso
2406 1271 2572 1327 amat,
2615 1273 2670 1318 ut
2698 1261 2873 1316 oderit
2898 1277 2957 1317 se
3006 1260 3123 1317 sine
3150 1262 3289 1331 ipso.
3337 1262 3567 1318 Accedit
3592 1264 3659 1318 ad
3684 1279 3873 1319 eumu-

2260 1352 2395 1419 lum,
2424 1352 2567 1423 quod
2600 1353 2722 1408 ideo
2751 1353 2894 1407 Deus
2919 1353 3189 1408 hominem
3219 1352 3286 1408 ad
3331 1353 3620 1425 imaginem
3647 1364 3704 1412 et
3724 1356 3875 1413 simi-

2261 1447 2545 1503 litudinem
2578 1463 2729 1503 suam
2763 1447 2909 1514 fecit,
2936 1458 2993 1502 ut
3020 1446 3484 1517 contemplatione
3507 1448 3756 1519 imaginis
3782 1464 3875 1518 pa-

2262 1551 2504 1597 teremur
2522 1542 2880 1596 reverentiam
2900 1541 3174 1607 veritatis;
3201 1541 3254 1597 in
3267 1555 3439 1611 eaque
3453 1557 3541 1598 res
3562 1542 3875 1600 conditione

2262 1634 2482 1690 dimissa
2507 1644 2610 1697 est,
2636 1631 2750 1689 utsi
2770 1633 2896 1703 quid
2916 1633 3065 1698 mali,
3094 1632 3204 1707 κ
3222 1633 3302 1689 vel
3326 1632 3451 1690 boni
3470 1632 3718 1705 cuiquam
3734 1633 3877 1691 fece-

2263 1728 2457 1793 rimus,
2491 1726 2601 1781 Deo
2617 1724 2810 1780 fecisse
2828 1724 3137 1790 videamur;
3163 1733 3381 1794 propter
3397 1724 3540 1801 quod
3564 1741 3670 1782 non
3688 1726 3874 1784 imme-

552 1821 707 1891 ﬁdem
734 1822 807 1873 ita
834 1830 889 1875 ut
920 1830 1113 1873 montes
1139 1818 1465 1893 transferam,
1492 1815 1904 1869 charitatemnon
1925 1813 2157 1875 habeam,
2191 1820 2240 1882 Β
2269 1820 2373 1873 rito
2399 1816 2636 1873 Joannes
2676 1817 2962 1887 pecuIiaris
3002 1831 3323 1873 arcanorum
3355 1816 3567 1873 Domini
3593 1818 3876 1875 consultor

552 1915 686 1968 nihil
720 1931 854 1969 sunt.
904 1912 972 1967 Et
1015 1915 1060 1966 si
1086 1913 1139 1966 in
1167 1911 1305 1967 cibos
1338 1926 1619 1982 pauperum
1649 1906 1954 1961 distribuere
1985 1906 2159 1960 omnia

552 2022 686 2070 mea,
716 2015 763 2060 et
790 2006 834 2059 si
864 2005 1123 2059 tradidero
1154 2020 1342 2072 corpus
1372 2018 1561 2064 meum,
1598 2009 1652 2053 ut
1672 1999 1903 2062 ardeam,
1936 1995 2159 2049 Charita-

552 2109 653 2153 tent
683 2109 855 2152 autem
885 2115 987 2152 non
1017 2090 1252 2162 habeam,
1285 2096 1418 2150 nihil
1445 2093 1659 2167 proﬁcio
1688 2090 1738 2163 (ι
1762 2090 1886 2147 Cor.
1915 2106 1953 2156 ι,
1991 2090 2046 2153 2,
2076 2088 2154 2160 5).

553 2189 804 2247 Charitas
844 2192 1010 2256 enim,
1044 2190 1261 2253 fratres,
1290 2189 1468 2245 omnia
1511 2185 1703 2256 diligit,
1757 2186 1928 2238 omnia
1974 2183 2157 2249 credit,

548 2286 722 2339 omnia
749 2294 942 2354 sperat,
988 2286 1161 2338 omnia
1212 2284 1445 2339 sustinet.
1479 2279 1719 2334 Charitas
1754 2294 2039 2349 numquam
2070 2292 2160 2331 ea:-

550 2377 677 2430 cidit
710 2373 922 2446 (Ibid.,
966 2376 997 2431 7
1023 2386 1070 2430 et
1116 2374 1233 2445 8)..
1259 2374 1424 2445 Igitur
1454 2386 1561 2426 non
1594 2370 1864 2427 immerito
1896 2369 2161 2423 Dominus

550 2468 696 2524 Deus
726 2470 952 2539 proximi
984 2469 1325 2525 dilectionem
1356 2463 1697 2522 commendat
1728 2481 1741 2517 :
1772 2463 2028 2534 qu0niam
2068 2478 2161 2519 so-

555 2560 663 2617 lam
693 2560 812 2631 (55)
844 2562 1120 2630 praesumit
1142 2574 1359 2616 servare
1391 2573 1573 2628 posse,
1597 2555 1740 2624 quod
1772 2555 2034 2626 praecipit.

634 2654 746 2713 Vll.
793 2654 1031 2711 Primqu
1059 2663 1144 2710 est
1184 2654 1363 2723 itaque
1393 2650 1701 2706 dilectionis
1740 2647 2003 2721 officium,
2053 2648 2164 2703 Deo

552 2753 864 2812 relundere,
909 2748 1052 2821 quod
1095 2747 1205 2802 nati
1254 2760 1477 2802 sumus:
1512 2742 1724 2812 solique
1771 2742 1994 2806 debere,
2021 2740 2165 2810 quod

558 2846 787 2901 vivimus
815 2860 831 2898 :
864 2840 1103 2910 nihilque
1131 2850 1350 2909 prorsus
1379 2833 1560 2890 cordis
1592 2833 1760 2888 nostri
1795 2832 1848 2887 in
1875 2831 2167 2901 penetrali-

558 2940 663 2996 bus
682 2938 941 2995 retinere,
968 2930 1112 3001 quod
1146 2928 1261 3000 (‘56)
1286 2928 1463 2983 alieno
1488 2926 1609 2995 jure
1627 2939 1930 2980 servemus.
1955 2925 2025 2978 At
2045 2938 2166 2978 cum

557 3034 626 3088 ab
647 3030 840 3088 eodem
869 3026 1029 3097 hujus
1056 3023 1357 3081 devotionis
1383 3019 1699 3075 invitatione
1727 3018 2046 3081 inhabitari,
2070 3032 2165 3071 seu

554 3139 656 3178 nos
688 3123 738 3177 in
768 3119 886 3190 ipso
917 3116 1158 3171 habitare
1186 3112 1535 3183 coeperimus,
1566 3111 1705 3165 sicut
1731 3108 1968 3164 Joannes
1994 3107 2126 3162 dicit
2151 3124 2163 3161 :

554 3213 699 3271 Deus
724 3212 948 3271 charitas
979 3217 1074 3274 est;
1097 3208 1184 3278 qui
1205 3215 1373 3261 manet
1398 3206 1451 3259 in
1473 3203 1741 3269 charitate,
1768 3202 1822 3255 in
1855 3200 1965 3257 Deo
1987 3210 2175 3267 manet,

552 3319 602 3365 et
633 3305 774 3363 Deus
818 3306 871 3359 in
894 3304 989 3359 illo
1036 3271 1203 3356 manet
1234 3298 1277 3372 (Ι
1308 3297 1466 3354 Joan.
1493 3313 1567 3363 tv,
1603 3296 1671 3351 16
1691 3302 1750 3367 );
1783 3305 1910 3351 tunc
1926 3296 2165 3373 demum,
2198 3271 2244 3335 C

554 3403 768 3465 fratres,
797 3397 1112 3454 charitatem
1137 3409 1231 3465 per
1248 3389 1663 3462 semetipsumci
1690 3389 1954 3461 condigne
1976 3389 2171 3446 redde-

560 3572 647 3619 tur
676 3560 820 3617 euitn
868 3556 1019 3611 Pauli
1066 3555 1261 3610 locus:
1315 3552 1398 3606 lea:
1443 3552 1577 3605 enim
1620 3552 1750 3604 iram
1782 3566 2045 3622 operatur,
2102 3551 2168 3605 ad

561 3637 721 3690 Ilom.
761 3645 838 3697 tv,
872 3642 1013 3682 vers.
1068 3627 1152 3681 l5.
1190 3623 1822 3697 Eimeudatimusan‘tem
1848 3638 1912 3675 ex
1944 3636 2073 3697 mss.
2118 3630 2172 3677 et

561 3707 777 3759 eteteris
801 3691 983 3755 editis.
1010 3697 1173 3753 Solus
1202 3694 1392 3750 Urblu.
1427 3693 1598 3747 codex
1629 3691 1792 3748 habet
1823 3694 2167 3761 operantium.

561 3776 660 3831 Ms.
695 3773 813 3826 Tol.
847 3771 1006 3840 paulo
1035 3779 1153 3840 post
1178 3783 1192 3819 :
1219 3767 1338 3830 quia
1360 3776 1405 3840 et
1425 3767 1591 3840 justo.

636 3845 754 3916 (35)
770 3834 1023 3916 Bifariattt
1037 3834 1342 3916 scriptores
1359 3834 1533 3891 Latini
1552 3834 1767 3916 optima?
1786 3844 1927 3916 nota:
1951 3834 2169 3916 habent,

565 3902 1027 3984 sic‘uti'trifariaut,
1045 3902 1439 3984 quadrifariam,
1475 3906 1834 3984 multifariam,
1863 3914 1967 3959 ctc.
1988 3902 2174 3984 n'II'rifa-

565 3990 643 4042 ric
686 3974 866 4043 tamen
916 3974 1077 4036 habet
1130 3974 1420 4033 Diomedes
1455 3974 1844 4045 grantmaticus
1890 3974 2172 4046 multifarie

567 4058 772 4113 Plinius
800 4068 956 4117 xvut,
988 4052 1041 4118 7,
1072 4059 1128 4104 et
1161 4050 1378 4104 Solinus
1398 4062 1518 4117 cap.
1553 4047 1735 4118 18,51
1766 4047 1960 4116 quibus
1989 4046 2166 4102 Zeno-

566 4131 653 4185 nis
680 4128 877 4183 loeutio
909 4116 1040 4178 satis
1072 4120 1341 4177 vindicata
1368 4118 1599 4174 videtur.
1634 4116 1762 4173 Mss.
1794 4117 1912 4173 Tol.
1942 4128 1998 4173 et
2032 4118 2163 4175 Urb.

568 4201 734 4255 indita
764 4211 861 4267 pro
889 4195 1105 4267 inclyta.

643 4258 777 4340 (δυ’
799 4268 927 4340 Mss.
954 4258 1143 4333 Pomp.
1172 4260 1386 4340 θιᾌᾏθηἔ
1422 4258 1738 4340 Schariotes,
1770 4258 1925 4340 sicuti
1947 4268 2003 4315 et
2026 4276 2157 4340 mss.

566 4330 884 4412 Hieronymi
909 4338 969 4412 _in
990 4330 1118 4412 _cap'_.
1163 4350 1194 4389 x
1236 4333 1447 4395 Matth.,
1473 4346 1595 4412 pag.
1622 4330 1713 4412 5?,
1740 4332 1987 4412 similiter
2024 4333 2160 4387 scri-

568 4414 722 4481 bunt,
754 4402 809 4469 ἐι
838 4402 1077 4481 Hilarius
1097 4406 1148 4481 in
1174 4420 1255 4476 ps.
1289 4418 1527 4469 cxxvm;
1557 4406 1609 4458 in
1642 4402 1914 4473 plerisque
1949 4414 2166 4459 nostro-

568 4499 689 4539 rum
709 4477 849 4537 ’mss.
884 4477 1145 4535 Scarioth.

639 4552 756 4625 (35)
782 4551 879 4625 llic
904 4565 1157 4625 praesumo
1174 4556 1359 4619 aperte
1376 4559 1473 4616 pro
1498 4552 1635 4601 certo
1667 4560 1938 4617 cognosco,
1974 4553 2031 4599 ut
2052 4560 2169 4600 mo-

567 4619 785 4681 nuimus
810 4619 995 4677 adnot.
1028 4619 1081 4674 6.

2261 1917 2580 1964 constanter
2630 1907 2838 1963 edicit:
2887 1908 2948 1963 Si
2994 1908 3110 1976 quis
3161 1908 3374 1974 dixerit,
3424 1909 3670 1973 quoniam
3716 1909 3876 1980 diligo

2264 2001 2451 2065 Deum,
2484 2012 2529 2055 et
2557 2002 2770 2071 fratrem
2796 2017 2945 2055 suum
2962 2001 3093 2067 odit,
3113 2002 3335 2056 mendax
3360 2012 3434 2056 est
3459 2018 3479 2056 :
3502 2004 3591 2074 qui
3614 2005 3748 2059 enim
3769 2020 3875 2059 non

2264 2091 2433 2167 diligit
2462 2098 2675 2167 fratrem
2722 2111 2892 2158 suum,
2935 2111 3083 2165 quem
3118 2095 3272 2162 videt,
3325 2092 3514 2163 Deum,
3566 2113 3719 2168 quem
3761 2113 3867 2152 non

2265 2183 2426 2254 videt,
2450 2204 2552 2241 non
2582 2196 2747 2259 potest
2776 2187 2989 2259 diligere
3011 2186 3030 2259 (
3050 2187 3070 2242 ι
3090 2185 3247 2243 Joan.
3275 2203 3348 2254 tv,
3372 2187 3502 2258 20).
3530 2189 3875 2247 Decertemus

2267 2279 2448 2350 igitur,
2481 2279 2694 2345 fratres,
2739 2281 2878 2334 inter
2923 2294 3022 2335 nos
3068 2280 3237 2335 mutui
3285 2282 3491 2339 amoris
3525 2283 3872 2340 aemulatione

2266 2370 2536 2442 gloriosa;
2587 2371 2981 2442 imaginemque
3026 2371 3120 2427 Dei
3170 2372 3488 2443 dignissime
3533 2376 3869 2442 venerando,

2267 2462 2612 2518 declaremus
2655 2464 2782 2533 quid
2835 2465 2935 2534 ipsi
2989 2465 3199 2521 veritati
3246 2465 3560 2534 debeamus,
3615 2468 3870 2536 scientes,

2267 2557 2521 2625 quoniam
2536 2556 2582 2611 si
2603 2556 3028 2629 quisimaginem
3061 2558 3280 2626 laeserit,
3303 2560 3354 2615 in
3374 2560 3489 2632 (59)
3507 2560 3727 2616 exitium
3752 2577 3871 2619 sum

2268 2649 2464 2704 animus
2495 2649 2682 2704 incitat
2702 2650 3016 2707 veritatem.
3049 2649 3160 2707 Nec
3195 2660 3277 2707 est
3317 2651 3467 2706 dicto
3497 2652 3654 2723 longe
3679 2655 3871 2721 probao

2270 2741 2366 2794 tio.
2397 2738 2450 2796 Si
2481 2740 2662 2811 inclyti
2690 2741 3007 2812 cujusquam
3041 2742 3201 2812 Regis
3233 2741 3491 2817 (hominis
3514 2744 3718 2817 tamen)
3753 2745 3867 2819 (ω)

2269 2831 2474 2896 vultus,
2500 2833 2675 2903 quivis
2707 2832 2814 2887 ttlla
2841 2833 3128 2889 violaverit
3155 2836 3601 2899 rationo;noune
3615 2837 3870 2892 continuo
3944 2860 3951 2865 -

2270 2923 2416 2978 velut
2440 2923 2713 2994 sacrilegii
2732 2927 3004 2981 commissi
3028 2927 3284 2996 capitales
3304 2942 3494 2999 pinnas
3523 2929 3657 2987 luit?
3671 2938 3871 3000 quanto

2272 3020 2441 3088 magis
2473 3019 2524 3071 in
2557 3018 2648 3074 Dei
2700 3033 2859 3075 causa
2893 3019 3085 3075 fortius
3114 3021 3522 3090 praecavendum
3568 3034 3683 3090 est,
3709 3040 3866 3093 quem

2272 3111 2446 3165 solum
2478 3119 2715 3176 veretur,
2747 3110 3004 3182 quidquid
3033 3112 3086 3169 in
3118 3113 3237 3184 (st)
3275 3113 3567 3173 virtutibus
3590 3126 3791 3173 natura:
3837 3132 3870 3174 a

2281 3203 2517 3277 Regibus
2549 3206 2679 3275 ipsis
2702 3220 2918 3277 quoque
2943 3208 3234 3264 metuitur?

2354 3297 2485 3351 Vlll.
2527 3296 2633 3353 Sed
2665 3299 2971 3354 necessario
3022 3301 3313 3371 unicuique
3337 3300 3535 3361 sinceri
3561 3304 3761 3360 amoris
3787 3311 3876 3359 est

2282 3390 2552 3447 noscenda
2602 3392 2924 3462 proprietas,
2958 3407 3027 3450 ne
3072 3393 3175 3449 sub
3196 3409 3331 3451 sono
3351 3396 3883 3469 nminis(t2)cou:-

2276 3559 2488 3607 tractat.
2521 3566 2539 3607 ι
2569 3551 2751 3607 adnot.
2784 3552 2872 3609 58.
2901 3553 3054 3609 Patet
3090 3553 3249 3609 etiam
3292 3569 3357 3610 ex
3389 3554 3676 3610 Ambrosio
3702 3572 3876 3614 scrm.

2276 3622 2345 3677 10
2376 3625 2425 3677 in
2460 3639 2538 3692 ps.
2569 3639 2752 3691 cxvm,
2788 3641 2937 3680 unm.
2961 3625 3032 3680 25
3059 3644 3071 3679 :
3111 3626 3212 3690 Qui
3230 3636 3445 3681 coronat
3475 3627 3748 3697 imaginem
3773 3629 3880 3681 im-

2277 3697 2549 3771 peratoris,
2579 3697 2753 3771 utique
2782 3697 2931 3750 illum
2961 3698 3199 3759 honorat,
3232 3700 3393 3771 cujus
3417 3699 3691 3771 imaginem
3725 3715 3884 3754 coro-

2276 3767 2415 3840 nauit
2438 3782 2456 3819 :
2472 3774 2533 3840 et
2553 3768 2639 3835 qui
2661 3775 2882 3820 statuam
2905 3769 3262 3837 contempserit
3284 3767 3631 3840 imperatoris,
3657 3771 3885 3836 impera.

2276 3839 2375 3910 tori
2406 3839 2771 3910 utiquc,_cttjus
2799 3848 3018 3910 statuam
3046 3839 3442 3908 computantem,
3474 3842 3651 3910 fecisse
3676 3842 3885 3899 videtur

2276 3908 2542 4031 iguriam.
2576 3907 2641 3962 Et
2680 3907 2781 3963 'lib.
2832 3924 2883 3962 Vl
2931 3909 3292 3976 licitantem»,
3334 3907 3539 3980 calx—9,
3571 3927 3715 3966 num.
3767 3914 3834 3969 57
3866 3934 3882 3970 :

2360 3997 2412 4031 t'c
2442 3982 2556 4031 fusa
2589 3980 2881 4031 principum
2905 3980 3098 4031 ranita.
3122 3990 3169 4031 et
3195 3980 3336 4031 ducti
3366 3983 3537 4031 uultus
3575 3983 3638 4031 de
3664 3999 3766 4031 mre
3801 3989 3882 4031 ιιρι

2360 3997 2412 4032 rc
2440 3982 2556 4050 {usa
2589 3980 2881 4052 principum
2905 3980 3098 4052 rapito,
3122 3990 3169 4035 et
3195 3980 3336 4035 ducti
3366 3983 3537 4039 vultus
3575 3983 3638 4036 de
3664 3999 3766 4037 tere
3801 3989 3888 4042 vel

2274 4051 2337 4104 de
2362 4048 2690 4118 ma'rmorejab
2701 4048 2992 4105 hominibus
3006 4048 3310 4106 adorantur.
3337 4052 3491 4121 Quod
3511 4068 3672 4121 porro
3692 4053 3760 4107 de
3785 4070 3891 4109 ea-

2274 4120 2424 4195 pitali
2453 4136 2608 4190 pecua
2622 4126 2715 4195 _iug
2733 4123 3022 4190 imaginum
3050 4121 3343 4195 violatores
3368 4120 3536 4178 tradit
3560 4123 3731 4195 Zeno.
3752 4143 3893 4195 spe-

2269 4188 2381 4264 ctat
2408 4188 2578 4264 legem
2607 4188 2807 4264 Iuliam
2834 4188 3120 4264 ntajestatis
3147 4193 3431 4264 allegatum
3472 4195 3531 4249 ι).
3563 4195 3601 4249 ι.
3648 4193 3741 4256 ιδ.
3787 4188 3887 4254 lit.

2266 4259 2321 4327 4,
2353 4263 2388 4316 I.
2414 4263 2447 4317 5
2468 4259 2521 4317 et
2551 4263 2603 4318 6.
2625 4262 2682 4319 S.
2713 4259 3033 4331 illetltodius,
3059 4264 3198 4334 apud
3228 4259 3641 4333 Damascenum,
3670 4266 3894 4328 relatus

2272 4334 2585 4408 testimonio
2613 4334 2802 4388 ultimo
2831 4343 2949 4408 post
2987 4335 3083 4389 Or.
3132 4336 3166 4390 5
3192 4334 3261 4391 de
3302 4336 3801 4408 lmaginibus,tom.
3839 4358 3890 4407 ι,

2273 4418 2393 4473 pag.
2425 4403 2555 4478 390,
2599 4419 2695 4478 eos
2724 4405 3113 4462 condemnatos
3163 4403 3529 4478 testaturfqui
3562 4410 3613 4462 in
3668 4403 3894 4476 ptiuciL

2273 4489 2396 4549 pum
2430 4475 2712 4549 imagines
2754 4478 2967 4549 probra
3000 4477 3381 4549 conjecisseut,
3427 4475 3491 4534 ac
3534 4482 3578 4533 si
3629 4475 3684 4533 in
3727 4482 3897 4549 ipsos

2270 4546 2542 4619 principes
2567 4546 2900 4616 peccassent.
2916 4546 3135 4619 Similia
3154 4547 3314 4604 habet
3340 4548 3377 4604 S
3430 4549 3681 4613 Basilius,
3715 4546 3819 4607 cita
3833 4572 3898 4608 r-

2271 4617 2373 4671 rat.
2401 4617 2687 4693 it_t‘l_sai_am
2709 4633 2828 4693 cap.
2880 4618 2968 4683 15,
3000 4617 3139 4688 apud
3171 4620 3418 4693 eumdem
3450 4620 3891 4693 Datnaseenutn,

640 4691 1048 4767 (56)Nouquod
1067 4689 1199 4745 nihil
1219 4683 1749 4756 debeamusdiligere
1762 4693 1959 4767 praeter
1972 4684 2164 4752 Deum,
2194 4688 2249 4749 D
2276 4704 2393 4761 pag.
2425 4688 2547 4743 566.
2580 4683 2896 4758 Spartianus
2924 4683 3161 4760 quoque,
3181 4692 3232 4744 in
3254 4692 3542 4745 Caracallaz
3576 4690 3720 4757 Vita,
3746 4710 3813 4763 pa
3873 4683 3893 4752 ξ

642 4783 693 4821 m
723 4764 1269 4836 proximutnqttoqne
1297 4758 1440 4812 Deus
1458 4771 1665 4836 camare
1686 4773 1794 4836 .nos
1815 4757 2032 4836 julteatg
2066 4757 2162 4812 sed
2274 4759 2342 4813 87
2370 4779 2382 4814 :
2411 4758 2655 4836 Damnati
2682 4769 2801 4816 sunt
2826 4777 2883 4815 co
2907 4770 3151 4836 tempore,
3176 4763 3263 4836 qui
3286 4764 3486 4817 urinam
3504 4763 3555 4836 in
3581 4779 3639 4816 eo
3668 4762 3782 4819 loco
3812 4712 3893 4836 Fe-

568 4756 693 4822 cum
723 4756 1269 4836 proximutuqttoqne
1297 4758 1665 4836 Deusamare
1686 4773 1794 4836 .nos
1815 4756 2032 4836 julteat,
2066 4757 2162 4812 sed

570 4825 877 4907 quod-nihil
909 4833 979 4907 sit
1020 4825 1520 4907 diligendum,nisi
1565 4841 1634 4907 eo
1675 4826 1799 4907 jure
1839 4842 1901 4880 ac
1932 4828 2161 4907 ratione,

569 4896 729 4977 quam
760 4905 917 4977 nobis
948 4904 1087 4957 Deus
1118 4896 1570 4977 ip_se_pr:estituit,
1602 4896 1673 4949 ita
1698 4906 1756 4951 ut
1785 4896 1958 4966 ipsum
1998 4899 2162 4953 Deum

570 4966 626 5033 iii
655 4976 928 5040 omnibus,
960 4986 1079 5040 quae
1110 4966 1402 5040 diligimus,
1424 4966 1734 5035 diligamus.

649 5048 767 5118 (57)
786 5037 1141 5118 Sparaverius
1155 5037 1537 5118 _tuallet_legere
1551 5047 1801 5118 nostrum.
1812 5037 2042 5118 δεξιτερῆς
2070 5051 2167 5118 est,

572 5110 792 5189 oﬁiciuin
831 5110 1278 5189 subintelligitur,
1310 5110 1361 5164 id
1388 5119 1471 5165 est
1496 5111 1772 5166 secundum
1818 5111 2073 5182 adiciunt;
2103 5113 2171 5168 de

569 5182 744 5258 primo
773 5188 916 5243 enim
941 5182 1198 5258 hactenus
1216 5182 1449 5258 dixerat.

643 5258 761 5329 (38)
802 5258 931 5313 lss.
958 5254 1109 5329 τισι..
1135 5251 1452 5329 Urb.LZeu.
1484 5261 1541 5307 et
1564 5250 1755 5329 Pomp.
1785 5253 2113 5325 exspectavit.

649 5324 766 5403 (1:39)
801 5329 856 5403 lg
882 5327 1122 5403 margine
1150 5342 1253 5403 ms.
1286 5324 1473 5403 Pomp.
1507 5328 1719 5403 exitum:

645 5392 774 5473 (40},
817 5392 1028 5473 Vultus:
1048 5411 1144 5465 pro
1172 5392 1705 5473 _im_agiu_ibusndicti
1726 5409 1767 5473 ει
1795 5392 2084 5473 Trebellio
2111 5395 2165 5473 in

570 5462 802 5537 Claudii,
835 5485 865 5527 a
902 5462 1128 5533 νονὶὲεο
1172 5467 1227 5520 in
1260 5462 1441 5531 Probi,
1468 5482 1510 5537 a_
1528 5463 1837 5537 Capitolino
1860 5465 1915 5519 in
1946 5462 2165 5537 Maximi

570 5554 625 5601 et
655 5533 868 5599 Balbini
903 5537 1057 5602 Vitis,
1100 5552 1335 5593 necnon
1388 5537 1441 5591 in
1486 5533 1547 5591 L.
1592 5533 1727 5593 Cod.
1762 5534 1825 5589 de
1866 5535 2008 5604 publ.
2056 5536 2162 5591 ιωι.

564 5624 715 5667 nunt.
746 5613 834 5668 ubi
867 5612 1249 5678 imperatorum
1277 5607 1537 5678 imagines
1571 5607 1786 5678 publica
1810 5607 1977 5663 cultui
2000 5621 2165 5676 expo-

563 5686 697 5741 sitas
726 5683 917 5755 liquet.
944 5677 1109 5755 illunc,
1126 5694 1331 5755 morem
1359 5678 1415 5733 S.
1447 5677 1679 5755 lenonis
1707 5690 1821 5755 (evo
1847 5678 1987 5755 apud
2013 5677 2167 5755 (μιν)-

561 5748 1018 5824 stiauos'quuque
1051 5750 1364 5806 'obtinuisse
1390 5764 1455 5804 ex
1502 5748 1957 5824 boote-alimonio
1998 5748 2163 5824 disci-

550 5838 706 5890 mus;
728 5820 896 5899 Reges
918 5821 1069 5883 enim
1096 5821 1723 5903 Imperatoresappellat,
1746 5827 1806 5878 ut
1830 5820 2165 5879 ostendimus

2274 4758 2382 4814 8T:
2411 4758 2655 4814 Damnati
2682 4769 2801 4816 sunt
2826 4777 2883 4815 co
2907 4758 3151 4832 tempere,
3176 4763 3263 4832 qui
3286 4764 3486 4817 urinam
3504 4763 3555 4815 in
3581 4779 3639 4816 eo
3668 4758 3782 4819 loco
3812 4758 3901 4832 fe.

2271 4840 2466 4903 cerunt,
2490 4832 2542 4883 in
2568 4847 2669 4901 quo
2690 4842 2891 4897 stature,
2923 4844 3011 4903 aut
3039 4834 3287 4902 imagines
3311 4844 3453 4888 erant
3477 4835 3748 4903 principis.
3771 4832 3900 4895 Ce-

2275 4901 2437 4978 lebris
2461 4903 2585 4978 item
2623 4909 2707 4978 est
2734 4902 3095 4974 imperialium
3128 4901 3422 4978 mutuarum
3466 4901 3712 4978 historia,
3753 4923 3903 4978 qua:

2274 4970 2574 5046 Antiochia:
2614 4970 2836 5043 dejectio
2875 4989 3119 5046 magnam
3166 4975 3365 5029 ibidem
3406 4970 3897 5044 perturbationem

2276 5043 2636 5117 severissima
2669 5043 3138 5117 puuitionis'metu
3177 5043 3513 5112 excitarunt;
3560 5063 3664 5117 qua
3714 5066 3905 5109 occa-

2278 5115 2429 5188 sione
2455 5114 2510 5188 ξ.
2540 5113 2776 5188 Joannes
2796 5116 3218 5188 Cllry>OSl0n|US
3250 5118 3429 5187 plures
3457 5113 3729 5175 orationes
3776 5123 3903 5177 lia-

2274 5181 2392 5238 buit
2416 5183 2485 5258 ad
2512 5187 2786 5258 populum,
2814 5181 2932 5258 qua}
2963 5189 3026 5244 de
3052 5181 3667 5245 statuis-inscribuntur.
3704 5190 3906 5251 Milli-

2275 5269 2395 5310 mus
2421 5256 2522 5310 alia
2557 5256 2728 5325 plura.

2346 5326 2465 5397 (41)
2512 5326 2733 5383 Virtutes
2759 5338 2956 5384 natura
2984 5328 3106 5386 heic
3125 5342 3385 5387 vocantur
3409 5330 3655 5399 fulmina,
3687 5340 3908 5391 terra:-

2272 5408 2475 5479 m_otus,
2525 5401 2718 5479 morbi,
2750 5414 2843 5455 seu
2874 5399 3288 5479 (ut-louuamur
3327 5403 3627 5479 Psalmistae
3664 5406 3906 5476 verbis,

2269 5468 2339 5548 ad
2364 5484 2485 5548 quae
2601 5468 3093 5548 Zenorespexisse
3123 5472 3372 5546 videtur)
3422 5474 3588 5548 ignis,
3643 5468 3904 5548 grando;

2268 5539 2381 5604 uias,
2409 5542 2616 5613 glacies,
2644 5542 2855 5609 spiritus
2882 5539 3261 5611 procellarum:
3285 5539 3553 5600 et'seu'sus
3574 5539 3677 5610 esi,
3703 5539 3907 5608 bascé

2269 5612 2469 5692 natura
2508 5612 2741 5692 virtutes,
2770 5628 2893 5692 quae
2922 5615 3053 5692 ipsis
3084 5616 3300 5692 regibus
3343 5628 3548 5692 metum
3579 5618 3903 5692 incutiunt,

2271 5686 2543 5737 neminem
2568 5684 2763 5759 vereri,
2795 5683 2896 5738 nisi
2920 5683 3311 5759 solumDeum,
3343 5687 3500 5755 cujus
3527 5689 3745 5743 nutibus

2268 5763 2391 5826 rent
2407 5770 2425 5826 ξ
2442 5768 2579 5826 ίιιῃιι
2611 5754 2807 5821 {nciunt
2828 5753 3034 5810 verbum
3061 5758 3191 5826 ejus.

2341 5823 2463 5903 (42)
2503 5823 2577 5883 Ea
2623 5828 2867 5885 committi
2908 5823 3181 5895 dicuntur,
3230 5846 3351 5906 quae
3380 5832 3434 5905 is
3457 5831 3751 5905 discrimen
3823 5851 3914 5905 ac
