4216 6178
367 233 479 292 277
1368 230 1379 237 ’
1633 237 1844 300 LIBER
1882 244 1924 301 Ι.
1967 243 2389 306 TRACTATUS
2403 195 2492 304 Ill.
3641 258 3745 315 278

364 354 624 411 mittatur
669 350 853 424 regula
909 352 1189 419 veritatis;
1264 360 1349 408 est
1413 353 1562 409 enim
1613 364 1671 411 et
1700 358 1845 415 alius
1871 376 2026 417 amor
2053 367 2101 424 A
2130 369 2222 430 est,
2253 363 2664 433 concupiscentia
2691 373 2765 419 cst
2786 365 2955 420 carnis
2968 364 3449 443 stconcupisceutiu
3468 369 3737 424 oculorum

365 462 507 503 sane
562 444 731 501 saluti
787 454 993 502 nostrae
1049 444 1392 510 contrarius;
1453 443 1541 499 cui
1588 455 1743 503 recte
1794 452 2029 508 hominis
2135 463 2183 509 et
2209 454 2419 515 ambitio
2441 455 2617 510 seculi
2646 472 2800 527 :qua:
2819 472 2921 511 non
2951 466 3027 511 est
3067 471 3098 511 α
3125 465 3302 526 patre,
3335 457 3429 512 sed
3457 474 3526 513 ea:
3547 477 3737 515 conca.

368 541 553 598 forma
611 538 898 607 tribuitur,
949 541 1076 609 quia
1124 537 1442 608 temporalis
1515 552 1581 594 ac
1647 539 1861 613 fragilis
1904 559 2027 601 esse
2129 549 2377 620 piscantia
2404 550 2585 604 mundi
2624 548 2869 623 (Iloan.
2900 565 2959 613 ιι,
2986 547 3089 616 15,
3116 546 3224 621 16)
3257 563 3400 621 :‘per
3424 549 3570 608 hanc
3590 554 3734 609 enim

368 633 768 706 cognoscitur..
816 630 947 688 Ideo
998 631 1326 686 lineamento
1379 629 1579 700 puerili
1659 632 2021 707 depingitur,
2126 640 2374 697 diabolus
2395 654 2516 695 cum
2538 640 2652 712 (50)
2679 641 2891 697 diverse
2915 641 3191 696 hominum
3215 650 3423 699 mentes
3446 642 3571 716 (51)
3589 645 3736 716 capit

370 724 507 794 quia
553 722 675 792 ejus
752 721 956 776 lasciva
1005 719 1284 776 lubricitas
1343 734 1448 776 nec
1515 721 1682 779 annis
1760 727 2027 783 senilibus
2128 747 2193 789 ac
2217 731 2454 802 decipit,
2485 733 2563 788 sic
2585 732 2781 803 cupido
2806 732 3078 788 vocitaria
3106 731 3407 789 luxuriosis
3433 735 3553 790 suis
3576 777 3590 802 ,
3624 736 3730 793 sibi

373 817 488 891 27
539 824 896 885 temperatur.
955 811 1082 868 ideo
1130 810 1344 877 nudus,
1380 812 1521 883 quia
1578 816 1844 873 voluntas
1905 818 2025 888 ejus

373 917 465 964 est
489 905 792 978 turpitudo.
822 903 949 960 Ideo
971 912 1259 974 pennatus,
1282 903 1404 973 quia
1430 903 1482 957 itt
1507 919 1877 979 quaecumque
1893 924 2025 964 con-

373 1001 637 1071 ceperit,
697 998 961 1054 velociter
1002 994 1129 1052 ruit.
1180 993 1307 1050 Ideo
1345 995 1467 1050 telis
1507 995 1839 1069 facibusque
1886 1015 2022 1056 con-

372 1106 660 1162 Struetus,
685 1094 816 1164 quia
849 1090 1051 1146 illicitis
1097 1088 1381 1144 ardoribus
1411 1102 1634 1157 semper
1661 1091 1890 1160 junctus
1938 1100 2025 1150 est

370 1187 623 1260 gladius.
653 1183 786 1240 Ideo
812 1191 996 1237 autem
1027 1193 1203 1237 ctecus
1226 1220 1241 1247 ,
1267 1182 1390 1250 quia
1421 1194 1544 1235 cum
1574 1184 1878 1250 exarserit,
1903 1176 2020 1240 non

374 1288 611 1336 aetatem
637 1275 956 1331 considerat
981 1315 998 1342 ,
1027 1288 1133 1328 non
1180 1271 1405 1328 formam
1431 1311 1447 1337 ,
1479 1289 1590 1327 non
1643 1289 1843 1330 sexum
1863 1316 1879 1342 ,
1908 1293 2020 1333 non

370 1369 639 1442 gradum,
657 1382 768 1424 non
783 1372 1185 1422 sacrosanctum
1208 1363 1355 1418 illum
1377 1361 1493 1434 (45)
1508 1364 1711 1419 saltem
1736 1380 1885 1421 sanae
1902 1368 2018 1436 pie-

373 1460 513 1517 tatis
536 1457 822 1514 affectum.
854 1456 952 1511 Hic
975 1454 1175 1511 facibus
1200 1454 1311 1509 suis
1332 1453 1443 1525 (44)
1462 1456 1590 1509 Evae
1612 1464 1813 1524 pectus
1830 1457 2021 1512 incen‘

372 1553 482 1610 dit.
510 1551 618 1607 Hic
643 1549 822 1606 Adam
856 1549 969 1605 suis
997 1548 1117 1604 telis
1138 1546 1353 1602 occidit.
1378 1545 1478 1601 llic
1504 1545 1824 1601 Susannam
1850 1562 2017 1603 cona-

375 1659 469 1703 tus
495 1655 589 1702 est
643 1644 882 1700 duorum
937 1642 1202 1697 seniorum
1254 1651 1348 1695 aut
1407 1639 1740 1711 prodigiosis
1798 1641 2016 1711 ignibus

2128 828 2427 883 cultoribus
2444 870 2459 896 ,
2487 829 2647 895 cmpit
2660 870 2673 883 .
3369 870 3376 878 .

2199 920 2293 976 lX.
2315 920 2467 993 Nunc
2487 937 2616 992 ergo
2638 921 2937 986 videamus,
2966 919 3108 976 unde
3126 934 3253 976 vera
3270 919 3507 977 charitas
3531 923 3734 989 veniat,

2126 1013 2345 1068 ubinam
2396 1016 2684 1079 consistat,
2717 1016 2802 1070 cui
2831 1015 2913 1070 vel
2959 1016 3192 1070 maxime
3216 1014 3498 1071 debeatur.
3537 1017 3734 1088 Utique

2126 1104 2334 1175 illi,qui
2365 1106 2635 1162 hominem
2667 1106 2824 1172 fecit;
2848 1106 2939 1177 qui
2967 1107 3015 1161 ei
3038 1121 3229 1162 munus
3256 1118 3533 1178 perpetuae
3557 1110 3735 1164 chari-

2126 1199 2255 1251 tatis
2301 1197 2710 1255 similitudinem
2742 1213 2894 1254 suam
2929 1198 3188 1265 tradidit;
3213 1199 3303 1269 qui
3347 1198 3537 1255 orbem
3573 1208 3734 1255 teme

2125 1287 2387 1346 donavit:
2421 1291 2508 1360 qui
2538 1291 2719 1345 omnia
2752 1291 3023 1346 elementa
3067 1290 3255 1346 mundi
3294 1304 3415 1347 cum
3447 1293 3736 1348 animanti-

2123 1379 2228 1434 bus
2258 1381 2370 1436 suis
2398 1382 2514 1452 ejus
2560 1384 2815 1454 patestati
2861 1382 3130 1452 subjecit;
3159 1387 3250 1455 qui
3287 1384 3337 1439 ei
3358 1398 3562 1453 annos,
3597 1395 3736 1441 tem-

2122 1485 2259 1541 pora
2303 1488 2517 1529 menses
2539 1516 2553 1541 ,
2585 1482 2801 1541 noctes,
2831 1474 2949 1532 dies
2969 1517 2983 1543 ,
3018 1476 3457 1547 clarissimosque
3478 1477 3617 1532 duos
3640 1495 3732 1533 re-

2121 1564 2329 1633 galium
2360 1566 2569 1622 orbium
2589 1582 2779 1623 currus
2799 1567 2915 1641 (52)
2937 1568 3267 1625 munerifero
3282 1583 3498 1641 semper
3526 1569 3737 1625 vicissi-

2126 1656 2334 1711 tudinis
2385 1658 2784 1715 delectamento
2838 1662 3042 1717 servire
3092 1661 3386 1731 prmcepit;
3441 1662 3537 1740 qui
3607 1677 3730 1718 eum

373 1739 686 1810 subjicere,
711 1747 808 1793 aut
835 1734 1139 1807 parricidali
1167 1733 1343 1804 gladio
1358 1733 1638 1804 jugulare.
1674 1733 1777 1789 llic
1804 1733 2006 1805 Joseph

2116 1753 2418 1820 supradicti
2434 1754 2632 1809 amoris
2649 1753 2764 1826 (55)
2782 1754 2924 1810 male
2950 1755 3195 1811 dulcibus
3216 1756 3440 1811 venenis
3464 1734 3728 1823 occisum,

374 1834 603 1891 mulieri
631 1833 749 1904 (45)
766 1829 972 1901 flagitat
987 1843 1106 1884 esse
1126 1829 1452 1894 violentum;
1480 1843 1648 1898 quem
1671 1830 1858 1896 etiam,
1879 1830 2011 1886 dum

374 1928 652 1994 denudat,
671 1939 800 1982 esse
826 1938 936 1979 non
954 1922 1153 1979 invenit
1180 1923 1535 1994 impudicum.
1572 1924 1673 1980 Hic
1704 1924 1824 1998 (16)
1845 1942 2009 1997 syna-

374 2037 580 2095 gogam
608 2019 984 2091 expugnavit,
1011 2032 1128 2073 cum
1159 2034 1254 2073 sua
1297 2019 1373 2074 illi
1404 2034 1558 2073 arma
1602 2021 1875 2075 concedit.
1913 2021 2010 2078 llic

374 2115 589 2186 ubique
634 2111 1011 2178 turbulentus,
1042 2111 1233 2184 ubique
1272 2111 1445 2169 fertur
1481 2111 1730 2169 insanus.
1770 2113 2008 2169 Promit-

378 2209 475 2276 tit,
511 2206 633 2283 (47)
662 2205 827 2275 fallit,
857 2205 966 2272 dat,
993 2205 1163 2262 tollit:
1196 2222 1338 2263 nunc
1361 2207 1568 2270 tristis,
1602 2220 1748 2263 nunc
1777 2207 1967 2263 hilaris
1992 2249 2009 2276 ,

375 2315 530 2357 nunc
552 2298 821 2364 humilis,
851 2308 992 2352 nunc
1033 2297 1203 2354 elatus
1227 2339 1244 2366 ,
1272 2312 1415 2354 nunc
1445 2299 1638 2355 ebrius
1658 2340 1673 2363 ,
1707 2313 1847 2353 nunc
1869 2299 2012 2371 jeju-

378 2408 518 2457 nus,
554 2405 708 2446 nttnc
733 2397 1048 2457 accusator,
1080 2405 1217 2445 nunc
1239 2406 1384 2446 reus.
1410 2389 1677 2455 locatur,
1708 2388 1867 2455 ludit,
1896 2390 2013 2458 pal-

378 2485 491 2551 let,
551 2480 731 2548 tabet,
766 2480 1043 2550 suspirat,
1076 2479 1191 2553 (48)
1235 2481 1415 2549 celat,
1476 2479 1797 2549 obsequitur
1843 2497 1856 2534 :
1915 2480 2015 2536 aut

380 2586 595 2642 tentat,
652 2583 753 2629 aut
797 2572 1028 2639 decipit,
1061 2572 1173 2645 (49)
1208 2574 1473 2644 pejusque
1506 2564 1815 2638 blanditur,
1847 2588 2008 2642 quam

378 2670 537 2725 furit.
591 2666 953 2724 Occasionem
1002 2664 1157 2719 ullam
1186 2681 1413 2737 prorsus
1455 2662 1690 2720 nocendi
1734 2678 1839 2719 non
1872 2680 2011 2735 prat-

379 2762 535 2818 tcrit.
568 2758 750 2816 Vultis
798 2758 938 2813 scire
964 2797 978 2824 ,
1010 2758 1148 2829 quod
1187 2760 1390 2814 malum
1441 2757 1554 2813 sit?
1584 2757 1636 2811 in
1683 2758 1800 2826 ipso
1833 2758 2010 2815 fructu

380 2872 484 2912 suo
516 2856 691 2911 etiam
719 2852 841 2923 ipse
889 2866 948 2907 se
992 2850 1122 2906 odit.
1148 2852 1390 2909 Venenis
1431 2851 1553 2921 ejus
1577 2850 1818 2920 quotidie
1863 2859 2009 2908 totus

381 2955 665 3006 exaestuat
714 2944 950 3000 mundus
1002 2960 1016 2999 :
1066 2946 1446 3016 pestiferisque
1500 2943 1870 3013 voluptatibus
1931 2944 2007 3000 ita

380 3054 651 3115 corrupta
681 3047 812 3095 sunt
842 3037 1053 3106 omnia,
1082 3046 1140 3094 ut
1161 3038 1422 3110 quidquid
1451 3036 1507 3092 in
1540 3051 1605 3091 eo
1635 3037 1861 3105 geritur,
1894 3053 2003 3093 non

2118 1839 2464 1915 inferiaeque
2494 1845 2610 1899 sedi
2634 1846 2997 1915 submersum,
3025 1846 3323 1918 majestatis
3346 1862 3461 1903 sum
3487 1848 3604 1920 (54)
3634 1858 3725 1902 sa-

2116 1944 2408 1991 cramento
2436 1936 2762 1991 vivificatum
2780 1979 2795 2004 ,
2825 1937 3044 2009 insuper
3071 1938 3223 2008 regni
3243 1938 3480 1995 caelestis
3512 1937 3733 2009 partici‘

2115 2027 2349 2094 patione
2396 2028 2609 2083 ditavit.
2641 2028 2686 2083 Ο
2710 2029 2942 2086 cbaritas
2968 2074 2983 2097 ,
3014 2046 3173 2103 quam
3205 2032 3289 2102 pia
3318 2040 3373 2087 et
3398 2047 3558 2101 quam
3594 2045 3732 2101 opu-

2117 2115 2266 2172 lenta
2295 2119 2307 2172 l
2340 2134 2373 2172 ο
2404 2134 2564 2188 quam
2594 2129 2786 2190 potens
2810 2126 2823 2177 !
2857 2122 2987 2177 nihil
3010 2121 3195 2191 habet,
3218 2123 3308 2194 qui
3331 2132 3383 2179 te
3408 2137 3515 2178 non
3544 2120 3731 2177 habet.

2116 2207 2200 2264 'l‘u
2234 2212 2403 2267 Deum
2432 2214 2483 2266 in
2511 2211 2786 2270 hominem
2808 2214 2925 2288 (55)
2951 2205 3235 2272 demutare
3259 2215 3578 2273 valuisti.’l‘u
3608 2230 3732 2272 eum

2116 2300 2424 2357 breviatum
2451 2342 2468 2370 ,
2499 2305 2777 2377 paulisper
2802 2308 2870 2361 ab
2901 2307 3197 2378 majestatis
3223 2322 3335 2365 sum
3369 2308 3733 2365 immensitate

2117 2397 2456 2466 peregrinari
2485 2397 2686 2454 fecisti.
2739 2399 2816 2455 Tu
2848 2402 3098 2474 virginali
3124 2403 3330 2460 carceri
3358 2420 3549 2460 novem
3580 2420 3734 2463 men-

2115 2487 2271 2542 sibus
2300 2488 2651 2558 religasti.’l‘u
2681 2493 2849 2549 Evam
2883 2497 2935 2550 in
2954 2497 3171 2552 Mariam
3199 2498 3314 2573 (56)
3327 2498 3730 2571 redintegrasli.

2105 2567 2199 2633 'Tu
2229 2581 2400 2635 Adam
2428 2582 2481 2635 in
2511 2580 2734 2639 Christo
2766 2590 3059 2643 renovasti.
3092 2589 3171 2645 Tu
3195 2567 3403 2647 sacram
3433 2567 3648 2648 crucem
3677 2593 3730 2649 in

2115 2673 2343 2729 salutem
2366 2673 2576 2744 perdito
2596 2676 2706 2743 jam
2724 2675 2839 2752 (57)
2864 2681 3064 2736 mundo
3086 2683 3477 2752 providisti.Tu
3499 2692 3729 2741 mortem

2116 2765 2287 2820 Deum
2316 2767 2454 2821 mori
2484 2767 2738 2825 docendo
2769 2775 3034 2829 vacuasti.
3069 2774 3241 2830 Tuum
3273 2770 3389 2847 est,
3420 2777 3563 2848 quod
3602 2790 3729 2834 cum

2114 2859 2381 2915 occiditur
2410 2860 2481 2915 ab
2504 2860 2818 2921 hominibus
2847 2867 2989 2922 Deus
3014 2870 3403 2939 omnipotentis
3437 2872 3530 2928 Dei
3560 2868 3725 2942 illius,

2114 2950 2299 3005 nullus
2344 2951 2597 3007 irascitur
2625 2954 2695 3010 de
2736 2952 2971 3012 duobus.
3012 2957 3094 3013 Tu
3125 2961 3307 3031 populi
3345 2962 3582 3020 caelestis
3611 2967 3729 3020 ani-

2110 3058 2253 3097 mam
2279 3054 2467 3109 tenes,
2500 3059 2623 3099 cum
2652 3062 2818 3104 ornas
2850 3066 3069 3119 pacem,
3096 3052 3257 3108 fidem
3300 3057 3574 3122 custodis,
3607 3073 3726 3112 am-

379 3136 594 3192 debere
641 3130 795 3201 diligi
842 3146 872 3184 a
914 3129 1066 3185 nobis
1106 3131 1275 3186 sacris
1301 3128 1529 3184 vocibus
1583 3125 1711 3181 dum
1751 3127 2008 3196 jubetur,
2041 3126 2086 3189 C
2119 3135 2375 3205 plecteris
2427 3135 2831 3206 innocentiam,
2874 3143 3159 3197 veritatem
3208 3146 3372 3213 colis,
3405 3149 3720 3217 patientiam

380 3237 542 3287 recte
580 3224 927 3297 sapientibus
954 3216 1295 3280 exsecrabilis
1326 3237 1453 3278 esse
1503 3220 1771 3287 videatur,
1795 3219 2004 3295 Joanne

375 3323 605 3379 dicente
640 3334 656 3375 :
687 3314 871 3373 Nolite
895 3317 1102 3387 diligere
1129 3317 1403 3379 mundum,
1436 3327 1598 3384 neque
1646 3327 1703 3366 ea
1730 3354 1745 3379 ,
1797 3329 1910 3384 quae
1956 3314 2011 3369 in

377 3416 585 3472 mundo
610 3423 749 3469 sunt.
773 3412 838 3469 Si
862 3413 975 3480 quis
998 3412 1227 3466 dilexerit
1247 3411 1501 3465 mundum
1518 3448 1535 3475 ,
1569 3424 1672 3462 non
1696 3417 1770 3462 est
1789 3410 2014 3466 charitas

377 3510 554 3580 patris
589 3508 645 3561 in
682 3505 779 3560 illo
809 3517 830 3558 :
855 3506 1096 3575 quoniam
1128 3520 1275 3559 omne
1301 3545 1316 3569 ,
1369 3501 1511 3573 quod
1558 3500 1613 3554 in
1656 3502 1767 3573 28
1821 3505 2014 3562 mundo

376 3677 667 3727 certamen
698 3662 974 3736 quoddam
992 3660 1395 3736 “conjiciuntur.
1431 3660 1525 3716 Sic
1556 3660 1709 3736 apud
1756 3661 1990 3721 Juvena-

379 3745 517 3802 lem.
547 3738 668 3797 Sat.
700 3732 781 3803 vt,
834 3750 890 3791 v.
948 3733 1075 3798 455,
1116 3732 1321 3804 legitur
1380 3732 1649 3787 committit
1704 3745 1883 3803 vates,
1940 3747 1995 3793 et

378 3820 699 3884 comparat,
754 3814 1040 3884 prapterea
1088 3805 1229 3875 quod
1282 3821 1346 3859 ex
1392 3805 1810 3884 comparatione
1849 3809 1996 3876 peri-

375 3874 564 3943 eulum
593 3874 839 3952 ipsarum
861 3874 982 3952 'liat.
1014 3874 1192 3952 Itaque
1231 3892 1291 3930 ne
1318 3875 1414 3929 sub
1443 3890 1569 3928 sono
1606 3876 1828 3952 _nomini_s
1850 3874 1994 3952 :como

377 3945 634 4010 mittatur'
650 3950 829 4024 regula
854 3947 1100 4024 ueritatis,
1122 3946 1261 4002 idem
1286 3958 1366 4024 est
1392 3960 1457 4024 ac
1478 3959 1546 4000 ne
1568 3945 1637 3998 ob
1664 3948 1897 4024 nominis
1922 3952 1995 4005 si-

373 4016 754 4083 militudinct'n
781 4021 832 4075 in
856 4018 1142 4074 discrimen
1169 4018 1537 4088 etpericulum
1561 4016 1898 4088 conjiciatur.
1924 4024 1993 4077 At

374 4101 524 4154 forte
554 4094 795 4167 cuipiam
846 4091 1016 4160 magis
1041 4086 1275 4145 arrideat
1306 4088 1467 4144 lectio
1491 4103 1593 4142 ms.
1625 4086 1755 4144 Urb.
1791 4091 1842 4145 in
1886 4106 1993 4163 quo

372 4168 640 4226 scribitur
669 4170 1031 4218 commutatur.

448 4240 574 4309 (45)
625 4237 760 4291 Mss.
784 4233 934 4309 Vat.,
972 4231 1438 4309 Pomp._salti_t_n_et
1473 4243 1594 4309 cum
1637 4228 1767 4286 Urb.
1792 4248 1914 4290 sure.
1938 4233 1993 4289 In

370 4300 631 4381 margine
661 4317 844 4381 autem
874 4300 1184 4381 lfompeiani
1210 4300 1414 4381 codicis
1432 4342 1445 4365 ,
1474 4302 1653 4381 saltem
1680 4318 1822 4356 sane.

449 4370 569 4454 (εἰ)
599 4376 743 4448 Ωιιίά
764 4376 869 4454 11ορ
894 4370 1490 4454 Ιοτξιξὶῐξ1111ξ118ηΖριιο,
1512 4370 1996 4454 ἀίοιιιιιιυξειῇςῖυε

370 4444 602 4509 dissert.
625 4444 667 4504 it
692 4460 816 4516 cap.
842 4446 900 4507 4.
927 4447 1013 4499 ubi
1044 4446 1272 4500 similem
1301 4444 1474 4498 locum
1494 4458 1557 4497 ex
1587 4452 1740 4497 tract.
1764 4444 1829 4501 15
1853 4447 1945 4503 lib.
1978 4465 1994 4502 ι

375 4517 1074 4595 ριιιιξίξιυὶᾷιρὶίωνίιηιιξ.

451 4593 575 4667 (45)
606 4585 883 4667 Flagitare
906 4602 1002 4658 pro
1019 4589 1272 4667 iuj‘antar‘e
1293 4596 1342 4641 et
1369 4599 1611 4640 accusare
1636 4585 1827 4667 legitur
1853 4590 1993 4658 apud

371 4659 1183 4736 prt‘iba'toshs't-riptores.ﬁ_Ville
1218 4659 1432 4713 Festum
1481 4671 1631 4736 voce
1661 4659 1991 4736 intercutem,

373 4728 434 4793 et
466 4732 624 4791 Tacit
656 4732 757 4789 lib.
781 4728 956 4800 t'cap.
1000 4728 1089 4785 53.
1125 4730 1220 4784 Est
1246 4738 1423 4784 autem
1448 4728 1651 4800 (ﬂagito
1695 4734 1992 4797 (ll‘iPsel‘lllll

371 4811 448 4863 de
482 4806 708 4862 infamia
741 4798 921 4859 rerum
947 4803 1197 4871 turpium,
1222 4801 1357 4855 sicut
1386 4798 1546 4871 etiam
1580 4809 1871 4871 usurpatur
1900 4816 1995 4871 pro

370 4888 584 4951 petere,
612 4890 713 4951 seu
744 4886 895 4947 agere
914 4870 1144 4951 stupru‘m
1168 4888 1184 4937 ;
1214 4880 1268 4951 et
1312 4870 1562 4951 similiter
1600 4870 1854 4951 ﬂagitium
1897 4887 1996 4951 pro

370 4940 593 5018 "stupro.
637 4940 810 5018 Amor
859 4940 1369 5018 autemJosephum
1418 4940 1695 4996 infamavit
1744 4940 1994 5018 intentati

375 5012 562 5092 turpis
589 5016 784 5092 flagitii
805 5059 821 5085 ,
851 5030 921 5092 ac
936 5018 980 5071 si
1010 5012 1320 5092 violentiam
1344 5054 1358 5078 ,
1385 5029 1544 5092 quam
1574 5029 1765 5092 passus
1790 5013 1994 5092 fuerat,

373 5084 507 5156 ipse
530 5084 751 5145 mulieri
771 5084 1059 5150 intulisset,
1089 5086 1185 5142 Ms.
1213 5084 1335 5142 Vat.
1366 5100 1462 5154 pro
1480 5085 1809 5156 .ﬂagitalesse
1836 5085 1998 5143 habet

374 5110 389 5145 1
437 5109 507 5147 se
530 5109 751 5145 muneri
772 5109 1059 5150 Intuusset,
1089 5109 1185 5142 ius.
1224 5109 1335 5142 Vat.
1366 5109 1809 5156 ριὐημαυιιαιεδδε
1836 5109 1941 5143 tutu

372 5109 676 5237 ιεισξιςιεεε.
818 5176 887 5237 -_
977 5227 1085 5237 _..
1187 5227 1293 5237 ._.
1576 5226 1626 5237 ..
1751 5227 1763 5237 .
1914 5195 1943 5237 ,ι

454 5226 1331 5302 (46)Sparaveriusindicariheic
1353 5237 1539 5282 censet
1574 5226 1852 5282 historiam
1897 5227 1994 5283 dc-

372 5297 662 5374 scriptam'
684 5303 905 5374 Numer.
935 5297 1214 5374 xxv,_._lud.
1242 5313 1332 5361 xx,
1363 5312 1472 5352 xxt.

459 5366 585 5448 (ᾸἹ)
612 5372 968 5448 Restituimus
1009 5371 1144 5448 fallit
1165 5385 1246 5448 __ex
1278 5382 1386 5448 mss
1427 5372 1509 5448 et)
1526 5366 1759 5424 editione
1780 5370 1950 5439 prima
1976 5411 1991 5438 ,

373 5440 789 5519 quiodrverbum
814 5460 845 5519 _a
873 5440 1083 5519 caeteris
1114 5440 1435 5519 editiouibus
1463 5440 1666 5519 aberat;

455 5518 587 5591 (48)
618 5516 715 5571 Ms.
738 5514 866 5571 Urb.
890 5516 1054 5591 κιαι..
1086 5511 1508 5591 quoverbousus
1533 5520 1615 5569 est
1634 5510 1999 5591 Tertullianus

374 5594 436 5647 in
462 5581 718 5646 carmine
767 5595 953 5653 contra
994 5581 1315 5653 Marcionem
1366 5594 1419 5636 et
1448 5581 1723 5653 lnlcrpres
1753 5584 1999 5649 vulgatus

375 5652 913 5734 psalm.‘t.xxnt,.75.
946 5659 1013 5714 At
1057 5652 1224 5722 Zeno,
1250 5660 1408 5709 tract.
1465 5656 1533 5721 4,
1581 5652 1636 5710 ιι.
1692 5656 1748 5720 2,
1804 5656 2000 5711 zelatur

378 5728 490 5815 pro
522 5730 663 5801 gelat
690 5728 921 5806 scripsit.

2112 3227 2289 3299 diligis
2314 3272 2327 3294 ,
2358 3245 2506 3300 Spem
2536 3244 2922 3301 repracsentas.
2955 3236 3034 3291 Tu
3076 3234 3186 3311 29
3205 3237 3449 3296 diversos
3473 3240 3718 3298 homines

2113 3320 2374 3386 moribus,
2400 3320 2670 3392 aetatibus,
2705 3323 2932 3393 ditione,
2962 3344 3028 3383 ex
3061 3344 3165 3383 una
3192 3341 3381 3386 natura
3405 3346 3570 3388 unum
3600 3320 3717 3405 spi-

2113 3418 2299 3479 ritum.
2322 3432 2490 3471 unum
2519 3416 2693 3472 efﬁcis
2714 3433 2934 3489 corpus.
2970 3420 3051 3476 Tu
3082 3432 3349 3492 martyres
3378 3424 3648 3496 gloriosos
3684 3442 3717 3484 ι

2115 3508 2455 3565 confessione
2476 3506 2773 3564 Christiani
2798 3514 3036 3570 nominis
3057 3515 3218 3571 nullis
3236 3517 3544 3585 tormentis,
3570 3519 3717 3576 nulla

2310 3666 2420 3742 ΜΒ.
2452 3667 2661 3742 Pomp.“
2677 3670 2937 3741 priusque.

2140 3813 2150 3824 '
2174 3738 2285 3824 (ῥυ)
2308 3739 2453 3795 Idem
2478 3754 2581 3794 ms.
2607 3738 2809 3795 diversa
2834 3738 2853 3797 ὲ
2882 3742 3005 3799 dein
3028 3738 3159 3801 Urb.
3195 3753 3390 3803 mentes
3412 3758 3591 3819 captas
3620 3748 3720 3806 de-

2100 3821 2285 3953 ngl)
2319 3880 2443 3937 Suis
2464 3881 2532 3936 ab
2552 3864 2712 3939 editis
2729 3884 2917 3941 aberat
2937 3902 2952 3952 ;
2971 3888 3290 3943 retinuimus
3309 3903 3376 3943 ex
3405 3905 3536 3946 mss.
3552 3864 3710 3947 Rem.

2103 3963 2157 4099 ﬁt
2178 3953 2642 4099 (garrplécgebatur
2681 4027 2998 4098 aumerifero
3029 4045 3047 4083 :
3075 4038 3126 4083 at
3156 4026 3359 4099 placuit
3393 4032 3554 4088 lectio
3576 4048 3709 4089 mss.

2101 4095 2439 4179 Potiip.,_j‘ol
2466 4104 2518 4151 et
2550 4095 2726 4179 Urb.;
2753 4095 2954 4169 quippe
2983 4100 3061 4154 sol
3093 4095 3172 4155 et'
3193 4100 3317 4156 luna
3337 4142 3354 4167 ,
3382 4102 3510 4159 dum
3533 4098 3711 4161 delec-

2103 4175 2258 4230 tant,
2288 4175 2449 4221 etiam
2474 4178 2719 4230 prosunt.
3456 4196 3465 4201 -

2174 4234 2290 4309 (55)
2324 4234 2422 4292 Ms.
2451 4234 2570 4293 Vat.
2602 4239 2749 4294 valde
2770 4238 3023 4296 dulcibus.

2173 4330 2287 4402 (54)
2317 4331 2748 4387 incarnationem
2797 4331 2962 4410 divini
2988 4333 3152 4389 Verbi
3176 4333 3284 4410 δξ.
3328 4334 3718 4410 Patres’sarpo

2100 4411 2513 4474 sacramentum,
2571 4417 2667 4474 seu
2714 4405 3031 4472 mysterium
3091 4406 3362 4474 appellant
3414 4422 3480 4463 ex
3544 4405 3714 4466 Paulo”

2021 4496 2076 4556 Β
2102 4473 2121 4527 l
2152 4473 2414 4556 Tim._nl_,
2450 4473 2537 4527 16.
2568 4471 2702 4556 Hinc
2732 4471 2917 4556 noster
2937 4471 3246 4556 episcopus,
3271 4478 3507 4556 tract.”
3527 4480 3622 4556 lii}.
3650 4498 3704 4556 ι,

2101 4559 2260 4619 num._
2290 4545 2315 4597 1
2344 4584 2359 4609 ,
2380 4543 2623 4619 loquens
2664 4542 2994 4619 de_Qltristo
3021 4586 3036 4612 ,
3069 4542 3159 4619 qui
3196 4546 3394 4619 dicitur
3424 4562 3535 4605 tum
3570 4552 3661 4606 Dei
3687 4542 3713 4619 ι

2101 4626 2210 4669 tum
2248 4614 2480 4671 hominis
2514 4614 2689 4680 ﬁlius,
2723 4613 2821 4670 Dei
2861 4616 3003 4685 ﬁlius
3024 4658 3038 4683 ,
3071 4613 3273 4684 inquit,
3297 4620 3367 4671 ad
3397 4613 3707 4687 inc/fabilmi

2098 4689 2345 4757 originem
2370 4687 2605 4758 pertinet,
2634 4687 2854 4740 hominis
2893 4691 2960 4741 ad
2991 4698 3367 4743 sacramentum
3388 4731 3402 4755 ,
3430 4693 3480 4745 id
3502 4703 3587 4746 est
3633 4693 3703 4747 ad

2099 4759 2543 4830 incarnationem.
2575 4758 2664 4813 Sic
2708 4759 2869 4811 etiam
2910 4759 3228 4830 Chrysologi
3270 4774 3451 4815 sermo
3474 4762 3606 4827 147,
3639 4764 3704 4818 dc

2098 4829 2123 4880 l
2133 4829 2478 4883 ncarnationis
2501 4841 2822 4883 sacramento
2844 4829 3172 4884 inscribitur.
3188 4829 3592 4887 ’Sacramentum
3606 4849 3709 4889 aud

2100 4910 2205 5024 teJm
2250 4902 2625 5024 prgamysterio
2670 4900 2839 4970 accipi
2868 4901 3215 4957 ostendemus
3237 4901 3331 4957 lib.
3363 4919 3403 4959 ιι
3449 4913 3606 4960 tract.
3633 4904 3705 4971 9,

2100 4986 2151 5024 at
2172 4981 2282 5024 not.
2393 5011 2404 5024 .

2100 4981 2282 5026 adnot.
2318 4981 2404 5024 1'2.

2177 5065 2294 5137 (55)
2322 5064 2445 5137 Haec
2469 5062 2719 5137 formula.
2746 5078 2869 5137 qua:
2890 5064 3418 5136 post‘Eutychianam
3450 5067 3703 5125 haeresim

2101 5134 2323 5191 exclusa
2365 5134 2500 5202 fuit,
2552 5134 2788 5189 Zenonis
2838 5150 2955 5189 aevo
3004 5134 3275 5207 inculpate
3327 5146 3382 5194 et
3436 5139 3706 5196 catholidd

2103 5216 2503 5277 sensupoterat
2532 5207 2775 5277 usurpari
2801 5248 2815 5272 ,
2844 5214 2901 5259 ut
2931 5207 3090 5261 latius
3118 5208 3351 5264 diximus
3374 5209 3589 5266 dissert.
3624 5224 3701 5277 ιι,

2102 5292 2152 5332 c.
2185 5279 2236 5341 1,
2266 5276 2294 5349 §
2326 5277 2381 5341 '5,
2408 5275 2700 5349 Breviatum
2735 5277 3064 5347 participium
3112 5294 3176 5334 ex
3222 5279 3409 5345 brevio,
3441 5297 3527 5349 as,
3556 5275 3704 5349 quod

2101 5336 2326 5404 verbum
2354 5336 2571 5405 adhibet
2598 5336 2979 5416 Quintilianus,
3005 5349 3097 5404 lib.
3132 5366 3169 5416 ι,
3191 5364 3310 5420 cap.
3335 5336 3698 5419 9;'Manilius,

2101 5422 2193 5475 lib.
2225 5432 2305 5487 ιιι,
2337 5435 2477 5475 vers.
2513 5420 2637 5476 461.
2673 5420 2979 5475 Lactantius
3003 5422 3053 5474 in
3098 5422 3367 5491 Epitome,
3397 5436 3446 5476 c.
3478 5420 3512 5477 8
3536 5465 3549 5488 ,
3572 5421 3706 5491 Brod

2100 5493 2248 5547 virttis
2262 5492 2503 5563 gradibus
2530 5492 2838 5546 adscendcrc
2857 5492 2995 5559 apud
3018 5490 3301 5548 Sidonium
3323 5493 3418 5547 lib.
3444 5506 3503 5558 ιι,
3527 5507 3612 5562 ep.
3637 5490 3696 5547 Ξ.

2176 5564 2299 5634 (56)
2326 5563 2421 5617 Ms.
2453 5564 2637 5637 Pontp.
2664 5563 2857 5637 etpedit
2879 5565 3010 5637 Veii.
3036 5565 3359 5637 reintegrasti
3386 5577 3404 5616 :
3433 5572 3540 5618 tota
3571 5570 3705 5618 vero

2104 5636 2221 5690 lucc
2247 5636 2518 5690 sententia
2546 5635 2698 5689 deest
2725 5636 2777 5689 in
2808 5648 2908 5689 ms.
2944 5633 3062 5687 Vat.

2181 5722 2295 5801 (57)
2330 5725 2428 5786 Ms.
2475 5725 2627 5783 liem.
2660 5724 2809 5783 addit
2844 5725 2899 5780 in
2937 5722 3174 5790 mundo;
3208 5721 3301 5779 sed
3328 5718 3539 5777 dativus
3583 5732 3668 5781 est
3689 5750 3721 5795 οι
