4216 6178
521 297 630 357 285

1879 298 2131 359 8ΔΝΟΤῙ
2168 301 2457 361 ZENUNIS

3617 290 3629 308 “
3716 310 3821 366 εει

519 420 892 475 incunctanter
919 426 1170 490 Optarent
1210 418 1364 475 stulti
1404 417 1650 490 judicare
1690 432 1750 474 se
1774 417 1928 490 justi,
1958 434 2120 489 quam
2147 425 2198 485 Α
2226 437 2386 493 quam
2434 423 2566 477 recti
2605 420 2806 492 aliquid
2856 421 3002 478 illaut
3054 420 3233 477 facere
3277 410 3357 476 vel
3400 420 3634 493 fecisse,
3679 425 3823 495 quod

518 510 789 581 sapientes
829 510 1051 582 injusti:
1083 511 1315 566 maxime
1352 524 1473 567 cum
1510 510 1622 581 jam
1648 511 1719 565 sit
1746 525 1932 569 eorum
1976 509 2123 568 fraus

518 607 696 662 omnis
718 607 770 661 in
813 606 993 661 medio
1013 646 1030 672 ,
1063 619 1171 661 non
1198 603 1454 678 enitnt(9)
1499 621 1612 661 rem
1645 606 1926 661 valuerunt
1948 614 2124 662 trans.

516 698 680 765 ferre,
711 697 806 753 sed
837 696 1078 764 nomina,
1101 698 1362 768 justitiam
1388 697 1649 759 stultithe,
1684 698 2002 767 injustitiam
2030 712 2121 752 sa-

518 792 734 862 pientia:
754 791 1032 847 vocabulis
1062 792 1384 846 infamantes
1415 810 1429 845 :
1458 806 1578 862 qua:
1605 792 1651 846 si
1672 791 1739 847 ad
1761 807 1857 847 sua
1883 795 2125 863 corrigas

518 883 857 954 propriisque
883 884 1102 939 sedibus
1128 883 1352 950 reddas,
1383 883 1626 939 invenies
1648 883 1924 955 iﬂjUSliliLB
1946 886 2126 956 magis

516 976 842 1044 stultitiam,
904 976 1129 1047 justitiaa
1193 976 1512 1046 sapientiam
1571 977 1913 1043 convenire;
1980 976 2124 1049 quod

516 1071 676 1126 etiam
703 1085 874 1126 sacrae
919 1072 1050 1142 legis
1082 1072 1407 1127 testimoniis
1449 1071 1677 1141 probare
1709 1088 1813 1127 non
1844 1072 2122 1141 desinam,

516 1165 669 1233 cujus
698 1163 800 1219 ista
829 1173 956 1219 sunt
986 1165 1146 1220 verba
1182 1181 1196 1217 :
1230 1163 1372 1219 Nam
1399 1167 1518 1236 quia
1555 1167 1862 1237 sapientiam
1890 1168 1983 1221 Dei
2018 1184 2121 1223 non

514 1258 748 1327 cognovit
775 1257 1019 1312 steculum
1047 1274 1138 1327 per
1160 1257 1487 1329 sapientiam,
1517 1255 1657 1313 Deus
1678 1260 1927 1328 optimum
1945 1261 2097 1317 existi
2106 1289 2126 1301 ο

514 1353 669 1404 mavit
698 1366 789 1422 per
815 1331 1083 1404 stultitiam
1110 1350 1494 1418 prtedicationis
1524 1354 1691 1406 salvos
1721 1351 1891 1421 facere
1918 1354 2130 1406 creden-

516 1452 587 1496 tes
618 1441 660 1514 (l
693 1438 811 1495 Cor.
845 1456 892 1506 ι,
923 1441 1040 1510 21).
1078 1440 1144 1495 Ει
1171 1442 1363 1495 iterum
1396 1442 1732 1497 manifestius
1763 1460 1777 1496 :
1811 1441 1872 1498 Si
1901 1444 2014 1509 quis
2042 1443 2126 1497 in-

515 1538 588 1587 ter
616 1548 704 1588 vos
730 1533 928 1587 videtur
968 1535 1174 1605 sapiens
1204 1551 1317 1589 esse
1337 1536 1390 1588 in
1418 1535 1513 1589 hoc
1537 1535 1751 1601 steculo,
1774 1537 1965 1590 stultus
1996 1537 2088 1604 ﬁat
2107 1587 2123 1612 ,

513 1634 568 1679 ut
597 1626 662 1679 sit
688 1625 956 1697 prudens:
987 1641 1107 1679 nam
1134 1624 1295 1698 hujus
1320 1627 1499 1679 mundi
1526 1627 1780 1698 sapientia
1804 1627 2022 1682 stultitia
2052 1627 2127 1682 est

513 1719 654 1789 apud
700 1716 867 1774 Deum
897 1718 959 1792 (Ι
990 1718 1108 1775 Cor.
1135 1735 1225 1789 ιιι,
1281 1719 1514 1792 18,19).
1566 1722 1645 1777 Ob
1694 1737 1855 1793 quam
1905 1738 2123 1778 causam

512 1811 654 1867 idem
681 1812 824 1867 Deus
846 1827 941 1882 per
974 1813 1285 1883 prophetam
1312 1813 1569 1868 hactenus
1591 1821 1922 1883 protestatur
1951 1832 1966 1869 :
2000 1814 2124 1869 Non
2155 1809 2203 1869 B

512 1905 759 1977 glorietur
782 1904 987 1975 sapiens
1012 1906 1067 1959 in
1092 1921 1186 1959 sua
1213 1906 1488 1976 sapientia,
1520 1922 1682 1977 neque
1710 1906 1956 1978 glorietur
1977 1908 2126 1978 fortis

512 1998 567 2050 in
598 1996 904 2067 fortitudine
928 2013 1045 2063 sua,
1079 2012 1237 2068 neque
1284 1997 1422 2052 dives
1467 1999 1519 2052 in
1564 1999 1753 2054 divitiis
1800 1999 1927 2066 suis,
1955 2000 2046 2054 sed
2071 2001 2124 2056 in

513 2091 607 2147 hoc
635 2092 901 2164 glorietur,
944 2092 1033 2161 qui
1061 2092 1337 2162 gloriatur,
1381 2093 1667 2163 intelligere
1708 2103 1756 2148 et
1801 2094 1953 2160 scire,
2002 2096 2126 2166 quia

513 2204 606 2259 ego
635 2204 748 2242 sum
781 2185 1056 2253 Dominus,
1088 2189 1177 2258 qui
1202 2188 1338 2260 facio
1360 2187 1763 2243 misericordiam
1786 2198 1834 2242 et
1862 2188 2124 2260 judicium

512 2290 559 2334 et
577 2281 842 2355 justitiam
860 2296 1016 2352 super
1036 2288 1225 2334 terram
1256 2278 1475 2351 (Jerem.
1521 2296 1573 2335 ιχ
1592 2320 1608 2345 ,
1634 2278 1853 2351 23,24).
1886 2281 1932 2337 Ο
1960 2297 2121 2352 quam

510 2374 854 2448 paucissimis
884 2375 1061 2430 verbis
1091 2389 1254 2430 omne
1283 2374 1385 2430 hoc
1416 2374 1601 2430 mundi
1620 2374 1782 2431 enixe
1808 2372 1953 2446 quod
1983 2375 2124 2445 geri-

511 2475 601 2523 tur
627 2467 928 2540 negotium,
955 2470 1227 2540 peroravit
1255 2471 1269 2522 l
1303 2468 1385 2523 bis
1414 2469 1558 2523 enim
1584 2469 1760 2523 tribus
1784 2470 1968 2537 rebus,
2003 2486 2124 2541 quae

513 2561 862 2617 fundamenta
901 2570 1028 2617 sunt
1067 2562 1306 2617 omnium
1356 2562 1627 2627 vitiorum,
1675 2561 1927 2618 violentis
1969 2564 2122 2634 quasi

512 2653 838 2725 quibusdam
864 2653 1270 2724 tempestatibus
1294 2654 1667 2725 naufragatum
1690 2656 1981 2725 momentis
2003 2656 2120 2711 uni-

513 2750 689 2806 versis
734 2750 787 2804 in
833 2748 1199 2804 interitionem
1243 2749 1454 2816 cogitur
1490 2763 1653 2803 omne
1704 2763 1875 2818 genus
1924 2749 2120 2803 Imma-

516 2857 667 2895 num.
712 2840 957 2913 Namque
997 2841 1262 2912 sapientia
1281 2841 1467 2898 densis
1495 2839 1611 2912 (10)
1634 2847 1937 2896 exaestuans
1963 2855 2122 2911 argu-

516 2937 734 3003 mentis,
762 2936 1009 2991 suasoria
1053 2951 1118 2992 ac
1166 2934 1475 2992 delectabili
1522 2933 1810 2989 luculenta:
1857 2935 2122 2990 orationis

514 3035 726 3098 compta
749 3028 1050 3095 mendacio,
1076 3037 1281 3083 armata
1304 3027 1451 3081 vocis
1478 3025 1601 3080 tuba
1628 3034 1683 3080 et
1706 3023 2116 3095 gladiolingum,

514 3136 704 3177 omnes
748 3131 900 3178 actus
927 3121 994 3178 ad
1024 3137 1084 3179 se
1126 3120 1313 3188 trahit,
1346 3126 1641 3191 congregat
1670 3117 1871 3183 turbas,
1901 3118 2119 3173 concio-

2230 515 2461 572 fecerit?
2484 516 2661 573 Vultis
2688 517 2853 582 scire,
2881 530 3041 586 quam
3059 515 3204 586 justa
3222 513 3329 570 sit?
3357 514 3609 570 miseram
3634 531 3695 572 se
3724 532 3823 587 pu-

2228 620 2330 679 tat,
2395 612 2495 666 nisi
2541 610 2797 667 everterit
2849 609 3152 665 veritatem.
3214 610 3483 664 Caeterum
3534 607 3824 678 fortitudo,

2226 720 2346 777 quin
2369 704 2676 760 hominibus
2696 710 2782 759 est
2801 718 2924 757 eum
2952 702 3163 756 feritate
3193 701 3518 765 communis,
3547 716 3714 757 omne
3734 700 3825 773 jus

2229 799 2279 851 in
2312 796 2514 851 viribus
2560 795 2762 858 habet;
2796 792 2939 865 quod
2981 792 3161 849 facere
3190 792 3561 863 pra-valuerit,
3593 792 3829 849 aestimat

2227 869 2431 946 rectum
2457 907 2471 947 :
2500 889 2615 962 (12)
2643 889 2872 958 ideoque
2901 886 3019 941 sine
3058 886 3165 940 ulla
3197 885 3494 940 reverentia
3522 884 3719 941 divinat
3747 895 3829 941 at-

2225 1003 2330 1057 que
2358 986 2608 1039 humana:
2651 982 2927 1053 religionis
2965 979 3111 1036 delet
3146 979 3373 1048 abrupte
3420 979 3527 1049 igni
3574 978 3828 1051 ferroque

2226 1094 2347 1136 cum
2373 1093 2468 1133 sua
2497 1077 2597 1131 sibi
2627 1085 2736 1131 tota
2759 1073 3057 1129 substantia
3095 1072 3317 1137 incolas,
3350 1071 3618 1139 civitates,
3650 1083 3705 1126 et
3731 1087 3826 1127 ru-

2227 1190 2309 1235 ra,
2338 1173 2469 1239 nihil
2493 1172 2717 1225 omnino
2758 1179 3003 1243 metuens
3031 1167 3218 1222 amicae
3249 1166 3442 1220 mortis
3471 1164 3662 1220 fiducia
3686 1181 3702 1231 ;
3731 1165 3829 1221 de-

2230 1269 2392 1339 nique
2412 1266 2555 1337 quod
2595 1264 2858 1333 sapientia
2892 1263 3100 1333 legibus
3124 1276 3219 1331 per
3247 1259 3566 1315 industriam
3586 1261 3825 1331 colligit,

2228 1373 2337 1414 uno
2365 1359 2563 1428 impetu
2578 1354 2897 1426 aliquotiens
2922 1352 3038 1426 (15)
3060 1352 3226 1407 clusis
3237 1351 3409 1407 oculis
3431 1351 3521 1406 illa
3544 1351 3828 1422 dispergit.

2229 1452 2414 1507 Tertio
2455 1451 2604 1505 dives
2644 1459 2726 1503 est
2752 1448 2997 1512 avaritia,
3032 1454 3273 1516 utratque
3302 1445 3456 1516 cujus
3499 1461 3831 1517 exaggerare

2230 1544 2558 1613 opulentiam
2607 1540 2891 1596 velocitate
2935 1540 3069 1595 mira
3123 1538 3493 1603 contendunt;
3551 1539 3639 1593 cui
3686 1549 3832 1596 totus

2232 1636 2424 1690 militat
2456 1634 2721 1695 mundus;
2773 1642 2903 1688 tetas
2953 1632 3039 1687 cui
3091 1630 3337 1686 universa
3383 1628 3641 1686 de~ervit.
3692 1630 3830 1687 Prub

2233 1728 2383 1784 nefas
2409 1729 2423 1783 l
2452 1743 2572 1799 qum
2599 1726 2716 1781 ista:
2751 1735 2875 1779 sunt
2903 1723 3182 1780 tenebrae?
3214 1723 3355 1778 inest
3379 1723 3656 1789 omnibus,
3681 1734 3736 1778 et
3764 1723 3833 1781 ab

2231 1818 2503 1884 omnibus,
2534 1818 2684 1888 quasi
2733 1832 2838 1871 non
2869 1815 2961 1881 sit,
2990 1815 3253 1886 arguitur.
3293 1815 3613 1880 Accusatur,
3649 1824 3704 1868 et
3750 1824 3828 1870 ta-

2232 1927 2351 1966 men
2379 1911 2573 1966 colitur
2605 1926 2617 1963 :
2645 1908 2876 1980 jugulat,
2900 1915 2955 1965 et
2985 1919 3214 1962 amatur.
3248 1905 3561 1962 lnvincibile
3592 1891 3834 1974 profecto

2230 2003 2547 2059 calamitatis
2578 2011 2661 2058 est
2686 1992 2879 2073 genus,
2911 2000 3019 2068 cui,
3065 1999 3348 2069 subjugata
3387 1997 3672 2070 sapientia,
3714 2013 3825 2054 ser-

2230 2100 2340 2155 viet
2365 2099 2553 2154 virtus.

2301 2193 2389 2249 ill.
2461 2189 2741 2247 Videtisne
2794 2190 2904 2261 jam
2961 2187 3245 2244 manifeste
3296 2187 3612 2259 sapientiam
3670 2186 3827 2257 hujus

2189 2354 2192 2357 λ
2229 2284 2416 2341 mundi
2441 2300 2544 2339 non
2587 2298 2709 2339 esse
2734 2281 3043 2354 justitiam?
3070 2290 3125 2337 et
3156 2279 3372 2352 quidem
3404 2295 3503 2336 nec
3533 2294 3713 2336 veram
3743 2294 3829 2335 sa-

2229 2379 2482 2449 pientiam
2512 2395 2525 2431 :
2557 2376 2681 2448 quia
2731 2375 2847 2431 fieri
2894 2390 3000 2430 non
3056 2384 3254 2444 potest,
3305 2383 3361 2428 ut
3402 2389 3559 2429 verus
3610 2374 3827 2444 sapiens

2226 2487 2334 2529 non
2366 2472 2436 2527 sit
2463 2480 2519 2525 et
2543 2471 2719 2541 justus
2749 2487 2762 2525 :
2785 2469 2958 2539 justus
2982 2467 3205 2539 adaeque
3228 2481 3389 2523 verus
3412 2482 3516 2522 non
3545 2470 3615 2521 sit
3642 2476 3698 2521 et
3727 2480 3815 2523 sa-

2228 2565 2419 2636 piens:
2451 2563 2572 2632 quia
2610 2562 2790 2632 justus
2810 2575 2931 2616 esse
2955 2575 3060 2615 non
3091 2568 3271 2632 potest
3296 2559 3510 2625 stultus,
3540 2574 3713 2629 neque
3740 2573 3825 2613 sa-

2230 2658 2381 2729 piens
2421 2656 2581 2724 injust
2595 2670 2678 2721 us,
2723 2654 2834 2724 ipsa
2866 2653 3074 2708 ratione
3104 2651 3334 2707 docente
3367 2670 3381 2705 :
3414 2649 3531 2724 (14)
3563 2651 3650 2721 qui
3679 2651 3822 2707 enim

2226 2750 2422 2805 stultus
2451 2758 2553 2815 est,
2584 2747 2708 2818 quid
2741 2748 2813 2801 sit
2859 2745 3059 2801 bonum
3108 2759 3173 2800 ac
3202 2745 3421 2810 malum,
3471 2744 3580 2817 35
3620 2744 3818 2809 nescit;

2226 2856 2327 2897 nec
2402 2848 2578 2911 potest
2648 2840 2826 2903 scire,
2880 2837 3009 2909 quid
3056 2835 3349 2906 reprobet;,
3409 2836 3537 2906 quid
3609 2841 3817 2902 teneat;

2224 2944 2277 2989 et
2340 2932 2461 2987 ideo
2519 2945 2733 3000 semper
2786 2937 3010 3000 peccat,
3078 2928 3220 2998 quod
3275 2938 3358 2984 est
3413 2927 3637 2998 justitim
3682 2943 3815 2983 con-

2226 3027 2488 3082 trarium:
2533 3026 2702 3094 justus
2746 3033 2925 3103 autem
2974 3022 3042 3077 ab
3082 3022 3228 3078 omni
3280 3033 3501 3092 peccato
3546 3036 3607 3076 se
3645 3022 3815 3077 absti-

2225 3128 2315 3175 net
2348 3138 2373 3185 :_
2400 3117 2542 3189 quod
2592 3127 2874 3189 prapterea
2916 3114 3062 3182 facit,
3104 3117 3227 3183 quia
3270 3115 3413 3184 pravi
3453 3113 3686 3185 bonique
3725 3129 3824 3169 no-

514 3222 706 3280 natur;
751 3214 870 3272 lites
913 3215 990 3269 sic
1026 3212 1309 3278 discernit,
1339 3220 1394 3267 ut
1431 3210 1686 3277 seminet,
1718 3224 1912 3280 pravos
1937 3224 2000 3265 ac
2030 3210 2111 3265 lu-
2137 3203 2179 3264 C
2216 3212 2384 3268 titiam
2411 3212 2570 3284 gerit,
2602 3209 2743 3280 quod
2767 3217 2849 3265 est
2894 3209 3081 3279 utique
3128 3209 3405 3279 sapientis.
3442 3206 3595 3264 Unde
3640 3205 3721 3273 tit,
3763 3216 3823 3263 ut

515 3308 694 3365 bricos
715 3307 919 3377 colligit
943 3320 1154 3370 mores;
1186 3302 1512 3376 legibus“
1535 3307 1650 3358 suis
1676 3316 1801 3357 suas
1840 3302 1988 3373 leges
2016 3303 2108 3357 im.

462 3456 468 3461 ,
515 3407 719 3470 pugnat
747 3417 760 3451 :
777 3399 864 3468 jus
881 3392 1003 3469 jure
1023 3398 1139 3472 (ll)
1156 3397 1446 3466 distringit.
1473 3396 1604 3463 Quis
1624 3409 1731 3451 non
1745 3394 1923 3451 videat
1948 3411 2105 3451 num-

562 3531 673 3603 .(9)
706 3530 969 3587 Similiter
996 3531 1331 3595 Lactantius,
1359 3530 1452 3585 lib.
1485 3547 1563 3594 vt,
1589 3544 1711 3599 cap.
1740 3531 1808 3587 16
1833 3549 1846 3584 :
1883 3531 2112 3589 Nomina

518 3603 870 3659 tantummodo
899 3604 1191 3668 imntutant,
1220 3619 1300 3656 res
1321 3603 1448 3671 ipse
1472 3613 1697 3657 manent.

592 3672 710 3745 (10)
742 3673 819 3728 Ita
839 3688 965 3729 mss.
989 3674 1170 3745 Rem.,
1200 3673 1346 3745 Tol.,
1367 3674 1583 3742 Pomp.;
1614 3674 1741 3730 alibi
1764 3683 1943 3729 autem
1972 3685 2027 3731 et
2057 3678 2108 3731 in

518 3743 951 3802 editis'testuans.
990 3744 1087 3800 Hic
1117 3749 1257 3799 vero’
1289 3743 1492 3799 Auctor
1539 3745 1886 3800 Ettinicorum
1925 3758 2109 3801 orno—

517 3832 638 3873 tum
664 3817 974 3885 perstringit
994 3816 1312 3887 sapientiam
1336 3817 1388 3869 in
1407 3816 1712 3885 eloquentia
1735 3818 2107 3886 constitutam,

517 3903 621 3958 qua
652 3887 927 3942 auditores
948 3898 999 3942 et
1023 3887 1235 3958 judiees
1260 3888 1308 3939 in
1336 3887 1605 3956 propriam
1632 3887 1960 3944 adducerent
1983 3904 2108 3944 seu-

519 3956 766 4023 tentiam,
798 3975 905 4030 non
937 3959 1145 4030 ratione
1171 3956 1371 4027 aliqua,
1404 3961 1497 4011 sed
1521 3957 1822 4021 affectibus,
1848 3962 1938 4030 qui
1968 3975 2113 4029 saepe

517 4037 711 4085 contra
746 4028 1005 4084 rationem
1038 4041 1087 4082 et
1123 4029 1290 4099 leges,
1338 4030 1381 4082 si
1423 4030 1492 4082 ita
1538 4031 1703 4099 terret
1740 4028 2109 4095 commodum,

517 4099 787 4155 excitandi
820 4118 848 4154 a
894 4098 1205 4157 rhetoribus
1248 4100 1615 4155 tradebantur.
1663 4098 1806 4155 Inter
1850 4105 2013 4157 multa
2060 4103 2112 4158 id

516 4172 731 4242 generis
751 4181 1019 4242 praecepta
1050 4186 1212 4242 unum
1241 4170 1485 4225 cedimus
1505 4186 1570 4226 ex
1591 4169 1855 4227 Cicerone
1880 4214 1895 4237 ,
1922 4174 2018 4228 lib.
2049 4190 2110 4241 ll,

517 4240 584 4297 de
605 4240 768 4297 Orat.
789 4257 908 4314 pag.
932 4240 1045 4314 '70”:
1100 4240 1249 4295 Nihil
1292 4251 1378 4296 est'
1406 4244 1538 4296 enim
1581 4245 1635 4296 in
1671 4244 1888 4299 dicendo
1922 4247 2111 4313 maius,

516 4330 671 4384 quam
706 4325 760 4367 ut
790 4313 956 4384 faveat
990 4313 1200 4369 Oratori
1230 4315 1292 4378 is,
1332 4314 1420 4381 qui
1464 4314 1659 4377 audiet,
1710 4326 1864 4386 utque
1898 4316 2007 4386 ipse
2040 4317 2112 4371 sic

517 4396 797 4452 moveatur,
843 4397 897 4439 ut
936 4387 1127 4457 impetu
1170 4386 1592 4457 quodamonimi
1632 4394 1680 4439 et
1731 4386 2115 4457 perturbatione

517 4459 705 4524 magis,
738 4474 889 4528 quam
914 4456 1119 4528 judicio
1146 4467 1232 4510 aut
1260 4456 1475 4511 consilio
1502 4456 1739 4527 regatur.
1775 4457 1941 4512 Plura
1975 4460 2109 4513 enim

516 4529 679 4582 multo
696 4530 925 4582 homines
937 4531 1174 4600 judicent
1200 4529 1339 4595 odio,
1366 4538 1458 4581 aut
1483 4542 1677 4586 arnore.
1701 4539 1790 4583 aut
1809 4530 2108 4598 cupiditate,

518 4609 606 4652 aut
640 4600 934 4665 iracundia,
970 4611 1058 4653 aut
1086 4600 1281 4664 dolore,
1308 4608 1396 4651 aut
1424 4600 1628 4661 (tetitin,
1656 4609 1746 4651 aut
1772 4616 1884 4666 spe,
1925 4608 2013 4652 aut
2043 4602 2114 4652 ti-

520 4687 677 4735 more,
706 4680 793 4725 aut
821 4686 1011 4735 errore,
1051 4680 1141 4724 aut
1176 4671 1350 4739 aliqua
1373 4670 1690 4740 permotione
1721 4671 1924 4740 mentis,
1962 4685 2117 4738 quam

516 4744 748 4805 veritate.
773 4751 862 4797 aut
886 4743 1206 4809 praescripto,
1233 4751 1321 4795 aut
1336 4739 1477 4809 juris
1493 4749 1671 4793 norma
1690 4739 1886 4809 aliqua,
1914 4750 2005 4794 aut
2023 4742 2118 4809 ju-

518 4812 641 4883 dicii
670 4814 922 4883 formula,
965 4824 1055 4868 aut
1085 4811 1305 4883 legibus.
1338 4811 1473 4883 Vide
1502 4826 1621 4880 qua:
1643 4820 1832 4883 contra
1865 4811 1914 4864 id
1944 4826 2115 4880 genus

520 4879 867 4952 eloquentiae,
890 4879 1229 4941 disseruntur
1250 4883 1302 4937 in
1332 4882 1548 4951 dialogo
1574 4883 1636 4937 de
1660 4879 1840 4937 Causis
1861 4879 2118 4952 corrupta:

519 4953 821 5025 eloquentia:
856 4972 1005 5012 num.
1038 4955 1130 5015 25,
1164 4968 1323 5025 quem
1351 4954 1440 5008 alii
1468 4952 1717 5019 Senecae,
1743 4953 1833 5010 alii
1864 4954 2113 5020 Quincti-

518 5023 685 5090 llano,
712 5026 805 5081 alii
826 5025 951 5082 aliis
972 5023 1247 5088 tribuunt;
1281 5026 1421 5079 unde
1443 5026 1495 5080 in
1518 5025 1677 5081 editis
1704 5029 1976 5080 variorum
2001 5026 2116 5081 Au-

517 5103 730 5168 ctorum
774 5099 1030 5168 operibus
1073 5099 1351 5167 subjectus
1390 5097 1601 5167 legitur.
1654 5096 1820 5152 Paulo
1854 5106 1978 5168 post
2016 5113 2115 5168 pro

515 5167 711 5237 colligit
742 5184 845 5223 ms.
875 5166 1008 5227 Urb.
1041 5170 1285 5237 congerit.
1452 5166 1460 5167 7
1647 5215 1652 5219 .

590 5187 711 5237 mgu
742 5187 1008 5252 ms..urn.
1041 5187 1285 5299 conﬂant.
1647 5215 1652 5219 .
2042 5241 2051 5249 θ
2099 5240 2111 5252 .

590 5237 705 5311 (ll)
740 5239 815 5295 lta
858 5256 911 5295 tn
959 5256 1087 5296 mss.
1184 5258 1314 5304 ein..
1358 5240 1742 5311 Tol.,Pomp.,
1774 5238 1941 5305 Vat;
1984 5239 2113 5295 alibi

518 5323 648 5384 vero
675 5319 729 5384 et
753 5313 803 5366 iu
835 5312 995 5368 editis
1018 5312 1305 5384 distinguit.
1353 5314 1615 5383 Distringo
1643 5310 1763 5384 heic
1787 5320 1869 5364 est
1898 5325 2000 5377 pro
2025 5312 2117 5365 de-

518 5381 619 5455 leo,
652 5383 876 5447 destruo,
899 5396 1087 5443 everte.
1111 5381 1250 5440 sicut
1273 5384 1412 5455 apud
1436 5381 1679 5455 Florum_,
1706 5382 1895 5455 libatv,
1919 5396 2043 5455 cap.
2071 5396 2107 5455 ι,

519 5451 825 5525 distringere
849 5455 1101 5510 incendiis
1128 5451 1335 5522 urbem,
1381 5466 1434 5509 et
1470 5454 1611 5525 apud
1642 5452 1971 5525 Frontinum
1992 5453 2115 5525 libri

520 5525 680 5595 primi
708 5522 894 5595 'caput
926 5541 1123 5580 nonum
1155 5529 1346 5584 eodem
1388 5522 1549 5582 sensit
1593 5522 1909 5580 inscribitur
1938 5524 2002 5577 de
2036 5524 2119 5576 di-

515 5594 827 5664 stringendis
855 5597 1103 5653 hostibus.
1814 5627 1822 5634 -

596 5668 715 5737 (12)
755 5665 812 5724 ln
858 5669 1026 5742 editis
1057 5671 1209 5740 adeo,
1229 5672 1365 5742 quod
1379 5688 1400 5736 ;
1428 5671 1481 5726 in
1522 5683 1626 5726 ms.
1676 5667 1832 5742 item.
1870 5665 2019 5742 ideo:
2060 5665 2121 5724 in

518 5737 707 5811 20min
737 5743 877 5811 ιΙιιοά
898 5741 1075 5797 άϐθει.
1123 5737 1332 5805 Placuit
1371 5761 1436 5800 ex
1472 5744 1554 5801 liis
1600 5739 1842 5795 scribere
1878 5737 2115 5809 ideoque.

515 5806 708 5868 Texltti
727 5806 896 5884 barro
924 5815 1109 5879 lucem
1134 5817 1330 5891 all‘erre
1359 5815 1538 5899 potést
1567 5814 1719 5874 locus
1754 5806 2019 5879 Lactantii
2045 5825 2113 5877 ex

2143 4567 2193 4626 D

2179 3320 2509 3377 'numquam
2574 3303 2750 3374 justus
2822 3302 2993 3374 possit
3046 3314 3208 3366 esse,
3264 3303 3355 3370 qui
3411 3299 3607 3356 stultus
3672 3308 3753 3355 est
3801 3318 3816 3353 :

2211 3411 2385 3468 neque
2426 3396 2681 3467 sapiens,
2730 3393 2819 3465 qui
2875 3392 3034 3448 fuerit
3082 3392 3335 3463 injustas.
3394 3393 3658 3448 Caeterum
3708 3392 3821 3448 sive

2220 3533 2311 3588 lib.
2351 3549 2426 3600 vr,
2456 3549 2574 3603 cap.
2600 3533 2652 3593 6.
2686 3532 2775 3587 ubi
2798 3532 2867 3585 ab
2889 3531 3504 3605 Ethnicisqfortesviros
3525 3545 3623 3601 pro
3646 3533 3817 3605 patria

2222 3608 2380 3660 morti
2413 3619 2472 3660 se
2503 3602 2562 3660 se
2583 3605 2934 3671 subjicientes
2964 3603 3191 3657 summis
3222 3602 3469 3658 laudibus
3498 3602 3669 3659 elatos
3698 3618 3823 3673 pro-

2220 3677 2320 3741 dit,
2367 3679 2455 3743 qui
2498 3676 2684 3732 eversis
2725 3676 3013 3729 civitatibus
3052 3674 3385 3746 gentibusque
3421 3674 3600 3729 deletis
3643 3676 3822 3746 patriar

2223 3749 2587 3815 prospicerent,
2617 3749 2743 3813 ﬁnes
2774 3755 3138 3815 propagarent,
3163 3755 3363 3811 etc.,et
3391 3759 3510 3815 cap.
3534 3748 3568 3802 9
3594 3765 3607 3799 :
3643 3745 3820 3815 Popu-

2223 3820 2303 3873 lus
2334 3821 2444 3885 ipse
2475 3818 2738 3873 Romanus
2768 3833 2857 3889 per
2889 3815 3125 3871 Feciales
3151 3817 3285 3889 bella
3313 3816 3587 3872 indicendo
3613 3827 3661 3871 et
3694 3819 3819 3889 legi-

2224 3893 2342 3944 time
2362 3892 2579 3960 injurias
2605 3888 2840 3960 faciendo
2864 3904 3162 3961 semperque
3185 3888 3355 3961 aliena
3389 3889 3641 3956 cupiendo
3673 3888 3822 3961 atque

2221 3963 2470 4031 rapiendo
2504 3961 2871 4031 possessionem
2899 3960 3056 4013 totius
3086 3960 3220 4013 orbis
3247 3962 3579 4031 rotnparavit.

2295 4032 2415 4101 (15)
2445 4030 2680 4087 luetlitis
2709 4031 2915 4085 clausis.
2934 4031 3106 4101 Porro
3131 4040 3241 4084 turn
3272 4030 3469 4084 intnss.
3494 4042 3603 4085 tum
3628 4031 3680 4084 in
3707 4030 3822 4084 edi-

2224 4104 2292 4157 tis
2333 4100 2417 4157 hic
2446 4106 2594 4158 locus
2620 4117 2731 4156 uno
2760 4110 2995 4173 contexti
3025 4100 3269 4166 eli‘ertnr,
3296 4102 3367 4173 ita
3399 4112 3457 4156 ut
3480 4104 3634 4173 plane
3662 4102 3821 4160 intel-

2223 4175 2312 4245 ligi
2358 4184 2609 4243 nequeat.
2662 4173 2754 4228 Sic
2792 4171 2963 4245 enimA
2979 4174 3272 4227 scribitur:
3320 4171 3490 4228 clusis
3521 4173 3686 4226 oculis
3725 4173 3821 4245 illa

2222 4240 2373 4300 (ei-tio
2402 4240 2541 4298 dives
2567 4255 2634 4299 est
2663 4244 2894 4298 avaritia.
2926 4240 3272 4298 Correximus
3323 4251 3386 4297 ut
3423 4246 3475 4298 in
3519 4255 3687 4304 textu,
3730 4243 3820 4298 ubi

2221 4332 2344 4370 cum
2386 4318 2607 4371 verbum
2654 4315 2904 4386 dispergit
2952 4324 3140 4381 aperte
3183 4314 3541 4383 supplendum
3592 4315 3706 4379 fuit,
3759 4320 3819 4369 ut

2222 4403 2415 4443 sensus
2442 4396 2735 4446 constaret.
2764 4395 2873 4440 tum
2897 4401 3026 4458 vero
3052 4396 3303 4458 punctum
3325 4386 3672 4458 afligendum,
3701 4392 3822 4453 post

2221 4459 2364 4528 quod
2400 4461 2554 4514 tertia
2596 4458 2859 4514 orationis
2900 4472 2933 4528 γι]
2987 4456 3155 4512 Paulo
3181 4456 3469 4526 propositio
3511 4471 3655 4527 pars,
3695 4472 3816 4526 qua:

2221 4526 2502 4584 avaritiam
2526 4537 2736 4599 spectat
2762 4570 2776 4593 ,
2823 4545 2849 4579 a
2897 4526 3117 4583 Zenone
3145 4530 3433 4597 esponitnr
3463 4530 3566 4584 illis
3592 4528 3773 4599 verbis
3800 4538 3816 4582 ε

2221 4600 2399 4655 Tertio
2427 4597 2570 4656 dives
2592 4612 2663 4656 est
2685 4600 2923 4663 avaritia,
2943 4607 3049 4653 etc.
3084 4599 3158 4654 Ita
3191 4599 3480 4654 commodo
3508 4597 3819 4668 intelligitur

2223 4682 2451 4740 utrmque
2481 4671 2669 4727 referri
2715 4670 2780 4723 ad
2816 4670 3181 4738 eloquentiam
3219 4681 3275 4724 et
3305 4671 3668 4725 fortitudinem
3692 4684 3819 4723 ara-

2222 4744 2360 4797 ritiai
2386 4745 2625 4797 faventes
2646 4742 2715 4797 de
2735 4741 2934 4811 quibus
2956 4741 3159 4795 Auctor
3184 4742 3444 4796 hactenus
3464 4743 3814 4797 disseruerat.

2206 4814 2215 4817 ’
2273 4814 2409 4887 ((14)
2436 4811 2891 4887 LactantiusLlib.
2927 4826 2979 4877 v,
3009 4826 3128 4883 cap.
3174 4812 3468 4887 j7,eadem
3490 4815 3600 4867 fere
3630 4811 3813 4887 habet,

2218 4881 2399 4948 adeo,
2430 4895 2485 4937 ut
2531 4899 2596 4937 ex
2646 4884 2710 4938 iis
2748 4882 3024 4937 Zenonem
3067 4881 3383 4951 profecisse,
3424 4890 3479 4938 et
3526 4898 3632 4937 non
3664 4885 3816 4937 nulla

2218 4957 2379 5011 etiam
2408 4954 2473 5009 ad
2504 4955 2727 5009 verbum
2752 4955 3107 5024 descripsisse
3133 4963 3426 5020 appareat:
3454 4953 3703 5023 Denique,
3735 4955 3819 5006 in—

2219 5029 2329 5097 quit
2364 5026 2695 5086 Lactantius.
2721 5035 2776 5079 ut
2793 5026 3107 5097 concludam)
3124 5024 3547 5097 disputationem,
3575 5042 3677 5079 non
3697 5041 3817 5094 pos-

2218 5095 2273 5151 se
2300 5097 2529 5152 eumdem
2549 5100 2755 5170 justum
2774 5110 2889 5170 esse
2916 5111 2975 5148 ac
3002 5096 3238 5170 stultum,
3280 5095 3513 5170 eumdem
3538 5098 3819 5170 sapientem

2219 5178 2266 5221 et
2292 5166 2564 5238 injustam;
2594 5168 2738 5223 docet
2765 5169 2881 5237 ipsa
2910 5168 3065 5220 ratio.
3087 5167 3187 5233 Qui
3210 5167 3344 5220 enim
3366 5167 3553 5221 stultus
3577 5176 3671 5232 est,
3691 5166 3818 5238 quid

2218 5241 2286 5295 sit
2304 5236 2505 5314 justum
2531 5251 2580 5294 et
2597 5239 2806 5314 bonum,
2838 5239 3016 5314 nescit,
3047 5238 3236 5314 et__ideo
3264 5254 3462 5314 semper
3483 5247 3673 5314 peccat.
3708 5236 3818 5290 Du-

2220 5308 2352 5365 citur
2378 5314 2512 5364 enim
2539 5312 2685 5378 quasi
2712 5310 2943 5378 captivus
2963 5325 2995 5361 a
3017 5309 3172 5371 vitiis,
3198 5322 3290 5362 nec
3309 5312 3548 5365 resistere
3570 5308 3679 5364 ullo
3698 5324 3816 5362 mo-

2219 5383 2284 5436 do
2316 5392 2497 5450 potest,
2522 5383 2642 5447 quia
2668 5390 2805 5435 caret
2826 5383 3030 5443 virtute,
3059 5396 3211 5449 quam
3233 5384 3410 5434 nescit.
3441 5379 3625 5435 Justus
3646 5389 3820 5433 autem

2224 5454 2288 5508 ab
2310 5456 2447 5509 enini
2471 5464 2676 5524 peccato
2702 5469 2754 5524 se
2786 5450 3023 5524 abstinet,
3065 5451 3201 5524 quod
3229 5450 3381 5506 aliter
3399 5455 3570 5522 facere
3594 5468 3693 5524 non
3725 5467 3816 5514 po-

2222 5536 2352 5589 test,
2382 5541 2536 5595 quam
2573 5525 2618 5580 si
2660 5523 2839 5579 habeat
2875 5523 2998 5577 recti
3028 5523 3274 5595 pravique
3301 5524 3569 5595 notitiam.)
3604 5523 3815 5595 Recta»:

2221 5592 2403 5652 autem
2421 5597 2704 5651 discernere
2731 5612 2763 5647 α
2794 5610 2955 5665 pravo
2982 5592 3094 5664 quis
3130 5604 3319 5664 potest,
3341 5595 3439 5650 nisi
3461 5594 3699 5666 sapiens?
3728 5592 3813 5646 Ila

2220 5671 2281 5737 ﬁt
2301 5680 2356 5725 ut
2382 5682 2657 5736 numquam
2680 5667 2839 5736 possit
2861 5681 2971 5719 esse
2980 5668 3180 5737 justus,
3207 5668 3295 5737 qui
3322 5667 3507 5722 stultus
3531 5674 3627 5729 est;
3653 5680 3815 5731 neque

2219 5735 2447 5813 sapiens,
2475 5735 2563 5813 qui
2592 5735 2743 5813 fuerit
2778 5735 3023 5812 injustas.
3043 5736 3201 5813 _Etlit.
3237 5735 3373 5795 Ven.
3408 5751 3511 5812 pro
3532 5737 3719 5794 bonum
3748 5750 3815 5800 ac

2218 5806 2413 5873 malum
2439 5806 2600 5874 habet
2626 5806 2929 5872 bonum'attt
2947 5806 3162 5877 malum.
