4216 6178
382 298 498 357 283

1669 290 1872 347 LIBER
1909 288 1949 345 1.
1995 287 2377 347 τηοτΑτυε
2417 286 2503 346 Ill.

3619 288 3726 345 ιπεθ

378 417 558 489 justo,
590 414 705 471 sive
747 416 968 487 sapienti
1013 415 1055 472 si
1085 413 1317 468 alterum
1361 405 1613 466 defuerit
1652 425 1718 465 ex
1764 408 2008 474 duobus,
2041 410 2100 471 Α,
2133 406 2603 477 beneflcioabjecti
2628 404 3728 477 impolitiquesermonis,tamendiecnti~:

384 510 540 584 quod
569 509 647 565 illi
694 519 1028 580 putaverunt,
1056 494 1147 565 nec
1173 496 1427 567 sapiens
1468 501 1710 573 profecto
1736 503 1841 559 erit
1872 502 1961 558 illc
1987 537 2004 566 ,

394 617 503 657 nec
527 602 729 672 justus.

461 692 559 749 ιν.
601 692 860 758 Satis,ut
886 692 1096 761 Opinor,
1134 680 1446 760 mastigiae
1489 686 1776 742 mundanae
1818 694 2007 756 patue-

383 793 524 842 runt
549 803 563 840 :
589 787 641 838 in
666 784 860 855 quibus
882 798 1002 838 cum
1033 782 1250 854 peritius
1278 788 1456 845 agant
1479 781 1713 836 universi
1738 780 2008 845 homines,

382 894 555 951 quam
604 876 711 932 dici
759 884 955 946 potest.
1012 872 1343 943 superfluum
1399 881 1491 926 est
1524 872 1810 927 demorari.
1856 870 2012 927 Unde

382 985 540 1028 nunc
568 969 638 1023 ad
665 983 846 1024 veram
871 967 1137 1038 justitiam
1160 965 1466 1029 veniamus,
1494 965 1734 1019 omnium
1759 963 1872 1035 (15)
1895 964 2015 1018 fon-

384 1075 501 1121 tem
536 1074 883 1133 matremque
919 1063 1176 1116 virtutum
1213 1076 1226 1110 :
1264 1073 1387 1127 quae
1416 1071 1617 1128 praeter
1644 1072 1867 1115 crateras
1901 1066 2012 1113 tota

382 1172 449 1213 se
475 1156 547 1212 ad
572 1156 782 1210 alienas
804 1154 1065 1209 utilitates
1093 1152 1293 1221 colligit
1319 1160 1485 1221 atque
1514 1152 1767 1221 explicat,
1801 1153 2010 1216 sciens,

381 1250 522 1323 quid
567 1249 685 1306 Deo
718 1248 1095 1319 principaliter
1124 1245 1406 1307 debeatur,
1442 1244 1575 1298 nihil
1604 1244 1708 1299 sibi
1735 1244 1846 1313 ipsa
1873 1258 2015 1298 con-

382 1341 616 1407 cilians,
648 1340 779 1394 nihil
811 1338 1093 1410 proprium
1139 1336 1547 1406 derelinquens,
1575 1336 1675 1391 nisi
1703 1335 1846 1405 quod
1882 1336 2017 1391 lide-

385 1437 523 1492 liter
549 1435 673 1490 sine
703 1433 809 1489 ulla
855 1432 1115 1503 jactantia
1159 1431 1272 1501 ejus
1320 1430 1560 1501 fungitur
1583 1430 1876 1485 voluntate.
1911 1430 2016 1486 Est

384 1538 576 1581 autem
600 1526 656 1580 in
688 1523 962 1595 publicum
996 1528 1101 1577 tota
1129 1520 1437 1590 prominens
1468 1530 1628 1591 atque
1656 1519 1848 1576 diffusa
1885 1538 1898 1575 :
1934 1522 2017 1577 sic

388 1632 602 1685 tamen,
655 1627 712 1672 ut
764 1616 956 1673 sentiri
1009 1630 1069 1670 se
1121 1615 1290 1684 magis
1320 1614 1523 1684 cupiat,
1578 1630 1739 1684 quam
1791 1613 2015 1670 videri:

386 1712 558 1785 plane
589 1719 771 1776 cauta,
801 1724 873 1765 ne
901 1722 1058 1778 quam
1089 1706 1327 1763 declinet
1359 1708 1410 1762 in
1459 1716 1692 1778 partem,
1723 1722 1790 1763 ne
1833 1707 1884 1762 in
1913 1707 2015 1762 ali.

2130 498 2255 553 Nisi
2295 500 2642 561 credideritis.
2691 515 2851 569 neque
2902 498 3199 569 intelligetis
3250 498 3351 570 (Is.
3394 514 3469 554 vn
3507 541 3523 566 ,
3555 500 3624 564 9,
3666 514 3730 555 ιω

2074 652 2090 663 ,
2125 592 2269 649 LXX
2285 593 2500 663 interp.)
2517 634 2530 655 ,
2547 593 2763 649 stultam
2787 598 2978 661 putant
2995 591 3326 664 irridentque
3344 593 3497 664 quasi
3510 608 3721 658 vanam,

2121 686 2268 758 quod
2296 701 2417 742 cum
2440 687 2605 756 possit
2634 686 2789 740 bonis
2818 682 2925 738 frui
2954 684 3161 752 mundi,
3184 699 3246 739 ac
3277 686 3531 754 negligat,
3559 692 3723 755 spenc

2123 787 2178 834 te
2206 795 2264 835 se
2294 777 2454 834 faciat
2481 778 2776 841 infelicem;
2806 790 2914 831 non
2942 775 3248 842 credentes,
3291 776 3412 847 quia
3447 776 3536 830 Dei
3578 790 3721 846 prte-

2120 882 2277 943 cepta
2315 871 2647 937 custodiens,
2679 867 2988 938 huiusmodi
3018 867 3208 923 ofﬁciis
3256 868 3545 923 sateulares
3570 867 3726 922 obte—

2121 979 2252 1021 rens
2276 965 2603 1032 voluptates,
2634 976 2757 1016 cum
2801 960 2961 1015 fuerit
2986 961 3157 1015 victor
3178 961 3463 1032 carnisque
3489 959 3727 1015 nexibus

2119 1058 2284 1125 liber,
2315 1058 2658 1128 repromissae
2707 1054 3133 1111 immortalitatis
3169 1054 3526 1116 inaestimabili
3554 1054 3725 1110 beati-

2118 1151 2307 1208 tudine
2330 1149 2658 1220 perfruetur.

2193 1244 2259 1299 V.
2301 1244 2407 1300 Sed
2438 1242 2566 1310 quid
2615 1240 2683 1295 ad
2714 1254 2831 1307 nos,
2860 1240 2986 1311 quid
3028 1238 3104 1295 illi
3134 1238 3352 1295 dicant?
3384 1238 3607 1310 insignis
3631 1239 3713 1293 vir

2119 1336 2262 1391 sicut
2284 1336 2361 1390 ait
2395 1334 2525 1409 (ΞΟ)
2555 1342 2739 1389 noster
2765 1349 2778 1386 :
2811 1330 2968 1386 Novit
2996 1329 3135 1387 Deus
3157 1332 3489 1404 cogitationes
3518 1332 3730 1401 sapiens

2122 1430 2282 1496 tium,
2314 1430 2438 1500 quia
2458 1437 2577 1482 sunt
2605 1426 2774 1481 stulta:
2799 1424 2922 1496 (Ps.
2950 1441 3077 1481 xcnt
3099 1467 3113 1491 ,
3148 1427 3258 1496 11).
3287 1427 3535 1481 Nostram
3566 1427 3725 1482 nobis

2119 1523 2405 1579 Stultitiam
2445 1518 2825 1589 derelinquant
2858 1537 2872 1573 :
2926 1518 3161 1574 habeant
3188 1533 3371 1574 secum
3401 1520 3721 1589 sapientiam

2121 1632 2275 1672 suam
2307 1632 2321 1683 ;
2352 1615 2508 1685 cujus
2543 1613 2758 1683 quidem
2789 1621 3084 1669 sectatores
3111 1627 3251 1684 pene
3278 1625 3468 1667 omnes
3505 1612 3724 1682 conspi-

2121 1725 2215 1766 cor
2245 1708 2606 1775 Cliristianos,
2632 1706 2721 1776 qui
2749 1707 3039 1777 perfectam
3067 1712 3256 1775 putant
3283 1719 3409 1761 esse
3428 1704 3716 1775 justitiam,

387 1822 505 1878 quo
551 1820 612 1860 se
655 1806 771 1873 ipsa
808 1800 1194 1869 reprehendat,
1245 1817 1313 1856 ne
1354 1816 1522 1871 opere
1551 1809 1731 1870 erepto
1760 1816 2014 1871 umquam
2049 1801 2093 1862 Β
2123 1804 2342 1874 propria
2393 1799 2551 1863 tueri,
2602 1799 2775 1855 aliena
2821 1814 2931 1853 non
2968 1813 3237 1869 quaerere,
3270 1796 3548 1867 sapientiae
3577 1809 3722 1852 verm

385 1901 629 1957 deficiat.
678 1897 807 1953 Harc
854 1896 1190 1965 captivorum
1243 1893 1359 1965 (t6)
1387 1897 1512 1964 juga
1545 1892 2011 1961 reilsntptionibus

393 1994 604 2064 frangit
636 2009 649 2044 τ
693 1987 1049 2046 incarceratis
1077 1986 1343 2043 medendo
1374 1987 1494 2057 plus
1532 2001 1806 2042 carcerem
1850 1986 2009 2041 novit

385 2086 591 2142 blanda
616 2081 840 2155 pervigil
859 2093 990 2136 cura
1016 2097 1030 2134 :
1054 2078 1422 2150 aegritudinem
1448 2093 1567 2132 cum
1590 2092 1734 2147 azgro
1753 2074 1869 2149 (17)
1883 2092 2009 2144 par-

388 2180 527 2234 titur
550 2194 564 2231 :
593 2174 803 2244 abjecta
830 2170 1093 2226 cadavera
1117 2170 1315 2231 intecta
1345 2168 1727 2238 inhumataque
1748 2181 1873 2223 esse
1894 2184 2003 2223 non

391 2270 600 2342 patitor
624 2285 637 2320 :
664 2265 717 2320 in
747 2276 1019 2336 pauperos
1041 2262 1378 2331 miserosque
1403 2274 1498 2314 sua
1543 2259 1863 2314 necessitate
1903 2274 2002 2313 nc-

393 2363 576 2434 gleCIa
610 2358 726 2430 (18)
743 2356 961 2428 pietatis
990 2354 1210 2424 largiter
1230 2363 1285 2407 et
1312 2351 1489 2406 furtim
1521 2351 1728 2406 semina
1756 2352 1960 2422 spargit
1988 2369 2003 2405 :

395 2475 503 2514 nec
541 2455 720 2528 rogari
771 2469 832 2509 se
860 2451 1148 2525 permittit,
1182 2465 1281 2506 nec
1316 2449 1510 2504 victria
1553 2448 1724 2504 laudis
1755 2464 2009 2503 remune-

395 2551 507 2607 rari
546 2527 848 2604 mercede:
901 2545 1009 2601 hoc
1053 2527 1310 2600 damnum
1361 2558 1570 2612 grave:
1632 2544 1733 2596 hoc
1777 2541 2011 2599 a-stiniat,

392 2643 607 2698 crimen
634 2658 646 2694 :
677 2654 800 2695 nam
835 2637 970 2695 nihil
992 2634 1458 2708 relinquendoae
1476 2634 1598 2697 sibi,
1624 2634 1774 2707 beata
1795 2633 2005 2702 cupidi-

395 2746 511 2791 tate
536 2734 810 2791 antecedit
837 2731 1119 2787 avaritiam
1150 2748 1162 2782 :
1187 2730 1437 2784 homines
1459 2728 1603 2783 enim
1630 2727 1718 2781 illa
1746 2726 2005 2796 possidet;

397 2830 504 2884 ista
536 2827 731 2883 Deum.
765 2824 961 2882 Adhuc
990 2821 1243 2893 accipite,
1274 2820 1341 2875 ad
1376 2820 1645 2890 propriam
1675 2818 1858 2874 sedem
1894 2819 2008 2887 pal-

397 2939 659 2993 mamque
704 2920 1044 2990 propositam
1085 2927 1290 2989 quanto
1328 2930 1536 2978 amore.
1570 2931 1674 2985 qua
1720 2914 2011 2973 devotione

397 3013 655 3089 festinet.
676 3013 734 3069 Si
774 3015 895 3083 quis
925 3026 1045 3066 eam
1081 3017 1339 3080 provocat
1370 3009 1422 3060 in
1461 3006 1749 3078 judicium,
1787 3013 1847 3061 ut
1889 3007 2007 3076 ejus

399 3106 615 3162 auferat
647 3106 903 3169 tunicam,
933 3104 1110 3158 libens
1141 3101 1220 3157 illi
1246 3100 1463 3170 pallium
1491 3115 1707 3171 quoque
1732 3100 2001 3164 concedit;

2118 1894 2456 1965 negligentes
2484 1892 2783 1962 imperium,
2807 1891 2951 1963 quod
2981 1891 3158 1946 verbis
3195 1889 3504 1961 bujusmodi
3536 1890 3712 1944 conti-

2114 1997 2275 2047 netur
2307 2005 2323 2041 :
2356 1984 2415 2040 Si
2437 1986 2508 2040 vis
2538 1989 2788 2057 perfectus
2810 2002 2946 2051 esse,
2975 1984 3103 2040 vade
3120 1994 3167 2038 et
3197 1984 3354 2038 vende
3382 1983 3671 2041 omniatuo
3695 1997 3717 2037 :

2113 2093 2159 2137 et
2186 2085 2256 2135 tta
2286 2081 2640 2152 pauperibus,
2667 2090 2714 2136 et
2754 2081 2875 2135 tolle
2915 2095 3115 2134 crucem
3159 2090 3320 2145 tuttur,
3352 2088 3399 2132 et
3439 2078 3554 2133 seni
3577 2120 3592 2145 ,
3640 2094 3723 2133 se-

2110 2190 2268 2248 quere
2294 2192 2381 2232 me
2401 2176 2613 2246 (Matth.
2647 2193 2757 2242 xix,
2786 2178 2902 2248 2|).
2933 2177 3009 2232 De
3038 2179 3142 2231 hoc
3165 2173 3371 2237 nescio,
3396 2172 3523 2243 quid
3555 2171 3727 2243 possit

2110 2271 2216 2344 37
2269 2269 2542 2342 quispiam
2610 2285 2965 2342 promovere;
3014 2284 3178 2325 unum
3219 2277 3395 2323 tamen
3432 2265 3564 2333 scio,
3596 2266 3717 2335 quia

2112 2360 2295 2419 nullus
2325 2373 2414 2419 est
2440 2374 2707 2429 nostrum,
2735 2364 2825 2435 qui
2875 2379 2982 2419 non
3009 2362 3294 2418 momentis
3322 2360 3574 2417 omnibus
3605 2358 3719 2414 ela-

2110 2458 2292 2523 boret,
2323 2465 2384 2512 ut
2415 2458 2532 2526 plus
2565 2458 2781 2523 habeat,
2810 2472 2969 2528 quam
2994 2456 3254 2519 habebat;
3276 2454 3420 2524 quod
3447 2468 3569 2509 cum
3598 2453 3726 2508 niti-

2108 2556 2219 2614 tur,
2248 2550 2498 2605 avaritia:
2527 2552 2709 2621 utique
2739 2559 2918 2619 partes
2946 2549 3077 2618 agit,
3109 2555 3330 2617 quaeest
3361 2546 3572 2601 inimica
3594 2545 3712 2615 jus-

2112 2641 2268 2695 titiae.
2301 2638 2457 2696 Adeo
2486 2642 2611 2697 inde
2633 2650 2738 2705 est,
2767 2640 2910 2711 quod
2942 2640 3216 2697 frumento
3258 2654 3547 2710 paucorum
3588 2639 3718 2693 hor-

2114 2748 2209 2789 rea
2245 2734 2403 2803 plena
2432 2735 2550 2808 (il)
2584 2744 2734 2802 sunt,
2757 2734 2933 2790 inanis
2962 2734 3315 2804 plurimorum
3342 2742 3551 2789 venter.
3594 2731 3723 2788 lude

2114 2827 2327 2896 populis
2350 2827 2624 2883 deteriora
2647 2829 2916 2883 mensuris
2943 2828 3137 2896 pretia,
3161 2842 3323 2897 quam
3350 2828 3546 2897 inopia.
3584 2826 3719 2881 Inde

2114 2919 2285 2983 fraus,
2340 2922 2664 2990 perjurium,
2714 2922 2937 2991 rapinae,
2993 2921 3114 2976 lites
3149 2936 3214 2977 ac
3256 2920 3437 2977 bella:
3484 2920 3724 2992 quotidie

2112 3014 2404 3084 mugitibus
2428 3017 2624 3069 alienis
2655 3014 2916 3084 quatritur
2939 3014 3145 3071 lucrum
3170 3033 3185 3078 ;
3206 3023 3262 3070 et
3285 3015 3405 3087 (21)
3436 3013 3714 3084 proscrip-

2117 3109 2189 3161 tio
2217 3106 2476 3163 industria
2523 3108 2833 3163 vocitatur:
2866 3118 2922 3161 et
2966 3108 3225 3177 appetitio
3269 3108 3351 3161 rei
3378 3107 3571 3162 aliena:
3615 3106 3721 3161 sub

400 3199 768 3264 maledicitur,
798 3208 849 3252 et
879 3195 1187 3252 benedicit:
1212 3192 1440 3247 caeditur
1465 3193 1728 3263 etgratias
1754 3194 1862 3263 :lgil
1889 3193 2011 3262 :jtt-
2039 3190 2086 3255 C
2120 3210 2381 3270 ιιι-ωιθχω
2414 3201 2652 3271 propria;
2692 3198 3028 3256 defensionis
3071 3214 3133 3254 ac
3162 3199 3457 3269 diligentia;
3485 3195 3721 3253 callidis.

396 3292 639 3361 gelatur,
687 3298 741 3343 et
788 3304 893 3342 non
937 3294 1207 3358 repugnat
1238 3303 1250 3337 :
1278 3288 1398 3353 'pro
1441 3284 1848 3353 percussoribus
1896 3287 2009 3339 suis

2113 3292 2263 3347 simis
2292 3292 2628 3360 argumentis
2652 3298 2893 3361 urgetur,
2925 3300 2982 3345 ut
3007 3291 3127 3360 quis
3153 3288 3487 3355 indefensos,
3513 3298 3607 3344 aut
3639 3289 3719 3343 in-

400 3383 578 3439 Deum
606 3383 824 3452 insuper
842 3388 1059 3436 exorat.
1096 3378 1211 3434 lina
1243 3377 1319 3431 illi
1346 3378 1456 3431 sola
1484 3379 1786 3447 principalis
1815 3379 2013 3432 sollici-
2113 3398 2339 3450 nocens,
2373 3384 2520 3453 quod
2575 3384 2757 3450 habet,
2792 3384 2910 3456 (25)
2956 3383 3165 3455 legibus
3208 3382 3436 3453 perdat;
3468 3382 3608 3451 quod
3633 3390 3718 3436 est

400 3475 537 3530 ludo
565 3475 878 3529 acmaxima
907 3473 1205 3535 estcautio.
1235 3485 1303 3526 ne
1321 3469 1449 3540 quid
1470 3471 1667 3525 mundo
1697 3470 1911 3532 debeat,
1944 3486 2013 3526 ne
2113 3477 2260 3532 omni
2288 3476 2543 3533 violentia
2565 3476 2807 3535 deterius
2834 3495 2846 3531 :
2876 3479 3000 3548 quia
3032 3476 3182 3541 illttd,
3215 3476 3358 3547 quod
3389 3476 3444 3533 vi
3467 3477 3716 3544 eripitur,

398 3567 534 3637 quid
555 3552 741 3620 borum
772 3566 929 3635 digne
954 3566 1211 3635 patiatur.
1249 3562 1414 3629 lianc,
1449 3562 1541 3632 qui
1566 3562 1779 3618 divinas
1808 3564 2014 3619 litteras

398 3670 499 3719 aut
543 3676 651 3717 non
688 3660 951 3733 legerunt,
974 3669 1063 3716 aut
1097 3659 1266 3717 lectas
1296 3657 1415 3731 (l9)
1442 3658 1618 3713 irritas
1646 3667 1962 3729 putaverunt
1996 3703 2011 3729 ,

476 3802 593 3876 (t5)
619 3801 830 3876 Iustitia
860 3802 975 3873 fons
1003 3809 1078 3855 est
1103 3799 1464 3876 ipsattirtutis.
1496 3797 2008 3876 Lactantius_llb.v,

402 3871 527 3945 cap.
559 3875 612 3930 5.
646 3874 771 3929 Post
812 3871 977 3942 pauca
1018 3887 1117 3943 pro
1162 3871 1359 3943 colligit
1402 3886 1531 3925 mss.
1583 3872 1761 3937 liem.,
1802 3872 1922 3929 Tol.
1955 3884 2010 3928 et

402 3946 586 4017 lem,
598 3947 824 4017 corrigit.

477 4013 595 4088 (l6)
628 4013 822 4086 Jugum
864 4031 967 4088 pro
1008 4013 1342 4084 captivitate,
1366 4028 1461 4088 seu
1484 4028 1582 4083 pro
1618 4013 2002 4088 instrumento,

403 4084 515 4159 quo
546 4084 735 4156 captivi
762 4084 1020 4159 ligantur,
1064 4094 1341 4159 sumptum
1376 4086 1561 4159 liquet,
1584 4084 1667 4159 ad
1694 4086 2009 4141 similitudi-

406 4155 533 4213 nem
564 4155 669 4213 veri
691 4155 827 4228 jugi:
854 4173 962 4227 quo
991 4156 1163 4228 boves
1213 4157 1447 4228 ligantur
1482 4155 1719 4228 invicem
1748 4166 1801 4210 et
1830 4159 2009 4212 servi-

412 4230 528 4310 tuti
549 4226 1072 4310 subjiChintuhlJic.
1094 4227 1310 4310 .Philip.
1336 4244 1374 4291 ι,
1405 4228 1619 4310 capi}:
1646 4226 1870 4310 Cttjusﬁa
1897 4246 2005 4283 cer-

402 4302 598 4373 vicibus
619 4303 803 4373 iugum
817 4301 999 4357 servile
1020 4299 1352 4373 dejecerant;
1383 4306 1439 4353 et
1470 4298 1691 4373 Plinius,
1720 4298 1774 4353 itt
1802 4299 2003 4373 Pauca.

405 4388 534 4445 cap.
570 4368 865 4445 lljugum
890 4368 1244 4445 exeusserattt.
1268 4368 1603 4445 Lactantius,
1628 4370 1717 4445 lib.
1745 4385 1889 4445 _vt,e.
1917 4372 2002 4437 1?,

406 4439 600 4512 eadem
650 4439 763 4499 fere
794 4444 1016 4512 exponit
1062 4441 1453 4497 misericordiae
1489 4450 1544 4495 et
1584 4439 1811 4508 justizie
1840 4457 2003 4512 opera

408 4530 533 4585 quas
558 4510 649 4585 hic
668 4510 913 4585 pressius
939 4530 967 4567 a
998 4511 1219 4567 Zenone
1245 4520 1617 4585 recensentur.

449 4666 560 4711 05L

406 4672 599 4798 ρθῗῖέ)
633 4727 754 4783 Erat
781 4728 832 4781 in
866 4724 1001 4781 edit.
1036 4722 1161 4798 ver.
1190 4726 1399 4794 pietates
1417 4726 1638 4798 largitur
1670 4740 1690 4779 :
1717 4727 1897 4795 furtim
1931 4744 2009 4780 sc-

406 4795 569 4871 mittar
584 4795 797 4871 spargit,
820 4809 947 4871 Aetc.
983 4795 1201 4871 in_Ven.
1239 4798 1439 4871 pietatis
1485 4795 1744 4871 largitur;
1789 4800 2004 4871 furtum,

408 4877 521 4925 etc.
559 4867 624 4923 in'
652 4867 774 4924 mss.
818 4869 1005 4931 Retn..
1045 4867 1165 4940 Tol.
1213 4868 1521 4940 etPourp.,
1570 4867 1770 4940 pietatis
1796 4870 2007 4939 largiter

410 4940 594 5012 furtim
630 4941 819 4995 semina
846 4941 1064 5012 spargit.
1086 4939 1247 5012 Hanc
1273 4938 1577 5012 lectionem
1610 4940 1782 5012 secuti
1818 4938 2005 4997 smnus

408 5010 847 5080 interjectainter
869 5010 1126 5066 adverbia
1151 5010 1361 5078 largiter
1382 5018 1436 5064 et
1460 5014 1639 5080 furtim
1662 5011 2005 5080 conjunctio-

411 5098 485 5138 ne
526 5092 595 5145 et,
636 5087 749 5155 sine
783 5097 889 5151 qua
926 5081 1112 5155 durior
1148 5080 1369 5155 nimium
1414 5094 1468 5155 et
1512 5099 1540 5136 a
1585 5083 1821 5139 Zenonis
1863 5085 2003 5155 style

409 5155 591 5208 aliena
628 5150 835 5209 videtur
872 5154 1111 5211 locutio:
1165 5150 1323 5207 facile
1361 5154 1503 5207 enim
1538 5155 1606 5206 oh
1634 5171 1689 5207 er
1715 5150 2004 5222 postremis

412 5224 612 5280 litteris
638 5226 785 5279 vocis
812 5225 1021 5285 larqiter
1054 5225 1345 5277 transcurri
1379 5239 1407 5278 a
1439 5223 1674 5278 librariis
1704 5235 1750 5278 et
1779 5225 2003 5294 conjun-

412 5297 527 5351 ctio
560 5298 746 5363 potuit.
768 5294 1037 5352 Caeterum
1062 5295 1265 5363 pictatis
1293 5297 1485 5349 sentina
1509 5311 1613 5348 non
1646 5297 1787 5349 male
1812 5310 2008 5351 vocan—

415 5376 509 5422 tur
554 5367 932 5438 eleemosyna-,
978 5381 1113 5433 quas
1160 5367 1246 5435 pia
1285 5367 1478 5438 sentina
1519 5365 1724 5423 Auctor
1757 5366 2008 5422 similiter

409 5436 653 5508 appellat
681 5435 835 5493 tract.
874 5440 940 5496 10
971 5438 1066 5492 lih.
1100 5453 1139 5501 t,
1174 5452 1320 5491 num.
1349 5435 1403 5490 5.

486 5504 602 5582 (19)
628 5506 958 5582 Lactantius,
980 5510 1069 5563 lib.
1100 5523 1154 5572 v,
1187 5522 1307 5582 cap.
1335 5510 1353 5563 1
1390 5507 1544 5563 :Haec
1575 5509 1629 5582 in
1652 5508 1830 5582 printis
1856 5523 2010 5563 causa

410 5579 511 5649 est,
546 5579 638 5654 c_ur
664 5579 801 5652 apud
823 5583 1154 5654 sapientes_e_t
1176 5580 1350 5634 doctos
1373 5590 1421 5634 et
1448 5581 1703 5654 principes
1731 5579 1885 5654 [cujus
1906 5596 2008 5635 sat-

408 5654 519 5707 culi
554 5650 825 5721 Scriptura
851 5650 1029 5707 sancta
1062 5651 1167 5720 ﬁde
1192 5661 1399 5716 careat;
1425 5651 1561 5722 quod
1585 5650 1848 5722 prophetia
1873 5668 2009 5706 com-

407 5724 564 5799 muni
588 5732 636 5778 et
671 5725 891 5799 simplici
917 5731 1259 5799 seruione,_rtt
1377 5720 1799 5799 populumsuttl
1827 5723 2001 5799 loettti.

407 5794 819 5862 Centumalum»
858 5799 1025 5868 itaque
1051 5794 1117 5853 ab
1155 5795 1242 5861 iis,
1272 5796 1356 5867 aui
1381 5795 1513 5852 nihil
1540 5794 1745 5862 audire,
1776 5794 1855 5854 vel
1874 5797 2008 5879 lega-

491 4583 608 4686 (17)
633 4583 725 4639 Ms.
756 4585 946 4655 Pomp.
980 4585 1199 4653 patitur;
1213 4583 1305 4638 scd
1335 4584 1529 4653 patitur
1557 4584 1817 4651 repetitur
1847 4585 2003 4653 paulo
2032 4624 2087 4686 Β

2118 3586 2226 3624 non
2272 3585 2568 3640 numquam
2618 3573 2791 3655 repeti
2837 3580 3053 3641 potest:
3088 3569 3231 3641 quod
3278 3570 3455 3640 legum
3489 3571 3721 3624 circum-

2118 3661 2528 3733 scriptionibus,
2572 3679 2679 3718 non
2714 3672 2908 3733 potest.
2943 3662 3239 3730 Glorietur,
3272 3663 3365 3733 qui
3403 3664 3570 3729 volet,
3617 3663 3715 3717 ista

2113 3819 2190 3874 re,
2218 3803 2317 3857 nisi
2341 3802 2631 3871 expolitum
2658 3821 2720 3859 ac
2747 3805 2993 3859 disertum
3014 3804 3207 3858 volunt.
3245 3803 3508 3859 Similiter
3536 3800 3719 3874 Cyril-

2113 3873 2194 3928 lus
2219 3876 2640 3941 Alexandrinus,
2672 3879 2767 3929 lib.
2796 3893 2863 3931 vtt
2898 3878 2951 3931 in
2981 3876 3251 3931 lulianum
3285 3875 3424 3930 hanc
3458 3873 3713 3929 Ethnici»-

2112 3961 2231 4018 rum
2262 3946 2622 4015 objectionem
2664 3951 2940 4018 preponit,
2978 3963 3083 4015 qua
3124 3947 3201 4001 illi
3243 3961 3427 4018 sacros
3456 3946 3626 4001 libros
3653 3945 3713 3996 ob

2108 4016 2366 4087 objectum
2388 4026 2436 4071 et
2456 4016 2747 4087 impolitum
2772 4035 3077 4082 scrutariam,
3109 4032 3167 4071 ut
3194 4019 3252 4071 S.
3282 4017 3430 4072 Zeno
3454 4018 3706 4086 loquitur,

2108 4086 2481 4161 despiciebant
2502 4131 2514 4150 .
2534 4086 2734 4161 eisque
2761 4091 3120 4158 praelucebant
3149 4105 3277 4143 suos
3305 4097 3553 4161 auctores
3572 4127 3587 4151 ,
3616 4088 3705 4161 qui

2113 4160 2348 4228 politiori
2371 4172 2421 4213 et
2446 4159 2786 4216 loculetitiori
2814 4163 2957 4230 stylo
2981 4162 3058 4214 usi
3079 4170 3222 4213 sunt:
3252 4161 3316 4213 At
3342 4159 3709 4227 enim,inquiet

2113 4229 2292 4300 forsan
2339 4231 2546 4298 aliquis,
2592 4229 2881 4300 Scriptura
2901 4247 3051 4285 sacra
3092 4231 3324 4299 vulgare,
3364 4230 3615 4297 plebeium
3651 4244 3712 4280 ac

2113 4303 2387 4367 protritum
2430 4302 2635 4355 dicendi
2674 4319 2835 4372 genus
2879 4301 3102 4355 continet
3135 4318 3154 4354 :
3201 4300 3499 4355 Graecorum
3528 4311 3710 4372 autent

2110 4374 2302 4441 scripta
2321 4373 2625 4427 suavitatem
2657 4368 2841 4427 Habent
2865 4389 2924 4427 ac
2954 4381 3197 4438 praterea
3223 4379 3481 4426 venustate
3503 4368 3715 4441 dicendi

2109 4439 2466 4516 abundasset
2506 4444 2709 4516 gratia.
2742 4444 2866 4516 time
2897 4441 3292 4516 Cyrillusgpag.
3326 4441 3435 4516 353
3481 4439 3705 4516 edition.

2110 4513 2305 4582 Lipsitc
2337 4511 2663 4570 1696ftliuc
2686 4511 3278 4576 Amelius‘l'lamnicus,
3299 4511 3705 4582 apudeumdem

2109 4584 2395 4657 Cyrillum,
2421 4600 2541 4655 pag.
2570 4586 2699 4650 283,
2724 4590 2781 4641 S.
2804 4584 3068 4656 Joannem
3085 4582 3276 4638 eodem
3294 4586 3519 4657 nomine,
3536 4582 3719 4637 barba-

2102 4651 2229 4710 rum
2253 4651 2594 4725 vocatJere
2635 4659 2689 4711 in
2729 4651 2949 4713 eosdem
2998 4668 3278 4710 sacrorum
3319 4656 3581 4725 librorum?
3618 4668 3713 4706 att-

2113 4739 2293 4784 ctores
2323 4724 2620 4784 evomeriut
2646 4729 2735 4783 alii
2770 4727 3138 4790 Ethnicorum,
3183 4726 3307 4781 vide
3344 4724 3485 4795 apud
3526 4724 3711 4789 lliero-

2112 4815 2334 4870 nymum
2366 4802 2421 4854 in
2444 4799 2650 4870 pru'fat.
2673 4801 2738 4855 de
2762 4799 2956 4867 Script.
2984 4795 3385 4863 Ecclesitrsticis;
3408 4797 3526 4870 vide
3550 4799 3708 4850 etiam

2111 4867 2272 4940 epist.
2304 4873 2341 4927 ‘8
2373 4867 2645 4927 Ambrosii
2674 4910 2689 4935 ,
2724 4886 2827 4941 qua
2873 4870 3061 4925 eadem
3095 4870 3147 4924 iu
3189 4884 3377 4926 sacros
3407 4867 3710 4938 Scriptores

2110 4944 2391 4997 accusatio
2416 4942 2659 4997 diluitur.

2183 5036 2296 5105 (20)
2315 5035 2368 5089 In
2387 5035 2545 5091 editis
2559 5037 2816 5089 insertum
2838 5033 3062 5090 Psalmis
3076 5044 3127 5088 ta
3141 5044 3335 5100 noster,
3349 5031 3491 5103 quod
3507 5033 3559 5087 in
3576 5046 3706 5087 mss.

2109 5104 2293 5167 Rem,
2331 5107 2513 5174 Pomp.
2548 5117 2602 5161 et
2649 5105 2784 5161 Zen.
2837 5123 2941 5161 non
2983 5107 3195 5177 legitur.
3240 5104 3408 5160 Paulo
3447 5113 3572 5160 ante
3612 5118 3711 5175 pro

2108 5178 2233 5247 quid
2263 5178 2362 5244 illi,
2394 5191 2493 5230 ms.
2527 5177 2718 5248 Pomp.
2752 5178 2939 5234 scribit
2968 5175 3105 5248 quod
3131 5175 3230 5231 illi.

2181 5270 2838 5354 (‘21)_§ttntureposuimus
2860 5286 2928 5354 eis
2955 5286 3085 5325 mss.
3118 5280 3174 5353 et
3210 5269 3449 5354 editione
3476 5268 3628 5354 νεξηῶ
3646 5266 3700 5354 Iit

2110 5338 2229 5426 aliis
2257 5341 2539 5426 editiqnib.
2567 5338 2643 5400 est
2673 5343 2862 5397 inanis.
2895 5340 3152 5413 Sequenti
3181 5344 3427 5399 membro
3456 5355 3560 5399 ms.
3587 5338 3708 5395 Tol.

2112 5430 2168 5469 ιη
2195 5430 2466 5470 mensuris.

2185 5485 2303 5557 (2‘2)
2343 5482 2400 5541 In
2443 5488 2573 5543 edit.
2603 5484 2731 5543 Ver.
2778 5501 3062 5556 perperam
3093 5484 3446 5554 prwscriptia,
3486 5496 3608 5537 cum
3644 5478 3712 5533 de

2115 5558 2508 5629 proscriptione
2534 5574 2631 5615 seu
2658 5558 3024 5628 publicatione
3052 5558 3315 5612 bonorum
3342 5557 3412 5608 sit
3436 5566 3640 5611 sermo.
3708 5586 3716 5597 .

2184 5650 2302 5722 (25)
2347 5650 2566 5723 Legibus
2606 5651 2783 5719 perdat
2812 5649 2956 5705 idem
2986 5658 3188 5723 est,_ac
3218 5645 3359 5723 ψιηρ
3392 5659 3541 5698 num.
3566 5642 3624 5723 (ξ,
3646 5639 3715 5722 de

2112 5710 2445 5796 eloquentia;
2461 5710 3057 5794 circumscriptionihus
3080 5710 3500 5796 dictumluerat
3514 5731 3539 5796 p:
3570 5710 3721 5796 Μαάθ

2111 5787 2342 5864 bus-mis
2367 5815 2492 5859 suas
2524 5798 2658 5875 leges
2683 5787 2976 5869 impugnat,
2998 5797 3093 5870 jus
3108 5795 3231 5864 jure
3257 5787 3546 5862 ἀίοινίιιοδηε
3666 5788 3673 5801 ’
