  <div class='ocr_page' id='page_1' title='image "/cluster/home/n/w/nwhite01/storage/ocr_20150623/11/hvd.32044096580402/161.png"; bbox 0 0 4216 6178; ppageno 0'>
   <div class='ocr_carea' id='block_1_1' title="bbox 465 281 570 338">
    <p class='ocr_par' dir='ltr' id='par_1_1' title="bbox 465 281 570 338">
     <span class='ocr_line' id='line_1_1' title="bbox 465 281 570 338; baseline 0.019 -2"><span class='ocrx_word' id='word_1_1' title='bbox 465 281 570 338; x_wconf 69' lang='lat'><strong>287</strong></span> 
     </span>
    </p>
   </div>
   <div class='ocr_carea' id='block_1_2' title="bbox 469 490 2061 566">
    <p class='ocr_par' dir='ltr' id='par_1_2' title="bbox 469 490 2061 566">
     <span class='ocr_line' id='line_1_2' title="bbox 469 490 2061 566; baseline 0.003 -20"><span class='ocrx_word' id='word_1_2' title='bbox 469 490 602 558; x_wconf 90' lang='lat' dir='ltr'><strong>rior,</strong></span> <span class='ocrx_word' id='word_1_3' title='bbox 634 491 722 562; x_wconf 89' lang='lat' dir='ltr'><strong>qui</strong></span> <span class='ocrx_word' id='word_1_4' title='bbox 777 492 1009 546; x_wconf 87' lang='lat' dir='ltr'><strong>miseriis</strong></span> <span class='ocrx_word' id='word_1_5' title='bbox 1039 490 1240 545; x_wconf 85' lang='lat' dir='ltr'><strong>ditatur</strong></span> <span class='ocrx_word' id='word_1_6' title='bbox 1281 491 1495 548; x_wconf 89' lang='lat' dir='ltr'><strong>alienis.</strong></span> <span class='ocrx_word' id='word_1_7' title='bbox 1529 493 1899 560; x_wconf 80' lang='lat' dir='ltr'><strong>Quisquamne</strong></span> <span class='ocrx_word' id='word_1_8' title='bbox 1941 494 2061 566; x_wconf 79' lang='lat' dir='ltr'><strong>jus-</strong></span> 
     </span>
    </p>
   </div>
   <div class='ocr_carea' id='block_1_3' title="bbox 470 582 2065 657">
    <p class='ocr_par' dir='ltr' id='par_1_3' title="bbox 470 582 2065 657">
     <span class='ocr_line' id='line_1_3' title="bbox 470 582 2065 657; baseline 0.003 -17"><span class='ocrx_word' id='word_1_9' title='bbox 470 590 583 649; x_wconf 82' lang='lat' dir='ltr'><strong>tum</strong></span> <span class='ocrx_word' id='word_1_10' title='bbox 616 592 784 651; x_wconf 92' lang='lat' dir='ltr'><strong>putet,</strong></span> <span class='ocrx_word' id='word_1_11' title='bbox 815 582 906 653; x_wconf 88' lang='lat' dir='ltr'><strong>qui</strong></span> <span class='ocrx_word' id='word_1_12' title='bbox 951 582 1235 640; x_wconf 91' lang='lat' dir='ltr'><strong>utilitatem</strong></span> <span class='ocrx_word' id='word_1_13' title='bbox 1266 585 1340 640; x_wconf 86' lang='lat' dir='ltr'><strong>rei</strong></span> <span class='ocrx_word' id='word_1_14' title='bbox 1375 584 1654 641; x_wconf 78' lang='lat' dir='ltr'><strong>familiaris</strong></span> <span class='ocrx_word' id='word_1_15' title='bbox 1699 588 1886 656; x_wconf 86' lang='lat' dir='ltr'><strong>pietati</strong></span> <span class='ocrx_word' id='word_1_16' title='bbox 1930 604 2065 657; x_wconf 68' lang='lat' dir='ltr'><strong>prte-</strong></span> 
     </span>
    </p>
   </div>
   <div class='ocr_carea' id='block_1_4' title="bbox 475 674 2062 750">
    <p class='ocr_par' dir='ltr' id='par_1_4' title="bbox 475 674 2062 750">
     <span class='ocr_line' id='line_1_4' title="bbox 475 674 2062 750; baseline 0.005 -22"><span class='ocrx_word' id='word_1_17' title='bbox 475 676 662 746; x_wconf 88' lang='lat' dir='ltr'><strong>ponit?</strong></span> <span class='ocrx_word' id='word_1_18' title='bbox 689 677 801 745; x_wconf 87' lang='lat' dir='ltr'><strong>qui,</strong></span> <span class='ocrx_word' id='word_1_19' title='bbox 824 674 1131 732; x_wconf 87' lang='lat' dir='ltr'><strong>hominibus</strong></span> <span class='ocrx_word' id='word_1_20' title='bbox 1154 677 1294 733; x_wconf 83' lang='lat' dir='ltr'><strong>fame</strong></span> <span class='ocrx_word' id='word_1_21' title='bbox 1315 679 1680 734; x_wconf 80' lang='lat' dir='ltr'><strong>laborantibus</strong></span> <span class='ocrx_word' id='word_1_22' title='bbox 1704 695 1768 736; x_wconf 91' lang='lat' dir='ltr'><strong>ac</strong></span> <span class='ocrx_word' id='word_1_23' title='bbox 1793 680 2031 736; x_wconf 77' lang='lat' dir='ltr'><strong>nuditate</strong></span> <span class='ocrx_word' id='word_1_24' title='bbox 2047 724 2062 750; x_wconf 94' lang='lat'><strong>,</strong></span> 
     </span>
    </p>
   </div>
   <div class='ocr_carea' id='block_1_5' title="bbox 476 767 2066 842">
    <p class='ocr_par' dir='ltr' id='par_1_5' title="bbox 476 767 2066 842">
     <span class='ocr_line' id='line_1_5' title="bbox 476 767 2066 842; baseline 0.004 -21"><span class='ocrx_word' id='word_1_25' title='bbox 476 767 645 837; x_wconf 90' lang='lat' dir='ltr'><strong>pascit</strong></span> <span class='ocrx_word' id='word_1_26' title='bbox 675 767 871 830; x_wconf 78' lang='lat' dir='ltr'><strong>tineas,</strong></span> <span class='ocrx_word' id='word_1_27' title='bbox 899 768 1262 834; x_wconf 84' lang='lat' dir='ltr'><strong>curculiones,</strong></span> <span class='ocrx_word' id='word_1_28' title='bbox 1293 784 1355 822; x_wconf 93' lang='lat' dir='ltr'><strong>ac</strong></span> <span class='ocrx_word' id='word_1_29' title='bbox 1385 770 1632 826; x_wconf 77' lang='lat' dir='ltr'><strong>vermes?</strong></span> <span class='ocrx_word' id='word_1_30' title='bbox 1660 773 1748 842; x_wconf 91' lang='lat' dir='ltr'><strong>qui</strong></span> <span class='ocrx_word' id='word_1_31' title='bbox 1779 773 1920 839; x_wconf 85' lang='lat' dir='ltr'><strong>quod</strong></span> <span class='ocrx_word' id='word_1_32' title='bbox 1968 775 2034 828; x_wconf 92' lang='lat' dir='ltr'><strong>ha</strong></span> <span class='ocrx_word' id='word_1_33' title='bbox 2053 807 2066 816; x_wconf 83' lang='lat'><strong>-</strong></span> 
     </span>
    </p>
   </div>
   <div class='ocr_carea' id='block_1_6' title="bbox 473 861 2065 932">
    <p class='ocr_par' dir='ltr' id='par_1_6' title="bbox 473 861 2065 932">
     <span class='ocr_line' id='line_1_6' title="bbox 473 861 2065 932; baseline 0.003 -15"><span class='ocrx_word' id='word_1_34' title='bbox 473 861 594 928; x_wconf 89' lang='lat' dir='ltr'><strong>bet,</strong></span> <span class='ocrx_word' id='word_1_35' title='bbox 631 861 828 916; x_wconf 83' lang='lat' dir='ltr'><strong>infelici</strong></span> <span class='ocrx_word' id='word_1_36' title='bbox 873 861 1163 917; x_wconf 89' lang='lat' dir='ltr'><strong>tenacitate</strong></span> <span class='ocrx_word' id='word_1_37' title='bbox 1195 877 1299 916; x_wconf 90' lang='lat' dir='ltr'><strong>non</strong></span> <span class='ocrx_word' id='word_1_38' title='bbox 1332 863 1452 919; x_wconf 86' lang='lat' dir='ltr'><strong>aliis</strong></span> <span class='ocrx_word' id='word_1_39' title='bbox 1488 872 1728 932; x_wconf 90' lang='lat' dir='ltr'><strong>tantum,</strong></span> <span class='ocrx_word' id='word_1_40' title='bbox 1779 866 1874 922; x_wconf 91' lang='lat' dir='ltr'><strong>sed</strong></span> <span class='ocrx_word' id='word_1_41' title='bbox 1905 868 2065 922; x_wconf 91' lang='lat' dir='ltr'><strong>etiam</strong></span> 
     </span>
    </p>
   </div>
   <div class='ocr_carea' id='block_1_7' title="bbox 472 955 1015 1021">
    <p class='ocr_par' dir='ltr' id='par_1_7' title="bbox 472 955 1015 1021">
     <span class='ocr_line' id='line_1_7' title="bbox 472 955 1015 1021; baseline 0.002 -13"><span class='ocrx_word' id='word_1_42' title='bbox 472 955 572 1011; x_wconf 88' lang='lat' dir='ltr'><strong>sibi</strong></span> <span class='ocrx_word' id='word_1_43' title='bbox 603 955 700 1021; x_wconf 85' lang='lat' dir='ltr'><strong>ipsi</strong></span> <span class='ocrx_word' id='word_1_44' title='bbox 730 955 1015 1011; x_wconf 84' lang='lat' dir='ltr'><strong>subducit?</strong></span> 
     </span>
    </p>
   </div>
   <div class='ocr_carea' id='block_1_8' title="bbox 553 1047 2068 1118">
    <p class='ocr_par' dir='ltr' id='par_1_8' title="bbox 553 1047 2068 1118">
     <span class='ocr_line' id='line_1_8' title="bbox 553 1047 2068 1118; baseline 0.004 -16"><span class='ocrx_word' id='word_1_45' title='bbox 553 1047 636 1102; x_wconf 75' lang='lat' dir='ltr'><strong>Vl.</strong></span> <span class='ocrx_word' id='word_1_46' title='bbox 684 1049 789 1104; x_wconf 92' lang='lat' dir='ltr'><strong>Sed</strong></span> <span class='ocrx_word' id='word_1_47' title='bbox 817 1091 832 1116; x_wconf 90' lang='lat'><strong>,</strong></span> <span class='ocrx_word' id='word_1_48' title='bbox 879 1049 1128 1118; x_wconf 79' lang='lat' dir='ltr'><strong>inquies,</strong></span> <span class='ocrx_word' id='word_1_49' title='bbox 1159 1049 1361 1118; x_wconf 85' lang='lat' dir='ltr'><strong>justum</strong></span> <span class='ocrx_word' id='word_1_50' title='bbox 1405 1060 1510 1114; x_wconf 88' lang='lat' dir='ltr'><strong>est,</strong></span> <span class='ocrx_word' id='word_1_51' title='bbox 1564 1062 1620 1106; x_wconf 87' lang='lat' dir='ltr'><strong>ut</strong></span> <span class='ocrx_word' id='word_1_52' title='bbox 1652 1067 1771 1108; x_wconf 89' lang='lat' dir='ltr'><strong>mea</strong></span> <span class='ocrx_word' id='word_1_53' title='bbox 1815 1068 2025 1108; x_wconf 90' lang='lat' dir='ltr'><strong>servem</strong></span> <span class='ocrx_word' id='word_1_54' title='bbox 2054 1095 2068 1117; x_wconf 94' lang='lat'><strong>,</strong></span> 
     </span>
    </p>
   </div>
   <div class='ocr_carea' id='block_1_9' title="bbox 475 1142 2078 1220">
    <p class='ocr_par' dir='ltr' id='par_1_9' title="bbox 475 1142 2078 1220">
     <span class='ocr_line' id='line_1_9' title="bbox 475 1142 2078 1220; baseline 0.004 -24"><span class='ocrx_word' id='word_1_55' title='bbox 475 1142 648 1196; x_wconf 89' lang='lat' dir='ltr'><strong>aliena</strong></span> <span class='ocrx_word' id='word_1_56' title='bbox 670 1159 774 1196; x_wconf 90' lang='lat' dir='ltr'><strong>non</strong></span> <span class='ocrx_word' id='word_1_57' title='bbox 796 1159 1056 1203; x_wconf 77' lang='lat' dir='ltr'><strong>quzeram.</strong></span> <span class='ocrx_word' id='word_1_58' title='bbox 1077 1144 1186 1197; x_wconf 85' lang='lat' dir='ltr'><strong>Iloc</strong></span> <span class='ocrx_word' id='word_1_59' title='bbox 1207 1145 1369 1196; x_wconf 89' lang='lat' dir='ltr'><strong>etiam</strong></span> <span class='ocrx_word' id='word_1_60' title='bbox 1391 1143 1592 1200; x_wconf 79' lang='lat' dir='ltr'><strong>Gentes</strong></span> <span class='ocrx_word' id='word_1_61' title='bbox 1611 1145 1791 1202; x_wconf 88' lang='lat' dir='ltr'><strong>dicere</strong></span> <span class='ocrx_word' id='word_1_62' title='bbox 1805 1145 1921 1220; x_wconf 65' lang='grc'>(24)</span> <span class='ocrx_word' id='word_1_63' title='bbox 1944 1163 2078 1202; x_wconf 53' lang='lat' dir='ltr'><strong>cond</strong></span> 
     </span>
    </p>
   </div>
   <div class='ocr_carea' id='block_1_10' title="bbox 478 1236 2070 1311">
    <p class='ocr_par' dir='ltr' id='par_1_10' title="bbox 478 1236 2070 1311">
     <span class='ocr_line' id='line_1_10' title="bbox 478 1236 2070 1311; baseline 0.004 -22"><span class='ocrx_word' id='word_1_64' title='bbox 478 1247 788 1290; x_wconf 87' lang='lat' dir='ltr'><strong>sueverunt.</strong></span> <span class='ocrx_word' id='word_1_65' title='bbox 823 1236 1091 1291; x_wconf 64' lang='lat' dir='ltr'><strong>Caeterum</strong></span> <span class='ocrx_word' id='word_1_66' title='bbox 1129 1238 1269 1305; x_wconf 89' lang='lat' dir='ltr'><strong>ame</strong></span> <span class='ocrx_word' id='word_1_67' title='bbox 1298 1238 1465 1292; x_wconf 86' lang='lat' dir='ltr'><strong>Deum</strong></span> <span class='ocrx_word' id='word_1_68' title='bbox 1500 1255 1659 1305; x_wconf 89' lang='lat' dir='ltr'><strong>quam</strong></span> <span class='ocrx_word' id='word_1_69' title='bbox 1690 1243 1756 1294; x_wconf 87' lang='lat' dir='ltr'><strong>sit</strong></span> <span class='ocrx_word' id='word_1_70' title='bbox 1791 1241 2070 1311; x_wconf 77' lang='lat' dir='ltr'><strong>inju~tum,</strong></span> 
     </span>
    </p>
   </div>
   <div class='ocr_carea' id='block_1_11' title="bbox 478 1328 2074 1402">
    <p class='ocr_par' dir='ltr' id='par_1_11' title="bbox 478 1328 2074 1402">
     <span class='ocr_line' id='line_1_11' title="bbox 478 1328 2074 1402; baseline 0.003 -20"><span class='ocrx_word' id='word_1_71' title='bbox 478 1343 605 1382; x_wconf 81' lang='lat' dir='ltr'><strong>mox</strong></span> <span class='ocrx_word' id='word_1_72' title='bbox 631 1328 954 1383; x_wconf 74' lang='lat' dir='ltr'><strong>videbimus.</strong></span> <span class='ocrx_word' id='word_1_73' title='bbox 987 1328 1136 1382; x_wconf 85' lang='lat' dir='ltr'><strong>Nunc</strong></span> <span class='ocrx_word' id='word_1_74' title='bbox 1168 1330 1344 1398; x_wconf 87' lang='lat' dir='ltr'><strong>primo</strong></span> <span class='ocrx_word' id='word_1_75' title='bbox 1373 1330 1650 1395; x_wconf 90' lang='lat' dir='ltr'><strong>omnium,</strong></span> <span class='ocrx_word' id='word_1_76' title='bbox 1681 1332 1885 1402; x_wconf 89' lang='lat' dir='ltr'><strong>optime</strong></span> <span class='ocrx_word' id='word_1_77' title='bbox 1915 1333 2074 1386; x_wconf 85' lang='lat' dir='ltr'><strong>Chri-</strong></span> 
     </span>
    </p>
   </div>
   <div class='ocr_carea' id='block_1_12' title="bbox 479 1420 2081 1494">
    <p class='ocr_par' dir='ltr' id='par_1_12' title="bbox 479 1420 2081 1494">
     <span class='ocr_line' id='line_1_12' title="bbox 479 1420 2081 1494; baseline 0.002 -19"><span class='ocrx_word' id='word_1_78' title='bbox 479 1420 677 1485; x_wconf 75' lang='lat' dir='ltr'><strong>SIiane,</strong></span> <span class='ocrx_word' id='word_1_79' title='bbox 696 1422 836 1475; x_wconf 89' lang='lat' dir='ltr'><strong>scire</strong></span> <span class='ocrx_word' id='word_1_80' title='bbox 851 1423 1028 1487; x_wconf 77' lang='lat' dir='ltr'><strong>capio,</strong></span> <span class='ocrx_word' id='word_1_81' title='bbox 1057 1437 1178 1490; x_wconf 63' lang='lat' dir='ltr'><strong>quae</strong></span> <span class='ocrx_word' id='word_1_82' title='bbox 1204 1422 1314 1476; x_wconf 91' lang='lat' dir='ltr'><strong>sint</strong></span> <span class='ocrx_word' id='word_1_83' title='bbox 1337 1429 1445 1488; x_wconf 82' lang='lat' dir='ltr'><strong>tua,</strong></span> <span class='ocrx_word' id='word_1_84' title='bbox 1475 1439 1594 1476; x_wconf 88' lang='lat' dir='ltr'><strong>cum</strong></span> <span class='ocrx_word' id='word_1_85' title='bbox 1623 1423 1860 1494; x_wconf 63' lang='lat' dir='ltr'><strong>sint(95)</strong></span> <span class='ocrx_word' id='word_1_86' title='bbox 1888 1426 2081 1480; x_wconf 83' lang='lat' dir='ltr'><strong>timcn-</strong></span> 
     </span>
    </p>
   </div>
   <div class='ocr_carea' id='block_1_13' title="bbox 483 1512 2075 1587">
    <p class='ocr_par' dir='ltr' id='par_1_13' title="bbox 483 1512 2075 1587">
     <span class='ocr_line' id='line_1_13' title="bbox 483 1512 2075 1587; baseline 0.003 -20"><span class='ocrx_word' id='word_1_87' title='bbox 483 1512 628 1568; x_wconf 88' lang='lat' dir='ltr'><strong>tibus</strong></span> <span class='ocrx_word' id='word_1_88' title='bbox 659 1513 823 1567; x_wconf 88' lang='lat' dir='ltr'><strong>Deum</strong></span> <span class='ocrx_word' id='word_1_89' title='bbox 853 1514 1098 1568; x_wconf 86' lang='lat' dir='ltr'><strong>universa</strong></span> <span class='ocrx_word' id='word_1_90' title='bbox 1123 1514 1429 1568; x_wconf 88' lang='lat' dir='ltr'><strong>communia</strong></span> <span class='ocrx_word' id='word_1_91' title='bbox 1451 1554 1466 1577; x_wconf 96' lang='lat'><strong>,</strong></span> <span class='ocrx_word' id='word_1_92' title='bbox 1499 1515 1642 1568; x_wconf 88' lang='lat' dir='ltr'><strong>sicut</strong></span> <span class='ocrx_word' id='word_1_93' title='bbox 1668 1519 1928 1587; x_wconf 86' lang='lat' dir='ltr'><strong>scriptum</strong></span> <span class='ocrx_word' id='word_1_94' title='bbox 1953 1516 2038 1572; x_wconf 78' lang='lat' dir='ltr'><strong>est</strong></span> <span class='ocrx_word' id='word_1_95' title='bbox 2061 1535 2075 1571; x_wconf 88' lang='lat'><strong>:</strong></span> 
     </span>
    </p>
   </div>
   <div class='ocr_carea' id='block_1_14' title="bbox 481 1605 2082 1678">
    <p class='ocr_par' dir='ltr' id='par_1_14' title="bbox 481 1605 2082 1678">
     <span class='ocr_line' id='line_1_14' title="bbox 481 1605 2082 1678; baseline 0.004 -19"><span class='ocrx_word' id='word_1_96' title='bbox 481 1605 656 1660; x_wconf 85' lang='lat' dir='ltr'><strong>Turba</strong></span> <span class='ocrx_word' id='word_1_97' title='bbox 680 1616 858 1676; x_wconf 65' lang='lat' dir='ltr'><strong>autem</strong></span> <span class='ocrx_word' id='word_1_98' title='bbox 882 1622 1076 1671; x_wconf 87' lang='lat' dir='ltr'><strong>eorum,</strong></span> <span class='ocrx_word' id='word_1_99' title='bbox 1109 1608 1198 1678; x_wconf 86' lang='lat' dir='ltr'><strong>qui</strong></span> <span class='ocrx_word' id='word_1_100' title='bbox 1228 1606 1554 1662; x_wconf 84' lang='lat' dir='ltr'><strong>crediderant</strong></span> <span class='ocrx_word' id='word_1_101' title='bbox 1578 1649 1592 1672; x_wconf 96' lang='lat'><strong>,</strong></span> <span class='ocrx_word' id='word_1_102' title='bbox 1623 1625 1794 1662; x_wconf 82' lang='lat' dir='ltr'><strong>animo</strong></span> <span class='ocrx_word' id='word_1_103' title='bbox 1819 1626 1882 1663; x_wconf 89' lang='lat' dir='ltr'><strong>ac</strong></span> <span class='ocrx_word' id='word_1_104' title='bbox 1917 1622 2082 1666; x_wconf 86' lang='lat' dir='ltr'><strong>mente</strong></span> 
     </span>
    </p>
   </div>
   <div class='ocr_carea' id='block_1_15' title="bbox 482 1697 2083 1772">
    <p class='ocr_par' dir='ltr' id='par_1_15' title="bbox 482 1697 2083 1772">
     <span class='ocr_line' id='line_1_15' title="bbox 482 1697 2083 1772; baseline 0.003 -20"><span class='ocrx_word' id='word_1_105' title='bbox 482 1714 587 1752; x_wconf 87' lang='lat' dir='ltr'><strong>una</strong></span> <span class='ocrx_word' id='word_1_106' title='bbox 613 1698 830 1768; x_wconf 83' lang='lat' dir='ltr'><strong>agebant</strong></span> <span class='ocrx_word' id='word_1_107' title='bbox 857 1698 995 1772; x_wconf 71' lang='lat' dir='ltr'><strong>(Act.</strong></span> <span class='ocrx_word' id='word_1_108' title='bbox 1026 1715 1098 1766; x_wconf 87' lang='lat' dir='ltr'><strong>iv,</strong></span> <span class='ocrx_word' id='word_1_109' title='bbox 1131 1699 1223 1770; x_wconf 68' lang='grc'>59)</span> <span class='ocrx_word' id='word_1_110' title='bbox 1260 1718 1273 1755; x_wconf 91' lang='lat'><strong>:</strong></span> <span class='ocrx_word' id='word_1_111' title='bbox 1309 1714 1408 1754; x_wconf 87' lang='lat' dir='ltr'><strong>nec</strong></span> <span class='ocrx_word' id='word_1_112' title='bbox 1439 1697 1537 1752; x_wconf 89' lang='lat' dir='ltr'><strong>fuit</strong></span> <span class='ocrx_word' id='word_1_113' title='bbox 1566 1699 1708 1754; x_wconf 87' lang='lat' dir='ltr'><strong>inter</strong></span> <span class='ocrx_word' id='word_1_114' title='bbox 1740 1702 1861 1755; x_wconf 82' lang='lat' dir='ltr'><strong>illos</strong></span> <span class='ocrx_word' id='word_1_115' title='bbox 1891 1703 2083 1757; x_wconf 62' lang='lat' dir='ltr'><strong>discri-</strong></span> 
     </span>
    </p>
   </div>
   <div class='ocr_carea' id='block_1_16' title="bbox 1257 289 2400 356">
    <p class='ocr_par' dir='ltr' id='par_1_16' title="bbox 1257 289 2400 356">
     <span class='ocr_line' id='line_1_16' title="bbox 1257 289 2400 356; baseline 0.01 -19"><span class='ocrx_word' id='word_1_116' title='bbox 1257 354 1261 356; x_wconf 86' lang='lat'>_</span> <span class='ocrx_word' id='word_1_117' title='bbox 1825 289 2071 345; x_wconf 74' lang='lat' dir='ltr'><strong>SANCTl</strong></span> <span class='ocrx_word' id='word_1_118' title='bbox 2111 290 2400 348; x_wconf 77' lang='lat' dir='ltr'><strong>ZENONIS</strong></span> 
     </span>
    </p>
   </div>
   <div class='ocr_carea' id='block_1_17' title="bbox 461 396 3768 489">
    <p class='ocr_par' dir='ltr' id='par_1_17' title="bbox 461 396 3768 489">
     <span class='ocr_line' id='line_1_17' title="bbox 461 396 3768 489; baseline 0.007 -39"><span class='ocrx_word' id='word_1_119' title='bbox 461 396 670 470; x_wconf 86' lang='lat' dir='ltr'><strong>justitia</strong></span> <span class='ocrx_word' id='word_1_120' title='bbox 703 415 714 453; x_wconf 90' lang='lat'><strong>:</strong></span> <span class='ocrx_word' id='word_1_121' title='bbox 746 407 1115 455; x_wconf 89' lang='lat' dir='ltr'><strong>verumtamen</strong></span> <span class='ocrx_word' id='word_1_122' title='bbox 1165 399 1320 467; x_wconf 84' lang='lat' dir='ltr'><strong>sciat,</strong></span> <span class='ocrx_word' id='word_1_123' title='bbox 1369 399 1496 470; x_wconf 87' lang='lat' dir='ltr'><strong>quia</strong></span> <span class='ocrx_word' id='word_1_124' title='bbox 1524 401 1722 457; x_wconf 91' lang='lat' dir='ltr'><strong>misero</strong></span> <span class='ocrx_word' id='word_1_125' title='bbox 1767 412 1850 458; x_wconf 89' lang='lat' dir='ltr'><strong>est</strong></span> <span class='ocrx_word' id='word_1_126' title='bbox 1892 402 2056 459; x_wconf 87' lang='lat' dir='ltr'><strong>mise-</strong></span> <span class='ocrx_word' id='word_1_127' title='bbox 2090 409 2144 468; x_wconf 82' lang='grc' dir='ltr'><strong>Α</strong></span> <span class='ocrx_word' id='word_1_128' title='bbox 2167 404 2289 461; x_wconf 90' lang='lat' dir='ltr'><strong>beo.</strong></span> <span class='ocrx_word' id='word_1_129' title='bbox 2320 405 2436 480; x_wconf 72' lang='lat'><strong>(27)</strong></span> <span class='ocrx_word' id='word_1_130' title='bbox 2466 407 2566 462; x_wconf 88' lang='lat' dir='ltr'><strong>Ista</strong></span> <span class='ocrx_word' id='word_1_131' title='bbox 2604 418 2685 464; x_wconf 86' lang='lat' dir='ltr'><strong>est</strong></span> <span class='ocrx_word' id='word_1_132' title='bbox 2707 409 3043 466; x_wconf 80' lang='lat' dir='ltr'><strong>inﬁdelitatis</strong></span> <span class='ocrx_word' id='word_1_133' title='bbox 3075 413 3377 482; x_wconf 77' lang='lat' dir='ltr'><strong>excusatio,</strong></span> <span class='ocrx_word' id='word_1_134' title='bbox 3402 429 3564 486; x_wconf 91' lang='lat' dir='ltr'><strong>quam</strong></span> <span class='ocrx_word' id='word_1_135' title='bbox 3597 417 3768 489; x_wconf 90' lang='lat' dir='ltr'><strong>Spiri-</strong></span> 
     </span>
    </p>
   </div>
   <div class='ocr_carea' id='block_1_18' title="bbox 3659 304 3766 360">
    <p class='ocr_par' dir='ltr' id='par_1_18' title="bbox 3659 304 3766 360">
     <span class='ocr_line' id='line_1_18' title="bbox 3659 304 3766 360; baseline 0.019 -2"><span class='ocrx_word' id='word_1_136' title='bbox 3659 304 3766 360; x_wconf 67' lang='lat'><strong>2288</strong></span> 
     </span>
    </p>
   </div>
   <div class='ocr_carea' id='block_1_19' title="bbox 2171 501 3763 571">
    <p class='ocr_par' dir='ltr' id='par_1_19' title="bbox 2171 501 3763 571">
     <span class='ocr_line' id='line_1_19' title="bbox 2171 501 3763 571; baseline 0.009 -21"><span class='ocrx_word' id='word_1_137' title='bbox 2171 504 2254 551; x_wconf 90' lang='lat' dir='ltr'><strong>tus</strong></span> <span class='ocrx_word' id='word_1_138' title='bbox 2280 507 2500 553; x_wconf 87' lang='lat' dir='ltr'><strong>sanctus</strong></span> <span class='ocrx_word' id='word_1_139' title='bbox 2524 514 2616 570; x_wconf 89' lang='lat' dir='ltr'><strong>per</strong></span> <span class='ocrx_word' id='word_1_140' title='bbox 2638 501 2954 571; x_wconf 77' lang='lat' dir='ltr'><strong>prophetam</strong></span> <span class='ocrx_word' id='word_1_141' title='bbox 2986 503 3222 557; x_wconf 88' lang='lat' dir='ltr'><strong>retundit</strong></span> <span class='ocrx_word' id='word_1_142' title='bbox 3247 503 3507 561; x_wconf 86' lang='lat' dir='ltr'><strong>hactenus</strong></span> <span class='ocrx_word' id='word_1_143' title='bbox 3535 507 3724 564; x_wconf 91' lang='lat' dir='ltr'><strong>dicens</strong></span> <span class='ocrx_word' id='word_1_144' title='bbox 3750 527 3763 564; x_wconf 95' lang='lat'><strong>:</strong></span> 
     </span>
    </p>
   </div>
   <div class='ocr_carea' id='block_1_20' title="bbox 2170 589 3764 672">
    <p class='ocr_par' dir='ltr' id='par_1_20' title="bbox 2170 589 3764 672">
     <span class='ocr_line' id='line_1_20' title="bbox 2170 589 3764 672; baseline 0.008 -30"><span class='ocrx_word' id='word_1_145' title='bbox 2170 589 2554 644; x_wconf 77' lang='lat' dir='ltr'><strong>Adolescentior</strong></span> <span class='ocrx_word' id='word_1_146' title='bbox 2605 593 2682 663; x_wconf 81' lang='lat' dir='ltr'><strong>[ni</strong></span> <span class='ocrx_word' id='word_1_147' title='bbox 2702 637 2715 658; x_wconf 88' lang='lat'><strong>,</strong></span> <span class='ocrx_word' id='word_1_148' title='bbox 2747 604 2794 647; x_wconf 91' lang='lat' dir='ltr'><strong>et</strong></span> <span class='ocrx_word' id='word_1_149' title='bbox 2820 596 2965 649; x_wconf 87' lang='lat' dir='ltr'><strong>senui</strong></span> <span class='ocrx_word' id='word_1_150' title='bbox 2996 613 3014 649; x_wconf 88' lang='lat'><strong><em>:</em></strong></span> <span class='ocrx_word' id='word_1_151' title='bbox 3042 606 3086 648; x_wconf 90' lang='lat' dir='ltr'><strong>et</strong></span> <span class='ocrx_word' id='word_1_152' title='bbox 3118 612 3397 666; x_wconf 79' lang='lat' dir='ltr'><strong>numquam</strong></span> <span class='ocrx_word' id='word_1_153' title='bbox 3427 599 3529 652; x_wconf 82' lang='lat' dir='ltr'><strong>vidi</strong></span> <span class='ocrx_word' id='word_1_154' title='bbox 3565 602 3764 672; x_wconf 87' lang='lat' dir='ltr'><strong>justum</strong></span> 
     </span>
    </p>
   </div>
   <div class='ocr_carea' id='block_1_21' title="bbox 2171 685 3764 761">
    <p class='ocr_par' dir='ltr' id='par_1_21' title="bbox 2171 685 3764 761">
     <span class='ocr_line' id='line_1_21' title="bbox 2171 685 3764 761; baseline 0.008 -24"><span class='ocrx_word' id='word_1_155' title='bbox 2171 685 2493 746; x_wconf 76' lang='lat' dir='ltr'><strong>derelictum,</strong></span> <span class='ocrx_word' id='word_1_156' title='bbox 2523 702 2614 738; x_wconf 88' lang='lat' dir='ltr'><strong>nec</strong></span> <span class='ocrx_word' id='word_1_157' title='bbox 2637 703 2803 740; x_wconf 91' lang='lat' dir='ltr'><strong>semen</strong></span> <span class='ocrx_word' id='word_1_158' title='bbox 2832 690 2940 756; x_wconf 84' lang='lat' dir='ltr'><strong>ejus</strong></span> <span class='ocrx_word' id='word_1_159' title='bbox 2964 705 3195 758; x_wconf 72' lang='lat' dir='ltr'><strong>qua’rens</strong></span> <span class='ocrx_word' id='word_1_160' title='bbox 3223 707 3405 760; x_wconf 86' lang='lat' dir='ltr'><strong>panem</strong></span> <span class='ocrx_word' id='word_1_161' title='bbox 3429 690 3547 761; x_wconf 80' lang='lat' dir='ltr'><strong>(Ps.</strong></span> <span class='ocrx_word' id='word_1_162' title='bbox 3582 709 3764 758; x_wconf 74' lang='lat' dir='ltr'><strong>xxxw.</strong></span> 
     </span>
    </p>
   </div>
   <div class='ocr_carea' id='block_1_22' title="bbox 2171 775 3774 859">
    <p class='ocr_par' dir='ltr' id='par_1_22' title="bbox 2171 775 3774 859">
     <span class='ocr_line' id='line_1_22' title="bbox 2171 775 3774 859; baseline 0.007 -28"><span class='ocrx_word' id='word_1_163' title='bbox 2171 775 2264 847; x_wconf 68' lang='grc'><strong>25)</strong></span> <span class='ocrx_word' id='word_1_164' title='bbox 2300 795 2312 832; x_wconf 92' lang='lat'>:</span> <span class='ocrx_word' id='word_1_165' title='bbox 2342 778 2408 831; x_wconf 89' lang='lat' dir='ltr'><strong>Et</strong></span> <span class='ocrx_word' id='word_1_166' title='bbox 2440 780 2656 839; x_wconf 88' lang='lat' dir='ltr'><strong>iterum.</strong></span> <span class='ocrx_word' id='word_1_167' title='bbox 2692 780 2881 834; x_wconf 79' lang='lat' dir='ltr'><strong>Divites</strong></span> <span class='ocrx_word' id='word_1_168' title='bbox 2912 795 3155 854; x_wconf 82' lang='lat' dir='ltr'><strong>eguerunt</strong></span> <span class='ocrx_word' id='word_1_169' title='bbox 3187 796 3230 837; x_wconf 87' lang='lat' dir='ltr'><strong>et</strong></span> <span class='ocrx_word' id='word_1_170' title='bbox 3261 787 3569 850; x_wconf 85' lang='lat' dir='ltr'><strong>esurierunt,</strong></span> <span class='ocrx_word' id='word_1_171' title='bbox 3603 791 3774 859; x_wconf 88' lang='lat' dir='ltr'><strong>requi-</strong></span> 
     </span>
    </p>
   </div>
   <div class='ocr_carea' id='block_1_23' title="bbox 2173 870 3774 936">
    <p class='ocr_par' dir='ltr' id='par_1_23' title="bbox 2173 870 3774 936">
     <span class='ocr_line' id='line_1_23' title="bbox 2173 870 3774 936; baseline 0.008 -13"><span class='ocrx_word' id='word_1_172' title='bbox 2173 881 2338 924; x_wconf 86' lang='lat' dir='ltr'><strong>rentes</strong></span> <span class='ocrx_word' id='word_1_173' title='bbox 2367 883 2538 926; x_wconf 87' lang='lat' dir='ltr'><strong>autein</strong></span> <span class='ocrx_word' id='word_1_174' title='bbox 2581 871 2857 928; x_wconf 77' lang='lat' dir='ltr'><strong>Dominum</strong></span> <span class='ocrx_word' id='word_1_175' title='bbox 2890 892 2990 928; x_wconf 86' lang='lat' dir='ltr'><strong>non</strong></span> <span class='ocrx_word' id='word_1_176' title='bbox 3035 878 3328 930; x_wconf 83' lang='lat' dir='ltr'><strong>minuentur</strong></span> <span class='ocrx_word' id='word_1_177' title='bbox 3354 879 3588 933; x_wconf 88' lang='lat' dir='ltr'><strong>omnibus</strong></span> <span class='ocrx_word' id='word_1_178' title='bbox 3629 870 3774 936; x_wconf 79' lang='lat' dir='ltr'><strong>bonis</strong></span> 
     </span>
    </p>
   </div>
   <div class='ocr_carea' id='block_1_24' title="bbox 2176 952 3774 1041">
    <p class='ocr_par' dir='ltr' id='par_1_24' title="bbox 2176 952 3774 1041">
     <span class='ocr_line' id='line_1_24' title="bbox 2176 952 3774 1041; baseline 0.008 -26"><span class='ocrx_word' id='word_1_179' title='bbox 2176 961 2295 1034; x_wconf 87' lang='lat' dir='ltr'><strong>(Ps.</strong></span> <span class='ocrx_word' id='word_1_180' title='bbox 2337 980 2503 1019; x_wconf 68' lang='grc' dir='ltr'>χχχιιι</span> <span class='ocrx_word' id='word_1_181' title='bbox 2530 1005 2544 1029; x_wconf 90' lang='grc'><em>,</em></span> <span class='ocrx_word' id='word_1_182' title='bbox 2582 965 2668 1037; x_wconf 77' lang='lat' dir='ltr'><strong>li)</strong></span> <span class='ocrx_word' id='word_1_183' title='bbox 2703 983 2716 1019; x_wconf 87' lang='lat'><strong>:</strong></span> <span class='ocrx_word' id='word_1_184' title='bbox 2751 968 2890 1033; x_wconf 88' lang='lat' dir='ltr'><strong>quod</strong></span> <span class='ocrx_word' id='word_1_185' title='bbox 2940 969 3168 1035; x_wconf 82' lang='lat' dir='ltr'><strong>probare</strong></span> <span class='ocrx_word' id='word_1_186' title='bbox 3213 970 3465 1038; x_wconf 82' lang='lat' dir='ltr'><strong>exemplo</strong></span> <span class='ocrx_word' id='word_1_187' title='bbox 3517 952 3774 1041; x_wconf 80' lang='lat' dir='ltr'><strong>perfacile</strong></span> 
     </span>
    </p>
   </div>
   <div class='ocr_carea' id='block_1_25' title="bbox 2176 1056 3776 1130">
    <p class='ocr_par' dir='ltr' id='par_1_25' title="bbox 2176 1056 3776 1130">
     <span class='ocr_line' id='line_1_25' title="bbox 2176 1056 3776 1130; baseline 0.005 -20"><span class='ocrx_word' id='word_1_188' title='bbox 2176 1066 2280 1111; x_wconf 87' lang='lat' dir='ltr'><strong>est.</strong></span> <span class='ocrx_word' id='word_1_189' title='bbox 2333 1056 2672 1111; x_wconf 85' lang='lat' dir='ltr'><strong>Meminimus</strong></span> <span class='ocrx_word' id='word_1_190' title='bbox 2721 1058 2773 1112; x_wconf 92' lang='lat' dir='ltr'><strong>in</strong></span> <span class='ocrx_word' id='word_1_191' title='bbox 2820 1057 2938 1129; x_wconf 70' lang='grc'>(28)</span> <span class='ocrx_word' id='word_1_192' title='bbox 2974 1059 3281 1130; x_wconf 73' lang='lat' dir='ltr'><strong>Regnorum</strong></span> <span class='ocrx_word' id='word_1_193' title='bbox 3311 1063 3582 1130; x_wconf 88' lang='lat' dir='ltr'><strong>proditum</strong></span> <span class='ocrx_word' id='word_1_194' title='bbox 3627 1064 3776 1118; x_wconf 86' lang='lat' dir='ltr'><strong>libris</strong></span> 
     </span>
    </p>
   </div>
   <div class='ocr_carea' id='block_1_26' title="bbox 2179 1149 3778 1228">
    <p class='ocr_par' dir='ltr' id='par_1_26' title="bbox 2179 1149 3778 1228">
     <span class='ocr_line' id='line_1_26' title="bbox 2179 1149 3778 1228; baseline 0.006 -24"><span class='ocrx_word' id='word_1_195' title='bbox 2179 1149 2259 1222; x_wconf 89' lang='grc' dir='ltr'>(ιιι</span> <span class='ocrx_word' id='word_1_196' title='bbox 2291 1149 2415 1222; x_wconf 77' lang='lat' dir='ltr'><strong>Ileg.</strong></span> <span class='ocrx_word' id='word_1_197' title='bbox 2443 1153 2593 1220; x_wconf 85' lang='lat' dir='ltr'><strong>xvu),</strong></span> <span class='ocrx_word' id='word_1_198' title='bbox 2627 1151 2782 1206; x_wconf 89' lang='lat' dir='ltr'><strong>famis</strong></span> <span class='ocrx_word' id='word_1_199' title='bbox 2807 1164 3068 1222; x_wconf 84' lang='lat' dir='ltr'><strong>tempore,</strong></span> <span class='ocrx_word' id='word_1_200' title='bbox 3093 1172 3198 1224; x_wconf 88' lang='lat' dir='ltr'><strong>quo</strong></span> <span class='ocrx_word' id='word_1_201' title='bbox 3223 1165 3364 1210; x_wconf 91' lang='lat' dir='ltr'><strong>totus</strong></span> <span class='ocrx_word' id='word_1_202' title='bbox 3389 1159 3584 1225; x_wconf 88' lang='lat' dir='ltr'><strong>passim</strong></span> <span class='ocrx_word' id='word_1_203' title='bbox 3612 1173 3778 1228; x_wconf 86' lang='lat' dir='ltr'><strong>popu-</strong></span> 
     </span>
    </p>
   </div>
   <div class='ocr_carea' id='block_1_27' title="bbox 2181 1243 3775 1316">
    <p class='ocr_par' dir='ltr' id='par_1_27' title="bbox 2181 1243 3775 1316">
     <span class='ocr_line' id='line_1_27' title="bbox 2181 1243 3775 1316; baseline 0.004 -20"><span class='ocrx_word' id='word_1_204' title='bbox 2181 1243 2263 1296; x_wconf 82' lang='lat' dir='ltr'><strong>lus</strong></span> <span class='ocrx_word' id='word_1_205' title='bbox 2307 1245 2654 1311; x_wconf 78' lang='lat' dir='ltr'><strong>moriebatur,</strong></span> <span class='ocrx_word' id='word_1_206' title='bbox 2702 1246 2832 1299; x_wconf 79' lang='lat' dir='ltr'><strong>Elia:</strong></span> <span class='ocrx_word' id='word_1_207' title='bbox 2873 1246 3126 1300; x_wconf 86' lang='lat' dir='ltr'><strong>alimenta</strong></span> <span class='ocrx_word' id='word_1_208' title='bbox 3178 1253 3418 1316; x_wconf 85' lang='lat' dir='ltr'><strong>poscenti</strong></span> <span class='ocrx_word' id='word_1_209' title='bbox 3453 1250 3775 1304; x_wconf 74' lang='lat' dir='ltr'><strong>memovabi-</strong></span> 
     </span>
    </p>
   </div>
   <div class='ocr_carea' id='block_1_28' title="bbox 2180 1334 3778 1410">
    <p class='ocr_par' dir='ltr' id='par_1_28' title="bbox 2180 1334 3778 1410">
     <span class='ocr_line' id='line_1_28' title="bbox 2180 1334 3778 1410; baseline 0.006 -21"><span class='ocrx_word' id='word_1_210' title='bbox 2180 1334 2285 1389; x_wconf 91' lang='lat' dir='ltr'><strong>lem</strong></span> <span class='ocrx_word' id='word_1_211' title='bbox 2320 1335 2532 1388; x_wconf 88' lang='lat' dir='ltr'><strong>viduam</strong></span> <span class='ocrx_word' id='word_1_212' title='bbox 2569 1336 2811 1391; x_wconf 88' lang='lat' dir='ltr'><strong>ultimam</strong></span> <span class='ocrx_word' id='word_1_213' title='bbox 2844 1338 3013 1392; x_wconf 83' lang='lat' dir='ltr'><strong>victus</strong></span> <span class='ocrx_word' id='word_1_214' title='bbox 3042 1339 3122 1392; x_wconf 94' lang='lat' dir='ltr'><strong>sui</strong></span> <span class='ocrx_word' id='word_1_215' title='bbox 3160 1340 3502 1410; x_wconf 82' lang='lat' dir='ltr'><strong>filiorumque</strong></span> <span class='ocrx_word' id='word_1_216' title='bbox 3530 1342 3778 1398; x_wconf 83' lang='lat' dir='ltr'><strong>substan-</strong></span> 
     </span>
    </p>
   </div>
   <div class='ocr_carea' id='block_1_29' title="bbox 2183 1428 3780 1506">
    <p class='ocr_par' dir='ltr' id='par_1_29' title="bbox 2183 1428 3780 1506">
     <span class='ocr_line' id='line_1_29' title="bbox 2183 1428 3780 1506; baseline 0.008 -26"><span class='ocrx_word' id='word_1_217' title='bbox 2183 1428 2310 1481; x_wconf 85' lang='lat' dir='ltr'><strong>tiam</strong></span> <span class='ocrx_word' id='word_1_218' title='bbox 2337 1444 2438 1480; x_wconf 89' lang='lat' dir='ltr'><strong>uon</strong></span> <span class='ocrx_word' id='word_1_219' title='bbox 2467 1430 2737 1498; x_wconf 86' lang='lat' dir='ltr'><strong>partitam,</strong></span> <span class='ocrx_word' id='word_1_220' title='bbox 2768 1431 2860 1485; x_wconf 92' lang='lat' dir='ltr'><strong>sed</strong></span> <span class='ocrx_word' id='word_1_221' title='bbox 2885 1441 3050 1485; x_wconf 90' lang='lat' dir='ltr'><strong>totam</strong></span> <span class='ocrx_word' id='word_1_222' title='bbox 3076 1432 3315 1492; x_wconf 77' lang='lat' dir='ltr'><strong>dedisse.</strong></span> <span class='ocrx_word' id='word_1_223' title='bbox 3338 1435 3700 1506; x_wconf 47' lang='lat' dir='ltr'><strong>maluissitqne</strong></span> <span class='ocrx_word' id='word_1_224' title='bbox 3721 1452 3780 1492; x_wconf 90' lang='lat' dir='ltr'><strong>se</strong></span> 
     </span>
    </p>
   </div>
   <div class='ocr_carea' id='block_1_30' title="bbox 2183 1521 3778 1597">
    <p class='ocr_par' dir='ltr' id='par_1_30' title="bbox 2183 1521 3778 1597">
     <span class='ocr_line' id='line_1_30' title="bbox 2183 1521 3778 1597; baseline 0.004 -21"><span class='ocrx_word' id='word_1_225' title='bbox 2183 1536 2304 1576; x_wconf 93' lang='lat' dir='ltr'><strong>cum</strong></span> <span class='ocrx_word' id='word_1_226' title='bbox 2343 1521 2524 1576; x_wconf 90' lang='lat' dir='ltr'><strong>liberis</strong></span> <span class='ocrx_word' id='word_1_227' title='bbox 2560 1523 2670 1576; x_wconf 88' lang='lat' dir='ltr'><strong>suis</strong></span> <span class='ocrx_word' id='word_1_228' title='bbox 2712 1523 2882 1577; x_wconf 90' lang='lat' dir='ltr'><strong>emori</strong></span> <span class='ocrx_word' id='word_1_229' title='bbox 2911 1566 2924 1589; x_wconf 96' lang='lat'><strong>,</strong></span> <span class='ocrx_word' id='word_1_230' title='bbox 2957 1541 3116 1594; x_wconf 86' lang='lat' dir='ltr'><strong>quam</strong></span> <span class='ocrx_word' id='word_1_231' title='bbox 3161 1526 3422 1595; x_wconf 71' lang='lat' dir='ltr'><strong>justitiam</strong></span> <span class='ocrx_word' id='word_1_232' title='bbox 3455 1530 3736 1597; x_wconf 69' lang='lat' dir='ltr'><strong>praeterire</strong></span> <span class='ocrx_word' id='word_1_233' title='bbox 3765 1547 3778 1582; x_wconf 91' lang='lat'><strong>:</strong></span> 
     </span>
    </p>
   </div>
   <div class='ocr_carea' id='block_1_31' title="bbox 2185 1618 3786 1686">
    <p class='ocr_par' dir='ltr' id='par_1_31' title="bbox 2185 1618 3786 1686">
     <span class='ocr_line' id='line_1_31' title="bbox 2185 1618 3786 1686; baseline 0.007 -19"><span class='ocrx_word' id='word_1_234' title='bbox 2185 1629 2284 1684; x_wconf 90' lang='lat' dir='ltr'><strong>pro</strong></span> <span class='ocrx_word' id='word_1_235' title='bbox 2311 1631 2422 1686; x_wconf 92' lang='lat' dir='ltr'><strong>quo</strong></span> <span class='ocrx_word' id='word_1_236' title='bbox 2449 1626 2554 1671; x_wconf 89' lang='lat' dir='ltr'><strong>tam</strong></span> <span class='ocrx_word' id='word_1_237' title='bbox 2587 1618 2780 1673; x_wconf 91' lang='lat' dir='ltr'><strong>illustri</strong></span> <span class='ocrx_word' id='word_1_238' title='bbox 2811 1618 3048 1674; x_wconf 74' lang='lat' dir='ltr'><strong>facinore</strong></span> <span class='ocrx_word' id='word_1_239' title='bbox 3074 1620 3228 1674; x_wconf 90' lang='lat' dir='ltr'><strong>cibos</strong></span> <span class='ocrx_word' id='word_1_240' title='bbox 3257 1637 3283 1673; x_wconf 91' lang='lat' dir='ltr'><strong>a</strong></span> <span class='ocrx_word' id='word_1_241' title='bbox 3314 1622 3425 1675; x_wconf 89' lang='lat' dir='ltr'><strong>Deo</strong></span> <span class='ocrx_word' id='word_1_242' title='bbox 3456 1623 3786 1678; x_wconf 82' lang='lat' dir='ltr'><strong>immortales</strong></span> 
     </span>
    </p>
   </div>
   <div class='ocr_carea' id='block_1_32' title="bbox 2188 1710 3786 1784">
    <p class='ocr_par' dir='ltr' id='par_1_32' title="bbox 2188 1710 3786 1784">
     <span class='ocr_line' id='line_1_32' title="bbox 2188 1710 3786 1784; baseline 0.006 -24"><span class='ocrx_word' id='word_1_243' title='bbox 2188 1711 2416 1777; x_wconf 87' lang='lat' dir='ltr'><strong>accepit,</strong></span> <span class='ocrx_word' id='word_1_244' title='bbox 2466 1725 2600 1778; x_wconf 91' lang='lat' dir='ltr'><strong>quos</strong></span> <span class='ocrx_word' id='word_1_245' title='bbox 2640 1710 2878 1765; x_wconf 88' lang='lat' dir='ltr'><strong>edacitas</strong></span> <span class='ocrx_word' id='word_1_246' title='bbox 2905 1713 3142 1768; x_wconf 76' lang='lat' dir='ltr'><strong>delibare</strong></span> <span class='ocrx_word' id='word_1_247' title='bbox 3165 1713 3280 1783; x_wconf 73' lang='lat'><strong>(9.9)</strong></span> <span class='ocrx_word' id='word_1_248' title='bbox 3329 1715 3577 1784; x_wconf 89' lang='lat' dir='ltr'><strong>nequiret</strong></span> <span class='ocrx_word' id='word_1_249' title='bbox 3627 1735 3640 1770; x_wconf 89' lang='lat'><strong>:</strong></span> <span class='ocrx_word' id='word_1_250' title='bbox 3690 1731 3786 1770; x_wconf 87' lang='lat' dir='ltr'><strong>sua</strong></span> 
     </span>
    </p>
   </div>
   <div class='ocr_carea' id='block_1_33' title="bbox 483 1791 3783 1883">
    <p class='ocr_par' dir='ltr' id='par_1_33' title="bbox 483 1791 3783 1883">
     <span class='ocr_line' id='line_1_33' title="bbox 483 1791 3783 1883; baseline 0.005 -36"><span class='ocrx_word' id='word_1_251' title='bbox 483 1806 607 1846; x_wconf 88' lang='lat' dir='ltr'><strong>meo</strong></span> <span class='ocrx_word' id='word_1_252' title='bbox 649 1791 849 1856; x_wconf 91' lang='lat' dir='ltr'><strong>ullum,</strong></span> <span class='ocrx_word' id='word_1_253' title='bbox 882 1809 973 1845; x_wconf 82' lang='lat' dir='ltr'><strong>nec</strong></span> <span class='ocrx_word' id='word_1_254' title='bbox 1013 1792 1292 1862; x_wconf 83' lang='lat' dir='ltr'><strong>quidquam</strong></span> <span class='ocrx_word' id='word_1_255' title='bbox 1330 1808 1480 1845; x_wconf 85' lang='lat' dir='ltr'><strong>suum</strong></span> <span class='ocrx_word' id='word_1_256' title='bbox 1521 1808 1582 1846; x_wconf 81' lang='lat' dir='ltr'><strong>ex</strong></span> <span class='ocrx_word' id='word_1_257' title='bbox 1622 1793 1764 1847; x_wconf 83' lang='lat' dir='ltr'><strong>bonis</strong></span> <span class='ocrx_word' id='word_1_258' title='bbox 1802 1794 2077 1863; x_wconf 78' lang='lat' dir='ltr'><strong>putabant,</strong></span> <span class='ocrx_word' id='word_1_259' title='bbox 2113 1804 2162 1864; x_wconf 84' lang='grc' dir='ltr'>Β</span> <span class='ocrx_word' id='word_1_260' title='bbox 2189 1800 2331 1853; x_wconf 80' lang='lat' dir='ltr'><strong>enim</strong></span> <span class='ocrx_word' id='word_1_261' title='bbox 2352 1801 2722 1858; x_wconf 68' lang='lat' dir='ltr'><strong>deminutione</strong></span> <span class='ocrx_word' id='word_1_262' title='bbox 2744 1804 3082 1883; x_wconf 85' lang='lat' dir='ltr'><strong>crescebant.</strong></span> <span class='ocrx_word' id='word_1_263' title='bbox 3108 1805 3320 1875; x_wconf 83' lang='lat' dir='ltr'><strong>Integer</strong></span> <span class='ocrx_word' id='word_1_264' title='bbox 3343 1807 3533 1861; x_wconf 85' lang='lat' dir='ltr'><strong>horum</strong></span> <span class='ocrx_word' id='word_1_265' title='bbox 3553 1807 3783 1878; x_wconf 88' lang='lat' dir='ltr'><strong>denique</strong></span> 
     </span>
    </p>
   </div>
   <div class='ocr_carea' id='block_1_34' title="bbox 484 1883 2084 1954">
    <p class='ocr_par' dir='ltr' id='par_1_34' title="bbox 484 1883 2084 1954">
     <span class='ocr_line' id='line_1_34' title="bbox 484 1883 2084 1954; baseline 0.006 -19"><span class='ocrx_word' id='word_1_266' title='bbox 484 1897 599 1952; x_wconf 78' lang='lat' dir='ltr'><strong>qua:</strong></span> <span class='ocrx_word' id='word_1_267' title='bbox 627 1883 699 1936; x_wconf 86' lang='lat' dir='ltr'><strong>eis</strong></span> <span class='ocrx_word' id='word_1_268' title='bbox 729 1895 874 1938; x_wconf 89' lang='lat' dir='ltr'><strong>erant</strong></span> <span class='ocrx_word' id='word_1_269' title='bbox 904 1900 921 1938; x_wconf 91' lang='lat'><strong><em>:</em></strong></span> <span class='ocrx_word' id='word_1_270' title='bbox 951 1887 1040 1938; x_wconf 85' lang='lat' dir='ltr'><strong>sed</strong></span> <span class='ocrx_word' id='word_1_271' title='bbox 1066 1894 1210 1938; x_wconf 87' lang='lat' dir='ltr'><strong>erant</strong></span> <span class='ocrx_word' id='word_1_272' title='bbox 1243 1885 1348 1939; x_wconf 85' lang='lat' dir='ltr'><strong>illis</strong></span> <span class='ocrx_word' id='word_1_273' title='bbox 1376 1884 1549 1936; x_wconf 86' lang='lat' dir='ltr'><strong>omnia</strong></span> <span class='ocrx_word' id='word_1_274' title='bbox 1577 1887 1867 1941; x_wconf 88' lang='lat' dir='ltr'><strong>communia</strong></span> <span class='ocrx_word' id='word_1_275' title='bbox 1892 1930 1907 1954; x_wconf 94' lang='lat'><strong>,</strong></span> <span class='ocrx_word' id='word_1_276' title='bbox 1944 1902 2084 1945; x_wconf 78' lang='lat' dir='ltr'><strong>Sicut</strong></span> 
     </span>
    </p>
   </div>
   <div class='ocr_carea' id='block_1_35' title="bbox 486 1979 2083 2056">
    <p class='ocr_par' dir='ltr' id='par_1_35' title="bbox 486 1979 2083 2056">
     <span class='ocr_line' id='line_1_35' title="bbox 486 1979 2083 2056; baseline 0.003 -22"><span class='ocrx_word' id='word_1_277' title='bbox 486 1979 625 2044; x_wconf 88' lang='lat' dir='ltr'><strong>dies_</strong></span> <span class='ocrx_word' id='word_1_278' title='bbox 661 1982 764 2046; x_wconf 90' lang='lat' dir='ltr'><strong>sol,</strong></span> <span class='ocrx_word' id='word_1_279' title='bbox 795 1998 921 2049; x_wconf 79' lang='lat' dir='ltr'><strong>nox,</strong></span> <span class='ocrx_word' id='word_1_280' title='bbox 956 1984 1158 2053; x_wconf 87' lang='lat' dir='ltr'><strong>pluvia,</strong></span> <span class='ocrx_word' id='word_1_281' title='bbox 1185 1984 1438 2040; x_wconf 87' lang='lat' dir='ltr'><strong>nascendi</strong></span> <span class='ocrx_word' id='word_1_282' title='bbox 1464 1995 1624 2056; x_wconf 89' lang='lat' dir='ltr'><strong>atque</strong></span> <span class='ocrx_word' id='word_1_283' title='bbox 1653 1985 1915 2041; x_wconf 91' lang='lat' dir='ltr'><strong>moriendi</strong></span> <span class='ocrx_word' id='word_1_284' title='bbox 1947 1999 2083 2039; x_wconf 82' lang='lat' dir='ltr'><strong>con-</strong></span> 
     </span>
    </p>
   </div>
   <div class='ocr_carea' id='block_1_36' title="bbox 487 2071 2086 2147">
    <p class='ocr_par' dir='ltr' id='par_1_36' title="bbox 487 2071 2086 2147">
     <span class='ocr_line' id='line_1_36' title="bbox 487 2071 2086 2147; baseline 0.004 -21"><span class='ocrx_word' id='word_1_285' title='bbox 487 2071 619 2126; x_wconf 91' lang='lat' dir='ltr'><strong>ditio</strong></span> <span class='ocrx_word' id='word_1_286' title='bbox 652 2091 663 2124; x_wconf 93' lang='lat'>:</span> <span class='ocrx_word' id='word_1_287' title='bbox 694 2083 814 2143; x_wconf 70' lang='lat' dir='ltr'><strong>qua:</strong></span> <span class='ocrx_word' id='word_1_288' title='bbox 850 2073 1086 2129; x_wconf 86' lang='lat' dir='ltr'><strong>humano</strong></span> <span class='ocrx_word' id='word_1_289' title='bbox 1115 2075 1338 2146; x_wconf 87' lang='lat' dir='ltr'><strong>generi,</strong></span> <span class='ocrx_word' id='word_1_290' title='bbox 1381 2076 1498 2131; x_wconf 86' lang='lat' dir='ltr'><strong>sine</strong></span> <span class='ocrx_word' id='word_1_291' title='bbox 1531 2091 1879 2146; x_wconf 89' lang='lat' dir='ltr'><strong>personarum</strong></span> <span class='ocrx_word' id='word_1_292' title='bbox 1909 2077 2086 2147; x_wconf 87' lang='lat' dir='ltr'><strong>aliqua</strong></span> 
     </span>
    </p>
   </div>
   <div class='ocr_carea' id='block_1_37' title="bbox 487 2163 2084 2238">
    <p class='ocr_par' dir='ltr' id='par_1_37' title="bbox 487 2163 2084 2238">
     <span class='ocr_line' id='line_1_37' title="bbox 487 2163 2084 2238; baseline 0.006 -21"><span class='ocrx_word' id='word_1_293' title='bbox 487 2163 599 2236; x_wconf 74' lang='lat'><strong>38</strong></span> <span class='ocrx_word' id='word_1_294' title='bbox 618 2165 958 2234; x_wconf 82' lang='lat' dir='ltr'><strong>exceptione,</strong></span> <span class='ocrx_word' id='word_1_295' title='bbox 975 2167 1308 2237; x_wconf 71' lang='lat' dir='ltr'><strong>mquabiliter</strong></span> <span class='ocrx_word' id='word_1_296' title='bbox 1325 2167 1530 2236; x_wconf 86' lang='lat' dir='ltr'><strong>justitia</strong></span> <span class='ocrx_word' id='word_1_297' title='bbox 1553 2177 1636 2223; x_wconf 88' lang='lat' dir='ltr'><strong>est</strong></span> <span class='ocrx_word' id='word_1_298' title='bbox 1662 2169 1842 2223; x_wconf 87' lang='lat' dir='ltr'><strong>divina</strong></span> <span class='ocrx_word' id='word_1_299' title='bbox 1870 2168 2084 2238; x_wconf 76' lang='lat' dir='ltr'><strong>largita.</strong></span> 
     </span>
    </p>
   </div>
   <div class='ocr_carea' id='block_1_38' title="bbox 488 2259 2089 2333">
    <p class='ocr_par' dir='ltr' id='par_1_38' title="bbox 488 2259 2089 2333">
     <span class='ocr_line' id='line_1_38' title="bbox 488 2259 2089 2333; baseline 0.004 -22"><span class='ocrx_word' id='word_1_300' title='bbox 488 2259 621 2312; x_wconf 76' lang='lat' dir='ltr'><strong>Cum</strong></span> <span class='ocrx_word' id='word_1_301' title='bbox 657 2259 770 2314; x_wconf 74' lang='lat' dir='ltr'><strong>haec</strong></span> <span class='ocrx_word' id='word_1_302' title='bbox 803 2260 870 2314; x_wconf 90' lang='lat' dir='ltr'><strong>ita</strong></span> <span class='ocrx_word' id='word_1_303' title='bbox 903 2260 1004 2314; x_wconf 89' lang='lat' dir='ltr'><strong>sint</strong></span> <span class='ocrx_word' id='word_1_304' title='bbox 1037 2302 1052 2325; x_wconf 93' lang='lat'><strong>,</strong></span> <span class='ocrx_word' id='word_1_305' title='bbox 1085 2260 1271 2329; x_wconf 85' lang='lat' dir='ltr'><strong>procul</strong></span> <span class='ocrx_word' id='word_1_306' title='bbox 1298 2259 1464 2315; x_wconf 89' lang='lat' dir='ltr'><strong>dubio</strong></span> <span class='ocrx_word' id='word_1_307' title='bbox 1495 2277 1601 2316; x_wconf 94' lang='lat' dir='ltr'><strong>non</strong></span> <span class='ocrx_word' id='word_1_308' title='bbox 1646 2271 1730 2316; x_wconf 90' lang='lat' dir='ltr'><strong>est</strong></span> <span class='ocrx_word' id='word_1_309' title='bbox 1757 2277 1787 2316; x_wconf 89' lang='lat' dir='ltr'><strong>a</strong></span> <span class='ocrx_word' id='word_1_310' title='bbox 1833 2262 2089 2333; x_wconf 84' lang='lat' dir='ltr'><strong>Tyranno</strong></span> 
     </span>
    </p>
   </div>
   <div class='ocr_carea' id='block_1_39' title="bbox 489 2350 2090 2427">
    <p class='ocr_par' dir='ltr' id='par_1_39' title="bbox 489 2350 2090 2427">
     <span class='ocr_line' id='line_1_39' title="bbox 489 2350 2090 2427; baseline 0.005 -22"><span class='ocrx_word' id='word_1_311' title='bbox 489 2350 770 2406; x_wconf 72' lang='lat' dir='ltr'><strong>dissimilis</strong></span> <span class='ocrx_word' id='word_1_312' title='bbox 795 2394 810 2417; x_wconf 88' lang='lat'><strong>,</strong></span> <span class='ocrx_word' id='word_1_313' title='bbox 859 2353 949 2422; x_wconf 92' lang='lat' dir='ltr'><strong>qui</strong></span> <span class='ocrx_word' id='word_1_314' title='bbox 989 2354 1140 2409; x_wconf 91' lang='lat' dir='ltr'><strong>solus</strong></span> <span class='ocrx_word' id='word_1_315' title='bbox 1182 2353 1382 2422; x_wconf 87' lang='lat' dir='ltr'><strong>habet,</strong></span> <span class='ocrx_word' id='word_1_316' title='bbox 1414 2356 1558 2426; x_wconf 90' lang='lat' dir='ltr'><strong>quod</strong></span> <span class='ocrx_word' id='word_1_317' title='bbox 1611 2365 1788 2426; x_wconf 87' lang='lat' dir='ltr'><strong>potest</strong></span> <span class='ocrx_word' id='word_1_318' title='bbox 1829 2357 2090 2427; x_wconf 80' lang='lat' dir='ltr'><strong>prodesse</strong></span> 
     </span>
    </p>
   </div>
   <div class='ocr_carea' id='block_1_40' title="bbox 490 2447 2094 2524">
    <p class='ocr_par' dir='ltr' id='par_1_40' title="bbox 490 2447 2094 2524">
     <span class='ocr_line' id='line_1_40' title="bbox 490 2447 2094 2524; baseline 0.002 -24"><span class='ocrx_word' id='word_1_319' title='bbox 490 2447 790 2502; x_wconf 86' lang='lat' dir='ltr'><strong>commodis</strong></span> <span class='ocrx_word' id='word_1_320' title='bbox 811 2449 1183 2514; x_wconf 87' lang='lat' dir='ltr'><strong>plurimorum.</strong></span> <span class='ocrx_word' id='word_1_321' title='bbox 1208 2450 1343 2516; x_wconf 78' lang='lat' dir='ltr'><strong>Quid</strong></span> <span class='ocrx_word' id='word_1_322' title='bbox 1360 2451 1383 2503; x_wconf 85' lang='lat'><strong>?</strong></span> <span class='ocrx_word' id='word_1_323' title='bbox 1399 2450 1490 2524; x_wconf 65' lang='lat'><strong>(26</strong></span> <span class='ocrx_word' id='word_1_324' title='bbox 1505 2452 1524 2521; x_wconf 94' lang='lat'><strong>)</strong></span> <span class='ocrx_word' id='word_1_325' title='bbox 1542 2451 1682 2522; x_wconf 88' lang='lat' dir='ltr'><strong>quod</strong></span> <span class='ocrx_word' id='word_1_326' title='bbox 1701 2466 1936 2521; x_wconf 90' lang='lat' dir='ltr'><strong>paupere</strong></span> <span class='ocrx_word' id='word_1_327' title='bbox 1958 2466 2094 2522; x_wconf 88' lang='lat' dir='ltr'><strong>quo-</strong></span> 
     </span>
    </p>
   </div>
   <div class='ocr_carea' id='block_1_41' title="bbox 493 2537 2090 2614">
    <p class='ocr_par' dir='ltr' id='par_1_41' title="bbox 493 2537 2090 2614">
     <span class='ocr_line' id='line_1_41' title="bbox 493 2537 2090 2614; baseline 0 -22"><span class='ocrx_word' id='word_1_328' title='bbox 493 2537 622 2593; x_wconf 88' lang='lat' dir='ltr'><strong>tidie</strong></span> <span class='ocrx_word' id='word_1_329' title='bbox 654 2541 923 2596; x_wconf 89' lang='lat' dir='ltr'><strong>moriente</strong></span> <span class='ocrx_word' id='word_1_330' title='bbox 960 2543 1314 2611; x_wconf 85' lang='lat' dir='ltr'><strong>oppressione</strong></span> <span class='ocrx_word' id='word_1_331' title='bbox 1337 2585 1351 2607; x_wconf 92' lang='lat'><strong>,</strong></span> <span class='ocrx_word' id='word_1_332' title='bbox 1389 2543 1529 2597; x_wconf 86' lang='lat' dir='ltr'><strong>fame</strong></span> <span class='ocrx_word' id='word_1_333' title='bbox 1555 2585 1569 2609; x_wconf 91' lang='lat'><strong>,</strong></span> <span class='ocrx_word' id='word_1_334' title='bbox 1605 2543 1802 2614; x_wconf 84' lang='lat' dir='ltr'><strong>frigore</strong></span> <span class='ocrx_word' id='word_1_335' title='bbox 1827 2585 1840 2605; x_wconf 92' lang='lat'><strong>,</strong></span> <span class='ocrx_word' id='word_1_336' title='bbox 1876 2542 2090 2612; x_wconf 85' lang='lat' dir='ltr'><strong>injuria,</strong></span> 
     </span>
    </p>
   </div>
   <div class='ocr_carea' id='block_1_42' title="bbox 493 2633 2092 2706">
    <p class='ocr_par' dir='ltr' id='par_1_42' title="bbox 493 2633 2092 2706">
     <span class='ocr_line' id='line_1_42' title="bbox 493 2633 2092 2706; baseline 0.003 -22"><span class='ocrx_word' id='word_1_337' title='bbox 493 2633 727 2686; x_wconf 89' lang='lat' dir='ltr'><strong>amicum</strong></span> <span class='ocrx_word' id='word_1_338' title='bbox 776 2633 871 2687; x_wconf 91' lang='lat' dir='ltr'><strong>tibi</strong></span> <span class='ocrx_word' id='word_1_339' title='bbox 919 2635 1124 2688; x_wconf 78' lang='lat' dir='ltr'><strong>excolis</strong></span> <span class='ocrx_word' id='word_1_340' title='bbox 1166 2650 1356 2690; x_wconf 89' lang='lat' dir='ltr'><strong>aurum</strong></span> <span class='ocrx_word' id='word_1_341' title='bbox 1403 2653 1416 2687; x_wconf 88' lang='lat'><strong>:</strong></span> <span class='ocrx_word' id='word_1_342' title='bbox 1465 2634 1708 2690; x_wconf 90' lang='lat' dir='ltr'><strong>custodis</strong></span> <span class='ocrx_word' id='word_1_343' title='bbox 1745 2645 2040 2706; x_wconf 80' lang='lat' dir='ltr'><strong>argentum</strong></span> <span class='ocrx_word' id='word_1_344' title='bbox 2079 2652 2092 2688; x_wconf 89' lang='lat'><strong>:</strong></span> 
     </span>
    </p>
   </div>
   <div class='ocr_carea' id='block_1_43' title="bbox 493 2725 2094 2795">
    <p class='ocr_par' dir='ltr' id='par_1_43' title="bbox 493 2725 2094 2795">
     <span class='ocr_line' id='line_1_43' title="bbox 493 2725 2094 2795; baseline 0.002 -20"><span class='ocrx_word' id='word_1_345' title='bbox 493 2732 699 2778; x_wconf 89' lang='lat' dir='ltr'><strong>vestem</strong></span> <span class='ocrx_word' id='word_1_346' title='bbox 743 2725 1033 2793; x_wconf 87' lang='lat' dir='ltr'><strong>pretiosam</strong></span> <span class='ocrx_word' id='word_1_347' title='bbox 1076 2736 1504 2794; x_wconf 86' lang='lat' dir='ltr'><strong>ornamentaque</strong></span> <span class='ocrx_word' id='word_1_348' title='bbox 1552 2725 1784 2794; x_wconf 88' lang='lat' dir='ltr'><strong>superba</strong></span> <span class='ocrx_word' id='word_1_349' title='bbox 1815 2737 1868 2780; x_wconf 88' lang='lat' dir='ltr'><strong>et</strong></span> <span class='ocrx_word' id='word_1_350' title='bbox 1907 2741 2094 2795; x_wconf 84' lang='lat' dir='ltr'><strong>super—</strong></span> 
     </span>
    </p>
   </div>
   <div class='ocr_carea' id='block_1_44' title="bbox 495 2819 2096 2889">
    <p class='ocr_par' dir='ltr' id='par_1_44' title="bbox 495 2819 2096 2889">
     <span class='ocr_line' id='line_1_44' title="bbox 495 2819 2096 2889; baseline 0.001 -17"><span class='ocrx_word' id='word_1_351' title='bbox 495 2832 729 2872; x_wconf 82' lang='lat' dir='ltr'><strong>vacanea</strong></span> <span class='ocrx_word' id='word_1_352' title='bbox 761 2834 857 2888; x_wconf 90' lang='lat' dir='ltr'><strong>pro</strong></span> <span class='ocrx_word' id='word_1_353' title='bbox 886 2830 1232 2875; x_wconf 88' lang='lat' dir='ltr'><strong>sacrosancto</strong></span> <span class='ocrx_word' id='word_1_354' title='bbox 1258 2819 1447 2884; x_wconf 87' lang='lat' dir='ltr'><strong>habes,</strong></span> <span class='ocrx_word' id='word_1_355' title='bbox 1479 2820 1619 2874; x_wconf 89' lang='lat' dir='ltr'><strong>sicut</strong></span> <span class='ocrx_word' id='word_1_356' title='bbox 1649 2821 1848 2873; x_wconf 82' lang='lat' dir='ltr'><strong>idolum</strong></span> <span class='ocrx_word' id='word_1_357' title='bbox 1882 2839 1892 2872; x_wconf 90' lang='lat'><em>:</em></span> <span class='ocrx_word' id='word_1_358' title='bbox 1927 2831 1976 2875; x_wconf 90' lang='lat' dir='ltr'><strong>te</strong></span> <span class='ocrx_word' id='word_1_359' title='bbox 2000 2835 2096 2889; x_wconf 89' lang='lat' dir='ltr'><strong>per</strong></span> 
     </span>
    </p>
   </div>
   <div class='ocr_carea' id='block_1_45' title="bbox 497 2913 2096 2982">
    <p class='ocr_par' dir='ltr' id='par_1_45' title="bbox 497 2913 2096 2982">
     <span class='ocr_line' id='line_1_45' title="bbox 497 2913 2096 2982; baseline 0.001 -17"><span class='ocrx_word' id='word_1_360' title='bbox 497 2921 768 2966; x_wconf 89' lang='lat' dir='ltr'><strong>momenta</strong></span> <span class='ocrx_word' id='word_1_361' title='bbox 795 2913 1079 2980; x_wconf 90' lang='lat' dir='ltr'><strong>componis</strong></span> <span class='ocrx_word' id='word_1_362' title='bbox 1100 2954 1114 2978; x_wconf 97' lang='lat'><strong>,</strong></span> <span class='ocrx_word' id='word_1_363' title='bbox 1149 2913 1303 2967; x_wconf 88' lang='lat' dir='ltr'><strong>dives</strong></span> <span class='ocrx_word' id='word_1_364' title='bbox 1336 2913 1388 2966; x_wconf 92' lang='lat' dir='ltr'><strong>in</strong></span> <span class='ocrx_word' id='word_1_365' title='bbox 1434 2913 1648 2982; x_wconf 88' lang='lat' dir='ltr'><strong>publico</strong></span> <span class='ocrx_word' id='word_1_366' title='bbox 1677 2954 1688 2974; x_wconf 90' lang='lat'><strong>,</strong></span> <span class='ocrx_word' id='word_1_367' title='bbox 1722 2913 1884 2975; x_wconf 86' lang='lat' dir='ltr'><strong>ditior</strong></span> <span class='ocrx_word' id='word_1_368' title='bbox 1927 2913 1978 2966; x_wconf 93' lang='lat' dir='ltr'><strong>in</strong></span> <span class='ocrx_word' id='word_1_369' title='bbox 2012 2929 2096 2967; x_wconf 84' lang='lat' dir='ltr'><strong>se-</strong></span> 
     </span>
    </p>
   </div>
   <div class='ocr_carea' id='block_1_46' title="bbox 499 3004 2094 3076">
    <p class='ocr_par' dir='ltr' id='par_1_46' title="bbox 499 3004 2094 3076">
     <span class='ocr_line' id='line_1_46' title="bbox 499 3004 2094 3076; baseline 0.001 -19"><span class='ocrx_word' id='word_1_370' title='bbox 499 3015 650 3058; x_wconf 88' lang='lat' dir='ltr'><strong>creto</strong></span> <span class='ocrx_word' id='word_1_371' title='bbox 683 3021 696 3058; x_wconf 91' lang='lat'>:</span> <span class='ocrx_word' id='word_1_372' title='bbox 732 3019 830 3060; x_wconf 87' lang='lat' dir='ltr'><strong>nec</strong></span> <span class='ocrx_word' id='word_1_373' title='bbox 862 3004 1157 3076; x_wconf 74' lang='lat' dir='ltr'><strong>intelligis,</strong></span> <span class='ocrx_word' id='word_1_374' title='bbox 1191 3006 1312 3075; x_wconf 90' lang='lat' dir='ltr'><strong>quia</strong></span> <span class='ocrx_word' id='word_1_375' title='bbox 1347 3005 1554 3059; x_wconf 89' lang='lat' dir='ltr'><strong>homini</strong></span> <span class='ocrx_word' id='word_1_376' title='bbox 1581 3005 1760 3074; x_wconf 85' lang='lat' dir='ltr'><strong>in0pia</strong></span> <span class='ocrx_word' id='word_1_377' title='bbox 1809 3005 2094 3069; x_wconf 88' lang='lat' dir='ltr'><strong>morienti,</strong></span> 
     </span>
    </p>
   </div>
   <div class='ocr_carea' id='block_1_47' title="bbox 504 3100 2102 3172">
    <p class='ocr_par' dir='ltr' id='par_1_47' title="bbox 504 3100 2102 3172">
     <span class='ocr_line' id='line_1_47' title="bbox 504 3100 2102 3172; baseline -0.001 -16"><span class='ocrx_word' id='word_1_378' title='bbox 504 3104 664 3156; x_wconf 87' lang='lat' dir='ltr'><strong>tantis</strong></span> <span class='ocrx_word' id='word_1_379' title='bbox 694 3101 888 3172; x_wconf 87' lang='lat' dir='ltr'><strong>opibus</strong></span> <span class='ocrx_word' id='word_1_380' title='bbox 915 3103 1005 3168; x_wconf 86' lang='lat' dir='ltr'><strong>qui</strong></span> <span class='ocrx_word' id='word_1_381' title='bbox 1045 3117 1168 3155; x_wconf 91' lang='lat' dir='ltr'><strong>cum</strong></span> <span class='ocrx_word' id='word_1_382' title='bbox 1204 3102 1378 3170; x_wconf 88' lang='lat' dir='ltr'><strong>possit</strong></span> <span class='ocrx_word' id='word_1_383' title='bbox 1405 3100 1724 3164; x_wconf 84' lang='lat' dir='ltr'><strong>subvenire,</strong></span> <span class='ocrx_word' id='word_1_384' title='bbox 1769 3117 1876 3154; x_wconf 90' lang='lat' dir='ltr'><strong>non</strong></span> <span class='ocrx_word' id='word_1_385' title='bbox 1906 3101 2102 3156; x_wconf 86' lang='lat' dir='ltr'><strong>subve-</strong></span> 
     </span>
    </p>
   </div>
   <div class='ocr_carea' id='block_1_48' title="bbox 2192 1892 3788 1968">
    <p class='ocr_par' dir='ltr' id='par_1_48' title="bbox 2192 1892 3788 1968">
     <span class='ocr_line' id='line_1_48' title="bbox 2192 1892 3788 1968; baseline 0.005 -22"><span class='ocrx_word' id='word_1_386' title='bbox 2192 1892 2334 1946; x_wconf 89' lang='lat' dir='ltr'><strong>vasis</strong></span> <span class='ocrx_word' id='word_1_387' title='bbox 2364 1907 2578 1963; x_wconf 90' lang='lat' dir='ltr'><strong>semper</strong></span> <span class='ocrx_word' id='word_1_388' title='bbox 2608 1895 2658 1948; x_wconf 92' lang='lat' dir='ltr'><strong>in</strong></span> <span class='ocrx_word' id='word_1_389' title='bbox 2691 1897 2862 1966; x_wconf 88' lang='lat' dir='ltr'><strong>plenis</strong></span> <span class='ocrx_word' id='word_1_390' title='bbox 2899 1897 3150 1950; x_wconf 85' lang='lat' dir='ltr'><strong>manebat</strong></span> <span class='ocrx_word' id='word_1_391' title='bbox 3181 1905 3354 1952; x_wconf 82' lang='lat' dir='ltr'><strong>status</strong></span> <span class='ocrx_word' id='word_1_392' title='bbox 3376 1941 3391 1964; x_wconf 96' lang='lat'><strong>,</strong></span> <span class='ocrx_word' id='word_1_393' title='bbox 3418 1911 3788 1968; x_wconf 89' lang='lat' dir='ltr'><strong>quantumque</strong></span> 
     </span>
    </p>
   </div>
   <div class='ocr_carea' id='block_1_49' title="bbox 2193 1983 3788 2059">
    <p class='ocr_par' dir='ltr' id='par_1_49' title="bbox 2193 1983 3788 2059">
     <span class='ocr_line' id='line_1_49' title="bbox 2193 1983 3788 2059; baseline 0.004 -21"><span class='ocrx_word' id='word_1_394' title='bbox 2193 1988 2272 2038; x_wconf 89' lang='lat' dir='ltr'><strong>eis</strong></span> <span class='ocrx_word' id='word_1_395' title='bbox 2303 1983 2562 2054; x_wconf 76' lang='lat' dir='ltr'><strong>impensae</strong></span> <span class='ocrx_word' id='word_1_396' title='bbox 2596 1985 2867 2040; x_wconf 73' lang='lat' dir='ltr'><strong>diuturna:</strong></span> <span class='ocrx_word' id='word_1_397' title='bbox 2900 1988 3196 2043; x_wconf 87' lang='lat' dir='ltr'><strong>necessitas</strong></span> <span class='ocrx_word' id='word_1_398' title='bbox 3223 1989 3552 2059; x_wconf 90' lang='lat' dir='ltr'><strong>dempserat,</strong></span> <span class='ocrx_word' id='word_1_399' title='bbox 3587 2000 3788 2044; x_wconf 91' lang='lat' dir='ltr'><strong>tantum</strong></span> 
     </span>
    </p>
   </div>
   <div class='ocr_carea' id='block_1_50' title="bbox 2193 2069 3775 2151">
    <p class='ocr_par' dir='ltr' id='par_1_50' title="bbox 2193 2069 3775 2151">
     <span class='ocr_line' id='line_1_50' title="bbox 2193 2069 3775 2151; baseline 0.006 -24"><span class='ocrx_word' id='word_1_400' title='bbox 2193 2074 2430 2128; x_wconf 81' lang='lat' dir='ltr'><strong>rediviva</strong></span> <span class='ocrx_word' id='word_1_401' title='bbox 2475 2075 2771 2132; x_wconf 84' lang='lat' dir='ltr'><strong>fecunditas</strong></span> <span class='ocrx_word' id='word_1_402' title='bbox 2818 2079 3129 2149; x_wconf 87' lang='lat' dir='ltr'><strong>reponebat.</strong></span> <span class='ocrx_word' id='word_1_403' title='bbox 3176 2069 3516 2151; x_wconf 84' lang='lat' dir='ltr'><strong>Quapropter</strong></span> <span class='ocrx_word' id='word_1_404' title='bbox 3549 2082 3592 2137; x_wconf 91' lang='lat' dir='ltr'><strong>si</strong></span> <span class='ocrx_word' id='word_1_405' title='bbox 3627 2093 3775 2151; x_wconf 89' lang='lat' dir='ltr'><strong>pater</strong></span> 
     </span>
    </p>
   </div>
   <div class='ocr_carea' id='block_1_51' title="bbox 2192 2165 3792 2240">
    <p class='ocr_par' dir='ltr' id='par_1_51' title="bbox 2192 2165 3792 2240">
     <span class='ocr_line' id='line_1_51' title="bbox 2192 2165 3792 2240; baseline 0.007 -21"><span class='ocrx_word' id='word_1_406' title='bbox 2192 2165 2386 2232; x_wconf 80' lang='lat' dir='ltr'><strong>benus,</strong></span> <span class='ocrx_word' id='word_1_407' title='bbox 2418 2169 2461 2223; x_wconf 90' lang='lat' dir='ltr'><strong>si</strong></span> <span class='ocrx_word' id='word_1_408' title='bbox 2496 2170 2772 2239; x_wconf 85' lang='lat' dir='ltr'><strong>providus,</strong></span> <span class='ocrx_word' id='word_1_409' title='bbox 2803 2172 2846 2226; x_wconf 94' lang='lat' dir='ltr'><strong>si</strong></span> <span class='ocrx_word' id='word_1_410' title='bbox 2877 2171 3025 2226; x_wconf 89' lang='lat' dir='ltr'><strong>utilis</strong></span> <span class='ocrx_word' id='word_1_411' title='bbox 3052 2187 3173 2226; x_wconf 86' lang='lat' dir='ltr'><strong>esse</strong></span> <span class='ocrx_word' id='word_1_412' title='bbox 3203 2171 3503 2240; x_wconf 82' lang='lat' dir='ltr'><strong>desideras,</strong></span> <span class='ocrx_word' id='word_1_413' title='bbox 3536 2173 3675 2228; x_wconf 85' lang='lat' dir='ltr'><strong>sicut</strong></span> <span class='ocrx_word' id='word_1_414' title='bbox 3705 2174 3792 2230; x_wconf 91' lang='lat' dir='ltr'><strong>ille</strong></span> 
     </span>
    </p>
   </div>
   <div class='ocr_carea' id='block_1_52' title="bbox 2194 2260 3794 2333">
    <p class='ocr_par' dir='ltr' id='par_1_52' title="bbox 2194 2260 3794 2333">
     <span class='ocr_line' id='line_1_52' title="bbox 2194 2260 3794 2333; baseline 0.004 -20"><span class='ocrx_word' id='word_1_415' title='bbox 2194 2260 2464 2314; x_wconf 80' lang='lat' dir='ltr'><strong>Abraham</strong></span> <span class='ocrx_word' id='word_1_416' title='bbox 2491 2302 2506 2326; x_wconf 93' lang='lat'><strong>,</strong></span> <span class='ocrx_word' id='word_1_417' title='bbox 2545 2262 2707 2316; x_wconf 85' lang='lat' dir='ltr'><strong>Deum</strong></span> <span class='ocrx_word' id='word_1_418' title='bbox 2739 2262 2857 2330; x_wconf 89' lang='lat' dir='ltr'><strong>plus</strong></span> <span class='ocrx_word' id='word_1_419' title='bbox 2888 2263 3052 2317; x_wconf 89' lang='lat' dir='ltr'><strong>debes</strong></span> <span class='ocrx_word' id='word_1_420' title='bbox 3084 2278 3266 2317; x_wconf 86' lang='lat' dir='ltr'><strong>amare</strong></span> <span class='ocrx_word' id='word_1_421' title='bbox 3289 2305 3303 2329; x_wconf 90' lang='lat'><strong>,</strong></span> <span class='ocrx_word' id='word_1_422' title='bbox 3332 2279 3494 2333; x_wconf 88' lang='lat' dir='ltr'><strong>quam</strong></span> <span class='ocrx_word' id='word_1_423' title='bbox 3526 2265 3667 2319; x_wconf 87' lang='lat' dir='ltr'><strong>lilios</strong></span> <span class='ocrx_word' id='word_1_424' title='bbox 3689 2306 3703 2329; x_wconf 93' lang='lat'><strong>,</strong></span> <span class='ocrx_word' id='word_1_425' title='bbox 3738 2277 3794 2320; x_wconf 92' lang='lat' dir='ltr'><strong>ut</strong></span> 
     </span>
    </p>
   </div>
   <div class='ocr_carea' id='block_1_53' title="bbox 2196 2351 3792 2426">
    <p class='ocr_par' dir='ltr' id='par_1_53' title="bbox 2196 2351 3792 2426">
     <span class='ocr_line' id='line_1_53' title="bbox 2196 2351 3792 2426; baseline 0.004 -20"><span class='ocrx_word' id='word_1_426' title='bbox 2196 2351 2395 2409; x_wconf 90' lang='lat' dir='ltr'><strong>habere</strong></span> <span class='ocrx_word' id='word_1_427' title='bbox 2439 2355 2696 2409; x_wconf 86' lang='lat' dir='ltr'><strong>merearis</strong></span> <span class='ocrx_word' id='word_1_428' title='bbox 2746 2358 2983 2426; x_wconf 82' lang='lat' dir='ltr'><strong>integros</strong></span> <span class='ocrx_word' id='word_1_429' title='bbox 3017 2398 3032 2422; x_wconf 93' lang='lat'><strong>,</strong></span> <span class='ocrx_word' id='word_1_430' title='bbox 3081 2357 3421 2424; x_wconf 85' lang='lat' dir='ltr'><strong>incolumes,</strong></span> <span class='ocrx_word' id='word_1_431' title='bbox 3475 2373 3539 2412; x_wconf 90' lang='lat' dir='ltr'><strong>ac</strong></span> <span class='ocrx_word' id='word_1_432' title='bbox 3586 2358 3792 2414; x_wconf 88' lang='lat' dir='ltr'><strong>beatos.</strong></span> 
     </span>
    </p>
   </div>
   <div class='ocr_carea' id='block_1_54' title="bbox 2197 2448 3798 2522">
    <p class='ocr_par' dir='ltr' id='par_1_54' title="bbox 2197 2448 3798 2522">
     <span class='ocr_line' id='line_1_54' title="bbox 2197 2448 3798 2522; baseline 0.001 -18"><span class='ocrx_word' id='word_1_433' title='bbox 2197 2448 2370 2504; x_wconf 88' lang='lat' dir='ltr'><strong>Stulta</strong></span> <span class='ocrx_word' id='word_1_434' title='bbox 2399 2458 2577 2503; x_wconf 91' lang='lat' dir='ltr'><strong>autem</strong></span> <span class='ocrx_word' id='word_1_435' title='bbox 2612 2465 2697 2504; x_wconf 93' lang='lat' dir='ltr'><strong>res</strong></span> <span class='ocrx_word' id='word_1_436' title='bbox 2723 2461 2828 2515; x_wconf 93' lang='lat' dir='ltr'><strong>est,</strong></span> <span class='ocrx_word' id='word_1_437' title='bbox 2863 2448 2971 2504; x_wconf 92' lang='lat' dir='ltr'><strong>illis</strong></span> <span class='ocrx_word' id='word_1_438' title='bbox 3003 2461 3055 2504; x_wconf 91' lang='lat' dir='ltr'><strong>te</strong></span> <span class='ocrx_word' id='word_1_439' title='bbox 3085 2450 3194 2522; x_wconf 80' lang='lat'><strong>39</strong></span> <span class='ocrx_word' id='word_1_440' title='bbox 3224 2450 3364 2505; x_wconf 87' lang='lat' dir='ltr'><strong>velle</strong></span> <span class='ocrx_word' id='word_1_441' title='bbox 3397 2451 3521 2504; x_wconf 63' lang='lat' dir='ltr'><strong>vitae</strong></span> <span class='ocrx_word' id='word_1_442' title='bbox 3553 2450 3798 2506; x_wconf 90' lang='lat' dir='ltr'><strong>substan-</strong></span> 
     </span>
    </p>
   </div>
   <div class='ocr_carea' id='block_1_55' title="bbox 2199 2543 3796 2612">
    <p class='ocr_par' dir='ltr' id='par_1_55' title="bbox 2199 2543 3796 2612">
     <span class='ocr_line' id='line_1_55' title="bbox 2199 2543 3796 2612; baseline 0.002 -16"><span class='ocrx_word' id='word_1_443' title='bbox 2199 2544 2324 2598; x_wconf 92' lang='lat' dir='ltr'><strong>tiam</strong></span> <span class='ocrx_word' id='word_1_444' title='bbox 2359 2543 2663 2612; x_wconf 88' lang='lat' dir='ltr'><strong>providere,</strong></span> <span class='ocrx_word' id='word_1_445' title='bbox 2697 2544 2890 2612; x_wconf 88' lang='lat' dir='ltr'><strong>quibus</strong></span> <span class='ocrx_word' id='word_1_446' title='bbox 2914 2558 3012 2598; x_wconf 92' lang='lat' dir='ltr'><strong>nec</strong></span> <span class='ocrx_word' id='word_1_447' title='bbox 3044 2544 3373 2598; x_wconf 76' lang='lat' dir='ltr'><strong>nativitatem</strong></span> <span class='ocrx_word' id='word_1_448' title='bbox 3405 2543 3623 2598; x_wconf 88' lang='lat' dir='ltr'><strong>dederis</strong></span> <span class='ocrx_word' id='word_1_449' title='bbox 3650 2585 3664 2609; x_wconf 91' lang='lat'><strong>,</strong></span> <span class='ocrx_word' id='word_1_450' title='bbox 3700 2559 3796 2599; x_wconf 91' lang='lat' dir='ltr'><strong>nec</strong></span> 
     </span>
    </p>
   </div>
   <div class='ocr_carea' id='block_1_56' title="bbox 2198 2639 3794 2710">
    <p class='ocr_par' dir='ltr' id='par_1_56' title="bbox 2198 2639 3794 2710">
     <span class='ocr_line' id='line_1_56' title="bbox 2198 2639 3794 2710; baseline 0.001 -17"><span class='ocrx_word' id='word_1_451' title='bbox 2198 2643 2408 2694; x_wconf 89' lang='lat' dir='ltr'><strong>animas</strong></span> <span class='ocrx_word' id='word_1_452' title='bbox 2453 2639 2820 2709; x_wconf 85' lang='lat' dir='ltr'><strong>inspiravcris,</strong></span> <span class='ocrx_word' id='word_1_453' title='bbox 2873 2655 2972 2694; x_wconf 86' lang='lat' dir='ltr'><strong>nec</strong></span> <span class='ocrx_word' id='word_1_454' title='bbox 3018 2641 3244 2693; x_wconf 87' lang='lat' dir='ltr'><strong>salutem</strong></span> <span class='ocrx_word' id='word_1_455' title='bbox 3299 2648 3558 2708; x_wconf 64' lang='lat' dir='ltr'><strong>praestare</strong></span> <span class='ocrx_word' id='word_1_456' title='bbox 3603 2641 3794 2710; x_wconf 86' lang='lat' dir='ltr'><strong>possis.</strong></span> 
     </span>
    </p>
   </div>
   <div class='ocr_carea' id='block_1_57' title="bbox 2200 2731 3798 2803">
    <p class='ocr_par' dir='ltr' id='par_1_57' title="bbox 2200 2731 3798 2803">
     <span class='ocr_line' id='line_1_57' title="bbox 2200 2731 3798 2803; baseline -0.003 -14"><span class='ocrx_word' id='word_1_457' title='bbox 2200 2732 2354 2789; x_wconf 82' lang='lat' dir='ltr'><strong>Uutle</strong></span> <span class='ocrx_word' id='word_1_458' title='bbox 2387 2735 2470 2787; x_wconf 91' lang='lat' dir='ltr'><strong>vel</strong></span> <span class='ocrx_word' id='word_1_459' title='bbox 2501 2749 2625 2789; x_wconf 88' lang='lat' dir='ltr'><strong>sero</strong></span> <span class='ocrx_word' id='word_1_460' title='bbox 2651 2733 2966 2803; x_wconf 82' lang='lat' dir='ltr'><strong>sacrilegam</strong></span> <span class='ocrx_word' id='word_1_461' title='bbox 2990 2748 3176 2788; x_wconf 86' lang='lat' dir='ltr'><strong>vocem</strong></span> <span class='ocrx_word' id='word_1_462' title='bbox 3203 2731 3520 2803; x_wconf 86' lang='lat' dir='ltr'><strong>comprime,</strong></span> <span class='ocrx_word' id='word_1_463' title='bbox 3553 2731 3798 2786; x_wconf 68' lang='lat' dir='ltr'><strong>humana:</strong></span> 
     </span>
    </p>
   </div>
   <div class='ocr_carea' id='block_1_58' title="bbox 2206 2824 3800 2896">
    <p class='ocr_par' dir='ltr' id='par_1_58' title="bbox 2206 2824 3800 2896">
     <span class='ocr_line' id='line_1_58' title="bbox 2206 2824 3800 2896; baseline -0.001 -19"><span class='ocrx_word' id='word_1_464' title='bbox 2206 2825 2506 2894; x_wconf 76' lang='lat' dir='ltr'><strong>fragilitatis</strong></span> <span class='ocrx_word' id='word_1_465' title='bbox 2540 2842 2774 2892; x_wconf 87' lang='lat' dir='ltr'><strong>memor,</strong></span> <span class='ocrx_word' id='word_1_466' title='bbox 2804 2830 2892 2896; x_wconf 94' lang='lat' dir='ltr'><strong>qui</strong></span> <span class='ocrx_word' id='word_1_467' title='bbox 2929 2825 2979 2879; x_wconf 92' lang='lat' dir='ltr'><strong>in</strong></span> <span class='ocrx_word' id='word_1_468' title='bbox 3014 2824 3116 2879; x_wconf 89' lang='lat' dir='ltr'><strong>hoc</strong></span> <span class='ocrx_word' id='word_1_469' title='bbox 3147 2826 3264 2894; x_wconf 89' lang='lat' dir='ltr'><strong>ipso</strong></span> <span class='ocrx_word' id='word_1_470' title='bbox 3284 2867 3299 2891; x_wconf 93' lang='lat'><strong>,</strong></span> <span class='ocrx_word' id='word_1_471' title='bbox 3329 2824 3474 2894; x_wconf 88' lang='lat' dir='ltr'><strong>quod</strong></span> <span class='ocrx_word' id='word_1_472' title='bbox 3507 2825 3800 2894; x_wconf 90' lang='lat' dir='ltr'><strong>loquimur,</strong></span> 
     </span>
    </p>
   </div>
   <div class='ocr_carea' id='block_1_59' title="bbox 2202 2918 3802 2989">
    <p class='ocr_par' dir='ltr' id='par_1_59' title="bbox 2202 2918 3802 2989">
     <span class='ocr_line' id='line_1_59' title="bbox 2202 2918 3802 2989; baseline 0.001 -18"><span class='ocrx_word' id='word_1_473' title='bbox 2202 2919 2329 2988; x_wconf 90' lang='lat' dir='ltr'><strong>quid</strong></span> <span class='ocrx_word' id='word_1_474' title='bbox 2387 2918 2570 2986; x_wconf 85' lang='lat' dir='ltr'><strong>possit‘</strong></span> <span class='ocrx_word' id='word_1_475' title='bbox 2599 2920 2912 2989; x_wconf 82' lang='lat' dir='ltr'><strong>contingere</strong></span> <span class='ocrx_word' id='word_1_476' title='bbox 2942 2961 2955 2984; x_wconf 93' lang='lat'><strong>,</strong></span> <span class='ocrx_word' id='word_1_477' title='bbox 3006 2919 3220 2989; x_wconf 86' lang='lat' dir='ltr'><strong>ignoras</strong></span> <span class='ocrx_word' id='word_1_478' title='bbox 3269 2936 3281 2971; x_wconf 88' lang='lat'><strong>:</strong></span> <span class='ocrx_word' id='word_1_479' title='bbox 3337 2918 3802 2986; x_wconf 74' lang='lat' dir='ltr'><strong>excuSatioiiisque</strong></span> 
     </span>
    </p>
   </div>
   <div class='ocr_carea' id='block_1_60' title="bbox 2203 3011 3807 3084">
    <p class='ocr_par' dir='ltr' id='par_1_60' title="bbox 2203 3011 3807 3084">
     <span class='ocr_line' id='line_1_60' title="bbox 2203 3011 3807 3084; baseline 0 -20"><span class='ocrx_word' id='word_1_480' title='bbox 2203 3027 2354 3066; x_wconf 73' lang='lat' dir='ltr'><strong>vana:</strong></span> <span class='ocrx_word' id='word_1_481' title='bbox 2385 3011 2593 3079; x_wconf 84' lang='lat' dir='ltr'><strong>depone</strong></span> <span class='ocrx_word' id='word_1_482' title='bbox 2639 3011 2925 3066; x_wconf 78' lang='lat' dir='ltr'><strong>fallaciam.</strong></span> <span class='ocrx_word' id='word_1_483' title='bbox 2959 3012 3071 3084; x_wconf 79' lang='lat'><strong>(50)</strong></span> <span class='ocrx_word' id='word_1_484' title='bbox 3109 3011 3336 3082; x_wconf 82' lang='lat' dir='ltr'><strong>[ngratis</strong></span> <span class='ocrx_word' id='word_1_485' title='bbox 3376 3011 3656 3064; x_wconf 85' lang='lat' dir='ltr'><strong>avaritiam</strong></span> <span class='ocrx_word' id='word_1_486' title='bbox 3685 3024 3807 3078; x_wconf 90' lang='lat' dir='ltr'><strong>pec-</strong></span> 
     </span>
    </p>
   </div>
   <div class='ocr_carea' id='block_1_61' title="bbox 2204 3103 3804 3184">
    <p class='ocr_par' dir='ltr' id='par_1_61' title="bbox 2204 3103 3804 3184">
     <span class='ocr_line' id='line_1_61' title="bbox 2204 3103 3804 3184; baseline -0.002 -26"><span class='ocrx_word' id='word_1_487' title='bbox 2204 3117 2326 3160; x_wconf 86' lang='lat' dir='ltr'><strong>cato</strong></span> <span class='ocrx_word' id='word_1_488' title='bbox 2352 3105 2562 3162; x_wconf 89' lang='lat' dir='ltr'><strong>condis.</strong></span> <span class='ocrx_word' id='word_1_489' title='bbox 2605 3105 2789 3161; x_wconf 91' lang='lat' dir='ltr'><strong>Solius</strong></span> <span class='ocrx_word' id='word_1_490' title='bbox 2819 3106 2909 3160; x_wconf 90' lang='lat' dir='ltr'><strong>Dei</strong></span> <span class='ocrx_word' id='word_1_491' title='bbox 2945 3115 3184 3176; x_wconf 87' lang='lat' dir='ltr'><strong>potestas</strong></span> <span class='ocrx_word' id='word_1_492' title='bbox 3211 3116 3292 3160; x_wconf 89' lang='lat' dir='ltr'><strong>est</strong></span> <span class='ocrx_word' id='word_1_493' title='bbox 3325 3103 3626 3184; x_wconf 80' lang='lat' dir='ltr'><strong>futurorum</strong></span> <span class='ocrx_word' id='word_1_494' title='bbox 3658 3117 3804 3159; x_wconf 85' lang='lat' dir='ltr'><strong>coin-</strong></span> 
     </span>
    </p>
   </div>
   <div class='ocr_carea' id='block_1_62' title="bbox 505 3193 2725 3271">
    <p class='ocr_par' dir='ltr' id='par_1_62' title="bbox 505 3193 2725 3271">
     <span class='ocr_line' id='line_1_62' title="bbox 505 3193 2725 3271; baseline 0 -20"><span class='ocrx_word' id='word_1_495' title='bbox 505 3199 614 3263; x_wconf 93' lang='lat' dir='ltr'><strong>nit,</strong></span> <span class='ocrx_word' id='word_1_496' title='bbox 646 3196 762 3266; x_wconf 88' lang='lat' dir='ltr'><strong>ipse</strong></span> <span class='ocrx_word' id='word_1_497' title='bbox 787 3211 912 3251; x_wconf 90' lang='lat' dir='ltr'><strong>eum</strong></span> <span class='ocrx_word' id='word_1_498' title='bbox 945 3195 1158 3250; x_wconf 90' lang='lat' dir='ltr'><strong>videtur</strong></span> <span class='ocrx_word' id='word_1_499' title='bbox 1191 3195 1477 3250; x_wconf 80' lang='lat' dir='ltr'><strong>occidere?</strong></span> <span class='ocrx_word' id='word_1_500' title='bbox 1505 3199 1548 3249; x_wconf 85' lang='grc' dir='ltr'>Ο</span> <span class='ocrx_word' id='word_1_501' title='bbox 1593 3202 1912 3263; x_wconf 85' lang='lat' dir='ltr'><strong>quautarum</strong></span> <span class='ocrx_word' id='word_1_502' title='bbox 1944 3211 2106 3250; x_wconf 86' lang='lat' dir='ltr'><strong>neces</strong></span> <span class='ocrx_word' id='word_1_503' title='bbox 2135 3193 2181 3256; x_wconf 65' lang='grc' dir='ltr'><strong>(ἶ.</strong></span> <span class='ocrx_word' id='word_1_504' title='bbox 2214 3201 2388 3255; x_wconf 82' lang='lat' dir='ltr'><strong>modis</strong></span> <span class='ocrx_word' id='word_1_505' title='bbox 2422 3200 2725 3271; x_wconf 80' lang='lat' dir='ltr'><strong>providere.</strong></span> 
     </span>
    </p>
   </div>
   <div class='ocr_carea' id='block_1_63' title="bbox 505 3288 2107 3359">
    <p class='ocr_par' dir='ltr' id='par_1_63' title="bbox 505 3288 2107 3359">
     <span class='ocr_line' id='line_1_63' title="bbox 505 3288 2107 3359; baseline -0.001 -15"><span class='ocrx_word' id='word_1_506' title='bbox 505 3290 806 3352; x_wconf 84' lang='lat' dir='ltr'><strong>animarum</strong></span> <span class='ocrx_word' id='word_1_507' title='bbox 833 3289 883 3342; x_wconf 91' lang='lat' dir='ltr'><strong>in</strong></span> <span class='ocrx_word' id='word_1_508' title='bbox 915 3288 1156 3359; x_wconf 87' lang='lat' dir='ltr'><strong>phaleris</strong></span> <span class='ocrx_word' id='word_1_509' title='bbox 1184 3289 1419 3356; x_wconf 87' lang='lat' dir='ltr'><strong>pendent</strong></span> <span class='ocrx_word' id='word_1_510' title='bbox 1447 3299 1651 3342; x_wconf 70' lang='lat' dir='ltr'><strong>ornatae</strong></span> <span class='ocrx_word' id='word_1_511' title='bbox 1674 3299 1934 3342; x_wconf 62' lang='lat' dir='ltr'><strong>matronae</strong></span> <span class='ocrx_word' id='word_1_512' title='bbox 1967 3290 1981 3342; x_wconf 85' lang='lat'><strong>!</strong></span> <span class='ocrx_word' id='word_1_513' title='bbox 2013 3304 2107 3342; x_wconf 86' lang='lat' dir='ltr'><strong>or-</strong></span> 
     </span>
    </p>
   </div>
   <div class='ocr_carea' id='block_1_64' title="bbox 511 3380 2110 3450">
    <p class='ocr_par' dir='ltr' id='par_1_64' title="bbox 511 3380 2110 3450">
     <span class='ocr_line' id='line_1_64' title="bbox 511 3380 2110 3450; baseline 0 -15"><span class='ocrx_word' id='word_1_514' title='bbox 511 3391 824 3435; x_wconf 90' lang='lat' dir='ltr'><strong>namenlum</strong></span> <span class='ocrx_word' id='word_1_515' title='bbox 857 3381 1013 3449; x_wconf 85' lang='lat' dir='ltr'><strong>cujus</strong></span> <span class='ocrx_word' id='word_1_516' title='bbox 1041 3396 1203 3434; x_wconf 92' lang='lat' dir='ltr'><strong>unum</strong></span> <span class='ocrx_word' id='word_1_517' title='bbox 1250 3381 1294 3434; x_wconf 92' lang='lat' dir='ltr'><strong>si</strong></span> <span class='ocrx_word' id='word_1_518' title='bbox 1322 3380 1502 3434; x_wconf 87' lang='lat' dir='ltr'><strong>solvas</strong></span> <span class='ocrx_word' id='word_1_519' title='bbox 1531 3381 1580 3433; x_wconf 93' lang='lat' dir='ltr'><strong>in</strong></span> <span class='ocrx_word' id='word_1_520' title='bbox 1611 3381 1840 3450; x_wconf 83' lang='lat' dir='ltr'><strong>pretium</strong></span> <span class='ocrx_word' id='word_1_521' title='bbox 1866 3421 1882 3445; x_wconf 95' lang='lat'><strong>,</strong></span> <span class='ocrx_word' id='word_1_522' title='bbox 1925 3381 2110 3435; x_wconf 89' lang='lat' dir='ltr'><strong>distri-</strong></span> 
     </span>
    </p>
   </div>
   <div class='ocr_carea' id='block_1_65' title="bbox 512 3475 2111 3546">
    <p class='ocr_par' dir='ltr' id='par_1_65' title="bbox 512 3475 2111 3546">
     <span class='ocr_line' id='line_1_65' title="bbox 512 3475 2111 3546; baseline -0.001 -16"><span class='ocrx_word' id='word_1_523' title='bbox 512 3475 753 3544; x_wconf 88' lang='lat' dir='ltr'><strong>buasque</strong></span> <span class='ocrx_word' id='word_1_524' title='bbox 784 3476 1197 3546; x_wconf 86' lang='lat' dir='ltr'><strong>necessitatibus</strong></span> <span class='ocrx_word' id='word_1_525' title='bbox 1231 3476 1589 3542; x_wconf 81' lang='lat' dir='ltr'><strong>singulorum,</strong></span> <span class='ocrx_word' id='word_1_526' title='bbox 1621 3489 1904 3530; x_wconf 80' lang='lat' dir='ltr'><strong>ex.eorum</strong></span> <span class='ocrx_word' id='word_1_527' title='bbox 1938 3476 2111 3543; x_wconf 80' lang='lat' dir='ltr'><strong>reSpi-</strong></span> 
     </span>
    </p>
   </div>
   <div class='ocr_carea' id='block_1_66' title="bbox 514 3565 2114 3637">
    <p class='ocr_par' dir='ltr' id='par_1_66' title="bbox 514 3565 2114 3637">
     <span class='ocr_line' id='line_1_66' title="bbox 514 3565 2114 3637; baseline -0.003 -15"><span class='ocrx_word' id='word_1_528' title='bbox 514 3566 726 3622; x_wconf 86' lang='lat' dir='ltr'><strong>ratione</strong></span> <span class='ocrx_word' id='word_1_529' title='bbox 754 3581 1050 3636; x_wconf 81' lang='lat' dir='ltr'><strong>cognosces</strong></span> <span class='ocrx_word' id='word_1_530' title='bbox 1071 3606 1087 3633; x_wconf 93' lang='lat'><strong>,</strong></span> <span class='ocrx_word' id='word_1_531' title='bbox 1130 3574 1450 3637; x_wconf 85' lang='lat' dir='ltr'><strong>quant&#39;orum</strong></span> <span class='ocrx_word' id='word_1_532' title='bbox 1485 3565 1627 3620; x_wconf 89' lang='lat' dir='ltr'><strong>malo</strong></span> <span class='ocrx_word' id='word_1_533' title='bbox 1659 3565 1748 3620; x_wconf 89' lang='lat' dir='ltr'><strong>ille</strong></span> <span class='ocrx_word' id='word_1_534' title='bbox 1774 3573 1988 3620; x_wconf 89' lang='lat' dir='ltr'><strong>constat</strong></span> <span class='ocrx_word' id='word_1_535' title='bbox 2022 3580 2114 3619; x_wconf 84' lang='lat' dir='ltr'><strong>or-</strong></span> 
     </span>
    </p>
   </div>
   <div class='ocr_carea' id='block_1_67' title="bbox 518 3667 698 3715">
    <p class='ocr_par' dir='ltr' id='par_1_67' title="bbox 518 3667 698 3715">
     <span class='ocr_line' id='line_1_67' title="bbox 518 3667 698 3715; baseline -0.022 0"><span class='ocrx_word' id='word_1_536' title='bbox 518 3667 698 3715; x_wconf 77' lang='lat' dir='ltr'><strong>natus.</strong></span> 
     </span>
    </p>
   </div>
   <div class='ocr_carea' id='block_1_68' title="bbox 597 3749 2124 3822">
    <p class='ocr_par' dir='ltr' id='par_1_68' title="bbox 597 3749 2124 3822">
     <span class='ocr_line' id='line_1_68' title="bbox 597 3749 2124 3822; baseline 0 -16"><span class='ocrx_word' id='word_1_537' title='bbox 597 3750 707 3806; x_wconf 83' lang='lat' dir='ltr'><strong>Vll.</strong></span> <span class='ocrx_word' id='word_1_538' title='bbox 746 3751 909 3806; x_wconf 86' lang='lat' dir='ltr'><strong>Filios</strong></span> <span class='ocrx_word' id='word_1_539' title='bbox 937 3793 952 3815; x_wconf 89' lang='lat'><strong>,</strong></span> <span class='ocrx_word' id='word_1_540' title='bbox 985 3751 1160 3822; x_wconf 91' lang='lat' dir='ltr'><strong>inquit</strong></span> <span class='ocrx_word' id='word_1_541' title='bbox 1185 3793 1198 3817; x_wconf 92' lang='lat'><strong>,</strong></span> <span class='ocrx_word' id='word_1_542' title='bbox 1233 3749 1407 3807; x_wconf 89' lang='lat' dir='ltr'><strong>habeo</strong></span> <span class='ocrx_word' id='word_1_543' title='bbox 1429 3792 1443 3818; x_wconf 92' lang='lat'><strong>,</strong></span> <span class='ocrx_word' id='word_1_544' title='bbox 1477 3765 1612 3822; x_wconf 91' lang='lat' dir='ltr'><strong>quos</strong></span> <span class='ocrx_word' id='word_1_545' title='bbox 1640 3749 1844 3806; x_wconf 88' lang='lat' dir='ltr'><strong>nudare</strong></span> <span class='ocrx_word' id='word_1_546' title='bbox 1877 3765 1983 3806; x_wconf 92' lang='lat' dir='ltr'><strong>non</strong></span> <span class='ocrx_word' id='word_1_547' title='bbox 2029 3752 2124 3807; x_wconf 85' lang='lat' dir='ltr'><strong>de—</strong></span> 
     </span>
    </p>
   </div>
   <div class='ocr_carea' id='block_1_69' title="bbox 606 3933 1434 4002">
    <p class='ocr_par' dir='ltr' id='par_1_69' title="bbox 606 3933 1434 4002">
     <span class='ocr_line' id='line_1_69' title="bbox 606 3933 1434 4002; baseline -0.004 -14"><span class='ocrx_word' id='word_1_548' title='bbox 606 3933 720 4002; x_wconf 67' lang='grc'>(24)</span> <span class='ocrx_word' id='word_1_549' title='bbox 754 3934 896 3990; x_wconf 86' lang='lat' dir='ltr'><strong>Edit.</strong></span> <span class='ocrx_word' id='word_1_550' title='bbox 943 3933 1070 3988; x_wconf 84' lang='lat' dir='ltr'><strong>Ver.</strong></span> <span class='ocrx_word' id='word_1_551' title='bbox 1101 3944 1434 3988; x_wconf 85' lang='lat' dir='ltr'><strong>consuerunt.</strong></span> 
     </span>
    </p>
   </div>
   <div class='ocr_carea' id='block_1_70' title="bbox 604 4003 2129 4078">
    <p class='ocr_par' dir='ltr' id='par_1_70' title="bbox 604 4003 2129 4078">
     <span class='ocr_line' id='line_1_70' title="bbox 604 4003 2129 4078; baseline -0.001 -20"><span class='ocrx_word' id='word_1_552' title='bbox 604 4004 718 4078; x_wconf 71' lang='lat'><strong>(&#39;25)</strong></span> <span class='ocrx_word' id='word_1_553' title='bbox 746 4007 870 4061; x_wconf 58' lang='grc' dir='ltr'>Περι)</span> <span class='ocrx_word' id='word_1_554' title='bbox 892 4005 948 4078; x_wconf 90' lang='lat' dir='ltr'><strong>S.</strong></span> <span class='ocrx_word' id='word_1_555' title='bbox 979 4004 1125 4059; x_wconf 87' lang='lat' dir='ltr'><strong>Zeno</strong></span> <span class='ocrx_word' id='word_1_556' title='bbox 1154 4006 1317 4078; x_wconf 77' lang='lat' dir='ltr'><strong>dixit,</strong></span> <span class='ocrx_word' id='word_1_557' title='bbox 1340 4015 1402 4058; x_wconf 84' lang='lat' dir='ltr'><strong>ut</strong></span> <span class='ocrx_word' id='word_1_558' title='bbox 1425 4003 1844 4078; x_wconf 79' lang='lat' dir='ltr'><strong>:rqualiilitatem</strong></span> <span class='ocrx_word' id='word_1_559' title='bbox 1872 4003 2015 4078; x_wconf 75' lang='lat' dir='ltr'><strong>illam</strong></span> <span class='ocrx_word' id='word_1_560' title='bbox 2046 4003 2129 4058; x_wconf 84' lang='lat' dir='ltr'><strong>in-</strong></span> 
     </span>
    </p>
   </div>
   <div class='ocr_carea' id='block_1_71' title="bbox 528 4074 2120 4146">
    <p class='ocr_par' dir='ltr' id='par_1_71' title="bbox 528 4074 2120 4146">
     <span class='ocr_line' id='line_1_71' title="bbox 528 4074 2120 4146; baseline -0.004 -14"><span class='ocrx_word' id='word_1_561' title='bbox 528 4074 809 4140; x_wconf 82' lang='lat' dir='ltr'><strong>sinuaret,</strong></span> <span class='ocrx_word' id='word_1_562' title='bbox 872 4077 940 4131; x_wconf 83' lang='lat' dir='ltr'><strong>ile</strong></span> <span class='ocrx_word' id='word_1_563' title='bbox 987 4094 1087 4146; x_wconf 89' lang='lat' dir='ltr'><strong>qua</strong></span> <span class='ocrx_word' id='word_1_564' title='bbox 1133 4077 1372 4145; x_wconf 77' lang='lat' dir='ltr'><strong>pluribus</strong></span> <span class='ocrx_word' id='word_1_565' title='bbox 1417 4078 1527 4143; x_wconf 82' lang='lat' dir='ltr'><strong>agit</strong></span> <span class='ocrx_word' id='word_1_566' title='bbox 1574 4074 1880 4128; x_wconf 76' lang='lat' dir='ltr'><strong>Lactantius</strong></span> <span class='ocrx_word' id='word_1_567' title='bbox 1922 4075 2013 4129; x_wconf 91' lang='lat' dir='ltr'><strong>lib.</strong></span> <span class='ocrx_word' id='word_1_568' title='bbox 2058 4091 2120 4140; x_wconf 88' lang='lat' dir='ltr'><strong>v,</strong></span> 
     </span>
    </p>
   </div>
   <div class='ocr_carea' id='block_1_72' title="bbox 531 4146 2126 4216">
    <p class='ocr_par' dir='ltr' id='par_1_72' title="bbox 531 4146 2126 4216">
     <span class='ocr_line' id='line_1_72' title="bbox 531 4146 2126 4216; baseline -0.002 -13"><span class='ocrx_word' id='word_1_569' title='bbox 531 4165 650 4216; x_wconf 88' lang='lat' dir='ltr'><strong>cap.</strong></span> <span class='ocrx_word' id='word_1_570' title='bbox 679 4150 744 4204; x_wconf 69' lang='grc'><strong>14</strong></span> <span class='ocrx_word' id='word_1_571' title='bbox 772 4158 826 4202; x_wconf 84' lang='lat' dir='ltr'><strong>et</strong></span> <span class='ocrx_word' id='word_1_572' title='bbox 852 4147 939 4213; x_wconf 82' lang='grc'><strong>15,</strong></span> <span class='ocrx_word' id='word_1_573' title='bbox 974 4149 1059 4202; x_wconf 90' lang='lat' dir='ltr'><strong>tibi</strong></span> <span class='ocrx_word' id='word_1_574' title='bbox 1089 4164 1274 4202; x_wconf 80' lang='lat' dir='ltr'><strong>omnes</strong></span> <span class='ocrx_word' id='word_1_575' title='bbox 1302 4164 1366 4201; x_wconf 78' lang='lat' dir='ltr'><strong>ex</strong></span> <span class='ocrx_word' id='word_1_576' title='bbox 1397 4147 1574 4200; x_wconf 73' lang='lat' dir='ltr'><strong>lilVill-l</strong></span> <span class='ocrx_word' id='word_1_577' title='bbox 1603 4146 1942 4200; x_wconf 74' lang='lat' dir='ltr'><strong>in~titutione</strong></span> <span class='ocrx_word' id='word_1_578' title='bbox 1969 4162 2126 4212; x_wconf 75' lang='lat' dir='ltr'><strong>pares</strong></span> 
     </span>
    </p>
   </div>
   <div class='ocr_carea' id='block_1_73' title="bbox 531 4217 2123 4289">
    <p class='ocr_par' dir='ltr' id='par_1_73' title="bbox 531 4217 2123 4289">
     <span class='ocr_line' id='line_1_73' title="bbox 531 4217 2123 4289; baseline -0.002 -16"><span class='ocrx_word' id='word_1_579' title='bbox 531 4234 651 4274; x_wconf 85' lang='lat' dir='ltr'><strong>esse</strong></span> <span class='ocrx_word' id='word_1_580' title='bbox 682 4223 909 4289; x_wconf 87' lang='lat' dir='ltr'><strong>probat,</strong></span> <span class='ocrx_word' id='word_1_581' title='bbox 958 4236 1061 4274; x_wconf 93' lang='lat' dir='ltr'><strong>non</strong></span> <span class='ocrx_word' id='word_1_582' title='bbox 1109 4220 1252 4287; x_wconf 86' lang='lat' dir='ltr'><strong>quod</strong></span> <span class='ocrx_word' id='word_1_583' title='bbox 1302 4219 1432 4272; x_wconf 92' lang='lat' dir='ltr'><strong>nulli</strong></span> <span class='ocrx_word' id='word_1_584' title='bbox 1479 4217 1674 4289; x_wconf 82' lang='lat' dir='ltr'><strong>divites</strong></span> <span class='ocrx_word' id='word_1_585' title='bbox 1703 4232 1823 4289; x_wconf 88' lang='lat' dir='ltr'><strong>esse</strong></span> <span class='ocrx_word' id='word_1_586' title='bbox 1853 4218 2080 4272; x_wconf 80' lang='lat' dir='ltr'><strong>debeant</strong></span> <span class='ocrx_word' id='word_1_587' title='bbox 2108 4259 2123 4284; x_wconf 89' lang='lat'><strong>,</strong></span> 
     </span>
    </p>
   </div>
   <div class='ocr_carea' id='block_1_74' title="bbox 536 4288 2126 4362">
    <p class='ocr_par' dir='ltr' id='par_1_74' title="bbox 536 4288 2126 4362">
     <span class='ocr_line' id='line_1_74' title="bbox 536 4288 2126 4362; baseline -0.001 -18"><span class='ocrx_word' id='word_1_588' title='bbox 536 4288 799 4362; x_wconf 85' lang='lat' dir='ltr'><strong>pauperes</strong></span> <span class='ocrx_word' id='word_1_589' title='bbox 845 4293 1009 4357; x_wconf 89' lang='lat' dir='ltr'><strong>nulli;</strong></span> <span class='ocrx_word' id='word_1_590' title='bbox 1058 4291 1150 4345; x_wconf 86' lang='lat' dir='ltr'><strong>sed</strong></span> <span class='ocrx_word' id='word_1_591' title='bbox 1183 4290 1321 4350; x_wconf 86' lang='lat' dir='ltr'><strong>quod</strong></span> <span class='ocrx_word' id='word_1_592' title='bbox 1368 4288 1508 4358; x_wconf 88' lang='lat' dir='ltr'><strong>apud</strong></span> <span class='ocrx_word' id='word_1_593' title='bbox 1549 4303 1644 4342; x_wconf 86' lang='lat' dir='ltr'><strong>eos</strong></span> <span class='ocrx_word' id='word_1_594' title='bbox 1670 4328 1686 4352; x_wconf 92' lang='lat'><strong>,</strong></span> <span class='ocrx_word' id='word_1_595' title='bbox 1727 4288 1819 4362; x_wconf 85' lang='lat' dir='ltr'><strong>qui</strong></span> <span class='ocrx_word' id='word_1_596' title='bbox 1865 4289 2028 4342; x_wconf 84' lang='lat' dir='ltr'><strong>Deum</strong></span> <span class='ocrx_word' id='word_1_597' title='bbox 2060 4290 2126 4343; x_wconf 79' lang='lat' dir='ltr'><strong>ti-</strong></span> 
     </span>
    </p>
   </div>
   <div class='ocr_carea' id='block_1_75' title="bbox 537 4360 2124 4433">
    <p class='ocr_par' dir='ltr' id='par_1_75' title="bbox 537 4360 2124 4433">
     <span class='ocr_line' id='line_1_75' title="bbox 537 4360 2124 4433; baseline -0.001 -16"><span class='ocrx_word' id='word_1_598' title='bbox 537 4360 706 4424; x_wconf 80' lang='lat' dir='ltr'><strong>inent.</strong></span> <span class='ocrx_word' id='word_1_599' title='bbox 731 4379 1019 4433; x_wconf 81' lang='lat' dir='ltr'><strong>veramque</strong></span> <span class='ocrx_word' id='word_1_600' title='bbox 1045 4361 1307 4428; x_wconf 87' lang='lat' dir='ltr'><strong>justitiam</strong></span> <span class='ocrx_word' id='word_1_601' title='bbox 1335 4361 1540 4416; x_wconf 88' lang='lat' dir='ltr'><strong>colunt.</strong></span> <span class='ocrx_word' id='word_1_602' title='bbox 1569 4360 1870 4433; x_wconf 67' lang='lat' dir='ltr'><strong>aequalitate</strong></span> <span class='ocrx_word' id='word_1_603' title='bbox 1895 4361 2124 4428; x_wconf 89' lang='lat' dir='ltr'><strong>quadam</strong></span> 
     </span>
    </p>
   </div>
   <div class='ocr_carea' id='block_1_76' title="bbox 537 4431 2124 4503">
    <p class='ocr_par' dir='ltr' id='par_1_76' title="bbox 537 4431 2124 4503">
     <span class='ocr_line' id='line_1_76' title="bbox 537 4431 2124 4503; baseline -0.002 -15"><span class='ocrx_word' id='word_1_604' title='bbox 537 4433 743 4489; x_wconf 65' lang='lat' dir='ltr'><strong>divitia!</strong></span> <span class='ocrx_word' id='word_1_605' title='bbox 769 4431 1183 4497; x_wconf 75' lang='lat' dir='ltr'><strong>diStribuantur,</strong></span> <span class='ocrx_word' id='word_1_606' title='bbox 1218 4443 1276 4487; x_wconf 95' lang='lat' dir='ltr'><strong>ut</strong></span> <span class='ocrx_word' id='word_1_607' title='bbox 1311 4449 1429 4503; x_wconf 68' lang='lat' dir='ltr'><strong>quae</strong></span> <span class='ocrx_word' id='word_1_608' title='bbox 1461 4431 1781 4503; x_wconf 75' lang='lat' dir='ltr'><strong>pauperibus</strong></span> <span class='ocrx_word' id='word_1_609' title='bbox 1803 4447 1937 4496; x_wconf 87' lang='lat' dir='ltr'><strong>opus</strong></span> <span class='ocrx_word' id='word_1_610' title='bbox 1965 4444 2083 4485; x_wconf 82' lang='lat' dir='ltr'><strong>siml</strong></span> <span class='ocrx_word' id='word_1_611' title='bbox 2109 4474 2124 4496; x_wconf 95' lang='lat'><strong>,</strong></span> 
     </span>
    </p>
   </div>
   <div class='ocr_carea' id='block_1_77' title="bbox 539 4499 2128 4560">
    <p class='ocr_par' dir='ltr' id='par_1_77' title="bbox 539 4499 2128 4560">
     <span class='ocr_line' id='line_1_77' title="bbox 539 4499 2128 4560; baseline -0.001 -1"><span class='ocrx_word' id='word_1_612' title='bbox 539 4521 600 4559; x_wconf 87' lang='lat' dir='ltr'><strong>ea</strong></span> <span class='ocrx_word' id='word_1_613' title='bbox 645 4507 836 4559; x_wconf 87' lang='lat' dir='ltr'><strong>divites</strong></span> <span class='ocrx_word' id='word_1_614' title='bbox 885 4506 1178 4560; x_wconf 82' lang='lat' dir='ltr'><strong>liberaliter</strong></span> <span class='ocrx_word' id='word_1_615' title='bbox 1216 4499 1646 4558; x_wconf 80' lang='lat' dir='ltr'><strong>subministrent.</strong></span> <span class='ocrx_word' id='word_1_616' title='bbox 1690 4499 1775 4554; x_wconf 81' lang='lat' dir='ltr'><strong>Ita</strong></span> <span class='ocrx_word' id='word_1_617' title='bbox 1823 4504 1907 4555; x_wconf 81' lang='lat' dir='ltr'><strong>isti</strong></span> <span class='ocrx_word' id='word_1_618' title='bbox 1947 4504 2128 4557; x_wconf 72' lang='lat' dir='ltr'><strong>divites</strong></span> 
     </span>
    </p>
   </div>
   <div class='ocr_carea' id='block_1_78' title="bbox 539 4572 2130 4646">
    <p class='ocr_par' dir='ltr' id='par_1_78' title="bbox 539 4572 2130 4646">
     <span class='ocr_line' id='line_1_78' title="bbox 539 4572 2130 4646; baseline -0.003 -16"><span class='ocrx_word' id='word_1_619' title='bbox 539 4586 680 4636; x_wconf 88' lang='lat' dir='ltr'><strong>sunt,</strong></span> <span class='ocrx_word' id='word_1_620' title='bbox 712 4578 898 4646; x_wconf 86' lang='lat' dir='ltr'><strong>inquit,</strong></span> <span class='ocrx_word' id='word_1_621' title='bbox 934 4593 1035 4629; x_wconf 86' lang='lat' dir='ltr'><strong>non</strong></span> <span class='ocrx_word' id='word_1_622' title='bbox 1067 4577 1186 4644; x_wconf 86' lang='lat' dir='ltr'><strong>quia</strong></span> <span class='ocrx_word' id='word_1_623' title='bbox 1208 4575 1412 4628; x_wconf 84' lang='lat' dir='ltr'><strong>divitias</strong></span> <span class='ocrx_word' id='word_1_624' title='bbox 1443 4573 1625 4646; x_wconf 78' lang='lat' dir='ltr'><strong>habent</strong></span> <span class='ocrx_word' id='word_1_625' title='bbox 1654 4614 1668 4635; x_wconf 88' lang='lat'><strong>,</strong></span> <span class='ocrx_word' id='word_1_626' title='bbox 1711 4572 1800 4626; x_wconf 81' lang='lat' dir='ltr'><strong>sed</strong></span> <span class='ocrx_word' id='word_1_627' title='bbox 1829 4575 1946 4642; x_wconf 86' lang='lat' dir='ltr'><strong>quia</strong></span> <span class='ocrx_word' id='word_1_628' title='bbox 1977 4584 2130 4626; x_wconf 87' lang='lat' dir='ltr'><strong>utun-</strong></span> 
     </span>
    </p>
   </div>
   <div class='ocr_carea' id='block_1_79' title="bbox 542 4645 2213 4718">
    <p class='ocr_par' dir='ltr' id='par_1_79' title="bbox 542 4645 2213 4718">
     <span class='ocr_line' id='line_1_79' title="bbox 542 4645 2213 4718; baseline 0 -20"><span class='ocrx_word' id='word_1_629' title='bbox 542 4658 626 4699; x_wconf 87' lang='lat' dir='ltr'><strong>tur</strong></span> <span class='ocrx_word' id='word_1_630' title='bbox 651 4647 753 4701; x_wconf 83' lang='lat' dir='ltr'><strong>illis</strong></span> <span class='ocrx_word' id='word_1_631' title='bbox 779 4645 846 4698; x_wconf 86' lang='lat' dir='ltr'><strong>nd</strong></span> <span class='ocrx_word' id='word_1_632' title='bbox 878 4663 1034 4713; x_wconf 82' lang='lat' dir='ltr'><strong>aperu</strong></span> <span class='ocrx_word' id='word_1_633' title='bbox 1047 4649 1266 4718; x_wconf 79' lang='lat' dir='ltr'><strong>justitite</strong></span> <span class='ocrx_word' id='word_1_634' title='bbox 1292 4665 1310 4699; x_wconf 89' lang='lat'><em>:</em></span> <span class='ocrx_word' id='word_1_635' title='bbox 1336 4655 1382 4698; x_wconf 84' lang='lat' dir='ltr'><strong>et</strong></span> <span class='ocrx_word' id='word_1_636' title='bbox 1407 4645 1495 4709; x_wconf 85' lang='lat' dir='ltr'><strong>qui</strong></span> <span class='ocrx_word' id='word_1_637' title='bbox 1518 4646 2045 4718; x_wconf 65' lang='lat' dir='ltr'><strong>pauperesuideutur.</strong></span> <span class='ocrx_word' id='word_1_638' title='bbox 2071 4661 2134 4718; x_wconf 75' lang='lat' dir='ltr'><strong>eo</strong></span> <span class='ocrx_word' id='word_1_639' title='bbox 2161 4646 2213 4705; x_wconf 88' lang='lat' dir='ltr'><strong>D</strong></span> 
     </span>
    </p>
   </div>
   <div class='ocr_carea' id='block_1_80' title="bbox 545 4714 2136 4785">
    <p class='ocr_par' dir='ltr' id='par_1_80' title="bbox 545 4714 2136 4785">
     <span class='ocr_line' id='line_1_80' title="bbox 545 4714 2136 4785; baseline -0.002 -15"><span class='ocrx_word' id='word_1_640' title='bbox 545 4728 710 4771; x_wconf 89' lang='lat' dir='ltr'><strong>tamen</strong></span> <span class='ocrx_word' id='word_1_641' title='bbox 737 4718 915 4772; x_wconf 84' lang='lat' dir='ltr'><strong>divites</strong></span> <span class='ocrx_word' id='word_1_642' title='bbox 935 4714 1073 4785; x_wconf 76' lang='lat' dir='ltr'><strong>sunt,</strong></span> <span class='ocrx_word' id='word_1_643' title='bbox 1107 4720 1226 4784; x_wconf 87' lang='lat' dir='ltr'><strong>quia</strong></span> <span class='ocrx_word' id='word_1_644' title='bbox 1255 4728 1300 4769; x_wconf 89' lang='lat' dir='ltr'><strong>et</strong></span> <span class='ocrx_word' id='word_1_645' title='bbox 1326 4731 1424 4767; x_wconf 91' lang='lat' dir='ltr'><strong>non</strong></span> <span class='ocrx_word' id='word_1_646' title='bbox 1447 4723 1610 4785; x_wconf 57' lang='lat' dir='ltr'><strong>egent.</strong></span> <span class='ocrx_word' id='word_1_647' title='bbox 1645 4725 1690 4765; x_wconf 91' lang='lat' dir='ltr'><strong>et</strong></span> <span class='ocrx_word' id='word_1_648' title='bbox 1715 4714 1844 4766; x_wconf 80' lang='lat' dir='ltr'><strong>nihil</strong></span> <span class='ocrx_word' id='word_1_649' title='bbox 1865 4715 2136 4781; x_wconf 81' lang='lat' dir='ltr'><strong>concupis-</strong></span> 
     </span>
    </p>
   </div>
   <div class='ocr_carea' id='block_1_81' title="bbox 546 4783 2141 4858">
    <p class='ocr_par' dir='ltr' id='par_1_81' title="bbox 546 4783 2141 4858">
     <span class='ocr_line' id='line_1_81' title="bbox 546 4783 2141 4858; baseline 0 -17"><span class='ocrx_word' id='word_1_650' title='bbox 546 4803 686 4843; x_wconf 85' lang='lat' dir='ltr'><strong>cunt.</strong></span> <span class='ocrx_word' id='word_1_651' title='bbox 720 4791 865 4844; x_wconf 82' lang='lat' dir='ltr'><strong>Hunc</strong></span> <span class='ocrx_word' id='word_1_652' title='bbox 903 4783 1319 4858; x_wconf 70' lang='lat' dir='ltr'><strong>mquabilitatem</strong></span> <span class='ocrx_word' id='word_1_653' title='bbox 1358 4786 1416 4839; x_wconf 82' lang='lat' dir='ltr'><strong>S.</strong></span> <span class='ocrx_word' id='word_1_654' title='bbox 1450 4783 1605 4858; x_wconf 69' lang='lat' dir='ltr'><strong>Zeno</strong></span> <span class='ocrx_word' id='word_1_655' title='bbox 1627 4785 1782 4838; x_wconf 92' lang='lat' dir='ltr'><strong>unice</strong></span> <span class='ocrx_word' id='word_1_656' title='bbox 1816 4790 2141 4858; x_wconf 80' lang='lat' dir='ltr'><strong>persuadere</strong></span> 
     </span>
    </p>
   </div>
   <div class='ocr_carea' id='block_1_82' title="bbox 546 4855 2139 4927">
    <p class='ocr_par' dir='ltr' id='par_1_82' title="bbox 546 4855 2139 4927">
     <span class='ocr_line' id='line_1_82' title="bbox 546 4855 2139 4927; baseline -0.003 -14"><span class='ocrx_word' id='word_1_657' title='bbox 546 4859 752 4925; x_wconf 87' lang='lat' dir='ltr'><strong>reliqua</strong></span> <span class='ocrx_word' id='word_1_658' title='bbox 779 4855 1004 4927; x_wconf 80' lang='lat' dir='ltr'><strong>hujusce</strong></span> <span class='ocrx_word' id='word_1_659' title='bbox 1030 4869 1286 4913; x_wconf 85' lang='lat' dir='ltr'><strong>tractatus</strong></span> <span class='ocrx_word' id='word_1_660' title='bbox 1333 4867 1482 4925; x_wconf 89' lang='lat' dir='ltr'><strong>parte</strong></span> <span class='ocrx_word' id='word_1_661' title='bbox 1513 4855 1702 4927; x_wconf 85' lang='lat' dir='ltr'><strong>nititur</strong></span> <span class='ocrx_word' id='word_1_662' title='bbox 1722 4895 1736 4917; x_wconf 90' lang='lat'><strong>,</strong></span> <span class='ocrx_word' id='word_1_663' title='bbox 1762 4871 1882 4908; x_wconf 88' lang='lat' dir='ltr'><strong>cum</strong></span> <span class='ocrx_word' id='word_1_664' title='bbox 1914 4856 2139 4909; x_wconf 88' lang='lat' dir='ltr'><strong>divitum</strong></span> 
     </span>
    </p>
   </div>
   <div class='ocr_carea' id='block_1_83' title="bbox 547 4925 2144 5000">
    <p class='ocr_par' dir='ltr' id='par_1_83' title="bbox 547 4925 2144 5000">
     <span class='ocr_line' id='line_1_83' title="bbox 547 4925 2144 5000; baseline 0 -18"><span class='ocrx_word' id='word_1_665' title='bbox 547 4928 800 4984; x_wconf 80' lang='lat' dir='ltr'><strong>duritiem</strong></span> <span class='ocrx_word' id='word_1_666' title='bbox 851 4925 902 4984; x_wconf 89' lang='lat' dir='ltr'><strong>iit</strong></span> <span class='ocrx_word' id='word_1_667' title='bbox 954 4944 1220 5000; x_wconf 82' lang='lat' dir='ltr'><strong>pauperes</strong></span> <span class='ocrx_word' id='word_1_668' title='bbox 1252 4927 1605 4998; x_wconf 79' lang='lat' dir='ltr'><strong>perstringit,</strong></span> <span class='ocrx_word' id='word_1_669' title='bbox 1652 4925 2144 4998; x_wconf 85' lang='lat' dir='ltr'><strong>liberalitatemque</strong></span> 
     </span>
    </p>
   </div>
   <div class='ocr_carea' id='block_1_84' title="bbox 549 5002 906 5055">
    <p class='ocr_par' dir='ltr' id='par_1_84' title="bbox 549 5002 906 5055">
     <span class='ocr_line' id='line_1_84' title="bbox 549 5002 906 5055; baseline -0.006 -1"><span class='ocrx_word' id='word_1_670' title='bbox 549 5002 906 5055; x_wconf 82' lang='lat' dir='ltr'><strong>Couniieiidat.</strong></span> 
     </span>
    </p>
   </div>
   <div class='ocr_carea' id='block_1_85' title="bbox 624 5067 2147 5142">
    <p class='ocr_par' dir='ltr' id='par_1_85' title="bbox 624 5067 2147 5142">
     <span class='ocr_line' id='line_1_85' title="bbox 624 5067 2147 5142; baseline -0.001 -18"><span class='ocrx_word' id='word_1_671' title='bbox 624 5070 740 5142; x_wconf 71' lang='lat'><strong>(20)</strong></span> <span class='ocrx_word' id='word_1_672' title='bbox 774 5071 925 5137; x_wconf 82' lang='lat' dir='ltr'><strong>Quod</strong></span> <span class='ocrx_word' id='word_1_673' title='bbox 956 5072 1110 5126; x_wconf 85' lang='lat' dir='ltr'><strong>abest</strong></span> <span class='ocrx_word' id='word_1_674' title='bbox 1137 5086 1167 5124; x_wconf 89' lang='lat' dir='ltr'><strong>a</strong></span> <span class='ocrx_word' id='word_1_675' title='bbox 1205 5085 1306 5124; x_wconf 91' lang='lat' dir='ltr'><strong>ms.</strong></span> <span class='ocrx_word' id='word_1_676' title='bbox 1345 5069 1531 5142; x_wconf 58' lang='lat' dir='ltr'><strong>ifOiIIp.</strong></span> <span class='ocrx_word' id='word_1_677' title='bbox 1552 5067 1778 5123; x_wconf 87' lang='lat' dir='ltr'><strong>Inferius</strong></span> <span class='ocrx_word' id='word_1_678' title='bbox 1810 5085 1902 5132; x_wconf 88' lang='lat' dir='ltr'><strong>pro</strong></span> <span class='ocrx_word' id='word_1_679' title='bbox 1922 5071 2147 5124; x_wconf 86' lang='lat' dir='ltr'><strong>amicum</strong></span> 
     </span>
    </p>
   </div>
   <div class='ocr_carea' id='block_1_86' title="bbox 553 5140 2145 5197">
    <p class='ocr_par' dir='ltr' id='par_1_86' title="bbox 553 5140 2145 5197">
     <span class='ocr_line' id='line_1_86' title="bbox 553 5140 2145 5197; baseline 0.001 -3"><span class='ocrx_word' id='word_1_680' title='bbox 553 5140 642 5194; x_wconf 87' lang='lat' dir='ltr'><strong>tibi</strong></span> <span class='ocrx_word' id='word_1_681' title='bbox 672 5140 862 5197; x_wconf 75' lang='lat' dir='ltr'><strong>excolis</strong></span> <span class='ocrx_word' id='word_1_682' title='bbox 898 5159 1026 5197; x_wconf 66' lang='lat' dir='ltr'><strong>mss.</strong></span> <span class='ocrx_word' id='word_1_683' title='bbox 1071 5142 1226 5197; x_wconf 78' lang='lat' dir='ltr'><strong>Rem.</strong></span> <span class='ocrx_word' id='word_1_684' title='bbox 1263 5149 1318 5195; x_wconf 86' lang='lat' dir='ltr'><strong>et</strong></span> <span class='ocrx_word' id='word_1_685' title='bbox 1345 5140 1461 5194; x_wconf 83' lang='lat' dir='ltr'><strong>&#39;l‘nl.</strong></span> <span class='ocrx_word' id='word_1_686' title='bbox 1509 5143 1704 5194; x_wconf 83' lang='lat' dir='ltr'><strong>habent</strong></span> <span class='ocrx_word' id='word_1_687' title='bbox 1747 5142 2013 5195; x_wconf 87' lang='lat' dir='ltr'><strong>inimicum</strong></span> <span class='ocrx_word' id='word_1_688' title='bbox 2056 5143 2145 5195; x_wconf 88' lang='lat' dir='ltr'><strong>tibi</strong></span> 
     </span>
    </p>
   </div>
   <div class='ocr_carea' id='block_1_87' title="bbox 551 5211 2140 5285">
    <p class='ocr_par' dir='ltr' id='par_1_87' title="bbox 551 5211 2140 5285">
     <span class='ocr_line' id='line_1_87' title="bbox 551 5211 2140 5285; baseline -0.003 -17"><span class='ocrx_word' id='word_1_689' title='bbox 551 5216 764 5268; x_wconf 76' lang='lat' dir='ltr'><strong>excolis.</strong></span> <span class='ocrx_word' id='word_1_690' title='bbox 797 5215 926 5269; x_wconf 89' lang='lat' dir='ltr'><strong>Dein</strong></span> <span class='ocrx_word' id='word_1_691' title='bbox 956 5232 1049 5278; x_wconf 90' lang='lat' dir='ltr'><strong>pro</strong></span> <span class='ocrx_word' id='word_1_692' title='bbox 1079 5214 1271 5267; x_wconf 82' lang='lat' dir='ltr'><strong>homini</strong></span> <span class='ocrx_word' id='word_1_693' title='bbox 1293 5214 1471 5285; x_wconf 77' lang='lat' dir='ltr'><strong>inopia</strong></span> <span class='ocrx_word' id='word_1_694' title='bbox 1488 5212 1722 5265; x_wconf 87' lang='lat' dir='ltr'><strong>morienti</strong></span> <span class='ocrx_word' id='word_1_695' title='bbox 1754 5228 1853 5265; x_wconf 92' lang='lat' dir='ltr'><strong>ms.</strong></span> <span class='ocrx_word' id='word_1_696' title='bbox 1890 5211 2013 5266; x_wconf 75' lang='lat' dir='ltr'><strong>V&#39;at.</strong></span> <span class='ocrx_word' id='word_1_697' title='bbox 2049 5215 2140 5265; x_wconf 85' lang='lat' dir='ltr'><strong>lio-</strong></span> 
     </span>
    </p>
   </div>
   <div class='ocr_carea' id='block_1_88' title="bbox 553 5283 2150 5353">
    <p class='ocr_par' dir='ltr' id='par_1_88' title="bbox 553 5283 2150 5353">
     <span class='ocr_line' id='line_1_88' title="bbox 553 5283 2150 5353; baseline 0.002 -17"><span class='ocrx_word' id='word_1_698' title='bbox 553 5285 679 5338; x_wconf 88' lang='lat' dir='ltr'><strong>mini</strong></span> <span class='ocrx_word' id='word_1_699' title='bbox 705 5287 846 5353; x_wconf 86' lang='lat' dir='ltr'><strong>inopi</strong></span> <span class='ocrx_word' id='word_1_700' title='bbox 869 5287 1140 5351; x_wconf 84' lang='lat' dir='ltr'><strong>morienti;</strong></span> <span class='ocrx_word' id='word_1_701' title='bbox 1173 5295 1227 5340; x_wconf 93' lang='lat' dir='ltr'><strong>et</strong></span> <span class='ocrx_word' id='word_1_702' title='bbox 1251 5301 1350 5339; x_wconf 90' lang='lat' dir='ltr'><strong>ms.</strong></span> <span class='ocrx_word' id='word_1_703' title='bbox 1382 5283 1515 5339; x_wconf 85' lang='lat' dir='ltr'><strong>Urb.</strong></span> <span class='ocrx_word' id='word_1_704' title='bbox 1544 5299 1639 5352; x_wconf 90' lang='lat' dir='ltr'><strong>pro</strong></span> <span class='ocrx_word' id='word_1_705' title='bbox 1667 5295 1865 5337; x_wconf 77' lang='lat' dir='ltr'><strong>ornata:</strong></span> <span class='ocrx_word' id='word_1_706' title='bbox 1899 5295 2150 5339; x_wconf 80' lang='lat' dir='ltr'><strong>matrona:</strong></span> 
     </span>
    </p>
   </div>
   <div class='ocr_carea' id='block_1_89' title="bbox 555 5356 1389 5412">
    <p class='ocr_par' dir='ltr' id='par_1_89' title="bbox 555 5356 1389 5412">
     <span class='ocr_line' id='line_1_89' title="bbox 555 5356 1389 5412; baseline 0 -2"><span class='ocrx_word' id='word_1_707' title='bbox 555 5356 717 5411; x_wconf 80' lang='lat' dir='ltr'><strong>habet</strong></span> <span class='ocrx_word' id='word_1_708' title='bbox 745 5361 1095 5412; x_wconf 73' lang='lat' dir='ltr'><strong>contt&#39;morata.’</strong></span> <span class='ocrx_word' id='word_1_709' title='bbox 1125 5366 1389 5410; x_wconf 79' lang='lat' dir='ltr'><strong>matronte.</strong></span> 
     </span>
    </p>
   </div>
   <div class='ocr_carea' id='block_1_90' title="bbox 629 5425 2151 5498">
    <p class='ocr_par' dir='ltr' id='par_1_90' title="bbox 629 5425 2151 5498">
     <span class='ocr_line' id='line_1_90' title="bbox 629 5425 2151 5498; baseline 0.001 -18"><span class='ocrx_word' id='word_1_710' title='bbox 629 5429 746 5498; x_wconf 76' lang='lat'><strong>(27)</strong></span> <span class='ocrx_word' id='word_1_711' title='bbox 778 5431 902 5484; x_wconf 79' lang='lat' dir='ltr'><strong>l’ost</strong></span> <span class='ocrx_word' id='word_1_712' title='bbox 925 5430 1144 5483; x_wconf 92' lang='lat' dir='ltr'><strong>verbum</strong></span> <span class='ocrx_word' id='word_1_713' title='bbox 1175 5427 1330 5481; x_wconf 88' lang='lat' dir='ltr'><strong>debeo</strong></span> <span class='ocrx_word' id='word_1_714' title='bbox 1351 5431 1399 5480; x_wconf 88' lang='lat' dir='ltr'><strong>in</strong></span> <span class='ocrx_word' id='word_1_715' title='bbox 1431 5425 1710 5498; x_wconf 82' lang='lat' dir='ltr'><strong>ms.Rem.</strong></span> <span class='ocrx_word' id='word_1_716' title='bbox 1743 5439 1905 5479; x_wconf 80' lang='lat' dir='ltr'><strong>vaCua</strong></span> <span class='ocrx_word' id='word_1_717' title='bbox 1929 5435 2151 5494; x_wconf 88' lang='lat' dir='ltr'><strong>apparet</strong></span> 
     </span>
    </p>
   </div>
   <div class='ocr_carea' id='block_1_91' title="bbox 557 5497 2152 5564">
    <p class='ocr_par' dir='ltr' id='par_1_91' title="bbox 557 5497 2152 5564">
     <span class='ocr_line' id='line_1_91' title="bbox 557 5497 2152 5564; baseline -0.003 -10"><span class='ocrx_word' id='word_1_718' title='bbox 557 5497 697 5554; x_wconf 86' lang='lat' dir='ltr'><strong>linea</strong></span> <span class='ocrx_word' id='word_1_719' title='bbox 725 5517 847 5555; x_wconf 90' lang='lat' dir='ltr'><strong>cum</strong></span> <span class='ocrx_word' id='word_1_720' title='bbox 881 5501 1124 5559; x_wconf 74' lang='lat' dir='ltr'><strong>dimidio,</strong></span> <span class='ocrx_word' id='word_1_721' title='bbox 1158 5509 1212 5552; x_wconf 92' lang='lat' dir='ltr'><strong>et</strong></span> <span class='ocrx_word' id='word_1_722' title='bbox 1241 5514 1363 5552; x_wconf 79' lang='lat' dir='ltr'><strong>mox</strong></span> <span class='ocrx_word' id='word_1_723' title='bbox 1394 5497 1637 5561; x_wconf 89' lang='lat' dir='ltr'><strong>sequitur</strong></span> <span class='ocrx_word' id='word_1_724' title='bbox 1667 5497 1766 5550; x_wconf 92' lang='lat' dir='ltr'><strong>ista</strong></span> <span class='ocrx_word' id='word_1_725' title='bbox 1796 5498 1904 5549; x_wconf 70' lang='lat' dir='ltr'><strong>[nec</strong></span> <span class='ocrx_word' id='word_1_726' title='bbox 1929 5512 2024 5564; x_wconf 79' lang='lat' dir='ltr'><strong>pro</strong></span> <span class='ocrx_word' id='word_1_727' title='bbox 2053 5499 2152 5550; x_wconf 87' lang='lat' dir='ltr'><strong>ista</strong></span> 
     </span>
    </p>
   </div>
   <div class='ocr_carea' id='block_1_92' title="bbox 559 5567 2152 5635">
    <p class='ocr_par' dir='ltr' id='par_1_92' title="bbox 559 5567 2152 5635">
     <span class='ocr_line' id='line_1_92' title="bbox 559 5567 2152 5635; baseline -0.003 -9"><span class='ocrx_word' id='word_1_728' title='bbox 559 5583 630 5626; x_wconf 90' lang='lat' dir='ltr'><strong>est</strong></span> <span class='ocrx_word' id='word_1_729' title='bbox 652 5612 666 5632; x_wconf 91' lang='lat'><strong>.</strong></span> <span class='ocrx_word' id='word_1_730' title='bbox 697 5581 751 5626; x_wconf 92' lang='lat' dir='ltr'><strong>et</strong></span> <span class='ocrx_word' id='word_1_731' title='bbox 778 5574 829 5625; x_wconf 89' lang='lat' dir='ltr'><strong>in</strong></span> <span class='ocrx_word' id='word_1_732' title='bbox 861 5587 960 5626; x_wconf 91' lang='lat' dir='ltr'><strong>ms.</strong></span> <span class='ocrx_word' id='word_1_733' title='bbox 1011 5569 1128 5623; x_wconf 89' lang='lat' dir='ltr'><strong>Tol.</strong></span> <span class='ocrx_word' id='word_1_734' title='bbox 1159 5571 1257 5624; x_wconf 88' lang='lat' dir='ltr'><strong>ista</strong></span> <span class='ocrx_word' id='word_1_735' title='bbox 1279 5580 1324 5623; x_wconf 82' lang='lat' dir='ltr'><strong>et</strong></span> <span class='ocrx_word' id='word_1_736' title='bbox 1356 5567 1673 5635; x_wconf 73' lang='lat' dir='ltr'><strong>infidelitatis</strong></span> <span class='ocrx_word' id='word_1_737' title='bbox 1697 5577 1791 5621; x_wconf 89' lang='lat' dir='ltr'><strong>est.</strong></span> <span class='ocrx_word' id='word_1_738' title='bbox 1822 5568 2152 5622; x_wconf 84' lang='lat' dir='ltr'><strong>Inlidelitatis</strong></span> 
     </span>
    </p>
   </div>
   <div class='ocr_carea' id='block_1_93' title="bbox 559 5639 2149 5710">
    <p class='ocr_par' dir='ltr' id='par_1_93' title="bbox 559 5639 2149 5710">
     <span class='ocr_line' id='line_1_93' title="bbox 559 5639 2149 5710; baseline -0.001 -14"><span class='ocrx_word' id='word_1_739' title='bbox 559 5657 739 5698; x_wconf 88' lang='lat' dir='ltr'><strong>autem</strong></span> <span class='ocrx_word' id='word_1_740' title='bbox 785 5642 1062 5698; x_wconf 77' lang='lat' dir='ltr'><strong>excusmio</strong></span> <span class='ocrx_word' id='word_1_741' title='bbox 1110 5642 1194 5696; x_wconf 92' lang='lat' dir='ltr'><strong>hic</strong></span> <span class='ocrx_word' id='word_1_742' title='bbox 1237 5642 1431 5696; x_wconf 88' lang='lat' dir='ltr'><strong>dicitur</strong></span> <span class='ocrx_word' id='word_1_743' title='bbox 1461 5656 1556 5710; x_wconf 87' lang='lat' dir='ltr'><strong>pro</strong></span> <span class='ocrx_word' id='word_1_744' title='bbox 1596 5657 1662 5694; x_wconf 90' lang='lat' dir='ltr'><strong>eo</strong></span> <span class='ocrx_word' id='word_1_745' title='bbox 1707 5640 1848 5708; x_wconf 91' lang='lat' dir='ltr'><strong>quod</strong></span> <span class='ocrx_word' id='word_1_746' title='bbox 1881 5655 2028 5693; x_wconf 90' lang='lat' dir='ltr'><strong>num.</strong></span> <span class='ocrx_word' id='word_1_747' title='bbox 2068 5639 2102 5695; x_wconf 86' lang='lat'><strong>6</strong></span> <span class='ocrx_word' id='word_1_748' title='bbox 2137 5657 2149 5694; x_wconf 89' lang='lat'><strong>:</strong></span> 
     </span>
    </p>
   </div>
   <div class='ocr_carea' id='block_1_94' title="bbox 560 5712 1669 5770">
    <p class='ocr_par' dir='ltr' id='par_1_94' title="bbox 560 5712 1669 5770">
     <span class='ocr_line' id='line_1_94' title="bbox 560 5712 1669 5770; baseline -0.004 -2"><span class='ocrx_word' id='word_1_749' title='bbox 560 5713 674 5768; x_wconf 80' lang='lat' dir='ltr'><strong>Hoc</strong></span> <span class='ocrx_word' id='word_1_750' title='bbox 701 5714 852 5766; x_wconf 80' lang='lat' dir='ltr'><strong>etiam</strong></span> <span class='ocrx_word' id='word_1_751' title='bbox 884 5714 1074 5770; x_wconf 73' lang='lat' dir='ltr'><strong>Gentes</strong></span> <span class='ocrx_word' id='word_1_752' title='bbox 1095 5712 1264 5768; x_wconf 86' lang='lat' dir='ltr'><strong>dicere</strong></span> <span class='ocrx_word' id='word_1_753' title='bbox 1284 5720 1669 5768; x_wconf 86' lang='lat' dir='ltr'><strong>consueverunt.</strong></span> 
     </span>
    </p>
   </div>
   <div class='ocr_carea' id='block_1_95' title="bbox 559 5782 2156 5861">
    <p class='ocr_par' dir='ltr' id='par_1_95' title="bbox 559 5782 2156 5861">
     <span class='ocr_line' id='line_1_95' title="bbox 559 5782 2156 5861; baseline 0.001 -23"><span class='ocrx_word' id='word_1_754' title='bbox 559 5805 595 5854; x_wconf 51' lang='grc' dir='ltr'><strong><em>ι</em></strong></span> <span class='ocrx_word' id='word_1_755' title='bbox 632 5782 755 5857; x_wconf 66' lang='grc'>(28)</span> <span class='ocrx_word' id='word_1_756' title='bbox 787 5784 1088 5861; x_wconf 83' lang='lat' dir='ltr'><strong>Regnorum</strong></span> <span class='ocrx_word' id='word_1_757' title='bbox 1140 5801 1238 5858; x_wconf 90' lang='lat' dir='ltr'><strong>pro</strong></span> <span class='ocrx_word' id='word_1_758' title='bbox 1283 5785 1482 5855; x_wconf 82' lang='lat' dir='ltr'><strong>Regum</strong></span> <span class='ocrx_word' id='word_1_759' title='bbox 1528 5786 1756 5842; x_wconf 88' lang='lat' dir='ltr'><strong>habetur</strong></span> <span class='ocrx_word' id='word_1_760' title='bbox 1802 5783 1964 5839; x_wconf 87' lang='lat' dir='ltr'><strong>etiam</strong></span> <span class='ocrx_word' id='word_1_761' title='bbox 2013 5783 2156 5853; x_wconf 86' lang='lat' dir='ltr'><strong>apud</strong></span> 
     </span>
    </p>
   </div>
   <div class='ocr_carea' id='block_1_96' title="bbox 2741 3333 3274 3390">
    <p class='ocr_par' dir='ltr' id='par_1_96' title="bbox 2741 3333 3274 3390">
     <span class='ocr_line' id='line_1_96' title="bbox 2741 3333 3274 3390; baseline 0 -2"><span class='ocrx_word' id='word_1_762' title='bbox 2741 3333 3158 3390; x_wconf 78' lang='lat' dir='ltr'><strong>TRACTATUS</strong></span> <span class='ocrx_word' id='word_1_763' title='bbox 3187 3333 3274 3388; x_wconf 82' lang='lat' dir='ltr'><strong>IV.</strong></span> 
     </span>
    </p>
   </div>
   <div class='ocr_carea' id='block_1_97' title="bbox 2759 3447 3260 3522">
    <p class='ocr_par' dir='ltr' id='par_1_97' title="bbox 2759 3447 3260 3522">
     <span class='ocr_line' id='line_1_97' title="bbox 2759 3447 3260 3522; baseline -0.006 -18"><span class='ocrx_word' id='word_1_764' title='bbox 2759 3449 2836 3504; x_wconf 88' lang='lat' dir='ltr'><strong>De</strong></span> <span class='ocrx_word' id='word_1_765' title='bbox 2863 3449 2946 3522; x_wconf 89' lang='grc'>(1)</span> <span class='ocrx_word' id='word_1_766' title='bbox 2975 3447 3260 3504; x_wconf 81' lang='lat' dir='ltr'><strong>Pudicitia.</strong></span> 
     </span>
    </p>
   </div>
   <div class='ocr_carea' id='block_1_98' title="bbox 2295 3563 3817 3637">
    <p class='ocr_par' dir='ltr' id='par_1_98' title="bbox 2295 3563 3817 3637">
     <span class='ocr_line' id='line_1_98' title="bbox 2295 3563 3817 3637; baseline -0.003 -16"><span class='ocrx_word' id='word_1_767' title='bbox 2295 3567 2336 3622; x_wconf 95' lang='lat' dir='ltr'><strong>l.</strong></span> <span class='ocrx_word' id='word_1_768' title='bbox 2370 3565 2691 3620; x_wconf 84' lang='lat' dir='ltr'><strong>Pudicitiam</strong></span> <span class='ocrx_word' id='word_1_769' title='bbox 2723 3567 2813 3636; x_wconf 92' lang='lat' dir='ltr'><strong>qui</strong></span> <span class='ocrx_word' id='word_1_770' title='bbox 2842 3568 3000 3633; x_wconf 91' lang='lat' dir='ltr'><strong>colit,</strong></span> <span class='ocrx_word' id='word_1_771' title='bbox 3041 3575 3255 3637; x_wconf 73' lang='lat' dir='ltr'><strong>quanta:</strong></span> <span class='ocrx_word' id='word_1_772' title='bbox 3289 3564 3584 3620; x_wconf 87' lang='lat' dir='ltr'><strong>nobilitatis</strong></span> <span class='ocrx_word' id='word_1_773' title='bbox 3619 3565 3708 3631; x_wconf 88' lang='lat' dir='ltr'><strong>sit,</strong></span> <span class='ocrx_word' id='word_1_774' title='bbox 3741 3563 3817 3617; x_wconf 82' lang='lat' dir='ltr'><strong>fa-</strong></span> 
     </span>
    </p>
   </div>
   <div class='ocr_carea' id='block_1_99' title="bbox 2226 3657 3821 3728">
    <p class='ocr_par' dir='ltr' id='par_1_99' title="bbox 2226 3657 3821 3728">
     <span class='ocr_line' id='line_1_99' title="bbox 2226 3657 3821 3728; baseline -0.004 -13"><span class='ocrx_word' id='word_1_775' title='bbox 2226 3660 2424 3715; x_wconf 92' lang='lat' dir='ltr'><strong>cillime</strong></span> <span class='ocrx_word' id='word_1_776' title='bbox 2477 3658 2555 3725; x_wconf 72' lang='lat'><strong>(2)</strong></span> <span class='ocrx_word' id='word_1_777' title='bbox 2604 3659 2882 3728; x_wconf 82' lang='lat' dir='ltr'><strong>agnoscit:</strong></span> <span class='ocrx_word' id='word_1_778' title='bbox 2931 3668 3016 3714; x_wconf 85' lang='lat' dir='ltr'><strong>est</strong></span> <span class='ocrx_word' id='word_1_779' title='bbox 3046 3659 3249 3713; x_wconf 90' lang='lat' dir='ltr'><strong>etenim</strong></span> <span class='ocrx_word' id='word_1_780' title='bbox 3284 3666 3445 3712; x_wconf 70' lang='lat' dir='ltr'><strong>tanta:</strong></span> <span class='ocrx_word' id='word_1_781' title='bbox 3472 3657 3684 3712; x_wconf 88' lang='lat' dir='ltr'><strong>virtutis</strong></span> <span class='ocrx_word' id='word_1_782' title='bbox 3707 3697 3721 3721; x_wconf 95' lang='lat'><strong>,</strong></span> <span class='ocrx_word' id='word_1_783' title='bbox 3761 3664 3821 3710; x_wconf 93' lang='lat' dir='ltr'><strong>ut</strong></span> 
     </span>
    </p>
   </div>
   <div class='ocr_carea' id='block_1_100' title="bbox 2228 3747 3818 3821">
    <p class='ocr_par' dir='ltr' id='par_1_100' title="bbox 2228 3747 3818 3821">
     <span class='ocr_line' id='line_1_100' title="bbox 2228 3747 3818 3821; baseline -0.004 -15"><span class='ocrx_word' id='word_1_784' title='bbox 2228 3753 2297 3806; x_wconf 89' lang='lat' dir='ltr'><strong>sit</strong></span> <span class='ocrx_word' id='word_1_785' title='bbox 2330 3751 2658 3807; x_wconf 89' lang='lat' dir='ltr'><strong>honorabilis</strong></span> <span class='ocrx_word' id='word_1_786' title='bbox 2693 3751 2854 3805; x_wconf 90' lang='lat' dir='ltr'><strong>etiam</strong></span> <span class='ocrx_word' id='word_1_787' title='bbox 2882 3748 2962 3821; x_wconf 78' lang='lat'><strong>(3)</strong></span> <span class='ocrx_word' id='word_1_788' title='bbox 2993 3749 3240 3805; x_wconf 89' lang='lat' dir='ltr'><strong>hostibus</strong></span> <span class='ocrx_word' id='word_1_789' title='bbox 3269 3747 3378 3821; x_wconf 71' lang='grc' dir='ltr'>ω</span> <span class='ocrx_word' id='word_1_790' title='bbox 3418 3749 3550 3809; x_wconf 85' lang='lat' dir='ltr'><strong>suis.</strong></span> <span class='ocrx_word' id='word_1_791' title='bbox 3587 3748 3709 3803; x_wconf 71' lang='lat' dir='ltr'><strong>lltec</strong></span> <span class='ocrx_word' id='word_1_792' title='bbox 3739 3755 3818 3801; x_wconf 86' lang='lat' dir='ltr'><strong>to-</strong></span> 
     </span>
    </p>
   </div>
   <div class='ocr_carea' id='block_1_101' title="bbox 2236 3930 3822 4004">
    <p class='ocr_par' dir='ltr' id='par_1_101' title="bbox 2236 3930 3822 4004">
     <span class='ocr_line' id='line_1_101' title="bbox 2236 3930 3822 4004; baseline -0.004 -17"><span class='ocrx_word' id='word_1_793' title='bbox 2236 3932 2520 3997; x_wconf 80' lang='lat' dir='ltr'><strong>liilarium,</strong></span> <span class='ocrx_word' id='word_1_794' title='bbox 2565 3933 2617 3986; x_wconf 92' lang='lat' dir='ltr'><strong>in</strong></span> <span class='ocrx_word' id='word_1_795' title='bbox 2649 3931 2880 4003; x_wconf 87' lang='lat' dir='ltr'><strong>Prologo</strong></span> <span class='ocrx_word' id='word_1_796' title='bbox 2912 3933 2962 3985; x_wconf 95' lang='lat' dir='ltr'><strong>in</strong></span> <span class='ocrx_word' id='word_1_797' title='bbox 3009 3932 3124 4004; x_wconf 86' lang='lat' dir='ltr'><strong>Ps.,</strong></span> <span class='ocrx_word' id='word_1_798' title='bbox 3162 3948 3283 4004; x_wconf 88' lang='lat' dir='ltr'><strong>pag.</strong></span> <span class='ocrx_word' id='word_1_799' title='bbox 3322 3932 3396 3997; x_wconf 65' lang='lat'><strong>4;</strong></span> <span class='ocrx_word' id='word_1_800' title='bbox 3431 3931 3568 4000; x_wconf 87' lang='lat' dir='ltr'><strong>apud</strong></span> <span class='ocrx_word' id='word_1_801' title='bbox 3593 3930 3822 4004; x_wconf 81' lang='lat' dir='ltr'><strong>Ambro-</strong></span> 
     </span>
    </p>
   </div>
   <div class='ocr_carea' id='block_1_102' title="bbox 2235 4001 3824 4073">
    <p class='ocr_par' dir='ltr' id='par_1_102' title="bbox 2235 4001 3824 4073">
     <span class='ocr_line' id='line_1_102' title="bbox 2235 4001 3824 4073; baseline -0.003 -15"><span class='ocrx_word' id='word_1_802' title='bbox 2235 4006 2396 4067; x_wconf 88' lang='lat' dir='ltr'><strong>sium,</strong></span> <span class='ocrx_word' id='word_1_803' title='bbox 2435 4006 2506 4058; x_wconf 81' lang='lat' dir='ltr'><strong>lib</strong></span> <span class='ocrx_word' id='word_1_804' title='bbox 2560 4021 2575 4058; x_wconf 94' lang='grc' dir='ltr'><strong>ι</strong></span> <span class='ocrx_word' id='word_1_805' title='bbox 2605 4003 2672 4058; x_wconf 88' lang='lat' dir='ltr'><strong>de</strong></span> <span class='ocrx_word' id='word_1_806' title='bbox 2713 4001 2864 4058; x_wconf 55' lang='lat' dir='ltr'><strong>Ahe&#39;l.</strong></span> <span class='ocrx_word' id='word_1_807' title='bbox 2897 4017 3015 4073; x_wconf 86' lang='lat' dir='ltr'><strong>cap.</strong></span> <span class='ocrx_word' id='word_1_808' title='bbox 3041 4003 3121 4068; x_wconf 70' lang='lat'><strong>2.,</strong></span> <span class='ocrx_word' id='word_1_809' title='bbox 3164 4001 3218 4057; x_wconf 88' lang='lat' dir='ltr'><strong>in</strong></span> <span class='ocrx_word' id='word_1_810' title='bbox 3250 4004 3506 4072; x_wconf 76' lang='lat' dir='ltr'><strong>Apologia</strong></span> <span class='ocrx_word' id='word_1_811' title='bbox 3541 4001 3698 4055; x_wconf 81' lang='lat' dir='ltr'><strong>David</strong></span> <span class='ocrx_word' id='word_1_812' title='bbox 3729 4016 3776 4054; x_wconf 67' lang='grc' dir='ltr'><strong>ιε.</strong></span> <span class='ocrx_word' id='word_1_813' title='bbox 3809 4017 3824 4054; x_wconf 84' lang='grc' dir='ltr'><strong>ι</strong></span> 
     </span>
    </p>
   </div>
   <div class='ocr_carea' id='block_1_103' title="bbox 2234 4074 3826 4146">
    <p class='ocr_par' dir='ltr' id='par_1_103' title="bbox 2234 4074 3826 4146">
     <span class='ocr_line' id='line_1_103' title="bbox 2234 4074 3826 4146; baseline -0.003 -18"><span class='ocrx_word' id='word_1_814' title='bbox 2234 4090 2401 4129; x_wconf 88' lang='lat' dir='ltr'><strong>serm.</strong></span> <span class='ocrx_word' id='word_1_815' title='bbox 2433 4075 2523 4139; x_wconf 72' lang='lat'><strong>2|,</strong></span> <span class='ocrx_word' id='word_1_816' title='bbox 2563 4077 2612 4129; x_wconf 94' lang='lat' dir='ltr'><strong>in</strong></span> <span class='ocrx_word' id='word_1_817' title='bbox 2651 4091 2731 4146; x_wconf 86' lang='lat' dir='ltr'><strong>ps.</strong></span> <span class='ocrx_word' id='word_1_818' title='bbox 2764 4091 2947 4138; x_wconf 80' lang='lat' dir='ltr'><strong>cxviu,</strong></span> <span class='ocrx_word' id='word_1_819' title='bbox 2993 4091 3143 4130; x_wconf 88' lang='lat' dir='ltr'><strong>nmn.</strong></span> <span class='ocrx_word' id='word_1_820' title='bbox 3175 4075 3285 4136; x_wconf 65' lang='lat'><strong>90;</strong></span> <span class='ocrx_word' id='word_1_821' title='bbox 3319 4083 3370 4128; x_wconf 92' lang='lat' dir='ltr'><strong>el</strong></span> <span class='ocrx_word' id='word_1_822' title='bbox 3403 4074 3540 4141; x_wconf 87' lang='lat' dir='ltr'><strong>apud</strong></span> <span class='ocrx_word' id='word_1_823' title='bbox 3569 4074 3702 4146; x_wconf 79' lang='lat' dir='ltr'><strong>alios</strong></span> <span class='ocrx_word' id='word_1_824' title='bbox 3734 4088 3826 4125; x_wconf 83' lang='lat' dir='ltr'><strong>ve-</strong></span> 
     </span>
    </p>
   </div>
   <div class='ocr_carea' id='block_1_104' title="bbox 2234 4144 3824 4215">
    <p class='ocr_par' dir='ltr' id='par_1_104' title="bbox 2234 4144 3824 4215">
     <span class='ocr_line' id='line_1_104' title="bbox 2234 4144 3824 4215; baseline -0.003 -15"><span class='ocrx_word' id='word_1_825' title='bbox 2234 4154 2377 4200; x_wconf 90' lang='lat' dir='ltr'><strong>teres</strong></span> <span class='ocrx_word' id='word_1_826' title='bbox 2409 4147 2590 4198; x_wconf 81' lang='lat' dir='ltr'><strong>Patres</strong></span> <span class='ocrx_word' id='word_1_827' title='bbox 2653 4144 2705 4199; x_wconf 84' lang='lat' dir='ltr'><strong>lit</strong></span> <span class='ocrx_word' id='word_1_828' title='bbox 2743 4163 2844 4200; x_wconf 87' lang='lat' dir='ltr'><strong>ms.</strong></span> <span class='ocrx_word' id='word_1_829' title='bbox 2880 4146 3010 4201; x_wconf 87' lang='lat' dir='ltr'><strong>Urb.</strong></span> <span class='ocrx_word' id='word_1_830' title='bbox 3044 4147 3326 4215; x_wconf 81' lang='lat' dir='ltr'><strong>[erie‘batur</strong></span> <span class='ocrx_word' id='word_1_831' title='bbox 3358 4159 3457 4215; x_wconf 91' lang='lat' dir='ltr'><strong>pro</strong></span> <span class='ocrx_word' id='word_1_832' title='bbox 3501 4144 3824 4198; x_wconf 85' lang='lat' dir='ltr'><strong>moriebatur.</strong></span> 
     </span>
    </p>
   </div>
   <div class='ocr_carea' id='block_1_105' title="bbox 2307 4217 3014 4288">
    <p class='ocr_par' dir='ltr' id='par_1_105' title="bbox 2307 4217 3014 4288">
     <span class='ocr_line' id='line_1_105' title="bbox 2307 4217 3014 4288; baseline 0 -18"><span class='ocrx_word' id='word_1_833' title='bbox 2307 4217 2424 4288; x_wconf 70' lang='lat'><strong>(29)</strong></span> <span class='ocrx_word' id='word_1_834' title='bbox 2456 4217 2554 4288; x_wconf 68' lang='lat' dir='ltr'><strong>Ms.</strong></span> <span class='ocrx_word' id='word_1_835' title='bbox 2591 4217 2718 4273; x_wconf 89' lang='lat' dir='ltr'><strong>Urb.</strong></span> <span class='ocrx_word' id='word_1_836' title='bbox 2747 4219 3014 4287; x_wconf 81' lang='lat' dir='ltr'><strong>nequisset.</strong></span> 
     </span>
    </p>
   </div>
   <div class='ocr_carea' id='block_1_106' title="bbox 2307 4283 3826 4359">
    <p class='ocr_par' dir='ltr' id='par_1_106' title="bbox 2307 4283 3826 4359">
     <span class='ocr_line' id='line_1_106' title="bbox 2307 4283 3826 4359; baseline -0.002 -18"><span class='ocrx_word' id='word_1_837' title='bbox 2307 4283 2423 4359; x_wconf 77' lang='lat'><strong>(30)</strong></span> <span class='ocrx_word' id='word_1_838' title='bbox 2456 4287 2513 4342; x_wconf 86' lang='grc' dir='ltr'>ιιι</span> <span class='ocrx_word' id='word_1_839' title='bbox 2539 4283 2874 4344; x_wconf 84' lang='lat' dir='ltr'><strong>correctione</strong></span> <span class='ocrx_word' id='word_1_840' title='bbox 2899 4287 3177 4358; x_wconf 85' lang='lat' dir='ltr'><strong>inargiuali</strong></span> <span class='ocrx_word' id='word_1_841' title='bbox 3206 4302 3307 4342; x_wconf 92' lang='lat' dir='ltr'><strong>ms.</strong></span> <span class='ocrx_word' id='word_1_842' title='bbox 3340 4286 3530 4354; x_wconf 86' lang='lat' dir='ltr'><strong>Pomp.</strong></span> <span class='ocrx_word' id='word_1_843' title='bbox 3564 4283 3826 4359; x_wconf 78' lang='lat' dir='ltr'><strong>Inqratus.</strong></span> 
     </span>
    </p>
   </div>
   <div class='ocr_carea' id='block_1_107' title="bbox 2308 4356 3832 4431">
    <p class='ocr_par' dir='ltr' id='par_1_107' title="bbox 2308 4356 3832 4431">
     <span class='ocr_line' id='line_1_107' title="bbox 2308 4356 3832 4431; baseline -0.002 -18"><span class='ocrx_word' id='word_1_844' title='bbox 2308 4356 2512 4414; x_wconf 60' lang='lat' dir='ltr'><strong>Tnicr.</strong></span> <span class='ocrx_word' id='word_1_845' title='bbox 2543 4359 2790 4431; x_wconf 89' lang='lat' dir='ltr'><strong>lV.—-(.)</strong></span> <span class='ocrx_word' id='word_1_846' title='bbox 2825 4361 2878 4412; x_wconf 92' lang='lat' dir='ltr'><strong>In</strong></span> <span class='ocrx_word' id='word_1_847' title='bbox 2905 4356 3035 4414; x_wconf 66' lang='lat' dir='ltr'><strong>edit.</strong></span> <span class='ocrx_word' id='word_1_848' title='bbox 3073 4359 3207 4414; x_wconf 80' lang='lat' dir='ltr'><strong>Ven.</strong></span> <span class='ocrx_word' id='word_1_849' title='bbox 3245 4359 3331 4412; x_wconf 94' lang='lat' dir='ltr'><strong>hic</strong></span> <span class='ocrx_word' id='word_1_850' title='bbox 3354 4360 3556 4431; x_wconf 52' lang='lat' dir='ltr'><strong>titulus</strong></span> <span class='ocrx_word' id='word_1_851' title='bbox 3582 4356 3784 4431; x_wconf 79' lang='lat' dir='ltr'><strong>legitur</strong></span> <span class='ocrx_word' id='word_1_852' title='bbox 3817 4373 3832 4410; x_wconf 88' lang='lat'><strong>:</strong></span> 
     </span>
    </p>
   </div>
   <div class='ocr_carea' id='block_1_108' title="bbox 2240 4428 3832 4500">
    <p class='ocr_par' dir='ltr' id='par_1_108' title="bbox 2240 4428 3832 4500">
     <span class='ocr_line' id='line_1_108' title="bbox 2240 4428 3832 4500; baseline -0.002 -18"><span class='ocrx_word' id='word_1_853' title='bbox 2240 4429 2316 4483; x_wconf 90' lang='lat' dir='ltr'><strong>De</strong></span> <span class='ocrx_word' id='word_1_854' title='bbox 2345 4431 2604 4498; x_wconf 75' lang='lat' dir='ltr'><strong>pudicitia:</strong></span> <span class='ocrx_word' id='word_1_855' title='bbox 2629 4428 2869 4485; x_wconf 84' lang='lat' dir='ltr'><strong>laudibus</strong></span> <span class='ocrx_word' id='word_1_856' title='bbox 2896 4441 2944 4484; x_wconf 84' lang='lat' dir='ltr'><strong>et</strong></span> <span class='ocrx_word' id='word_1_857' title='bbox 2972 4431 3302 4500; x_wconf 78' lang='lat' dir='ltr'><strong>impudicitia:</strong></span> <span class='ocrx_word' id='word_1_858' title='bbox 3328 4428 3607 4483; x_wconf 81' lang='lat' dir='ltr'><strong>detestabili</strong></span> <span class='ocrx_word' id='word_1_859' title='bbox 3639 4433 3832 4498; x_wconf 77' lang='lat' dir='ltr'><strong>fructu.</strong></span> 
     </span>
    </p>
   </div>
   <div class='ocr_carea' id='block_1_109' title="bbox 2236 4500 3835 4572">
    <p class='ocr_par' dir='ltr' id='par_1_109' title="bbox 2236 4500 3835 4572">
     <span class='ocr_line' id='line_1_109' title="bbox 2236 4500 3835 4572; baseline -0.001 -17"><span class='ocrx_word' id='word_1_860' title='bbox 2236 4500 2346 4555; x_wconf 88' lang='lat' dir='ltr'><strong>Nos</strong></span> <span class='ocrx_word' id='word_1_861' title='bbox 2373 4502 2777 4572; x_wconf 84' lang='lat' dir='ltr'><strong>inscriptionem</strong></span> <span class='ocrx_word' id='word_1_862' title='bbox 2811 4503 3054 4557; x_wconf 87' lang='lat' dir='ltr'><strong>codicum</strong></span> <span class='ocrx_word' id='word_1_863' title='bbox 3084 4511 3136 4554; x_wconf 91' lang='lat' dir='ltr'><strong>et</strong></span> <span class='ocrx_word' id='word_1_864' title='bbox 3167 4503 3392 4555; x_wconf 83' lang='lat' dir='ltr'><strong>aliarum</strong></span> <span class='ocrx_word' id='word_1_865' title='bbox 3423 4501 3716 4556; x_wconf 86' lang='lat' dir='ltr'><strong>editionum</strong></span> <span class='ocrx_word' id='word_1_866' title='bbox 3748 4514 3835 4554; x_wconf 86' lang='lat' dir='ltr'><strong>re-</strong></span> 
     </span>
    </p>
   </div>
   <div class='ocr_carea' id='block_1_110' title="bbox 2241 4573 2520 4627">
    <p class='ocr_par' dir='ltr' id='par_1_110' title="bbox 2241 4573 2520 4627">
     <span class='ocr_line' id='line_1_110' title="bbox 2241 4573 2520 4627; baseline 0.007 -3"><span class='ocrx_word' id='word_1_867' title='bbox 2241 4573 2520 4627; x_wconf 90' lang='lat' dir='ltr'><strong>tinuimus.</strong></span> 
     </span>
    </p>
   </div>
   <div class='ocr_carea' id='block_1_111' title="bbox 2314 4643 3376 4714">
    <p class='ocr_par' dir='ltr' id='par_1_111' title="bbox 2314 4643 3376 4714">
     <span class='ocr_line' id='line_1_111' title="bbox 2314 4643 3376 4714; baseline -0.001 -17"><span class='ocrx_word' id='word_1_868' title='bbox 2314 4645 2390 4714; x_wconf 62' lang='grc' dir='ltr'>(ἲ)</span> <span class='ocrx_word' id='word_1_869' title='bbox 2428 4645 2566 4698; x_wconf 82' lang='lat' dir='ltr'><strong>Editi</strong></span> <span class='ocrx_word' id='word_1_870' title='bbox 2592 4643 2791 4700; x_wconf 88' lang='lat' dir='ltr'><strong>habent</strong></span> <span class='ocrx_word' id='word_1_871' title='bbox 2817 4644 3105 4714; x_wconf 85' lang='lat' dir='ltr'><strong>cognoscit;</strong></span> <span class='ocrx_word' id='word_1_872' title='bbox 3132 4653 3203 4697; x_wconf 89' lang='lat' dir='ltr'><strong>est</strong></span> <span class='ocrx_word' id='word_1_873' title='bbox 3223 4645 3376 4700; x_wconf 86' lang='lat' dir='ltr'><strong>enim.</strong></span> 
     </span>
    </p>
   </div>
   <div class='ocr_carea' id='block_1_112' title="bbox 2317 4713 3841 4787">
    <p class='ocr_par' dir='ltr' id='par_1_112' title="bbox 2317 4713 3841 4787">
     <span class='ocr_line' id='line_1_112' title="bbox 2317 4713 3841 4787; baseline -0.003 -18"><span class='ocrx_word' id='word_1_874' title='bbox 2317 4716 2397 4787; x_wconf 81' lang='grc'>(5)</span> <span class='ocrx_word' id='word_1_875' title='bbox 2450 4715 2723 4769; x_wconf 74' lang='lat' dir='ltr'><strong>Pudicitia:</strong></span> <span class='ocrx_word' id='word_1_876' title='bbox 2771 4713 2975 4778; x_wconf 81' lang='lat' dir='ltr'><strong>hostes,</strong></span> <span class='ocrx_word' id='word_1_877' title='bbox 3026 4717 3114 4782; x_wconf 91' lang='lat' dir='ltr'><strong>qui</strong></span> <span class='ocrx_word' id='word_1_878' title='bbox 3164 4715 3248 4767; x_wconf 87' lang='lat' dir='ltr'><strong>hic</strong></span> <span class='ocrx_word' id='word_1_879' title='bbox 3290 4713 3666 4787; x_wconf 76' lang='lat' dir='ltr'><strong>appellantur,</strong></span> <span class='ocrx_word' id='word_1_880' title='bbox 3713 4720 3841 4767; x_wconf 90' lang='lat' dir='ltr'><strong>sunt</strong></span> 
     </span>
    </p>
   </div>
   <div class='ocr_carea' id='block_1_113' title="bbox 2249 4785 3838 4857">
    <p class='ocr_par' dir='ltr' id='par_1_113' title="bbox 2249 4785 3838 4857">
     <span class='ocr_line' id='line_1_113' title="bbox 2249 4785 3838 4857; baseline -0.002 -18"><span class='ocrx_word' id='word_1_881' title='bbox 2249 4785 2514 4857; x_wconf 72' lang='lat' dir='ltr'><strong>praecipue</strong></span> <span class='ocrx_word' id='word_1_882' title='bbox 2541 4797 2728 4855; x_wconf 83' lang='lat' dir='ltr'><strong>gentes</strong></span> <span class='ocrx_word' id='word_1_883' title='bbox 2753 4828 2768 4850; x_wconf 91' lang='lat'><strong>,</strong></span> <span class='ocrx_word' id='word_1_884' title='bbox 2799 4799 2995 4856; x_wconf 70' lang='lat' dir='ltr'><strong>quaeet</strong></span> <span class='ocrx_word' id='word_1_885' title='bbox 3023 4788 3158 4854; x_wconf 84' lang='lat' dir='ltr'><strong>turpi</strong></span> <span class='ocrx_word' id='word_1_886' title='bbox 3193 4786 3582 4854; x_wconf 84' lang='lat' dir='ltr'><strong>impudicorum</strong></span> <span class='ocrx_word' id='word_1_887' title='bbox 3613 4785 3838 4838; x_wconf 88' lang='lat' dir='ltr'><strong>deorum</strong></span> 
     </span>
    </p>
   </div>
   <div class='ocr_carea' id='block_1_114' title="bbox 2248 4857 3841 4926">
    <p class='ocr_par' dir='ltr' id='par_1_114' title="bbox 2248 4857 3841 4926">
     <span class='ocr_line' id='line_1_114' title="bbox 2248 4857 3841 4926; baseline -0.003 -16"><span class='ocrx_word' id='word_1_888' title='bbox 2248 4859 2578 4926; x_wconf 87' lang='lat' dir='ltr'><strong>dearumque</strong></span> <span class='ocrx_word' id='word_1_889' title='bbox 2610 4859 2754 4910; x_wconf 88' lang='lat' dir='ltr'><strong>cultu</strong></span> <span class='ocrx_word' id='word_1_890' title='bbox 2785 4870 2835 4911; x_wconf 90' lang='lat' dir='ltr'><strong>et</strong></span> <span class='ocrx_word' id='word_1_891' title='bbox 2867 4857 3190 4926; x_wconf 87' lang='lat' dir='ltr'><strong>spectaculis</strong></span> <span class='ocrx_word' id='word_1_892' title='bbox 3220 4859 3345 4911; x_wconf 86' lang='lat' dir='ltr'><strong>item</strong></span> <span class='ocrx_word' id='word_1_893' title='bbox 3375 4858 3620 4917; x_wconf 80' lang='lat' dir='ltr'><strong>turpibus</strong></span> <span class='ocrx_word' id='word_1_894' title='bbox 3645 4873 3672 4905; x_wconf 83' lang='lat' dir='ltr'><strong>a</strong></span> <span class='ocrx_word' id='word_1_895' title='bbox 3717 4869 3841 4926; x_wconf 85' lang='lat' dir='ltr'><strong>nos-</strong></span> 
     </span>
    </p>
   </div>
   <div class='ocr_carea' id='block_1_115' title="bbox 2252 4925 3844 4997">
    <p class='ocr_par' dir='ltr' id='par_1_115' title="bbox 2252 4925 3844 4997">
     <span class='ocr_line' id='line_1_115' title="bbox 2252 4925 3844 4997; baseline -0.003 -15"><span class='ocrx_word' id='word_1_896' title='bbox 2252 4941 2334 4982; x_wconf 91' lang='lat' dir='ltr'><strong>tro</strong></span> <span class='ocrx_word' id='word_1_897' title='bbox 2376 4925 2608 4982; x_wconf 81' lang='lat' dir='ltr'><strong>Auctore</strong></span> <span class='ocrx_word' id='word_1_898' title='bbox 2649 4929 2874 4983; x_wconf 88' lang='lat' dir='ltr'><strong>subinde</strong></span> <span class='ocrx_word' id='word_1_899' title='bbox 2902 4925 3108 4982; x_wconf 86' lang='lat' dir='ltr'><strong>notatis</strong></span> <span class='ocrx_word' id='word_1_900' title='bbox 3142 4937 3388 4997; x_wconf 89' lang='lat' dir='ltr'><strong>apertum</strong></span> <span class='ocrx_word' id='word_1_901' title='bbox 3434 4927 3698 4992; x_wconf 73' lang='lat' dir='ltr'><strong>puilicitim</strong></span> <span class='ocrx_word' id='word_1_902' title='bbox 3732 4925 3844 4997; x_wconf 77' lang='lat' dir='ltr'><strong>bel-</strong></span> 
     </span>
    </p>
   </div>
   <div class='ocr_carea' id='block_1_116' title="bbox 2252 4996 3844 5068">
    <p class='ocr_par' dir='ltr' id='par_1_116' title="bbox 2252 4996 3844 5068">
     <span class='ocr_line' id='line_1_116' title="bbox 2252 4996 3844 5068; baseline -0.003 -15"><span class='ocrx_word' id='word_1_903' title='bbox 2252 4999 2362 5053; x_wconf 93' lang='lat' dir='ltr'><strong>lum</strong></span> <span class='ocrx_word' id='word_1_904' title='bbox 2403 4999 2694 5053; x_wconf 89' lang='lat' dir='ltr'><strong>intulerunt</strong></span> <span class='ocrx_word' id='word_1_905' title='bbox 2730 5018 2742 5052; x_wconf 89' lang='lat'><strong>:</strong></span> <span class='ocrx_word' id='word_1_906' title='bbox 2774 5012 2828 5052; x_wconf 91' lang='lat' dir='ltr'><strong>ut</strong></span> <span class='ocrx_word' id='word_1_907' title='bbox 2867 4996 3188 5053; x_wconf 88' lang='lat' dir='ltr'><strong>omittamus</strong></span> <span class='ocrx_word' id='word_1_908' title='bbox 3214 5001 3383 5068; x_wconf 83' lang='lat' dir='ltr'><strong>legem</strong></span> <span class='ocrx_word' id='word_1_909' title='bbox 3426 4998 3620 5052; x_wconf 82' lang='lat' dir='ltr'><strong>Juliam</strong></span> <span class='ocrx_word' id='word_1_910' title='bbox 3650 5006 3708 5050; x_wconf 89' lang='lat' dir='ltr'><strong>et</strong></span> <span class='ocrx_word' id='word_1_911' title='bbox 3743 4996 3844 5050; x_wconf 83' lang='lat' dir='ltr'><strong>Pa-</strong></span> 
     </span>
    </p>
   </div>
   <div class='ocr_carea' id='block_1_117' title="bbox 2253 5069 3846 5142">
    <p class='ocr_par' dir='ltr' id='par_1_117' title="bbox 2253 5069 3846 5142">
     <span class='ocr_line' id='line_1_117' title="bbox 2253 5069 3846 5142; baseline -0.003 -18"><span class='ocrx_word' id='word_1_912' title='bbox 2253 5071 2426 5142; x_wconf 89' lang='lat' dir='ltr'><strong>piam.</strong></span> <span class='ocrx_word' id='word_1_913' title='bbox 2467 5087 2583 5139; x_wconf 73' lang='lat' dir='ltr'><strong>quur.</strong></span> <span class='ocrx_word' id='word_1_914' title='bbox 2613 5071 2869 5126; x_wconf 82' lang='lat' dir='ltr'><strong>adversus</strong></span> <span class='ocrx_word' id='word_1_915' title='bbox 2901 5071 3206 5126; x_wconf 73' lang='lat' dir='ltr'><strong>ccel‘ibatum</strong></span> <span class='ocrx_word' id='word_1_916' title='bbox 3237 5081 3292 5142; x_wconf 78' lang='lat' dir='ltr'><strong>et</strong></span> <span class='ocrx_word' id='word_1_917' title='bbox 3321 5069 3631 5142; x_wconf 86' lang='lat' dir='ltr'><strong>viduitatem</strong></span> <span class='ocrx_word' id='word_1_918' title='bbox 3664 5083 3846 5142; x_wconf 67' lang='lat' dir='ltr'><strong>.__quoo</strong></span> 
     </span>
    </p>
   </div>
   <div class='ocr_carea' id='block_1_118' title="bbox 2255 5137 3846 5210">
    <p class='ocr_par' dir='ltr' id='par_1_118' title="bbox 2255 5137 3846 5210">
     <span class='ocr_line' id='line_1_118' title="bbox 2255 5137 3846 5210; baseline -0.002 -16"><span class='ocrx_word' id='word_1_919' title='bbox 2255 5137 2636 5210; x_wconf 24' lang='lat' dir='ltr'><strong>cuinque‘lictet</strong></span> <span class='ocrx_word' id='word_1_920' title='bbox 2677 5146 2789 5197; x_wconf 88' lang='lat' dir='ltr'><strong>sive</strong></span> <span class='ocrx_word' id='word_1_921' title='bbox 2830 5143 3005 5197; x_wconf 73' lang='lat' dir='ltr'><strong>aerarii</strong></span> <span class='ocrx_word' id='word_1_922' title='bbox 3056 5140 3283 5210; x_wconf 82' lang='lat' dir='ltr'><strong>augendi</strong></span> <span class='ocrx_word' id='word_1_923' title='bbox 3313 5183 3326 5205; x_wconf 90' lang='lat'><strong>,</strong></span> <span class='ocrx_word' id='word_1_924' title='bbox 3359 5141 3473 5194; x_wconf 88' lang='lat' dir='ltr'><strong>sive</strong></span> <span class='ocrx_word' id='word_1_925' title='bbox 3505 5137 3846 5210; x_wconf 76' lang='lat' dir='ltr'><strong>fecunditatis</strong></span> 
     </span>
    </p>
   </div>
   <div class='ocr_carea' id='block_1_119' title="bbox 2257 5209 3847 5281">
    <p class='ocr_par' dir='ltr' id='par_1_119' title="bbox 2257 5209 3847 5281">
     <span class='ocr_line' id='line_1_119' title="bbox 2257 5209 3847 5281; baseline -0.003 -15"><span class='ocrx_word' id='word_1_926' title='bbox 2257 5209 2634 5281; x_wconf 75' lang='lat' dir='ltr'><strong>promoveudze</strong></span> <span class='ocrx_word' id='word_1_927' title='bbox 2662 5215 2889 5268; x_wconf 83' lang='lat' dir='ltr'><strong>oonsilio</strong></span> <span class='ocrx_word' id='word_1_928' title='bbox 2917 5214 3018 5266; x_wconf 87' lang='lat' dir='ltr'><strong>lata</strong></span> <span class='ocrx_word' id='word_1_929' title='bbox 3039 5253 3053 5272; x_wconf 93' lang='lat'><strong>,</strong></span> <span class='ocrx_word' id='word_1_930' title='bbox 3098 5209 3155 5266; x_wconf 81' lang='lat' dir='ltr'><strong>re</strong></span> <span class='ocrx_word' id='word_1_931' title='bbox 3187 5225 3361 5265; x_wconf 90' lang='lat' dir='ltr'><strong>tamen</strong></span> <span class='ocrx_word' id='word_1_932' title='bbox 3395 5210 3509 5277; x_wconf 86' lang='lat' dir='ltr'><strong>ipsa</strong></span> <span class='ocrx_word' id='word_1_933' title='bbox 3561 5209 3667 5264; x_wconf 91' lang='lat' dir='ltr'><strong>duo</strong></span> <span class='ocrx_word' id='word_1_934' title='bbox 3696 5209 3847 5277; x_wconf 85' lang='lat' dir='ltr'><strong>pudi-</strong></span> 
     </span>
    </p>
   </div>
   <div class='ocr_carea' id='block_1_120' title="bbox 2257 5281 3850 5353">
    <p class='ocr_par' dir='ltr' id='par_1_120' title="bbox 2257 5281 3850 5353">
     <span class='ocr_line' id='line_1_120' title="bbox 2257 5281 3850 5353; baseline -0.004 -15"><span class='ocrx_word' id='word_1_935' title='bbox 2257 5286 2398 5338; x_wconf 72' lang='lat' dir='ltr'><strong>cilize</strong></span> <span class='ocrx_word' id='word_1_936' title='bbox 2427 5283 2704 5353; x_wconf 78' lang='lat' dir='ltr'><strong>potissima</strong></span> <span class='ocrx_word' id='word_1_937' title='bbox 2733 5287 2905 5352; x_wconf 89' lang='lat' dir='ltr'><strong>capita</strong></span> <span class='ocrx_word' id='word_1_938' title='bbox 2937 5283 3254 5336; x_wconf 84' lang='lat' dir='ltr'><strong>abscindere</strong></span> <span class='ocrx_word' id='word_1_939' title='bbox 3283 5281 3479 5353; x_wconf 86' lang='lat' dir='ltr'><strong>studuit</strong></span> <span class='ocrx_word' id='word_1_940' title='bbox 3503 5299 3518 5347; x_wconf 88' lang='lat'><strong>;</strong></span> <span class='ocrx_word' id='word_1_941' title='bbox 3549 5296 3656 5350; x_wconf 89' lang='lat' dir='ltr'><strong>quo</strong></span> <span class='ocrx_word' id='word_1_942' title='bbox 3686 5284 3850 5353; x_wconf 73' lang='lat' dir='ltr'><strong>respi-</strong></span> 
     </span>
    </p>
   </div>
   <div class='ocr_carea' id='block_1_121' title="bbox 2257 5351 3845 5414">
    <p class='ocr_par' dir='ltr' id='par_1_121' title="bbox 2257 5351 3845 5414">
     <span class='ocr_line' id='line_1_121' title="bbox 2257 5351 3845 5414; baseline -0.003 -6"><span class='ocrx_word' id='word_1_943' title='bbox 2257 5351 2499 5410; x_wconf 44' lang='lat' dir='ltr'><strong>cieus&#39;S.</strong></span> <span class='ocrx_word' id='word_1_944' title='bbox 2548 5351 2866 5410; x_wconf 83' lang='lat' dir='ltr'><strong>Ambrosius</strong></span> <span class='ocrx_word' id='word_1_945' title='bbox 2914 5357 2966 5408; x_wconf 89' lang='lat' dir='ltr'><strong>in</strong></span> <span class='ocrx_word' id='word_1_946' title='bbox 3011 5354 3148 5409; x_wconf 87' lang='lat' dir='ltr'><strong>libro</strong></span> <span class='ocrx_word' id='word_1_947' title='bbox 3187 5353 3250 5405; x_wconf 75' lang='lat' dir='ltr'><strong>de</strong></span> <span class='ocrx_word' id='word_1_948' title='bbox 3291 5351 3549 5407; x_wconf 75' lang='lat' dir='ltr'><strong>Viduitate</strong></span> <span class='ocrx_word' id='word_1_949' title='bbox 3588 5367 3708 5414; x_wconf 83' lang='lat' dir='ltr'><strong>cap.</strong></span> <span class='ocrx_word' id='word_1_950' title='bbox 3757 5351 3845 5413; x_wconf 75' lang='grc' dir='ltr'><strong>Η,</strong></span> 
     </span>
    </p>
   </div>
   <div class='ocr_carea' id='block_1_122' title="bbox 2259 5421 3848 5496">
    <p class='ocr_par' dir='ltr' id='par_1_122' title="bbox 2259 5421 3848 5496">
     <span class='ocr_line' id='line_1_122' title="bbox 2259 5421 3848 5496; baseline -0.004 -16"><span class='ocrx_word' id='word_1_951' title='bbox 2259 5442 2408 5481; x_wconf 88' lang='lat' dir='ltr'><strong>nttm.</strong></span> <span class='ocrx_word' id='word_1_952' title='bbox 2439 5431 2505 5480; x_wconf 64' lang='grc'><strong>84</strong></span> <span class='ocrx_word' id='word_1_953' title='bbox 2541 5445 2552 5480; x_wconf 87' lang='lat'><strong><em>:</em></strong></span> <span class='ocrx_word' id='word_1_954' title='bbox 2583 5426 2671 5480; x_wconf 86' lang='lat' dir='ltr'><strong>Illi</strong></span> <span class='ocrx_word' id='word_1_955' title='bbox 2701 5469 2715 5491; x_wconf 89' lang='lat'><strong>,</strong></span> <span class='ocrx_word' id='word_1_956' title='bbox 2746 5426 2914 5491; x_wconf 89' lang='lat' dir='ltr'><strong>inquit</strong></span> <span class='ocrx_word' id='word_1_957' title='bbox 2937 5467 2952 5492; x_wconf 93' lang='lat'><strong>,</strong></span> <span class='ocrx_word' id='word_1_958' title='bbox 2983 5428 3068 5496; x_wconf 89' lang='lat' dir='ltr'><strong>qui</strong></span> <span class='ocrx_word' id='word_1_959' title='bbox 3098 5425 3309 5478; x_wconf 87' lang='lat' dir='ltr'><strong>deorum</strong></span> <span class='ocrx_word' id='word_1_960' title='bbox 3344 5421 3848 5496; x_wconf 10' lang='lat' dir='ltr'><strong>suorumradulteria</strong></span> 
     </span>
    </p>
   </div>
   <div class='ocr_carea' id='block_1_123' title="bbox 2259 5493 3852 5566">
    <p class='ocr_par' dir='ltr' id='par_1_123' title="bbox 2259 5493 3852 5566">
     <span class='ocr_line' id='line_1_123' title="bbox 2259 5493 3852 5566; baseline -0.003 -16"><span class='ocrx_word' id='word_1_961' title='bbox 2259 5508 2306 5550; x_wconf 89' lang='lat' dir='ltr'><strong>et</strong></span> <span class='ocrx_word' id='word_1_962' title='bbox 2342 5499 2869 5566; x_wconf 72' lang='lat' dir='ltr'><strong>probrarenerantur</strong></span> <span class='ocrx_word' id='word_1_963' title='bbox 2893 5539 2907 5561; x_wconf 93' lang='lat'><strong>,</strong></span> <span class='ocrx_word' id='word_1_964' title='bbox 2952 5493 3214 5551; x_wconf 74' lang='lat' dir='ltr'><strong>ca&#39;libutus</strong></span> <span class='ocrx_word' id='word_1_965' title='bbox 3253 5505 3299 5548; x_wconf 91' lang='lat' dir='ltr'><strong>et</strong></span> <span class='ocrx_word' id='word_1_966' title='bbox 3343 5493 3606 5566; x_wconf 81' lang='lat' dir='ltr'><strong>viduitatis</strong></span> <span class='ocrx_word' id='word_1_967' title='bbox 3635 5504 3852 5546; x_wconf 83' lang='lat' dir='ltr'><strong>statuere</strong></span> 
     </span>
    </p>
   </div>
   <div class='ocr_carea' id='block_1_124' title="bbox 2258 5565 3846 5640">
    <p class='ocr_par' dir='ltr' id='par_1_124' title="bbox 2258 5565 3846 5640">
     <span class='ocr_line' id='line_1_124' title="bbox 2258 5565 3846 5640; baseline -0.006 -16"><span class='ocrx_word' id='word_1_968' title='bbox 2258 5587 2454 5640; x_wconf 70' lang='lat' dir='ltr'><strong>poenas,</strong></span> <span class='ocrx_word' id='word_1_969' title='bbox 2478 5581 2532 5622; x_wconf 90' lang='lat' dir='ltr'><strong>ut</strong></span> <span class='ocrx_word' id='word_1_970' title='bbox 2558 5570 2731 5640; x_wconf 67' lang='lat' dir='ltr'><strong>remuli</strong></span> <span class='ocrx_word' id='word_1_971' title='bbox 2757 5569 3047 5640; x_wconf 85' lang='lat' dir='ltr'><strong>criminum,</strong></span> <span class='ocrx_word' id='word_1_972' title='bbox 3082 5569 3351 5620; x_wconf 78' lang='lat' dir='ltr'><strong>multarent</strong></span> <span class='ocrx_word' id='word_1_973' title='bbox 3381 5565 3558 5618; x_wconf 87' lang='lat' dir='ltr'><strong>studia</strong></span> <span class='ocrx_word' id='word_1_974' title='bbox 3583 5568 3846 5640; x_wconf 74' lang='lat' dir='ltr'><strong>virtutum,</strong></span> 
     </span>
    </p>
   </div>
   <div class='ocr_carea' id='block_1_125' title="bbox 2260 5633 3848 5713">
    <p class='ocr_par' dir='ltr' id='par_1_125' title="bbox 2260 5633 3848 5713">
     <span class='ocr_line' id='line_1_125' title="bbox 2260 5633 3848 5713; baseline -0.006 -18"><span class='ocrx_word' id='word_1_975' title='bbox 2260 5633 2425 5713; x_wconf 77' lang='lat' dir='ltr'><strong>specie</strong></span> <span class='ocrx_word' id='word_1_976' title='bbox 2444 5633 2674 5713; x_wconf 81' lang='lat' dir='ltr'><strong>quidem,</strong></span> <span class='ocrx_word' id='word_1_977' title='bbox 2699 5657 2797 5710; x_wconf 90' lang='lat' dir='ltr'><strong>qua</strong></span> <span class='ocrx_word' id='word_1_978' title='bbox 2824 5639 3189 5713; x_wconf 69' lang='lat' dir='ltr'><strong>fecunditatem</strong></span> <span class='ocrx_word' id='word_1_979' title='bbox 3215 5647 3519 5713; x_wconf 73' lang='lat' dir='ltr'><strong>qurererent.</strong></span> <span class='ocrx_word' id='word_1_980' title='bbox 3549 5633 3848 5713; x_wconf 40' lang='lat' dir='ltr'><strong>sedc-tudio,</strong></span> 
     </span>
    </p>
   </div>
   <div class='ocr_carea' id='block_1_126' title="bbox 2261 5705 3849 5784">
    <p class='ocr_par' dir='ltr' id='par_1_126' title="bbox 2261 5705 3849 5784">
     <span class='ocr_line' id='line_1_126' title="bbox 2261 5705 3849 5784; baseline -0.004 -21"><span class='ocrx_word' id='word_1_981' title='bbox 2261 5705 2360 5781; x_wconf 73' lang='lat' dir='ltr'><strong>quo</strong></span> <span class='ocrx_word' id='word_1_982' title='bbox 2392 5705 2722 5784; x_wconf 74' lang='lat' dir='ltr'><strong>propositum</strong></span> <span class='ocrx_word' id='word_1_983' title='bbox 2747 5705 2996 5784; x_wconf 72' lang='lat' dir='ltr'><strong>castitatis</strong></span> <span class='ocrx_word' id='word_1_984' title='bbox 3034 5705 3315 5784; x_wconf 79' lang='lat' dir='ltr'><strong>abolerent.</strong></span> <span class='ocrx_word' id='word_1_985' title='bbox 3340 5710 3555 5774; x_wconf 75' lang='lat' dir='ltr'><strong>Quanto</strong></span> <span class='ocrx_word' id='word_1_986' title='bbox 3576 5705 3849 5784; x_wconf 78' lang='lat' dir='ltr'><strong>_i_ii|_ii_lomi-</strong></span> 
     </span>
    </p>
   </div>
   <div class='ocr_carea' id='block_1_127' title="bbox 2261 5778 3846 5852">
    <p class='ocr_par' dir='ltr' id='par_1_127' title="bbox 2261 5778 3846 5852">
     <span class='ocr_line' id='line_1_127' title="bbox 2261 5778 3846 5852; baseline -0.007 -14"><span class='ocrx_word' id='word_1_987' title='bbox 2261 5778 2364 5838; x_wconf 86' lang='lat' dir='ltr'><strong>nus</strong></span> <span class='ocrx_word' id='word_1_988' title='bbox 2386 5778 2438 5838; x_wconf 86' lang='lat' dir='ltr'><strong>in</strong></span> <span class='ocrx_word' id='word_1_989' title='bbox 2469 5787 2674 5838; x_wconf 90' lang='lat' dir='ltr'><strong>honore</strong></span> <span class='ocrx_word' id='word_1_990' title='bbox 2695 5782 2836 5852; x_wconf 90' lang='lat' dir='ltr'><strong>apud</strong></span> <span class='ocrx_word' id='word_1_991' title='bbox 2865 5783 3012 5852; x_wconf 89' lang='lat' dir='ltr'><strong>ipsos</strong></span> <span class='ocrx_word' id='word_1_992' title='bbox 3035 5783 3284 5836; x_wconf 88' lang='lat' dir='ltr'><strong>ethnicos</strong></span> <span class='ocrx_word' id='word_1_993' title='bbox 3309 5788 3460 5834; x_wconf 87' lang='lat' dir='ltr'><strong>esset</strong></span> <span class='ocrx_word' id='word_1_994' title='bbox 3487 5778 3759 5848; x_wconf 87' lang='lat' dir='ltr'><strong>pudicitia,</strong></span> <span class='ocrx_word' id='word_1_995' title='bbox 3785 5790 3846 5829; x_wconf 84' lang='lat' dir='ltr'><strong>ex</strong></span> 
     </span>
    </p>
   </div>
  </div>
