4216 6178
500 252 608 315 I99

1869 246 2115 308 SANCTI
2152 245 2442 309 ZENONIS

3711 244 3818 303 800

499 372 702 428 ricatus
730 370 890 428 fuerit
915 384 948 429 e
990 368 1219 427 duobus.
1264 368 1373 433 Sed
1403 381 1502 425 nec
1529 367 1636 425 illis
1672 368 1891 439 impune
1917 384 2104 426 suece-
2130 379 2187 439 Α
2210 372 2308 427 bus
2335 369 2466 435 duo,
2494 366 2588 424 sed
2617 367 2941 424 unoineensi
2964 366 3231 439 prodigio,
3256 379 3415 441 secus
3438 379 3602 437 quam
3629 364 3827 423 decue-

503 465 603 533 dit,
631 467 721 537 qui
749 466 868 522 sine
899 464 1189 526 uxoribus,
1220 477 1405 517 amore
1436 460 1694 532 peccandi
1713 462 1964 527 liberius;
1988 461 2104 534 (59)

2208 468 2311 523 rat,
2340 459 2587 530 deperire
2626 466 2903 529 cmperant
2936 476 2947 511 :
2979 474 3137 531 quam
3157 473 3279 514 cum
3302 457 3651 514 adverterent
3671 473 3827 514 muro

507 559 743 615 incertas
780 567 940 629 atque
982 555 1299 612 inhonestas
1343 555 1561 611 sibimet
1600 554 1873 610 redimunt
1925 553 2106 609 libidi-
2208 549 2793 622 eastitatis,qu:ecerte
2813 548 2928 621 (45)
2953 565 3077 606 vera
3101 558 3184 606 est
3206 558 3260 605 et
3278 559 3478 605 aeterna
3494 548 3825 619 formositas,

504 666 632 706 num
664 664 895 715 merces,
926 663 1032 704 non
1053 648 1399 705 advertentes
1421 661 1543 704 esse
1569 646 1755 703 infelix
1780 657 1835 703 et
1870 645 2107 717 impudis

464 748 630 800 'cum
693 742 952 814 quidquid
1001 742 1297 815 legitimum
1349 741 1509 799 fuerit
1547 749 1701 797 extra
1756 740 2106 813 coniugium:

505 837 805 895 christiano
858 836 1035 901 enim,
1086 836 1311 897 fratres.
1361 835 1503 890 ultra
1553 834 1717 890 licere
1783 847 1890 889 non
1943 840 2107 903 puto,

505 946 667 1003 quam
699 938 759 986 ut
779 930 850 987 sit
877 938 971 985 aut
996 933 1317 998 continens,
1351 937 1443 985 aut
1470 928 1712 984 maritus.

580 1027 643 1083 V.
673 1026 848 1082 Venio
876 1040 1019 1080 nunc
1059 1024 1127 1079 ad
1158 1024 1441 1094 exempla,
1471 1039 1591 1092 qua:
1620 1029 1747 1077 sunt
1773 1020 1990 1091 negotio
2026 1018 2112 1075 vel

510 1119 743 1174 maxime
761 1117 1225 1187 necessaria;quia
1254 1117 1373 1186 plus
1415 1123 1500 1171 est
1524 1114 1668 1186 quod
1697 1113 1907 1185 geritur
1950 1129 2111 1184 quam

507 1212 652 1285 quod
678 1212 900 1279 dicitur,
921 1220 978 1265 ut
1005 1220 1059 1265 et
1087 1208 1440 1281 impudicitiae
1472 1208 1671 1263 malum
1704 1216 1759 1262 et
1788 1207 1989 1263 bonum
2018 1222 2117 1277 pu-

512 1306 714 1360 dicitia:
744 1318 852 1358 uno
880 1302 1182 1373 eodemque
1212 1301 1331 1374 (40)
1362 1308 1616 1371 suggestu
1664 1297 1915 1354 facillime
1946 1298 2117 1368 possit

512 1396 757 1467 agnosci.
794 1393 999 1464 Joseph
1031 1392 1297 1448 Hebrmns
1343 1390 1664 1446 adolescens
1692 1387 1873 1460 (Gem,
1897 1385 2118 1459 xxxix),

511 1488 691 1542 clarus
718 1499 946 1558 genere,
973 1484 1174 1539 clarior
1208 1481 1631 1554 pulchritudine,
1666 1495 1875 1536 morum
1903 1494 2120 1551 quoque

510 1580 850 1637 clarissimus
894 1578 1186 1650 probitate,
1239 1576 1341 1633 fuit
1384 1574 1527 1632 inter
1576 1574 1718 1629 filios
1760 1572 1929 1629 lacob
1959 1581 2121 1629 aetate

510 1676 707 1741 minor,
741 1674 837 1730 sed
883 1673 1075 1743 spiritu
1108 1672 1301 1743 major.
1356 1669 1455 1727 Hic
1510 1668 1706 1724 invida:
1745 1667 2122 1743 germanitatis

2210 640 2263 698 in
2300 642 2535 713 paradisi
2583 641 2874 697 solitudine
2919 641 3360 712 circumseptam,
3403 642 3498 700 ubi
3540 643 3705 701 Evam
3759 642 3827 698 ab

2216 743 2444 791 auctore
2475 734 2655 804 operis
2697 732 2778 789 sui
2819 734 3180 789 meminerant
3209 748 3332 790 esse
3360 732 3681 806 deceptam;
3730 735 3830 791 bac

2198 843 2274 883 re
2303 829 2421 899 ipsa
2457 838 2616 883 nacto
2643 827 2893 895 consilio,
2924 841 3123 898 capere
3152 827 3278 883 dolo
3312 827 3711 901 aggrediuntur
3766 843 3831 885 ac

2217 920 2319 976 nisi
2349 920 2504 991 culpa
2551 918 2888 987 succumbat,
2931 919 3096 976 veluti
3144 918 3405 977 adulterae
3456 920 3832 990 deprehensa:

2218 1029 2468 1085 magnum
2500 1012 2816 1068 minitantur
2836 1011 3172 1069 exitium.At
3190 1011 3284 1069 illa
3314 1028 3421 1070 non
3444 1011 3560 1085 (44)
3589 1011 3701 1069 Eva
3730 1028 3832 1068 an-

2217 1104 2396 1175 cipitis
2443 1103 2661 1174 quidem
2694 1112 2872 1159 metus
2919 1104 3379 1176 contemplatione
3405 1103 3668 1175 praeclusa
3696 1147 3711 1170 ,
3740 1119 3833 1160 cu-

2214 1201 2306 1270 jus
2336 1209 2427 1255 aut
2457 1198 2629 1270 pudor
2653 1207 2799 1256 esset
2821 1196 3170 1269 iugulandus,
3204 1207 3299 1253 aut
3324 1198 3525 1263 anima,
3552 1198 3835 1254 conscien-

2222 1295 2311 1348 tiae
2348 1307 2461 1347 suae
2484 1294 2765 1348 conscium
2795 1290 2972 1349 solum
2991 1297 3305 1347 contestans
3334 1291 3526 1359 Deum,
3551 1289 3831 1347 honestam

2222 1387 2404 1458 potius
2450 1385 2611 1457 elegit
2660 1393 2891 1442 mortem
2931 1399 3092 1455 quam
3144 1384 3309 1439 vitam
3357 1394 3597 1455 turpem,
3644 1385 3835 1440 melius

2224 1477 2454 1534 credens
2470 1476 2782 1533 hominibus
2813 1491 2873 1534 se
2900 1491 3048 1533 ream
3082 1476 3203 1548 (45)
3236 1476 3482 1547 praebere
3502 1491 3664 1548 quam
3702 1477 3831 1532 Deo.

2228 1569 2436 1625 Interea
2463 1570 2668 1626 instant
2692 1571 2770 1625 illi
2798 1585 2862 1626 ex
2892 1568 3227 1625 amatoribus
3258 1577 3608 1626 accusatores
3634 1571 3831 1639 effecti,

2228 1666 2542 1734 crimenque
2563 1678 2717 1719 suum
2734 1664 2786 1718 in
2813 1663 3215 1735 simplicitatem
3244 1666 3630 1721 circumventa:
3654 1674 3834 1720 trans-

511 1767 744 1838 impulsu
778 1766 832 1822 in
872 1762 1164 1837 {Egyptum
1195 1774 1275 1820 est
1307 1762 1516 1819 delatus
1545 1770 1705 1833 atque
1751 1760 2043 1817 distractus
2088 1773 2118 1813 a
2150 1764 2197 1825 Β
2228 1757 2403 1813 fusum
2455 1756 2745 1812 artificiose
2771 1756 2899 1811 dum
2930 1767 3278 1828 exaggerant,
3306 1756 3502 1812 exinde
3541 1756 3651 1828 jam
3685 1755 3830 1829 prio-

510 1859 787 1925 fratribus,
816 1873 976 1928 quem
1006 1857 1211 1913 domini
1240 1856 1323 1911 sui
1352 1871 1489 1911 uxor
1517 1854 1672 1925 pejus
1702 1870 1885 1909 amare
1925 1867 2114 1924 coepe-

510 1965 618 2017 rat,
651 1965 816 2021 quem
836 1949 1066 2005 oderant
1095 1948 1294 2004 fratres
1321 1966 1334 2003 :
1358 1961 1483 2002 nam
1507 1961 1630 2001 cum
1660 1945 1973 2002 medullitus
2003 1961 2119 1999 mu-

474 2043 614 2119 glier
644 2042 855 2096 ardoris
892 2042 1067 2096 insani
1099 2040 1458 2108 conflagraret
1506 2038 1779 2106 incendio,
1829 2038 1883 2091 in
1926 2038 2122 2093 suade-

510 2135 620 2190 lam
653 2134 972 2205 sacrilegam
1000 2134 1336 2203 argumentis
1360 2131 1713 2188 vehementer
1746 2140 1953 2186 armata
1994 2145 2122 2201 cap-

478 2278 487 2287 .
518 2238 598 2284 tat
624 2226 995 2291 solitudinem,
1025 2232 1299 2282 secretum
1329 2234 1510 2295 captat
1537 2232 1594 2279 et
1637 2222 1837 2289 locum,
1876 2222 1929 2276 in
1975 2220 2120 2292 quali

504 2324 672 2380 etiam
704 2339 811 2378 non
860 2321 981 2394 (Μ)
1012 2320 1220 2377 irritata
1249 2318 1614 2376 adolescentia
1669 2317 1853 2372 invitis
1905 2314 2123 2372 feminis

517 2430 665 2487 sazpe
706 2414 944 2470 violenta
990 2428 1114 2469 esse
1150 2413 1451 2469 consuevit.
1495 2412 1565 2466 At
1609 2409 1695 2467 ubi
1746 2410 1799 2464 in
1857 2407 2122 2463 destinata

516 2523 901 2582 prorumpens,
957 2521 1134 2576 neque
1189 2505 1580 2568 blandimenta,
1632 2517 1807 2573 neque
1858 2500 2122 2572 promissa

513 2601 731 2658 sibimet
759 2600 1021 2671 prodesse
1058 2598 1364 2671 cognoscit;
1396 2606 1645 2653 conserta
1679 2610 1861 2661 manu,
1908 2595 2120 2649 inversa

512 2695 655 2759 vice,
700 2695 891 2750 adorta
918 2702 1002 2749 est
1045 2692 1099 2746 in
1145 2706 1303 2746 suum
1348 2689 1589 2745 fomitem
1616 2686 1726 2762 50
1764 2685 2125 2760 adolescentis

509 2790 689 2861 ignem
724 2787 856 2842 totis
888 2784 1095 2841 viribus
1118 2784 1400 2839 derivare.
1443 2783 1512 2835 At
1537 2780 1625 2837 ille
1654 2781 1705 2834 in
1735 2778 2123 2850 repugnatione

506 2891 718 2938 vestem
767 2880 868 2935 sibi
898 2878 1168 2933 violenter
1210 2876 1480 2931 extortam
1535 2873 1871 2943 relinquens,
1911 2886 1979 2927 ex
2024 2871 2123 2926 im-

509 2972 786 3045 pudicitia:
816 2970 973 3027 fovea
1002 2968 1177 3024 nudus
1206 2966 1414 3037 aufugit
1441 2981 1455 3018 :
1490 2964 1584 3020 sed
1631 2964 1903 3035 pudicitiae
1933 2963 2122 3033 splen-

510 3068 643 3124 dore
673 3052 900 3121 vestitus
940 3071 1065 3134 post
1099 3060 1489 3133 calumniosam
1534 3057 1940 3114 damnationem
1970 3065 2026 3113 et
2053 3056 2121 3112 li-

2228 1868 2317 1908 res
2346 1852 2508 1923 seipsi
2536 1851 2918 1908 condemnant.
2944 1848 3142 1907 Verum
3172 1849 3335 1922 (prob
3352 1849 3507 1906 nefas
3525 1848 3564 1923 l)
3595 1848 3835 1906 creditur

2226 1945 2395 2011 tutati,
2429 1945 2671 2001 creditur
2695 1944 3044 2000 auctoritati:
3078 1944 3356 2000 exsultant
3375 1943 3609 2005 adulteri
3634 1960 3649 1998 :
3679 1944 3832 1999 dam-

2228 2047 2388 2093 natur
2418 2039 2722 2109 integritas.
2746 2037 2863 2093 Jam
2891 2038 3112 2109 jamque
3137 2035 3385 2094 Susanna
3417 2037 3485 2093 ad
3512 2037 3833 2109 supplicium

2228 2131 2525 2186 immerens
2566 2129 2885 2186 trahebatur
2923 2148 2937 2184 :
2976 2131 3088 2201 jam
3144 2139 3287 2185 totus
3337 2129 3570 2202 populus
3614 2129 3667 2187 in
3717 2129 3832 2201 ejus

2226 2224 2487 2295 sanguine
2529 2222 2868 2280 tumeseebat
2926 2240 2940 2276 :
2986 2223 3096 2293 jam
3140 2224 3221 2279 sui
3275 2233 3494 2295 quoque
3543 2221 3831 2281 familiares

2228 2329 2384 2370 novre
2410 2314 2493 2371 rei
2529 2312 2815 2369 atrocitate
2840 2314 3098 2384 perculsi,
3128 2314 3233 2388 ει
3264 2314 3652 2370 miserabiliter
3680 2314 3830 2385 inge-

2228 2410 2541 2475 miscentes,
2570 2408 2809 2464 dimissis
2846 2407 3114 2479 capitibus
3161 2424 3321 2463 omne
3366 2409 3605 2465 studium
3645 2408 3833 2465 defen-

2228 2504 2401 2560 sionis
2432 2502 2895 2575 {46)abjecerant.
2926 2501 3046 2559 lam
3071 2502 3233 2559 etiam
3284 2502 3402 2575 ipsa
3443 2503 3666 2574 pudoris
3716 2502 3829 2576 (47)

2227 2595 2555 2667 compendio
2597 2594 2788 2651 mortis
2830 2594 3024 2650 oderat
3079 2609 3281 2660 moras,
3333 2595 3589 2651 omnibus
3643 2594 3829 2664 displi-

2227 2705 2382 2756 cens,
2414 2689 2508 2746 sed
2539 2689 2642 2745 soli
2669 2702 2782 2745 suae
2809 2687 3157 2744 conscientiae
3197 2687 3438 2759 placens.
3471 2686 3604 2743 Cum
3632 2687 3828 2755 subito,

2228 2782 2418 2855 quavis
2445 2783 2677 2838 versutia
2705 2782 2795 2853 qui
2826 2780 3031 2837 fallitur
3058 2796 3382 2852 numquam,
3413 2781 3702 2837 confestim
3732 2782 3829 2837 ad.

2228 2885 2314 2932 est
2341 2874 2393 2930 in
2423 2875 2649 2931 Daniele
2678 2890 2846 2945 puero
2878 2874 3039 2931 Deus.
3069 2875 3297 2930 Omnem
3333 2884 3559 2945 repente
3594 2874 3831 2930 malitiae

2229 2983 2447 3024 scenam
2480 2967 2700 3039 diripuit
2733 2985 2747 3021 :
2783 2967 2901 3041 (48)
2935 2967 3297 3040 profectitium
3350 2969 3559 3024 crimen
3606 2982 3831 3038 propere

2226 3061 2568 3117 recluditur:
2601 3060 2778 3117 scelus
2824 3075 2953 3116 suos
2998 3059 3180 3118 reddit
3208 3061 3259 3117 in
3304 3070 3593 3118 auctores:
3644 3072 3843 3132 purga-'

508 3160 729 3217 beratus
758 3173 788 3213 a
820 3157 933 3212 Deo
962 3161 1047 3210 est
1071 3163 1125 3209 et
1152 3153 1470 3209 honoratus.
1497 3150 1740 3222 Denique
1771 3165 1863 3206 rex
1887 3151 2010 3219 jure
2030 3165 2118 3207 se-
2144 3159 2191 3224 (ζ
2223 3162 2419 3224 turque
2451 3169 2545 3223 per
2592 3153 2956 3209 innocentiam
3004 3152 3195 3223 pudor.
3253 3154 3452 3223 Sicque
3505 3154 3831 3221 Susannam,

510 3255 721 3313 cundus
753 3255 928 3310 factus
975 3259 1058 3307 est
1095 3250 1269 3320 regni,
1321 3248 1411 3319 qui
1454 3246 1678 3319 insignis
1724 3244 1819 3301 res
1860 3253 1977 3301 erat
2008 3244 2121 3316 jam

507 3359 637 3405 ante
669 3347 912 3418 pudoris.

590 3440 677 3494 Vl.
724 3437 1037 3495 Snsannam
1059 3448 1273 3505 quoque
1308 3431 1560 3488 columen
1603 3429 1723 3502 (42)
1781 3438 2123 3486 matronatus

509 3532 833 3589 inaffectata:
863 3531 1050 3585 forma:
1100 3526 1381 3599 pulchrius
1411 3539 1525 3580 sua:
1572 3522 1990 3594 pulchritudinis
2031 3537 2121 3578 or-

509 3637 843 3694 namentum,
873 3626 1084 3697 insigne
1113 3622 1387 3695 pudicitia:
1423 3617 1815 3685 testimonium,
1841 3633 1872 3674 e
1893 3616 2126 3673 seniori-

597 3820 710 3899 (εει)
739 3804 2119 3899 lacerassent?!aemularer.91.11895;

514 3874 769 3952 not‘ant'ur
796 3888 939 3944 enim
970 3882 1070 3950 illi,
1104 3874 1192 3951 qui
1222 3878 1608 3952 aconjugibus
1625 3877 1786 3930 soluti
1820 3877 1989 3952 licere
2016 3874 2123 3928 sibi

520 4018 669 4108 alii;
685 4018 889 4089 scilicet
922 4029 1094 4099 pretio
1123 4018 1301 4079 soluto
1342 4036 1371 4074 a
1416 4018 1790 4074 meretricibus
1822 4032 1954 4087 vage
1980 4032 2123 4072 mer-

628 4124 804 4164 antur.

872 4172 1144 4251 Ben-tense
1171 4164 1335 4251 habet
1360 4162 1617 4243 suggestio
1637 4177 1656 4227 ;
1674 4158 1784 4251 apert
1796 4162 1857 4251 jn
1876 4158 2125 4251 (margin?

521 4229 921 4324 εινὸὸέίιῖηοιη
967 4241 1013 4324 Β
1059 4238 1277 4324 99W“
1326 4229 1512 4324 “999'.
1545 4229 2128 4324 ξὲξ¹¹ἓ9ῗῖἓεὲ²1έέσεὶ⁸ἐξέ

525 4311 741 4382 iii-aliis
761 4332 897 4374 mss.
926 4322 981 4367 et
1009 4312 1139 4366 edit.
1168 4318 1221 4364 et
1247 4316 1513 4382 suggestus
1545 4311 2128 4382 pro_sttggestwtte,_seu

522 4371 933 4455 additi-enasci
969 4384 1282 4455 narratione
1308 4371 1569 4455 's'umilu‘r'.
1607 4371 1887 4455 Ulpianus,
1916 4372 1983 4427 de
2010 4371 2127 4425 Μαι

525 4446 770 4540 ;qi'szrnt.
801 4446 1011 4540 convert.
1040 4453 1135 4534 lib.
1158 4468 1177 4506 1
1214 4446 1554 4540 Digest._:_
1575 4453 1904 4540 suggestu
1928 4459 2125 4508 eorum,

524 4516 920 4593 zelncminibus
946 4528 1009 4581 ab
1028 4528 1101 4579 eis
1125 4516 1347 4591 accepiis
1369 4534 1555 4590 praeses
1582 4516 1797 4571 dederit.

602 4625 716 4698 (41)
748 4622 844 4677 Ms.
876 4619 1028 4674 Rem.
1064 4615 1308 4698 inritata;
1331 4618 1387 4698 et
1411 4615 1534 4698 post
1564 4621 1855 4698 [introituri-ro
1901 4605 2134 4659 derivare

526 4678 797 4757 idetnt'ns.
831 4706 930 4745 nec
960 4702 1066 4742 non
1097 4684 1288 4740 Urbin.
1324 4692 1377 4737 et
1416 4678 1544 4734 Zen.
1572 4678 1810 4731 derivari.

603 4790 718 4863 (ii!)
750 4786 1072 4863 Matronatus
1104 4771 1677 4863 lli-gitur.inAAppul'eio,
1691 4768 2131 4863 Eli.‘l.\'nMe}alll:

527 4841 864 4927 Int‘rifi'clatus
919 4851 1059 4927 apud
1081 4841 1517 4927 ‘Qt'tititilianttiii,
1565 4841 1656 4895 lib.
1691 4855 1763 4905 XI,
1798 4855 1919 4907 cap.
1976 4841 2026 4907 1,
2068 4847 2137 4915 ,ει

528 4914 1050 4989 ῖὸίίιιὶϋεηιιιιηξάθ
1080 4914 1271 4981 Pallio,
1301 4930 1419 4984 cap.
1450 4914 1503 4967 4.

603 5023 717 5093 (45)
762 5019 893 5093 Verg
921 5013 1177 5093 estabesl.
1202 5024 1232 5063 a
1266 5021 1365 5061 ms.
1392 5004 1576 5093 .I‘iem”
1602 5012 1675 5093 est
1705 5018 1733 5058 a
1759 5017 1908 5093 ,Ψξὲ
1944 5002 2130 5093 pomp:

529 5074 811 5153 et‘ilrliin.
850 5086 1016 5141 Paulo
1065 5090 1185 5151 pust
1224 5076 1648 5153 ms._Retn._in
1694 5074 1991 5153 solitudine,
2046 5076 2131 5134 ubi

531 5146 792 5222 Ευηῖᾘιε.
832 5158 1023 5226 Pomp.
1067 5146 1237 5223 priori
1268 5150 1539 5226 scriptura
1561 5148 1633 5226 in‘
1650 5146 2010 5226 solitudinem,
2029 5161 2127 5213 po~

530 5216 765 5295 sterio—iii
793 5216 1406 5295 autetn'in'solttnditte,
1453 5218 1539 5273 ubi
1584 5216 1763 5295 Eram.
1825 5218 1950 5295 flare
2000 5223 2128 5295 item

745 5303 973 5359 habetur
1014 5298 1077 5370 ill
1109 5294 1267 5370 codd.
1314 5291 1551 5370 TlilC-QL,
1584 5289 1700 5370 νέξ.
1752 5297 1806 5342 et
1847 5288 1977 5370 Zeti.
2026 5288 2126 5342 Ms.

529 5360 709 5436 autem
738 5374 871 5432 Urb.
904 5371 957 5424 in
983 5366 1281 5436 solitudine,
1302 5362 1389 5415 ubi
1438 5361 1565 5414 Eva.
1616 5360 1750 5413 Hinc
1782 5373 1883 5413 vox
1912 5361 2132 5412 circum-

530 5435 807 5524 septam‘in
843 5442 1003 5498 editis
1029 5439 1237 5524 videtur
1273 5435 1497 5524 ips-(flii,
1522 5439 2128 5524 Alitjﬁnv‘szfm'ff'ff"

529 5502 777 5579 comitatis
804 5525 1080 5584 suspensae
1100 5513 1323 5561 starent.
1354 5504 1466 5584 liae
1491 5502 1586 5584 __de
1616 5515 1775 5584 causa
1813 5502 2127 5584 circumsep-

528 5572 992 5649 ia‘mreiinuim'us.
1023 5579 1153 5634 Post
1179 5590 1343 5649 pauca
1368 5574 1422 5629 in
1440 5573 1596 5629 editis
1624 5572 1791 5641 culpa:
1811 5574 2123 5639 succumbat,

526 5646 707 5725 illius.
742 5661 895 5714 lieni.
929 5652 1085 5722 culpa
1108 5646 1421 5704 succumbat.

596 5754 712 5827 (Η)
744 5750 883 5807 Editi
904 5744 1048 5811 Eutr,
1072 5760 1138 5801 ex
1162 5756 1290 5799 mss.
1321 5737 1429 5794 Eva
1445 5735 1800 5796 correximus.
1823 5735 1898 5790 Ex
1916 5736 2128 5809 ancipiti

2226 3262 2411 3318 quam,
2448 3247 2784 3318 impudicitia
2810 3248 3130 3311 mentiente,
3157 3248 3208 3302 in
3231 3246 3506 3320 publicum
3540 3254 3831 3312 traxerant,

2230 3340 2508 3410 probatam
2538 3350 2591 3396 et
2618 3340 2947 3396 vindicatam
2974 3340 3043 3397 ad
3074 3340 3251 3396 mariti
3275 3340 3571 3396 thalamum
3602 3355 3724 3395 eum
3756 3339 3835 3395 iu-

2226 3435 2373 3504 genti
2401 3434 2675 3505 triumpho
2699 3434 2891 3489 victrix
2922 3432 3178 3504 pudicitia
3208 3434 3530 3505 reportavit.

2299 3524 2412 3580 VII.
2458 3525 2569 3583 Sed
2597 3540 2631 3580 ο
2672 3536 2935 3598 quantum
2979 3533 3066 3582 est
3110 3525 3378 3593 miranda,
3405 3523 3686 3597 pudicitia,
3715 3539 3836 3596 qntc

2228 3616 2386 3673 aliter
2418 3617 2623 3674 laudari
2656 3627 2708 3674 te
2744 3635 2853 3675 non
2885 3619 2991 3688 vis,
3043 3634 3206 3690 quam
3252 3629 3308 3675 ut
3337 3618 3687 3687 custodiaris,
3717 3618 3835 3675 solo

2230 3814 2367 3860 metu
2396 3804 2716 3878 scripsimus
2735 3805 2974 3878 ancipitis
3001 3815 3184 3874 metus,
3210 3814 3282 3878 ut
3309 3806 3573 3863 sententi:
3597 3816 3835 3863 constet.

2229 3879 2446 3945 Anceps
2471 3886 2650 3930 autem
2677 3876 2942 3933 Susanna:
2982 3888 3155 3934 metus
3197 3877 3315 3941 fuit,
3354 3894 3422 3934 ne
3459 3889 3551 3933 aut
3587 3879 3838 3933 diffama-

2229 3955 2380 4021 retur
2404 3956 2462 4000 ut
2489 3946 2753 4014 adultera,
2791 3950 2837 4003 si
2871 3959 3144 4015 renueret,
3177 3965 3242 4003 ex
3275 3964 3381 4020 quo
3409 3950 3581 4019 pudor
3608 3950 3725 4020 ejus
3742 3950 3838 4021 jn-

2228 4019 2549 4143 gulab:;tu5;
2583 4029 2674 4074 aut
2703 4030 2971 4089 peccaret,
3002 4020 3049 4077 si
3079 4019 3493 4090 obsequeretur,
3540 4019 3681 4093 quod
3705 4019 3840 4095 ,a‘ni-

2230 4105 2375 4143 mam
2427 4104 2474 4143 ae
2516 4101 2655 4143 eret.

2230 4105 2375 4143 lnam
2407 4101 2655 4144 IiBGCI‘EI.

2307 4180 2495 4252 (45)1η
2514 4180 2643 4235 edit.
2675 4190 2728 4236 et
2750 4182 2948 4256 aliquot
2974 4198 3103 4239 mss.
3127 4184 3349 4256 prabere
3371 4186 3548 4240 debere
3576 4202 3595 4240 :
3625 4195 3841 4255 postre-

2232 4256 2374 4324 mam
2406 4267 2590 4307 vocem
2624 4262 2682 4324 ut
2723 4255 2880 4309 nimis
2927 4255 3341 4324 redundantem,
3371 4257 3692 4313 auctoritate
3723 4272 3836 4313 ms.

2234 4322 2421 4391 Pomp.
2437 4365 2450 4387 ,
2476 4323 2760 4380 delendam
2779 4325 3163 4396 judicavimus.
3272 4342 3280 4349 ‘

2307 4415 2424 4490 (46)
2454 4416 2578 4471 Mss.
2616 4416 2781 4473 Urbin
2815 4429 2870 4474 et
2908 4419 3098 4491 Pomp.
3140 4418 3453 4492 abjccerunt.

2308 4509 2429 4585 (i7)
2455 4506 2936 4585 Compendiumnon
2981 4521 3088 4567 tam
3113 4512 3181 4570 de
3205 4514 3554 4582 parcimonia,
3583 4527 3743 4585 quam
3774 4513 3850 4569 de

2237 4580 2511 4654 brevitate,
2531 4580 2756 4654 dicitur;
2793 4583 2935 4637 unde
2960 4580 3317 4653 compendium
3343 4590 3440 4640 υἱον
3468 4602 3564 4654 pro
3600 4580 3847 4640 brevinri

2240 4653 2324 4705 via
2366 4653 2516 4729 apud
2544 4653 2796 4729 Plinium,
2848 4656 2920 4729 lib
2946 4671 2999 4722 v,
3031 4672 3152 4724 cap.
3191 4657 3247 4717 5.
3280 4653 3496 4710 docendi
3544 4656 3851 4729 compendia

2239 4723 2379 4792 apud
2406 4724 2814 4792 Quintilianum.
2853 4726 2945 4779 lib.
2975 4742 3012 4787 ι,
3040 4723 3159 4794 cap.
3201 4729 3247 4791 l,
3275 4742 3371 4795 pro
3409 4723 3673 4783 brevitate
3695 4742 3848 4796 pra:-

2238 4803 2517 4863 ceptorum
2548 4797 2833 4863 reperitur.
2863 4796 2937 4850 Ita
2967 4799 3129 4852 etiam
3155 4799 3401 4854 Susanna
3437 4799 3628 4852 mortis
3655 4799 3844 4855 odisse

2240 4880 2421 4940 moras
2449 4865 2676 4940 traditur
2704 4867 2919 4939 pudoris
2965 4870 3289 4940 compendio,
3335 4870 3585 4923 nimirum
3616 4878 3675 4923 ut
3712 4870 3845 4925 bre-

2236 4936 2357 4991 vior
2386 4946 2532 4992 esset
2560 4936 2750 5006 pudor,
2779 4955 2884 5009 quo
2914 4936 3328 4996 nimis'moleste
3353 4941 3674 5010 angebatur.

2312 5026 2427 5097 (4R)
2458 5026 2804 5100 Proﬁctitium
2835 5029 2997 5093 editi;
3031 5046 3161 5087 mss.
3189 5031 3366 5093 Rem.,
3397 5030 3611 5100 Pomp.,
3645 5028 3838 5087 Urbin.

2240 5099 2600 5172 profectitium,
2626 5108 2681 5153 et
2701 5102 2837 5155 bene
2861 5120 2874 5155 :
2901 5102 3261 5172 profectltium
3285 5104 3427 5157 enim
3452 5099 3668 5167 dicitur,
3694 5103 3849 5172 quod

2237 5170 2461 5244 aliunde
2507 5174 2776 5239 provenit,
2832 5170 2913 5226 utﬁ
2950 5174 3214 5228 Susanna!
3262 5175 3476 5244 quidem
3528 5170 3843 5244 impositum

2237 5243 2444 5315 crimen
2470 5256 2499 5294 a
2530 5257 2717 5297 senum
2745 5244 3013 5298 calumnia
3047 5243 3328 5315 processit.
3356 5246 3411 5315 In
3430 5259 3532 5300 ms.
3555 5243 3676 5299 Tol.
3710 5243 3851 5299 Pro-

2238 5314 2358 5386 [ecti
2395 5328 2509 5365 cum
2559 5316 2748 5368 crimen
2792 5316 3006 5386 pmprie
3050 5314 3305 5381 redditur,
3356 5314 3446 5370 sed
3487 5316 3651 5370 scelus
3688 5332 3848 5370 suum

2238 5333 2357 5380 ιεση
2395 5333 2509 5365 cum
2559 5333 2748 5368 Crimen
2838 5333 3006 5386 ropne
3055 5333 3305 5381 reaauur,
3356 5333 3445 5370 sea
3487 5333 3651 5370 seems
3688 5333 3842 5370 suum

2237 5381 2450 5437 laudant
2498 5395 2746 5440 auctores.
2780 5333 2987 5440 {iutilia
3037 5387 3237 5442 habent
3273 5402 3403 5443 mss.
3454 5386 3572 5441 Vat.
3619 5396 3674 5442 et
3704 5386 3842 5443 Urb.

2236 5450 2415 5530 Codex
2444 5455 2812 5530 autemRem.
2862 5471 2983 5530 cum
3026 5458 3213 5529 Pomp.
3262 5458 3616 5530 Profectitium
3648 5460 3849 5513 crimen

2238 5528 2461 5596 propria:
2511 5527 2793 5581 redditur:
2823 5528 2913 5581 sed
2957 5531 3122 5583 scelus
3160 5527 3278 5584 suos
3322 5527 3540 5584 laudant
3585 5541 3848 5583 auctores.

2236 5595 2362 5648 Post
2393 5612 2557 5664 pauca
2575 5597 2947 5665 impudicitiam
2968 5602 3283 5663 renitentem,
3302 5603 3354 5656 in
3384 5612 3485 5656 ins.
3512 5600 3664 5657 Rem.
3686 5614 3706 5663 ;
3732 5602 3857 5654 cui-

2236 5676 2438 5731 tentem,
2476 5669 2527 5721 in
2560 5667 2773 5733 Urbin.,
2797 5686 2893 5738 pro
2920 5672 3242 5740 impudicitia
3268 5673 3539 5727 mentiente
3577 5688 3597 5726 :
3623 5682 3673 5725 et
3706 5670 3857 5729 item

2236 5749 2359 5809 post
2386 5754 2517 5794 mss.
2550 5749 2780 5811 quatuor
2801 5756 2901 5811 pro
2930 5743 3214 5799 thalamum
3242 5744 3487 5800 scribunt
3514 5740 3787 5797 thalamos.
