4216 6178
498 268 605 326 505

1897 257 2143 319 SANCTI
2179 260 2471 318 ZENONIS

3695 262 3799 318 5οι

492 376 1153 452 quovispratojucundior
1167 373 2112 449 sﬁitictnluntipsumhonorelreto
2139 376 2188 434 A
2211 373 2300 444 jus
2327 374 2428 429 ista
2465 384 2589 430 sunt
2637 374 2797 430 verba
2826 395 2837 428 :
2870 372 3092 444 Tempus
3121 383 3435 430 coarctatum
3478 385 3551 431 est
3576 391 3595 430 :
3623 394 3802 450 snper-

496 473 751 542 resiiirat.
791 472 915 527 llaec
952 468 1139 526 liberis
1169 468 1365 538 gaudet
1396 485 1408 520 :
1441 475 1493 522 at
1543 467 1633 521 illa
1660 466 1957 522 liberarunt
1991 480 2097 519 non

496 563 651 620 timet
676 563 990 618 orbitatem.
1012 560 1135 614 lltec
1162 557 1480 614 earumdem
1514 556 1790 613 blanditiis
1819 555 2101 611 vernanti-

496 657 601 713 bus
632 657 870 727 pascitur
900 663 954 709 et
980 653 1335 709 incrementis
1383 652 1819 708 adolescentibus
1862 650 2103 725 quotidie

498 747 850 804 delectatur:
895 755 951 802 at
998 746 1090 801 illa
1133 760 1275 816 mgra
1321 743 1542 800 fastidio
1595 759 1789 799 novem
1835 743 2102 800 mensium

497 855 613 897 non
660 839 859 910 baiulat
899 837 1111 910 pondus
1155 836 1302 893 :sub
1348 838 1562 893 incerto
1615 846 1790 907 partu,
1841 833 2105 908 parientis

497 933 883 1003 nascentisque
912 932 1204 987 de‘salute
1250 944 1357 984 non
1400 930 1590 1000 gemit,
1635 930 1942 999 nulhusque
1989 941 2105 981 mo-

497 1027 698 1084 mentis
737 1024 992 1081 omnibus
1045 1024 1209 1078 variae
1249 1020 1631 1079 sollicitudinis
1694 1036 1824 1076 cura
1882 1028 2113 1091 torque-

500 1131 608 1176 lill‘.

571 1213 663 1269 lll.
698 1212 804 1270 Sed
830 1212 983 1269 dicet
1001 1211 1196 1283 aliquis
1233 1229 1246 1265 :
1270 1210 1448 1265 Etiam
1473 1210 1641 1266 Maria
1665 1211 1819 1281 virgo
1841 1218 1894 1266 et
1924 1207 2108 1280 nupsit

500 1314 556 1362 et
591 1303 818 1376 peperit.
852 1304 936 1359 Sit
962 1304 1141 1374 aliqua
1184 1302 1307 1357 talis
1322 1310 1378 1357 et
1406 1302 1563 1358 cedo.
1608 1300 1875 1358 Caeterum
1902 1301 1991 1356 illa
2027 1298 2106 1372 (5)

499 1399 603 1454 fuit
622 1399 775 1468 virgo
826 1406 948 1467 post
995 1395 1352 1463 connubium,
1398 1395 1550 1467 virgo
1598 1405 1719 1467 post
1762 1404 2104 1466 conceptum,

508 1492 660 1564 virgo
689 1500 811 1562 post
837 1490 1031 1546 filium.
1061 1489 1305 1560 Denique
1334 1489 1377 1544 si
1408 1488 1776 1559 essetaliquid
1801 1488 2110 1560 virginitate

498 1584 719 1650 melius,
775 1583 871 1640 Dei
924 1582 1069 1638 [ilius
1115 1581 1220 1637 hoc
1265 1580 1438 1653 magis
1480 1590 1737 1652 potuerat
1779 1595 1891 1635 sua:
1947 1579 2109 1635 matri

502 1687 784 1746 praestare,
842 1678 931 1731 cui
960 1676 1040 1750 (ϐ)
1072 1676 1411 1746 pra-stiterit,
1437 1686 1497 1731 ut
1542 1674 1740 1731 divinae
1786 1674 2109 1745 virginitatis

2206 476 2277 522 est
2307 477 2359 520 ut
2388 468 2474 538 qui
2518 467 2702 521 habent
2732 482 2917 521 uxores
2966 468 3041 522 sic
3079 468 3204 533 sint,
3258 468 3406 538 quasi
3457 485 3558 523 non
3614 469 3801 524 [taben-

2207 565 2299 622 tes,
2334 561 2559 629 prmterit
2582 559 2716 614 enim
2743 559 2912 629 ﬁgura
2932 560 3088 632 hujus
3117 559 3292 613 mundi
3324 559 3368 634 (l
3395 560 3516 614 Cor.
3540 575 3636 624 vn,
3661 561 3732 617 29
3756 570 3804 615 et

2205 648 2322 723 ⁸51).
2358 651 2430 707 At
2451 666 2573 707 cum
2605 664 2732 708 ante
2763 667 2933 707 annos
2963 653 3133 708 ferme
3178 650 3293 726 (10)
3341 654 3763 725 quadringentos
3786 695 3803 722 ,

2208 744 2314 816 55
2330 745 2409 799 vel
2426 760 2492 800 eo
2505 746 2760 818 amplius,
2781 746 3141 817 aposmlicum
3160 746 3259 802 hac
3275 759 3532 817 operetur
3545 747 3801 815 edictum,

2207 853 2315 910 quo
2344 846 2391 891 et
2423 839 2723 894 vivaciores
2769 838 2919 895 fuere
2949 838 3239 906 homines,
3270 849 3325 895 et
3368 840 3627 895 rarissimi
3652 839 3810 896 Chri-

2208 927 2366 984 stiani
2389 944 2403 994 ;
2440 943 2535 984 cur
2565 944 2663 1000 ego
2685 929 2986 985 christiano
3006 931 3120 1004 (Η)
3138 932 3271 988 orbe
3293 931 3412 1003 ipso
3436 948 3571 1002 pene
3588 935 3700 1002 jam
3728 946 3808 989 to-

2209 1032 2287 1089 to,
2312 1023 2701 1094 hominumque
2721 1025 3009 1079 vivacitate
3033 1024 3235 1080 mundo
3252 1035 3570 1083 senescente
3590 1027 3808 1098 detrita,

2209 1116 2502 1173 obtundam
2532 1117 2713 1172 verbis
2738 1116 3081 1187 palpantibus
3109 1117 3281 1174 aciem
3312 1119 3575 1187 veritatis,
3604 1135 3667 1177 ac
3703 1136 3808 1177 non

2211 1212 2368 1282 plene
2405 1211 2756 1276 denuntiem,
2787 1211 3148 1266 observantia:
3190 1226 3295 1281 qua
3337 1213 3669 1282 perfectione
3714 1214 3810 1270 Dei

2210 1303 2389 1359 cultus
2434 1303 2632 1359 debeat
2679 1303 2984 1359 custodiri?
3012 1303 3167 1374 Apud
3199 1303 3545 1360 Salomonem
3579 1307 3813 1365 maxime

2211 1414 2336 1455 cum
2360 1398 2619 1467 scriptum
2647 1397 2715 1451 sit
2740 1416 2752 1452 :
2782 1395 2849 1450 Et
2874 1398 2919 1451 si
2942 1396 3350 1465 multiplicantur
3376 1398 3498 1468 filii,
3522 1416 3627 1454 non
3646 1400 3815 1455 oblec-

2212 1491 2333 1545 teris
2378 1491 2430 1545 in
2457 1490 2583 1553 illis,
2616 1490 2662 1544 si
2689 1506 2792 1544 non
2837 1501 2910 1545 est
2943 1491 3093 1545 timor
3138 1488 3352 1546 Domini
3399 1508 3512 1546 cum
3554 1493 3684 1558 illis,
3713 1510 3813 1549 non

2212 1581 2470 1637 co'rrideas
2493 1581 2686 1635 animle
2712 1581 2924 1636 illorum
2956 1599 2974 1637 :
3002 1581 3181 1636 melior
3208 1593 3281 1637 est
3310 1585 3445 1638 enim
3466 1601 3599 1640 unus
3629 1585 3814 1640 timens

2216 1677 2402 1743 Deum,
2433 1693 2586 1747 quant
2616 1676 2758 1732 mille
2783 1676 2881 1748 ﬁlii
2912 1676 3055 1744 impii
3075 1675 3242 1750 (Eccl.
3272 1693 3383 1743 xvn,
3411 1678 3462 1746 1,
3496 1678 3551 1738 2.
3576 1676 3654 1751 5).
3678 1677 3813 1735 Cum

500 1770 712 1826 honore
752 1769 1003 1840 polleret.
1051 1767 1238 1838 Itaque
1268 1768 1323 1823 in
1365 1778 1513 1824 statu
1549 1784 1656 1839 quo
1702 1777 1828 1824 nata
1866 1784 1950 1834 es,
1977 1785 2104 1842 per-
2136 1768 2185 1829 B
2213 1772 2330 1828 hmc
2374 1772 2445 1826 ita
2490 1770 2599 1826 sint
2623 1812 2637 1836 ,
2667 1785 2766 1841 age
2796 1768 2952 1825 vidua
2981 1810 2997 1836 ,
3028 1785 3147 1840 qure
3188 1770 3330 1825 sicut
3373 1770 3637 1827 innocens
3662 1772 3813 1843 virgo

504 1877 732 1917 manens
776 1863 928 1932 virgo
970 1861 1247 1932 gloriare,
1309 1863 1595 1931 sanctique
1647 1862 1867 1933 pudoris
1916 1862 2107 1918 ﬂorem

501 1956 634 2011 nulli
692 1953 797 2026 legi
846 1955 1092 2022 subjecta
1149 1954 1276 2009 ﬁdei
1330 1954 1644 2010 thesaurum
1695 1956 1956 2011 custodi:
1990 1964 2108 2012 esto

504 2057 694 2101 sancta
740 2054 799 2101 et
826 2059 1060 2115 corpore
1088 2053 1143 2100 et
1187 2043 1380 2113 spiritu
1409 2062 1422 2097 :
1457 2060 1644 2101 amore
1676 2044 1877 2101 Christi
1925 2049 2105 2119 ignem

507 2140 689 2195 carnis
719 2139 1026 2209 exstingue,
1077 2147 1136 2191 ut
1165 2135 1233 2192 de
1278 2138 1682 2193 resurrectione
1705 2138 1874 2209 gloria
1896 2180 1911 2204 ,
1945 2153 2106 2209 quam

496 2231 587 2287 hic
628 2231 736 2301 jam
777 2229 873 2284 tibi
903 2229 1157 2285 vendicas
1183 2270 1198 2296 ,
1259 2240 1485 2292 taceam,
1519 2230 1571 2284 in
1599 2245 1703 2301 qua
1755 2242 1811 2285 ut
1844 2232 2105 2287 Dominus

516 2324 613 2389 ait,
648 2320 828 2394 Neque
850 2320 927 2393 (7)
951 2320 1173 2388 nubunt,
1203 2337 1364 2390 neque
1390 2321 1668 2386 nubentur,
1716 2322 1807 2381 sed
1836 2323 1969 2378 sicut
1995 2326 2106 2379 An-

499 2415 601 2487 geli
650 2423 796 2468 erunt
850 2412 1062 2486 (Matth.
1114 2428 1249 2480 xxtt,
1303 2413 1418 2485 50).
1474 2413 1722 2485 Magnum
1770 2431 2106 2487 consequere

498 2506 849 2572 beneficium,
879 2506 923 2561 si
948 2505 1058 2560 Deo
1084 2504 1237 2560 vivas
1258 2505 1408 2576 puris
1433 2508 1675 2563 moribus
1706 2507 1900 2576 libera,
1926 2518 1982 2565 et
2009 2509 2105 2567 ho-

500 2600 663 2654 minis
693 2613 801 2654 non
825 2599 900 2654 sis
926 2598 1003 2668 (8)
1035 2598 1254 2653 ancilla.

574 2692 665 2749 lV.
716 2692 786 2748 At
830 2702 887 2749 tu
924 2693 1083 2748 vidua
1110 2691 1189 2765 (9)
1232 2692 1503 2748 secundas
1549 2708 1647 2749 cur
1689 2694 2101 2754 desideras"nu-

502 2788 661 2861 ptias,
693 2802 818 2843 cum
842 2798 1147 2857 temperare
1172 2783 1357 2841 videas
1389 2786 1711 2856 Apostolum
1742 2790 1987 2862 primas?
2007 2806 2102 2847 cu-

497 2957 679 3010 vecto,
735 2944 980 3015 legimus
1015 2940 1158 3015 apud
1204 2940 1516 3015 Terentium
1569 2942 1789 3000 Phorm.
1846 2962 1882 3012 i,
1914 2946 2097 3015 4,15;

503 3017 840 3080 Suetonium,
862 3017 917 3068 in
941 3013 1290 3084 Vespasiano.
1308 3026 1426 3080 cap.
1447 3012 1502 3077 5,
1517 3021 1573 3068 et
1587 3015 1742 3071 alios.
1770 3016 1906 3073 Hinc
1920 3012 2102 3076 autem

502 3099 722 3145 nostras
750 3099 966 3157 qunque
1001 3084 1256 3140 mulieres
1305 3094 1483 3157 vestes
1507 3096 1559 3138 et
1603 3098 1917 3143 ornamenta
1954 3106 1985 3145 e
2013 3106 2101 3146 re-

504 3161 668 3216 moris
698 3154 1009 3228 regimiibus
1056 3168 1373 3228 procurasse
1405 3154 1606 3225 liquet,
1635 3158 1859 3228 quodin
1892 3161 2104 3216 feminis

2213 1866 2425 1921 nubere
2470 1879 2615 1934 saepe
2672 1862 2922 1927 festinas,
2976 1863 3328 1934 interroganti
3375 1862 3664 1933 responde,
3711 1864 3811 1919 bo-

2214 1974 2417 2016 numue
2452 1958 2700 2013 amiseris
2750 1956 3000 2011 maritum
3025 1998 3040 2023 ,
3071 1971 3138 2011 an
3180 1957 3419 2011 malum?
3450 1956 3507 2013 Si
3530 1958 3727 2012 malum
3757 1965 3810 2012 et

2214 2052 2492 2109 desideras
2522 2051 2757 2117 nubere,
2812 2050 2970 2120 digna
3014 2065 3074 2106 es
3120 2066 3281 2119 quam
3320 2049 3472 2120 pejor
3500 2049 3725 2118 afﬂigat.
3753 2048 3809 2106 Si

2212 2145 2451 2209 bonum,
2483 2141 2612 2199 ﬁdei
2660 2157 2819 2198 serva
2866 2142 3238 2211 signaculum:
3268 2142 3378 2213 pati
3421 2158 3527 2197 non
3573 2152 3810 2199 meretur

2214 2238 2465 2308 injuriam
2498 2237 2613 2307 ipse
2633 2236 2715 2291 cui
2748 2234 3004 2306 perhibes
3028 2236 3421 2291 testimonium.
3453 2236 3551 2294 Ubi
3579 2248 3665 2293 est
3695 2239 3804 2307 ille,

2213 2332 2304 2402 qui
2336 2331 2568 2387 invicem
2599 2330 3033 2386 desiderantibus
3072 2328 3227 2385 vobis
3257 2330 3459 2385 tardior
3485 2331 3700 2386 caneris
3728 2332 3807 2387 vi-

2212 2424 2441 2481 debatur
2464 2422 2671 2494 primus
2700 2422 3026 2477 matrimonii
3058 2421 3213 2477 dies?
3237 2422 3336 2479 Ubi
3361 2424 3612 2494 pretiosae
3641 2426 3806 2498 virgi-

2214 2516 2399 2571 nitatis
2430 2516 2588 2581 festa,
2622 2515 2745 2588 (12)
2768 2515 3007 2585 utrisque
3032 2515 3234 2583 dulcis,
3252 2516 3489 2572 occisia?
3510 2516 3613 2573 Ubi
3632 2534 3804 2582 amur,

2211 2607 2302 2677 qui
2334 2607 2385 2662 in
2414 2622 2569 2677 aequo
2600 2607 2861 2677 unitoque
2900 2607 3173 2679 coniugio,
3200 2624 3231 2665 e
3273 2609 3482 2665 duobus
3522 2610 3695 2665 altero
3716 2626 3805 2665 su-

2208 2708 2454 2769 perante,
2485 2714 2591 2755 non
2615 2698 2882 2754 moritur?
2907 2698 3059 2754 Tune
3089 2715 3195 2754 non
3251 2700 3336 2755 illa
3369 2716 3427 2757 es
3468 2718 3589 2773 qua:
3629 2701 3806 2757 mariti

2205 2807 2400 2863 corpus
2425 2790 2539 2865 (15)
2564 2791 2872 2862 expositum
2888 2790 3191 2862 561avisti
3215 2792 3488 2865 lacrymis,
3508 2794 3706 2850 osculis
3717 2792 3808 2849 dc-

2286 2950 2400 3022 (lO)
2420 2950 2491 3007 lla
2519 2967 2584 3007 ex
2616 2951 2865 3007 omnibus
2895 2967 3026 3024 mss.
3049 2959 3113 3024 et
3140 2952 3376 3010 editione
3404 2955 3609 3024 prima;
3636 2957 3804 3012 solum

2211 3024 2264 3079 in
2288 3025 2425 3097 edit.
2456 3024 2948 3097 \’er.snppositum
2989 3022 3087 3077 fuit
3114 3024 3384 3097 ducentos,
3407 3022 3551 3097 quod
3586 3029 3638 3081 in
3677 3032 3808 3082 alias

2211 3096 2477 3151 editiones
2530 3096 2814 3162 migravit;
2866 3096 3018 3165 cujus
3063 3096 3363 3151 arbitrariae
3414 3099 3808 3154 emendationis

2210 3168 2494 3239 consilium
2526 3169 2640 3223 fuse
2667 3168 3053 3237 explicavimus
3081 3175 3136 3221 et
3183 3168 3467 3239 rejecimus
3512 3169 3730 3226 dissert.
3766 3186 3803 3237 t,

501 3225 853 3312 reprehendit
899 3244 1009 3282 non
1062 3227 1237 3312 Sit-litin
1287 3225 1545 3312 Eletuens
1590 3225 2013 3312 Alexandrinus,
2049 3236 2103 3287 in
2131 3249 2179 3312 α
2211 3254 2331 3312 cap.
2362 3239 2419 3303 2,
2456 3237 2483 3308 §
2516 3239 2532 3312 l_

501 3297 701 3370 Pedag.
737 3301 830 3355 lib.
857 3315 918 3361 ιι.
950 3298 1258 3370 capsiQet
1282 3297 1372 3361 ll,
1404 3311 1527 3370 cum
1556 3299 1676 3353 aliis
1704 3301 1978 3370 Patrihus,
2012 3319 2108 3359 ve-

507 3389 625 3445 rum
647 3366 809 3445 etiam
820 3366 1067 3445 Seneca,
1082 3368 1136 3422 in
1153 3366 1430 3445 Consolat.
1454 3368 1520 3422 ad
1536 3370 1806 3440 Albinam,
1821 3389 1942 3445 cap.
1963 3366 2023 3429 ii
2057 3384 2113 3430 et

506 3444 604 3499 lib.
628 3458 698 3496 vn
729 3443 796 3496 de
818 3438 1122 3501 Beneﬁciis,
1149 3453 1269 3507 cap.
1294 3436 1351 3493 9.

586 3533 668 3607 (5)
694 3532 807 3607 Hoc
827 3539 938 3585 tam
989 3530 1272 3607 prmeisum
1315 3545 1417 3607 pro
1448 3530 1630 3586 Mariae
1665 3535 2001 3607 virginitatis
2032 3549 2111 3596 te-

509 3602 848 3665 stiinonium,
882 3602 1026 3673 quod
1070 3611 1333 3671 repetitur
1365 3602 1455 3657 lib.
1518 3618 1557 3657 tt
1588 3602 1775 3662 tracti
1804 3607 1860 3665 8.
1893 3613 2111 3667 maximi

509 3678 811 3731 faciendum
841 3672 944 3737 est,
978 3688 1103 3729 cum
1138 3673 1343 3727 nullum
1386 3689 1452 3727 ex
1483 3672 1734 3733 Patrihus
1772 3679 1991 3736 Zenone
2012 3699 2111 3738 an-

512 3748 798 3818 tiquiorem
826 3746 1055 3818 formula
1087 3742 1473 3818 adenprwcisa
1511 3756 1565 3800 et.
1590 3763 1733 3802 nunc
1762 3755 1865 3813 iatn
1906 3754 2108 3810 celebri

510 3814 666 3873 usum
695 3816 936 3891 reperire
966 3814 1207 3891 licuerit.
1234 3814 1288 3869 ιιι
1315 3825 1493 3891 autem
1541 3817 1802 3891 adversus
1846 3825 2107 3891 quosdam

510 3891 575 3945 B.
615 3885 797 3965 Maria:
845 3886 1138 3965 virginitati
1162 3885 1527 3965 detrahentes
1574 3889 1710 3946 adeo
1740 3885 1998 3965 expresse
2026 3896 2110 3951 di-

509 3958 922 4035 ctumvidetur.
948 3958 1095 4035 _S_ane
1128 3957 1270 4011 circa
1314 3955 1417 4035 hoe
1458 3959 1597 4014 idem
1635 3955 1847 4035 tempus
1874 3965 1930 4021 S.
1965 3968 2109 4021 llila-

508 4033 647 4089 rius.
670 4032 723 4085 itt
753 4044 916 4110 cap.)
947 4027 1343 4110 hlattli.,_num‘.
1376 4027 1817 4110 5,.notatplures
1843 4037 2107 4110 irreligio-

509 4120 595 4157 sos
616 4111 662 4157 et
684 4118 716 4153 a
734 4100 993 4170 spirituali
1015 4099 1251 4153 doctrina
1265 4100 1543 4170 admodum
1570 4104 1766 4159 alienos
1791 4099 2109 4163 occasionem

508 4190 574 4227 ea:
599 4169 965 4249 eo_occt_tpasse
994 4170 1211 4238 turpiter
1239 4169 1498 4249 dediaria
1524 4174 1792 4249 opinandi,
1836 4180 1975 4249 quod
2001 4181 2110 4235 dic-

511 4253 619 4298 tum
639 4244 745 4297 sit:
780 4242 1093 4310 Priusquam
1115 4242 1464 4305 convenirent,
1494 4254 1600 4298 etc.
1636 4242 1784 4302 Idem
1829 4242 2011 4306 timnet
2039 4252 2108 4308 de

510 4314 788 4370 nonnullis
834 4314 1162 4385 Epiphanius
1187 4355 1203 4375 ,
1235 4312 1446 4385 haeres.
1493 4316 1580 4379 78,
1622 4333 1769 4372 ntnn.
1802 4321 1855 4385 7,
1892 4325 2107 4378 tametsi

512 4387 714 4462 ab_ln_ic
737 4383 998 4462 appellari
1041 4383 1311 4453 potuerint
1356 4384 1631 4462 Helvidius
1659 4403 1720 4462 et
1754 4383 2067 4449 Jovinianns
2088 4436 2103 4462 ,

512 4457 606 4527 qui
644 4456 1134 4527 Zenonis_tcla'etn
1160 4456 1439 4515 Consecuti
1483 4467 1627 4512 sunt.
1656 4460 1776 4516 Fuit
1805 4473 1980 4521 tamen
2009 4456 2109 4522 Ze;

512 4525 671 4602 t_i_on_is
713 4542 831 4602 aevo
870 4525 1199 4602 _Eunom_ius,
1246 4529 1336 4596 qui
1388 4528 1944 4602 il|_Til60.til3llittrllm
1997 4540 2106 4602 die,

514 4596 763 4669 Eudoxio
790 4596 992 4669 Ariano
1013 4598 1270 4669 episcOpo
1293 4614 1399 4651 non
1428 4598 1802 4669 dissentiente,
1835 4611 1915 4663 vel
1942 4596 2105 4662 etiam

509 4667 755 4746 Ῑιιιιθιριθ,
787 4667 1005 4722 Mariam
1029 4683 1057 4719 a
1087 4666 1339 4746 doseplioh
1355 4680 1473 4734 post
1501 4670 1668 4746 divini
1700 4666 1858 4729 Verbi
1893 4690 2106 4746 partum

511 4741 781 4809 cognitam
824 4752 923 4808 pro
951 4738 1213 4792 concione
1253 4737 1561 4809 alllrtnavit,
1617 4752 1672 4796 ut
1704 4748 1869 4801 tradit
1895 4737 2105 4803 'Philo-

513 4812 747 4935 agili-gius
794 4810 847 4863 iu
888 4810 1157 4877 excerptis
1196 4823 1228 4862 a
1274 4808 1497 4875 Pliotio,
1527 4811 1622 4867 lib.
1648 4829 1721 4881 vr,
1754 4816 1781 4887 §
1809 4818 1843 4871 2
1868 4859 1883 4885 ,
1916 4819 1983 4873 ad
2015 4835 2103 4874 an.

587 4949 823 5028 (6)_!ll_ss.
852 4950 1068 5028 Pomp.,
1092 4949 1399 5028 Zen.,_Vat.
1431 4960 1489 5028 c_t_
1512 4953 1642 5009 edit.
1683 4956 1817 5028 Ven.
1846 4961 2103 5028 priestitit.

510 5020 618 5102 Pro
644 5020 831 5102 diuina:
854 5036 982 5102 mss.
1009 5022 1197 5102 l’omp.
1215 5062 1230 5086 ,
1261 5020 1421 5091 ch.,
1446 5022 1567 5079 Vat.
1600 5034 1656 5082 et
1682 5026 1812 5086 Urb.
1837 5020 2104 5102 redivivis,

512 5092 644 5147 edit.
672 5092 807 5147 Ven.
842 5109 897 5146 re
924 5092 1110 5146 divine.

535 5160 662 5288 τι(τ)
692 5164 830 5218 Edtt.
866 5161 999 5219 Ven.
1034 5162 1229 5219 nubent
1266 5172 1363 5221 :et
1417 5167 1545 5223 item
1591 5182 1735 5241 post,
1790 5173 1974 5246 Angeli
2008 5173 2107 5231 Dei

582 5251 634 5287 in
666 5275 679 5288 .

582 5251 679 5288 ιηι.

584 5305 664 5378 (8)
698 5305 829 5361 Nam
873 5307 1116 5378 mulieres
1139 5308 1261 5363 viris
1285 5308 1392 5364 suis
1436 5312 1656 5368 subditae
1682 5326 1801 5369 sunt
1825 5316 1960 5371 sicut
1993 5315 2109 5373 Do-

511 5377 669 5442 mino,
697 5379 898 5449 Epltes.
929 5395 982 5441 v,
1012 5377 1104 5433 εξ.

585 5468 916 5549 (9)1enonis
961 5472 1283 5526 sententiam
1332 5471 1401 5528 de
1449 5475 1705 5531 secundis
1744 5481 1969 5549 nuptiis,
2005 5481 2103 5536 Pa-

506 5542 679 5620 trihus
708 5542 945 5620 antiquis
974 5557 1286 5620 consonam,
1318 5560 1439 5620 qute
1477 5556 1727 5617 tanquam
1764 5542 2103 5620 antiquitatis

503 5624 627 5668 nota
660 5612 855 5685 haberi
872 5622 1069 5684 potest,
1103 5614 1491 5685 explicavimus
1520 5626 1575 5674 et
1589 5612 1992 5681 'vindicavimus
2024 5627 2099 5678 Ia-

501 5687 605 5765 tius
634 5683 879 5765 dissert.
906 5701 963 5748 tt,
1008 5700 1130 5756 cap.
1175 5683 1232 5742 '7.
1268 5687 1373 5744 Ms.
1408 5687 1622 5746 Tolent.
1672 5705 1770 5762 pro
1820 5702 2101 5765 temperare

497 5757 658 5813 habet
685 5762 955 5829 temptare.

2291 3308 2407 3381 (Η)
2443 3309 2594 3362 Urbis
2626 3310 2843 3365 nomine
2890 3309 3060 3381 accipi
3091 3320 3270 3379 potest
3297 3319 3466 3366 totum
3507 3312 3808 3368 Romanum

2218 3379 2524 3449 imperium,
2548 3381 2689 3446 quod
2722 3382 2871 3437 orbis
2900 3379 3002 3436 dici
3037 3383 3267 3447 solebat,
3294 3393 3354 3437 ut
3385 3385 3551 3450 liquet
3580 3400 3646 3440 ex
3692 3386 3810 3453 plu-

2217 3452 2365 3505 ribus
2426 3453 2673 3525 testibus,
2706 3467 2768 3507 ac
2818 3453 3117 3525 praasertim
3163 3470 3227 3508 ex
3279 3453 3546 3519 Firmico,
3581 3452 3811 3525 quies-

2217 3538 2404 3599 preSse
2433 3522 2486 3577 id
2520 3523 2701 3586 tradit,
2724 3534 2780 3579 et
2808 3540 2873 3578 ex
2901 3523 3121 3599 antiquo
3150 3534 3371 3580 auctore
3405 3526 3532 3599 libri.
3557 3522 3626 3599 de
3672 3526 3811 3582 Mor-

2217 3593 2358 3651 tibus
2407 3604 2834 3661 persecuturum,
2888 3596 2974 3650 ubi
3031 3599 3203 3649 orbem
3251 3606 3401 3651 terra:
3439 3593 3535 3665 pro
3566 3598 3812 3653 Romano

2215 3665 2443 3738 imperio
2470 3665 2672 3720 dictum
2704 3667 3003 3738 saepissime
3039 3667 3302 3735 invenies.
3339 3668 3519 3738 Nepos
3561 3670 3613 3723 in
3647 3669 3813 3724 Attici

2216 3735 2358 3801 Vita,
2385 3754 2532 3790 num.
2565 3738 2657 3799 25,
2684 3737 2752 3792 de
2775 3736 2990 3794 Caesare
3014 3749 3067 3793 et
3095 3739 3336 3794 Antonio
3378 3735 3606 3806 loquens
3635 3757 3648 3793 :
3682 3740 3812 3794 Cum

2213 3823 2289 3879 se,
2311 3810 2405 3874 ait,
2434 3818 2644 3869 uterque
2658 3810 2939 3879 principem
2964 3825 3065 3863 non
3090 3811 3253 3864 solum
3275 3811 3417 3865 urbis
3436 3810 3702 3878 Romanis,
3722 3812 3812 3866 sed

2214 3878 2351 3933 orbis
2381 3890 2632 3933 terrarum
2652 3896 2763 3936 esse
2798 3891 3024 3949 cuperet.
3059 3880 3243 3951 Virgil.
3279 3883 3422 3938 Eccl.
3453 3899 3491 3949 t,
3524 3898 3666 3938 vers.
3693 3883 3760 3938 67
3793 3898 3808 3935 :

2465 3972 2589 4023 Toto
2610 3972 2791 4024 divisos
2812 3974 2934 4024 orbe
2956 3974 3232 4025 Britannos.

2213 4064 2634 4152 Spartianusﬁn
2654 4065 2953 4152 lliadriano,
2981 4083 3103 4138 pag.
3129 4068 3181 4128 '5.
3205 4067 3431 4149 ridemus
3465 4069 3810 4152 imperium...

2213 4140 2455 4211 tenentle
2470 4136 2757 4211 [resorbent
2779 4136 3071 4211 terrarum
3110 4139 3247 4211 paci,
3271 4136 3479 4211 operam
3531 4136 3809 4208 impendit.

2214 4208 2349 4263 Vide
2364 4209 2518 4263 Ovid.
2544 4207 2643 4263 lib.
2659 4224 2677 4262 ι
2699 4207 2865 4263 Trist.
2880 4208 2937 4276 4,
2956 4225 3099 4265 vers.
3111 4207 3209 4276 ‘69;
3225 4207 3467 4265 Tacitum
3488 4211 3554 4266 tle
3569 4207 3814 4267 moribus

2214 4280 2611 4334 Germanorum
2637 4295 2755 4348 cap.
2784 4281 2807 4334 Ι
2833 4298 2847 4346 ;
2882 4281 3225 4336 Ambrosium
3255 4284 3416 4349 epist.
3440 4283 3529 4349 l7,
3557 4298 3705 4338 num.
3738 4284 3811 4347 5;

2214 4350 2595 4421 gymntaclnnn
2622 4350 2698 4411 in,
2735 4349 3015 4407 Relatione
3060 4368 3206 4408 num.
3230 4354 3296 4417 9;
3328 4363 3382 4408 ct
3428 4360 3716 4409 tractatum
3747 4355 3819 4410 10

2213 4419 2583 4493 zenonianunt
2641 4421 2799 4491 hujus
2850 4423 2967 4478 libri
3012 4441 3050 4486 ι,
3084 4440 3231 4480 ιιιιιιι.
3278 4424 3332 4479 5.
3369 4426 3502 4478 Hinc
3533 4425 3814 4493 Minntius,

2214 4492 2488 4616 ἕξιππιη,
2520 4492 2795 4548 Bouianos
2814 4496 2957 4564 fusos
2984 4495 3106 4549 orbe
3145 4504 3249 4550 toto
3276 4497 3553 4552 affirmare
3575 4512 3679 4551 non
3705 4492 3815 4552 dué

2253 4579 2268 4616 I
2297 4580 2380 4616 avt
2412 4604 2427 4616 .

2253 4565 2427 4618 itavit.

2133 4640 2188 4701 D
2286 4635 2401 4702 (l2)
2431 4634 2581 4711 Edit.
2602 4635 2746 4711 Ven.
2766 4636 3051 4705 utriusque,
3094 4646 3145 4694 et
3172 4646 3358 4711 postea
3400 4652 3670 4711 scparante
3714 4656 3819 4709 pro

2212 4716 2502 4789 superante.
2532 4706 2658 4762 Mss.
2707 4707 2827 4762 Vat.
2865 4723 2963 4777 pro
2991 4706 3185 4765 occisia
3205 4709 3365 4766 habet
3392 4706 3618 4777 occasio,
3650 4706 3813 4767 Rem.

2212 4792 2453 4831 06610810.

2287 4847 2401 4973 (te)
2427 4848 2628 4930 Morem
2654 4849 2960 4932 exponendi
3016 4862 3347 4908 mortuorum
3379 4852 3641 4910 cadavera
3672 4854 3821 4912 indi-

2287 4931 2333 4973 nt
2362 4935 2376 4973 ι
2407 4920 2454 4972 la
2491 4919 2691 4973 Vtrtztln
2720 4919 2941 4973 Enetd.
2974 4938 3024 4973 vt
3063 4940 3076 4973 :

2211 4931 2333 4974 cant
2362 4919 2454 4973 illa
2491 4919 2691 4989 Virgilii
2720 4919 2941 4976 Eoeid.
2974 4938 3024 4977 vt
3063 4940 3076 4976 :

2552 5013 2680 5064 Tum
2704 5017 2923 5067 membra
2948 5017 3094 5067 thoro
3114 5017 3297 5068 deﬂeta
3322 5025 3597 5082 reponunt:

2214 5096 2265 5150 in
2311 5113 2430 5167 quae
2486 5097 2708 5155 Servius
2761 5116 2775 5151 :
2835 5100 3188 5156 Servabantur
3226 5102 3484 5157 cadavera
3533 5113 3645 5158 octo
3702 5103 3821 5159 die-

2210 5167 2481 5294 brus,letc.
2534 5167 2838 5241 Depositum
2892 5187 2991 5243 pro
3045 5175 3334 5245 expositum
3378 5174 3515 5230 dixit
3557 5174 3717 5231 Ovid.
3754 5191 3820 5231 ut

2261 5256 2334 5293 ris
2364 5257 2410 5294 .:

2305 5331 2596 5397 Depositum
2617 5346 2712 5385 nec
2736 5346 2816 5384 me
2840 5335 2924 5398 qui
2947 5334 3085 5399 ﬂeat,
3112 5335 3243 5386 ullus
3265 5338 3382 5387 erit.

2281 5415 2328 5470 A
2354 5419 2575 5487 paganis
2599 5418 2816 5489 quidem
2845 5433 3078 5488 corpora
3104 5420 3512 5480 exnunc-bantur
3534 5420 3585 5474 in
3608 5419 3819 5477 mdium

2210 5489 2497 5569 vesnbulo,
2523 5500 2593 5569 _u_t
2620 5491 2929 5569 colligimus
2967 5506 3030 5542 ex
3062 5489 3300 5569 Luciapo
3328 5496 3449 5569 περὶ
3483 5494 3692 5569 quae»;
3712 5533 3727 5558 ,
3752 5502 3826 5569 et.

2213 5556 2380 5634 Dione
2410 5559 2478 5614 de
2522 5559 2685 5634 Liviae
2719 5556 2979 5634 excessu,
3010 5571 3064 5634 ct
3107 5577 3174 5617 ex
3215 5556 3478 5619 Suetonio
3503 5563 3557 5619 in
3584 5556 3819 5634 Augusti

2210 5627 2353 5704 Vita,
2383 5646 2503 5704 cap.
2546 5632 2668 5688 100.
2719 5630 2774 5704 In
2825 5631 3072 5704 ecclesiis
3118 5637 3303 5704 autem
3355 5634 3601 5704 exposita
3643 5627 3823 5691 fuisse

2207 5698 2624 5775 christianorum
2653 5701 2919 5775 cadavera
2948 5701 3031 5775 (ut
3051 5718 3182 5759 sane
3225 5703 3293 5759 de
3341 5698 3525 5762 Paulte
3550 5705 3825 5761 cadavere

2206 5770 2261 5828 in
2284 5773 2401 5844 ejus
2426 5773 2704 5846 epitaphio
2750 5773 2914 5832 tradit
2958 5770 3320 5847 Hieronymus
3354 5795 3364 5831 :
3401 5777 3469 5834 In
3498 5778 3665 5834 media
3708 5775 3828 5830 Ec-
