4216 6178
358 204 471 269 809
1614 202 1824 271 LIBER
1864 201 1904 261 l.
1946 201 2022 263 TI

2124 201 2369 265 :ra'rus
2429 204 2493 265 v.
3108 286 3113 287 ν
3649 226 3761 287 διο

362 335 500 376 nere
529 319 898 393 unusquisque
916 333 1079 376 suum
1103 317 1431 377 sacrificium
1457 318 1823 390 procurabitls
1841 318 1865 374 2
1884 316 1999 391 eo
2026 320 2076 381 Α
2104 320 2390 390 sacrilegio
2439 320 2616 392 possis
2644 318 2871 392 placere
2905 319 3213 398 sacrilego.
3245 329 3321 389 υι
3349 349 3472 394 νοω
3502 353 3766 415 οοηψοη,

365 426 479 483 quo
501 413 755 482 sumptu?
782 413 977 483 quibus
1006 411 1191 467 vasis?
1217 410 1483 483 quibusve
1520 410 1833 467 ministris?
1863 412 1931 465 At
1956 412 2000 465 si
2106 413 2198 468 dio
2227 414 2513 486 transigam
2533 456 2547 480 ,
2592 413 2787 484 utique
2815 425 2847 465 a
2877 416 3103 487 templo
3144 426 3470 497 regrediens
3512 410 3768 495 necessa-

368 503 614 561 discrete
644 504 779 559 fiunt
813 504 914 561 ista
937 546 953 570 ,
985 505 1124 560 nihil
1156 504 1381 600 prodest
1412 522 1425 558 :
1455 518 1521 560 ex
1553 519 1665 559 uno
1694 505 2007 600 enim-pro-
2108 507 2193 562 rio
2229 506 2505 562 enarrahit
2543 506 2639 562 tibi
2678 502 3060 600 sciscitanti,
3094 515 3201 573 sibi
3250 520 3318 579 de
3344 526 3632 600 utriusque
3676 539 3765 587 εδ,

373 596 678 652 ficiscendo
702 606 756 651 et
784 596 836 652 in
859 611 1030 652 unum
1061 595 1360 652 remeando
1382 638 1397 665 ,
1428 596 1474 651 si
1504 611 1612 652 non
1642 595 2006 665 confusione,
2115 597 2223 653 lute
2251 642 2264 666 ,
2299 599 2383 655 vel
2421 597 2798 654 unanimitate
2828 594 3079 660 deorum
3126 624 3248 681 quae
3276 611 3430 673 fuere
3477 594 3761 693 responsa.

377 687 469 743 vel
513 700 704 742 errore
745 686 880 743 fiunt
924 702 1052 742 una.
1086 686 1226 756 Quid
1253 728 1269 755 ,
1298 688 1444 757 quod
1494 687 1641 746 illius
1682 689 2011 747 sacrificium

382 776 659 849 publicum
688 770 802 843 est,
835 784 982 834 tuum
1014 778 1130 852 (27)
1171 778 1481 834 secretum?
1527 778 1680 835 illius
1732 795 1764 836 a
1819 780 2013 849 quovis

382 870 559 928 libere
589 872 810 926 tractari
866 880 1063 941 potest,
1099 880 1248 928 tuum
1278 869 1440 926 etiam
1472 886 1501 926 a
1527 870 1855 929 cbristianis
1881 872 2013 943 ipsis

384 966 614 1023 minime
644 963 764 1038 (28)
793 966 1123 1021 consecratis
1170 964 1286 1020 sine
1336 966 1632 1037 sacrilegio
1673 965 1849 1022 videri
1903 981 2041 1023 non'

391 1067 598 1130 potest.
628 1057 911 1113 Postremo
938 1057 1273 1114 detestabilis
1298 1059 1618 1114 estvivendi
1636 1058 2009 1126 conditio,ubi

390 1168 502 1208 non
534 1151 664 1206 licet
690 1149 867 1206 facere
887 1151 1042 1205 uxori
1076 1150 1219 1220 quod
1278 1152 1471 1207 marito
1503 1153 1723 1222 placet;
1755 1152 1847 1208 ubi
1880 1167 2008 1224 pro-

391 1243 551 1317 ponis
578 1284 592 1309 ,
626 1243 753 1314 quia
784 1240 916 1298 nihil
950 1252 1002 1298 te
1042 1257 1234 1314 gerere
1289 1242 1452 1311 sinit,
1502 1243 1611 1301 nisi
1653 1260 1778 1317 quae
1822 1245 2009 1315 dispo-

391 1335 609 1401 suerit,
639 1335 789 1405 prior
824 1336 940 1405 ipse
966 1334 1337 1404 compleverit.
1369 1334 1522 1404 Quod
1552 1337 1602 1393 si
1660 1336 1865 1392 factum
1900 1351 2007 1391 non

390 1428 590 1497 fuerit,
621 1429 889 1484 factumve
914 1428 1280 1499 displicuerit,
1304 1436 1416 1484 tum
1446 1437 1559 1485 tota
1591 1431 1800 1500 mugiet
1827 1429 2012 1485 litibus

394 1523 630 1589 domus,
668 1518 1136 1592 blasphemabitur
1183 1518 1353 1586 Deus,
1398 1529 1742 1591 arreptoque
1787 1519 2011 1576 forsitan

396 1618 518 1689 ipso
545 1615 664 1689 (29)
692 1615 969 1671 sacrificio
993 1625 1105 1683 tuo,
1135 1622 1285 1670 tuum
1319 1625 1511 1686 pectus
1541 1616 1841 1683 obtundet,
1863 1625 2011 1671 tuam

397 1707 591 1763 faciem
620 1706 952 1763 deformabit
972 1747 988 1771 ,
1020 1714 1280 1777 praestans
1308 1706 1607 1778 aliquando
1633 1706 1745 1779 61
1769 1718 1821 1762 et
1846 1707 2014 1763 bene-

399 1801 609 1868 ficium,
638 1815 759 1855 cum
789 1810 841 1856 te
881 1799 1041 1871 jubet
1070 1799 1135 1854 ad
1180 1800 1467 1855 ecclesiam
1517 1814 1628 1855 non
1658 1798 1869 1854 venire.
1901 1800 2009 1856 Sed

398 1892 571 1949 multo
598 1894 748 1965 pejus
785 1899 899 1960 est,
938 1892 988 1948 si
1018 1891 1191 1962 places
1217 1892 1451 1947 marito:
1491 1906 1672 1962 neque
1718 1891 1863 1947 enim
1892 1892 2014 1949 sine

399 2053 722 2120 veniebant,
749 2065 911 2122 quam
937 2050 1132 2124 locum
1174 2050 1227 2106 in
1267 2067 1374 2124 quo
1415 2053 1825 2122 convenirent,
1851 2055 2017 2109 eccle-

396 2130 509 2184 sias
538 2121 829 2186 vacarunt;
863 2121 956 2177 vel
978 2123 1033 2195 si
1050 2124 1221 2178 locum
1250 2121 1425 2195 ipsum
1454 2135 1653 2181 notare
1686 2126 2012 2191 voluerunt,

399 2202 612 2254 donmm
642 2195 915 2257 orationis,
949 2193 1036 2265 vel
1082 2209 1200 2249 cum
1236 2193 1455 2251 Zenone
1504 2205 1667 2251 tract.
1699 2212 1810 2260 xiv,
1855 2213 1910 2251 n.
1947 2198 1971 2252 i
2000 2240 2015 2265 ,

401 2269 654 2325 orationis
683 2268 852 2321 locum
878 2264 1244 2323 nominarunt.
1278 2268 1403 2322 Hzec
1437 2266 1613 2322 fusius
1638 2267 1866 2323 dicenda
1900 2267 2018 2322 fue-

402 2351 537 2398 runt
556 2382 572 2405 ,
604 2354 708 2393 non
735 2337 907 2391 solum
941 2343 1002 2390 ut
1028 2335 1124 2409 hic;
1143 2337 1319 2407 locus,
1344 2339 1400 2393 in
1429 2352 1596 2409 quem
1625 2338 2017 2394 animadverti-

405 2429 531 2469 mus
553 2452 569 2476 ,
612 2410 973 2479 illustraretur
992 2449 1019 2479 ,ί
1036 2407 1129 2463 sed
1155 2411 1314 2466 etiam
1348 2417 1409 2464 ut
1438 2407 1977 2479 explicarenturalia
1996 2451 2013 2477 ,

404 2499 530 2554 quae
556 2481 678 2536 aliis
709 2478 1075 2551 intelligendis
1118 2480 1265 2535 utilia
1289 2521 1306 2549 ,
1349 2480 1439 2537 vel
1478 2477 1793 2537 necessaria
1838 2477 2019 2536 futura

406 2566 558 2611 sunt.
1368 2600 1371 2601 ,

487 2621 606 2698 (27)
638 2621 904 2698 Secreta»:
936 2629 1125 2687 vocat,
1147 2621 1620 2698 quippequodex
1641 2621 1823 2698 arcani
1852 2620 2019 2676 disci-

406 2691 560 2770 plina
588 2691 961 2770 sacrificium,
999 2707 1105 2770 seu
1147 2691 1502 2770 Eucharistiae
1544 2691 1867 2770 mysterium
1910 2709 2018 2748 non

409 2763 657 2840 paganos
687 2764 885 2840 solum,
916 2763 1011 2818 sed
1079 2764 1225 2834 ipsos
1252 2765 1418 2820 etiam
1464 2763 1888 2820 cateChumenos
1932 2778 2020 2820 ac-

409 2833 603 2895 cui-ate
629 2833 913 2891 celandum
928 2842 1105 2906 psset.

494 2925 946 3003 (281Legchatur
972 2925 1026 3003 in
1053 2924 1212 3003 editis
1230 2927 1521 3003 consecrati
1529 2942 1565 3003 _:
1590 2925 1926 3003 correximus
1951 2942 2020 2983 ex

413 2996 550 3060 mss.
591 2996 781 3066 Pomp.
808 3005 865 3051 et
899 2996 1107 3053 duobus
1136 2996 1484 3053 Zenonianis.
1516 2997 1810 3053 Consecrati
1839 3007 2019 3053 autem

413 3072 768 3143 dicebantur,
795 3067 884 3139 qui
915 3068 1181 3143 baptisma
1206 3079 1581 3143 susceperant.
1608 3069 1792 3138 Itaque
1815 3069 2026 3143 minime

414 3142 705 3203 consecrati
742 3138 867 3195 sunt
904 3138 1312 3206 catechumeni,
1368 3138 1464 3211 qui
1506 3141 1610 3194 alia
1658 3138 1884 3193 formula
1924 3142 2020 3211 ini-

416 3219 559 3281 nime
583 3214 773 3269 initiati
801 3211 1148 3280 dicebantur,
1179 3213 1245 3266 de
1276 3209 1472 3282 quibus
1497 3226 1564 3282 ex
1588 3217 1884 3264 memorata
1911 3209 2025 3265 dis-

414 3287 622 3358 ciplina
665 3285 846 3358 arcam
893 3293 1107 3338 cautum
1149 3293 1268 3339 erat
1300 3281 1444 3358 adeo
1489 3281 1813 3358 diligenter,
1854 3284 2018 3358 neﬂiu
2047 3288 2093 3351 ς,

416 3351 774 3417 Eucharistize
801 3366 1194 3410 sacramentum
1221 3355 1409 3408 oculos
1439 3352 1799 3420 conjicerent,
1834 3360 1891 3405 ut
1915 3351 2018 3406 Sa.

420 3442 576 3502 tyrns
601 3428 658 3485 S.
689 3426 960 3502 Ambrosii
999 3425 1375 3502 fraterpadhuc
1409 3423 1866 3502 catechumenus,
1896 3438 2021 3502 cum

421 3493 478 3558 in
507 3502 736 3573 quodam
770 3497 1030 3573 naufragii
1064 3498 1307 3568 periculo
1335 3493 1737 3573 Eucharistiam
1769 3494 1869 3573 sibi
1901 3494 2019 3573 dari

417 3576 493 3629 ab
520 3564 733 3625 initiatis
768 3564 1279 3647 postulasset,_eam
1305 3610 1319 3635 ,
1360 3584 1423 3622 ne
1461 3564 2019 3647 curiososoculosjn.

422 3648 578 3717 ferret
601 3636 823 3709 arcanis,
850 3645 902 3697 in
927 3636 1117 3717 orario
1138 3641 1433 3717 i_nvo_lutam
1462 3637 1736 3717 acceperit
1754 3678 1768 3703 ,
1796 3636 2018 3717 utnidem

420 3705 642 3771 "sanctus
690 3705 895 3769 notavit
940 3716 1073 3769 lib.i
1124 3713 1196 3767 de
1250 3712 1491 3766 Excessu
1550 3705 1813 3778 ejusdem
1845 3705 2021 3776 Satyri

422 3785 689 3861 numiui.
719 3785 1102 3861 '[illemontius
1143 3793 1332 3861 auuol.
1362 3781 1436 3861 6,
1459 3781 1511 3834 in
1550 3775 1748 3861 arta'l,
1784 3775 1851 3861 d_e
1898 3775 2023 3861 pet:-

422 3856 699 3913 set-titione
732 3858 1022 3919 Valeriani,
1067 3856 1210 3910 titul.
1249 3870 1324 3919 ιν,
1351 3851 1787 3907 animadvertens
1809 3847 1907 3901 hos
1928 3850 2026 3902 mi-

424 3930 562 4004 nime
588 3940 905 3985 consecratos
929 3944 958 3983 a
982 3927 1208 4004 Zenone
1236 3924 1499 4004 appellari
1526 3920 1829 4004 christianos
1847 3960 1862 3985 ,
1892 3919 1954 4001 ha
1967 3936 2025 4003 p-

426 4003 618 4055 tizatos
639 4041 651 4063 .
685 4016 789 4056 non
818 4010 1000 4056 autem
1031 3998 1455 4053 catechumenos
1482 3994 1601 4047 heic
1630 3994 1806 4047 vocari
1838 3994 2025 4046 existi-

423 4082 576 4139 mat,
607 4073 832 4141 quibus,
873 4072 1010 4138 nisi,
1046 4078 1107 4123 ut
1148 4070 1573 4141 interpretatur,
1598 4064 1651 4117 in
1678 4064 1875 4141 clerum
1898 4078 2027 4141 con-

422 4134 859 4211 secrati'essent',
910 4134 1484 4211 sacrificiumpintueri
1534 4150 1643 4211 non
1678 4134 2023 4211 _|icebat,__in

425 4214 703 4270 occidente
724 4206 863 4270 enim
889 4215 1073 4270 velum
1103 4209 1424 4265 tendebatur
1445 4249 1460 4273 ,
1492 4221 1601 4275 quo
1624 4206 1743 4261 laici
1767 4206 2024 4275 impedie-

427 4287 623 4339 bantur
646 4325 659 4352 ,
688 4302 752 4342 ne
777 4286 830 4340 in
859 4301 1017 4341 sacra
1048 4283 1306 4354 mysteria
1332 4280 1529 4354 oculos
1555 4278 1917 4354 intenderent.
1949 4276 2026 4332 ita

427 4356 544 4411 ille.
567 4350 983 4426 At'sacriﬁcium
1021 4350 1126 4410 hoc
1157 4354 1275 4426 loco
1313 4351 1517 4405 dictum
1561 4350 1911 4426 Eucnharistia:
1942 4362 2026 4426 sa:

426 4436 758 4482 cramentum
778 4418 929 4494 {non
959 4432 1143 4481 autem
1177 4423 1464 4477 missarum
1510 4419 1832 4475 sacrificium
1864 4418 2026 4490 (quod

427 4498 831 4570 Tillemontium
854 4501 1070 4570 fefellit)
1086 4515 1147 4553 ex
1177 4503 1421 4570 annotat.
1452 4496 1698 4570 sequenti
1714 4494 1889 4570 palam
1915 4494 2023 4545 fiet.

428 4568 604 4624 Porro
640 4582 956 4627 consecratos
992 4566 1172 4627 dictos
1202 4569 1370 4623 fuisse
1406 4568 1571 4621 etiam
1610 4566 2027 4620 catechumenos

428 4656 501 4696 ex
530 4644 801 4698 nonnullis
849 4646 1079 4699 testibm
1113 4652 1291 4710 patet,
1323 4639 1463 4694 inter
1487 4636 1770 4710 quosvide
1796 4636 2026 4691 Pascha-

430 4711 538 4784 sini
566 4711 863 4783 Lylibetani
892 4715 1056 4784 epist.
1091 4709 1157 4767 ad
1191 4712 1451 4784 Leonem,
1482 4723 1601 4778 cap.
1630 4709 1699 4784 5,
1732 4710 1783 4763 in
1816 4722 1917 4784 qua
1937 4723 2025 4762 ca-

430 4780 781 4841 techumenos
839 4780 1216 4850 indicaturus,
1275 4783 1357 4837 his
1408 4795 1475 4835 eo
1541 4782 1758 4836 nomine
1836 4780 2021 4832 utitur.

431 4856 754 4930 Christianos
791 4874 956 4930 porro
983 4861 1099 4930 lere
1118 4856 1337 4930 quidem
1360 4853 1560 4930 dictos,
1592 4850 2026 4930 quihaptismale

433 4929 630 4981 initiati
676 4922 832 4997 sunt,
864 4929 1007 4984 haud
1061 4922 1395 4988 inficiamur;
1425 4922 1850 4997 quihusidcirco
1878 4932 2023 4977 cate-

430 5000 731 5056 chumenos
748 4994 1008 5071 opposuit
1021 4997 1358 5071 Augustinus
1383 5002 1539 5071 tract.
1566 5010 1600 5048 ιι
1625 4995 1676 5071 in
1702 4994 2022 5071 J_oan.,cap.

431 5074 501 5135 5,
535 5088 589 5125 η.
624 5073 693 5126 4:
728 5062 977 5126 Nesciunt
1008 5062 1359 5125 catechumeni
1402 5065 1523 5134 quid
1568 5068 1822 5134 accipiant
1864 5062 2025 5118 chris-

435 5144 588 5197 tiani.
612 5144 715 5197 Sed
737 5144 1158 5198 catechumenos
1200 5152 1414 5211 quoque
1441 5137 1747 5211 christianos
1774 5152 2025 5211 nonnunf

435 5229 599 5286 quam
620 5213 889 5286 ,AZenonis
919 5206 1233 5286 praesertim
1254 5206 1409 5273 aevo,
1438 5208 1770 5286 appellatos,
1794 5223 1860 5263 eo
1885 5206 2027 5286 quod

435 5278 490 5340 i'n
525 5283 797 5339 (Lhristum
827 5278 1147 5349 crederent,
1180 5283 1348 5352 liquet
1375 5295 1440 5335 ex
1478 5278 1856 5352 Theodosiano
1878 5278 2026 5352 cod,

435 5358 475 5412 l.
511 5372 639 5419 xw,
673 5357 750 5409 lit.
781 5357 844 5421 7,
878 5354 1009 5425 Leg.
1038 5354 1075 5408 2
1132 5348 1459 5425 Theodosii-
1475 5349 1715 5425 Senioris
1763 5364 1853 5404 an.
1885 5348 2027 5425 3§_5,

432 5418 669 5495 aliisque
699 5418 840 5496 patet
866 5418 1162 5496 exe'mplis,
1193 5425 1384 5496 quibus
1421 5418 1881 5496 Constantinuset
1909 5420 2026 5496 _Va-

435 5491 774 5556 lentiiiiaiitts
801 5496 991 5551 Iunior
1032 5491 1163 5551 licet
1206 5491 1579 5550 catechumeni
1606 5535 1620 5558 ,
1653 5491 1919 5544 christiani
1951 5500 2029 5544 ta-
2062 5514 2071 5517 -

433 5588 566 5631 men
620 5569 889 5637 principes
935 5568 1189 5637 appellati
1240 5566 1615 5637 inveniuntur.
1652 5561 1943 5637 idautem
1975 5564 2026 5637 in

431 5655 557 5699 rem
590 5634 828 5693 Zenonis
851 5634 1083 5694 maxime
1114 5638 1375 5693 intererat
1403 5676 1418 5699 ,
1448 5635 1537 5701 qui
1568 5635 1872 5687 christianos
1896 5634 2031 5689 dixit

435 5714 640 5793 ﬁdeles
666 5709 973 5784 quoslibet,
1003 5718 1270 5791 quatenus
1314 5705 1622 5765 infidelibus
1650 5714 1990 5781 Opponuntnr
2011 5748 2026 5775 ,

2113 689 2169 745 Si
2202 689 2492 757 terribilia,
2528 687 2913 745 consternata
2963 704 3143 769 metu,
3186 701 3414 763 forsitan
3437 750 3452 777 ,
3488 687 3607 780 ipso
3638 728 3759 769 ces-

2115 791 2302 853 sante,
2331 784 2513 841 illicita
2568 784 2647 840 eis
2688 787 2841 836 vota
2887 782 3162 861 donabis,
3195 799 3334 865 quod
3359 800 3565 857 maritis
3593 804 3757 861 etiam

2117 881 2217 936 sub
2246 880 2490 936 fidelibus
2511 880 2694 934 multae
2730 878 2945 936 fecere
2976 876 3191 955 pejores
3215 889 3340 947 Eva:
3368 910 3473 949 non
3506 895 3743 966 discipu.

2117 972 2183 1027 lae
2204 1016 2218 1039 ,
2242 972 2334 1028 sed
2360 972 2659 1044 magistrae;
2688 969 2794 1024 illa
2820 972 2979 1028 enim
3008 975 3235 1050 decepta
3258 1022 3272 1045 ,
3305 981 3386 1036 ha:
3430 998 3527 1038 sua
3552 996 3743 1054 sponte

2118 1079 2179 1120 se
2204 1064 2417 1120 diabolo
2443 1061 2800 1118 dediderunt.
2827 1059 2931 1118 Sin
2955 1080 3089 1121 vero
3116 1068 3337 1137 pacifica
3366 1079 3421 1125 et
3444 1072 3738 1137 salutaria;

2117 1155 2360 1227 profecto
2385 1154 2686 1218 laetaberis,
2723 1153 2892 1225 eique
2926 1166 3078 1212 tanto
3111 1173 3209 1228 pro
3241 1161 3432 1215 nuntio
3465 1164 3734 1233 morigera

2118 1248 2314 1317 conjux
2349 1262 2533 1315 pacem
2565 1247 2608 1302 si
2637 1261 2744 1301 non
2777 1246 2980 1317 ingeris
3002 1288 3020 1314 ,
3053 1264 3158 1305 nec
3184 1251 3421 1321 negabis.

2190 1340 2281 1395 IX.
2311 1340 2449 1409 Quid
2475 1341 2610 1409 agis,
2644 1341 2880 1396 misera?
2908 1340 3058 1412 quid,
3094 1357 3314 1410 vesana,
3341 1344 3583 1401 laetaris?
3608 1344 3729 1400 Non

2117 1442 2197 1489 est
2228 1432 2347 1505 (30)
2375 1447 2477 1503 pax
2504 1432 2628 1501 ista,
2663 1432 2759 1488 sed
2786 1432 3017 1499 bellum;
3047 1448 3157 1488 non
3199 1435 3443 1490 osculum
3465 1478 3480 1503 ,
3511 1436 3609 1492 sed
3635 1449 3733 1490 ve-

2120 1538 2344 1581 nenum.
2375 1521 2517 1577 Proh
2548 1521 2729 1578 nefas!
2754 1522 2930 1579 adhuc
2948 1521 3216 1579 fumantia
3248 1524 3361 1597 (Si)
3387 1526 3545 1583 busto
3570 1541 3732 1583 com-

2120 1617 2373 1688 plecteris
2403 1617 2643 1673 membra
2671 1659 2686 1685 ,
2738 1616 3110 1689 sudoremque
3138 1618 3479 1675 sordidarum
3510 1620 3736 1692 vaporis

2121 1724 2337 1765 ararum
2363 1723 2529 1764 carne
2562 1720 2647 1764 tua
2674 1708 2935 1778 detergis,
2978 1709 3209 1781 iocaris,
3237 1710 3525 1777 blandiris,
3570 1712 3737 1767 obsc-

2119 1802 2331 1872 queris;
2361 1801 2407 1857 si
2435 1801 2578 1872 quod
2625 1800 2765 1856 forte
2812 1808 3099 1872 acceptum
3144 1802 3449 1859 relatumve
3487 1801 3655 1858 fuerit
3705 1819 3736 1859 a

2120 1896 2234 1968 (52)
2266 1894 2497 1950 fanatico
2520 1894 2764 1949 solemne
2807 1894 3157 1966 mysterium,
3178 1895 3290 1968 62
3321 1896 3438 1967 ipsa
3477 1895 3737 1969 suscipis,

2125 2067 2234 2124 quo
2262 2066 2394 2108 sane
2426 2053 2483 2124 in
2521 2068 2746 2110 numero
2789 2055 3173 2112 catechumeni
3203 2058 3591 2115 censebantur.
3641 2061 3741 2122 His

2125 2122 2343 2195 quidem
2380 2122 2559 2197 solis,
2600 2139 2706 2179 non
2748 2138 2927 2180 autem
2972 2127 3263 2197 baptizatis
3302 2129 3527 2184 vetitum
3570 2131 3755 2195 fuisse-

2124 2193 2350 2273 cernere
2379 2193 2734 2273 Eucharistian
2772 2193 3180 2273 sacramentum
3205 2240 3219 2265 ,
3242 2199 3326 2253 vel
3356 2214 3426 2273 ex
3455 2215 3522 2257 eo
3551 2216 3738 2273 patet,

2125 2266 2267 2348 quod
2296 2265 2437 2321 istud
2467 2267 2722 2348 baptizati
2745 2276 2798 2322 et
2839 2269 3017 2338 palam
3049 2280 3335 2348 sumerent
3380 2272 3431 2324 in
3461 2265 3691 2334 ecclesia

2125 2337 2181 2392 et
2201 2337 2421 2391 domum
2452 2339 2615 2414 etiam
2642 2337 2933 2414 afferrent,
2967 2348 3026 2393 ut
3068 2340 3263 2395 eodem
3285 2382 3299 2407 ,
3334 2355 3459 2414 cum
3489 2360 3625 2414 opus
3652 2337 3740 2405 es;

2124 2417 2250 2488 set,
2280 2412 2618 2488 “semetipsos
2661 2410 3170 2479 communicarent,
3212 2412 3356 2483 quod
3404 2410 3538 2470 siae'
3565 2418 3738 2488 ipsius

2124 2480 2241 2549 visu
2275 2478 2389 2549 fieri
2421 2493 2531 2549 non
2557 2489 2785 2549 poterat.
3160 2478 3163 2479 ⁷
3230 2478 3243 2483 ⁷
3588 2478 3615 2527 ἠ

2197 2547 2316 2624 (29)
2347 2547 2677 2619 Sacriﬁcium
2719 2549 2807 2624 hic
2843 2558 3035 2624 aperte
3076 2552 3341 2621 accipitur
3372 2567 3472 2624 pro
3514 2556 3735 2618 Eucha-

2126 2620 2301 2700 ristia:
2320 2632 2662 2700 sacramento
2711 2620 2880 2700 (sicut
2916 2620 3287 2700 etiam_tr_act.
3333 2620 3438 2693 xv,
3474 2644 3623 2686 num.
3656 2633 3691 2688 5
3715 2677 3731 2700 ,

2125 2690 2661 2770 φιτίβεξιρηι-εωεεαιλ
2679 2690 2822 2770 quod
2849 2692 3076 2770 domum
3102 2693 3305 2770 inferre
3335 2690 3454 2754 mos
3483 2711 3631 2770 erat,
3665 2690 3735 2762 ne

2127 2762 2256 2837 dum
2308 2761 2493 2832 primis
2539 2761 2795 2837 Ecclesia:
2841 2765 3109 2837 saeculis,
3153 2765 3279 2821 dum
3323 2761 3734 2837 persecutiones

2129 2834 2447 2907 ingruerent
2473 2874 2487 2897 ,
2535 2832 2628 2888 sed
2673 2833 2904 2889 Zenonis
2937 2850 3185 2907 quoque
3234 2832 3434 2907 astate,
3489 2843 3597 2898 imo
3636 2832 3736 2904 alii.

2126 2911 2329 2974 quanto
2379 2904 2767 2987 ctiamnpost,
2816 2914 2873 2959 nt
2936 2904 3113 2976 liquet
3166 2922 3243 2987 eis
3286 2904 3505 2978 Basilio,
3555 2919 3723 2987 epist.

2127 2972 2512 3059 cccxxxrsnad
2556 2972 2902 3059 Caesarium,
2947 2972 3123 3059 etne:
3182 2972 3530 3059 Hieronymo,
3563 2972 3728 3059 abigi;

2125 3061 2291 3101 xum
2321 3047 2387 3099 ad
2410 3044 2833 3117 Pammachium.
2867 3046 3048 3101 Basilii
3092 3050 3261 3103 corevi
3304 3044 3541 3110 auctoris
3566 3044 3730 3117 verba

2128 3119 2360 3198 recitare
2374 3116 2578 3198 placet.
2601 3114 2663 3196 _U
2670 3119 2978 3185 nusquisque
3007 3118 3161 3197 etiam
3183 3134 3249 3173 ea:
3278 3120 3425 3178 laicis
3465 3136 3522 3181 ut
3560 3114 3727 3198 ptui}.

2126 3186 2445 3272 mum-habet
2474 3187 2611 3240 domi
2636 3203 2743 3270 sua:
2767 3188 3181 3272 communionem
3198 3230 3228 3272 ξ.
3247 3199 3441 3272 et_cunt
3466 3186 3606 3272 nuli,
3634 3186 3727 3272 per

2126 3258 2453 3337 semetipsum
2474 3260 2837 3337 communicat.
2855 3259 3157 3337 Memoratu
3180 3259 3399 3337 dignum
3421 3276 3504 3322 est
3523 3258 3688 3327 eti-ain
3706 3314 3721 3337 ,

2126 3330 2268 3400 quod
2315 3328 2570 3383 discimus
2609 3342 2678 3400 ex
2717 3330 3040 3400 Ambrosio,
3073 3329 3167 3385 lib.
3202 3328 3312 3386 me
3355 3334 3585 3396 Excessit
3622 3328 3727 3398 Sa:-

2127 3398 2227 3473 tyri
2282 3415 2429 3454 num.
2455 3400 2561 3473 A43,
2586 3398 2687 3473 ubi
2707 3399 3111 3473 traditurhunc
3135 3403 3247 3469 jam
3274 3406 3722 3473 catechumenqu

2127 3470 2178 3527 in
2208 3470 2738 3555 naut'rang'iiipericulo.
2761 3472 2822 3555 ab
2852 3473 3116 3555 iisnguos
3145 3473 3374 3531 initiatos
3403 3495 3510 3535 esse
3526 3470 3727 3555 cogno;

2127 3554 2298 3624 verat,
2362 3542 2612 3595 ‘divinum
2679 3542 2810 3624 illud
2858 3542 3509 3624 ﬁdelinntsacramentum
3557 3542 3724 3624 popo-

2126 3617 2280 3688 scisse
2298 3655 2311 3679 ,
2358 3630 2461 3668 non
2489 3624 2544 3666 ut
2583 3614 2811 3667 curiosos
2844 3612 3020 3688 oculos
3046 3615 3259 3684 inferret
3287 3623 3491 3676 arcanis
3510 3665 3525 3688 ,
3554 3612 3644 3678 sed
3670 3638 3725 3680 ut

2126 3686 2250 3765 ﬁdei
2296 3700 2405 3765 sua:
2431 3693 2819 3765 consequeretur
2858 3683 3156 3765 auxilium.-
3185 3691 3381 3765 etenint
3412 3683 3564 3764 ligari
3602 3700 3724 3765 fecit

2124 3757 2179 3810 in
2209 3756 2379 3837 maria
2400 3797 2413 3821 ,
2463 3767 2511 3837 et
2538 3760 2764 3837 orarium
2794 3756 3004 3837 involvit
3047 3756 3180 3811 collo
3205 3800 3220 3825 ,
3258 3776 3328 3837 ac
3372 3756 3540 3837 itajin
3574 3756 3724 3837 [nare

2127 3828 2456 3899 prosiliens,
2501 3828 2785 3899 incolumis
2820 3827 2992 3899 evasit
3023 3844 3035 3879 :
3070 3843 3137 3883 cx
3182 3830 3376 3899 quibus
3430 3827 3721 3892 Eucharisl

2130 3900 2255 3952 tiam
2287 3914 2315 3951 a
2335 3898 2663 3972 quibusdam
2695 3897 2873 3969 Satyri
2921 3897 3211 3972 comitibus
3248 3901 3530 3972 baptizatis
3558 3908 3720 3963 etiam

2128 3972 2183 4024 in
2212 3969 2485 4023 maritimo
2515 3969 2709 4025 itinere
2734 3984 2915 4023 secum
2945 3969 3158 4023 allatam
3190 3969 3437 4039 constat,
3470 3987 3527 4029 ut
3556 3977 3604 4032 id
3637 3981 3722 4035 vel

2129 4043 2357 4111 Satyro,
2392 4040 2517 4111 licet
2561 4040 2985 4104 catechumeno,
3015 4051 3200 4111 notum
3231 4055 3400 4099 esset.
3428 4046 3723 4106 Difflculta-

2131 4109 2241 4187 teni
2270 4110 2514 4187 fortassis
2544 4113 2814 4187 movebit,
2847 4111 2989 4187 quod
3020 4125 3052 4164 a
3094 4109 3316 4187 Zenone
3356 4116 3603 4187 additur,
3638 4137 3724 4174 sa-

2128 4183 2322 4252 criﬁcio
2345 4192 2493 4236 tuum
2529 4192 2703 4260 pectus
2740 4181 2980 4260 obtundet
3010 4198 3029 4260 ς
3067 4185 3160 4238 sed
3192 4196 3548 4260 praeterquam
3577 4181 3721 4260 quod

2130 4265 2341 4325 poterat
2358 4268 2490 4327 esse
2519 4257 2674 4324 panis
2700 4255 2840 4327 niale
2865 4255 3133 4327 crassior,
3159 4256 3253 4325 qui
3281 4255 3442 4312 ictum
3474 4255 3679 4315 faceret
3700 4301 3716 4327 ,

2132 4323 2273 4380 hunc
2319 4327 2372 4381 in
2415 4323 2553 4395 ligno
2578 4325 2938 4388 custoditum,
2966 4332 3022 4378 et
3061 4323 3279 4381 domum
3310 4327 3533 4384 allatum
3562 4323 3721 4387 colli-1

2129 4411 2316 4467 genitis
2344 4410 2408 4451 ex
2443 4406 2599 4451 tract.
2629 4410 2749 4463 xiv,
2780 4395 2845 4449 ad
2874 4404 2991 4467 not.
3020 4395 3106 4451 18.

2204 4467 2321 4541 (50)
2361 4471 2459 4526 Ms.
2492 4470 2634 4538 Tol.,
2659 4485 2764 4538 paa‘.
2792 4466 2881 4541 tibi
2900 4468 3036 4541 ista.

2206 4539 2322 4613 (3f)
2363 4542 2476 4598 Hoc
2497 4557 2697 4597 nomen
2727 4540 2866 4611 apud
2886 4539 3202 4613 Ciceronem
3223 4548 3277 4595 et
3301 4540 3436 4597 alios
3466 4541 3721 4612 frequens

2131 4610 2345 4684 legituri
2369 4624 2423 4670 et
2457 4610 3052 4684 sepulcrupitranslate
3084 4610 3401 4684 plerumque
3421 4610 3720 4683 significat;

2054 4685 2108 4746 D
2136 4682 2347 4755 praprfe
2373 4682 2552 4742 autem
2584 4686 2785 4740 indicat
2815 4685 2988 4753 ipsum
3011 4695 3232 4755 corpus,
3265 4682 3407 4753 quod
3432 4682 3719 4755 antequam

2128 4753 2468 4829 sepeliretur,
2496 4758 2742 4814 comburi
2767 4756 2894 4810 olim
2925 4753 3167 4829 solebat,
3196 4769 3427 4829 corpus,
3458 4753 3678 4829 inquam
3703 4799 3719 4826 ,

2128 4825 2303 4901 ipsum
2344 4831 2458 4895 jam
2488 4832 2866 4885 combustum:
2900 4826 3211 4901 d_i_citurq_ue_
3229 4825 3458 4901 bustum,
3491 4825 3566 4901 ait
3592 4825 3724 4884 Fas;

2130 4897 2245 4967 tus,
2293 4904 2437 4968 quasi
2488 4902 2610 4955 bene
2656 4911 2849 4955 ustum.
2923 4897 3031 4951 llac
3081 4897 3473 4964 significatione
3519 4898 3723 4956 bustum

2128 4971 2233 5029 hoc
2277 4973 2396 5027 loco
2448 4971 2642 5026 dicitur
2686 4969 2899 5025 victima
2933 4968 3090 5041 idolis
3119 4968 3398 5041 oblataet
3439 4979 3590 5037 usta;
3615 4987 3719 5041 qua

2127 5046 2335 5097 ratione
2392 5044 2550 5097 etiam
2584 5042 2902 5097 Ambrosius
2930 5038 3178 5094 similiter
3217 5038 3399 5094 dixit:
3431 5043 3606 5109 [unius
3634 5038 3720 5098 ea:

2130 5114 2273 5169 busto
2300 5114 2353 5168 in
2376 5114 2535 5183 epist.
2566 5128 2673 5167 xvu
2700 5113 2764 5183 ad
2791 5110 3219 5183 Valentinianum
3251 5126 3305 5164 n.
3332 5111 3403 5183 ~9,
3434 5113 3526 5180 qui
3571 5114 3721 5169 locus

2131 5181 2536 5255 significationis
2584 5182 2970 5255 confirmanda}
3017 5193 3181 5255 causn
3236 5181 3542 5237 recitandus
3612 5194 3716 5255 est.

2132 5251 2203 5312 Si
2221 5256 2619 5326 hodie,-iuquit,
2650 5252 3078 5326 Gentilisyaliquis
3106 5251 3406 5323 imperator,
3428 5261 3580 5326 Aquod
3627 5254 3720 5307 ab-

2106 5330 2217 5394 ,ait,
2250 5344 2394 5382 aram
2437 5324 2677 5381 statueret
2726 5324 3035 5385 simulacris,
3063 5331 3108 5376 et
3135 5338 3192 5375 eo
3230 5324 3498 5380 convenire
3526 5333 3733 5395 cogeret

2133 5400 2445 5454 christianos
2461 5440 2475 5464 ,
2528 5406 2585 5452 ut
2629 5395 3038 5467 sacriﬁcantibus
3063 5394 3468 5467 interessent,‘ut
3494 5397 3725 5467 oppleret

2135 5471 2392 5526 anhelitus
2422 5463 2468 5525 et
2499 5486 2591 5523 ora
2612 5463 2855 5541 ﬁdelium
2886 5467 3014 5520 cinis
3045 5474 3091 5520 et
3118 5480 3230 5529 ara,
3256 5463 3434 5535 favilla
3472 5463 3535 5519 de
3562 5463 3751 5541 sacrig

2134 5544 2286 5615 legio,
2320 5547 2489 5612 fumus
2515 5558 2577 5596 ea;
2603 5540 2766 5606 busto,
2797 5547 2902 5594 etc.

2207 5632 2319 5708 (52)
2340 5634 2540 5708 Horatii
2555 5631 2884 5708 Scholiastcs
2902 5629 2955 5683 in
2973 5629 3158 5708 Artem
3173 5623 3582 5708 Poeticam’pag.
3604 5624 3729 5683 638.

2139 5697 2383 5766 Fanaiici
2412 5706 2675 5769 dicuntur,
2702 5702 2789 5777 qui
2820 5698 3134 5774 lymphatico
3159 5697 3342 5768 spiritu
3369 5697 3647 5764 agitantur,
3688 5708 3736 5758 et
