4216 6178
501 316 603 372 511

1854 294 2100 353 SANCTI
2140 292 2429 349 ZENONIS

3692 277 3799 332 512

502 438 619 504 ipsa
643 431 881 503 reponis,
909 430 1023 499 ipsa
1041 425 1303 483 custodis.
1331 422 1443 479 Una
1472 418 1589 493 (5'5)
1615 418 1796 475 cibum
1829 427 2091 488 praeterea
2123 417 2172 475 Α
2198 421 2382 477 tatem,
2414 407 2732 480 probitatem
2753 448 2766 471 ,
2820 401 3186 466 concordiim,
3221 397 3540 453 charitntem
3560 439 3574 461 ,
3607 408 3800 449 omnes

502 526 653 596 capis
671 524 909 593 reliquas
930 518 1103 590 poculi
1124 515 1391 587 propitiati
1410 510 1697 569 lambendo
1718 509 1879 565 labris
1896 505 2100 564 exhau-

504 620 600 683 ris,
631 616 900 684 futurique
952 612 1176 668 haustus
1203 609 1354 681 quasi
1388 605 1645 677 quasdam
1679 603 1941 674 primitias
1968 614 2096 655 aus-

504 710 738 780 picaris,
796 716 966 761 totum
1020 718 1241 776 prorsus
1296 699 1594 771 iniquitatis
1636 696 1884 768 spiritum
1922 693 2096 748 libens

502 799 743 870 concipis
796 814 891 869 per
940 799 1191 852 maritum
1227 812 1239 848 :
1273 793 1459 848 infelix
1497 792 1605 860 jam
1657 790 1777 860 plus
1832 788 1887 842 in
1923 795 1974 840 te
2013 793 2098 840 est

499 910 658 965 quam
692 893 742 947 in
770 892 971 959 templo
997 888 1272 945 remansit.
1297 884 1367 942 At
1396 885 1442 940 si
1473 894 1525 939 te
1552 898 1738 939 serves
1773 892 1935 950 atque
1961 894 2092 932 con-

501 990 696 1049 tineas.
724 985 1009 1043 (estimabit
1040 999 1145 1037 non
1177 996 1361 1036 amore
1396 978 1562 1034 divini
1608 976 1806 1041 cultus,
1838 974 1932 1030 sed
1963 971 2097 1027 alte-

497 1081 612 1135 rius
658 1079 887 1148 alicujus
936 1075 1206 1131 desiderio
1260 1074 1312 1127 in
1361 1087 1511 1127 suam
1556 1070 1658 1124 hoc
1715 1065 2093 1123 contumeliam

500 1171 777 1240 procurari
812 1187 824 1224 :
858 1166 1123 1223 castitatis
1144 1163 1611 1232 obscrvantiwque
1641 1162 1891 1215 virtutem
1923 1156 2091 1212 devo-

497 1267 641 1321 cabit
668 1267 719 1320 in
749 1266 974 1320 Crimen.
1007 1260 1146 1328 Quid
1178 1260 1319 1314 enim
1351 1258 1439 1312 ille
1476 1256 1600 1310 mali
1631 1254 1745 1327 (34)
1782 1270 1886 1308 non
1912 1251 2094 1319 suspi-

497 1367 671 1423 cetur,
701 1374 808 1412 non
835 1352 1177 1419 efficiat,diis
1197 1349 1530 1412 crudelibus,
1558 1346 1660 1401 diis
1691 1345 1949 1400 adulteris
1975 1358 2093 1397 scr-

494 1450 884 1519 viens?ltaque
902 1447 1153 1516 deinceps
1172 1443 1314 1514 fuge.
1333 1443 1505 1507 virgo,
1524 1440 1666 1510 iuge,
1686 1439 1866 1503 vidua,
1884 1435 2095 1505 nuptias

497 1543 652 1596 tales.
687 1540 977 1595 Excusatio
1003 1552 1220 1608 prorsus
1250 1536 1394 1590 nulla
1427 1532 1685 1602 competit
1716 1531 1834 1585 tibi.
1885 1529 1941 1584 Si
1966 1544 2095 1583 con-

495 1636 674 1689 tinens
703 1647 826 1688 esse
854 1647 959 1685 non
1014 1629 1221 1700 poteris
1254 1671 1267 1693 ,
1322 1627 1515 1683 saltem
1562 1623 1669 1678 noli
1716 1632 1834 1677 tuas
1880 1620 2094 1689 nuptias

494 1727 611 1797 (35)
642 1726 904 1787 fenerare,
933 1738 1001 1777 ne
1028 1723 1083 1776 in
1114 1722 1204 1775 illo
1236 1717 1653 1775 resurrectionis
1683 1715 1769 1769 die
1800 1713 1942 1767 inter
1979 1712 2095 1783 piti-

2201 513 2343 560 artes
2372 515 2674 571 omnesque
2705 498 2955 563 virtutes,
3011 496 3123 566 ipsa
3147 507 3361 566 quoque
3409 492 3678 548 elementa
3720 486 3800 561 (ί)

2199 605 2449 652 constare
2477 610 2582 648 non
2613 606 2773 661 posse
2819 591 2936 647 sine
2980 592 3099 659 ejus
3144 586 3453 643 eruditione
3484 585 3569 641 vel
3618 585 3794 639 freno.

2202 691 2297 745 Est
2334 689 2475 744 enim
2505 685 2583 759 (5)
2635 693 2846 741 matura
2885 696 3139 753 semper,
3196 678 3621 743 liumilis,cauia,
3674 691 3799 745 pru-

2200 782 2359 847 dens,
2391 779 2644 850 provida,
2694 777 2841 832 omni
2889 776 3212 830 necessitate
3250 781 3500 827 contenta
3535 816 3550 838 ,
3610 770 3801 839 quavis

2202 875 2568 929 turbationum
2650 877 2970 940 tempesmte
3041 866 3355 935 tranquilla.
3437 861 3794 920 Scrcnitatem

2200 982 2352 1023 suam
2416 964 2495 1037 (6)
2531 963 2746 1019 nebulis
2776 958 3150 1017 turbulenlare
3176 976 3289 1013 non
3323 957 3490 1012 novit.
3525 956 3801 1012 Ptenileiz-

2202 1061 2328 1115 tiam
2364 1060 2576 1116 nescit:
2611 1058 2689 1132 (7)
2740 1057 3021 1112 altercatio
3047 1053 3189 1125 quid-
3217 1054 3285 1106 sit
3330 1052 3576 1122 ignorat;
3610 1066 3799 1106 omnes

2200 1164 2292 1209 ant
2317 1153 2540 1221 devitat,
2585 1160 2681 1207 aut
2711 1159 2883 1220 portat
2928 1148 3173 1218 injurias.
3207 1145 3474 1202 incertum
3502 1154 3588 1200 est
3621 1151 3795 1198 utrmu

2202 1247 2554 1317 impassibilis
2575 1246 2868 1317 judicetnr,
2894 1258 3014 1297 cum
3045 1239 3245 1309 aliquid
3269 1254 3446 1309 passa,
3478 1238 3634 1306 quasi
3666 1237 3797 1293 nihil

2204 1353 2356 1408 passa
2385 1339 2478 1403 sit,
2513 1337 2804 1393 invenitur.
2851 1335 3133 1391 Postremo
3176 1332 3508 1402 impossibile
3537 1340 3642 1395 est,
3694 1330 3800 1385 fra-

2202 1441 2333 1500 tres,
2362 1431 2479 1501 ejus
2512 1432 2782 1486 mstimare
2837 1428 3131 1486 virtutem,
3173 1425 3329 1494 cujus
3376 1424 3518 1478 vinci
3568 1424 3794 1478 vietoria

2200 1536 2305 1581 est.
2336 1525 2452 1579 Non
2487 1525 2632 1578 illam
2678 1523 2795 1577 loco
2846 1521 2928 1576 vis
2960 1519 3064 1575 ulla
3098 1519 3422 1589 detorquet,
3473 1532 3578 1570 non
3626 1515 3795 1581 labor,

2202 1634 2307 1673 non
2340 1620 2524 1684 fames,
2555 1632 2661 1672 non
2694 1614 2925 1677 nuditas,
2957 1628 3063 1668 non
3099 1610 3425 1682 persecutio,
3458 1623 3564 1662 non
3590 1616 3795 1670 metus.

2202 1727 2309 1766 non
2344 1710 2661 1780 periculum,
2696 1724 2800 1763 non
2828 1722 2995 1772 mors,
3030 1720 3137 1760 non
3167 1714 3436 1758 tormenta
3482 1711 3658 1755 morte
3683 1700 3796 1769 ipsa

496 1821 666 1874 rimos
715 1818 936 1872 maritos
972 1832 1079 1870 non
1129 1815 1306 1885 possis
1357 1813 1511 1882 Cujus
1553 1810 1716 1865 fueris
1744 1824 1881 1864 uxor
1928 1823 2093 1877 agno-
2123 1790 2171 1850 Β
2199 1803 2469 1875 graviora,
2502 1817 2610 1856 non
2639 1808 2897 1871 potestas,
2943 1814 3048 1853 non
3092 1796 3314 1851 ambitio
3342 1836 3357 1860 ,
3404 1808 3511 1848 non
3545 1791 3790 1847 felicitas.

490 1927 663 1967 scere.
693 1910 813 1965 Noli
845 1926 966 1965 esse
996 1909 1254 1979 sacrilega
1283 1949 1298 1974 ,
1331 1905 1445 1977 (56)
1495 1906 1603 1959 noli
1631 1902 1899 1981 proditrix
1926 1902 2085 1971 legis.

493 2004 725 2060 Profano
754 2019 850 2059 cur
880 2004 1082 2068 nubas,
1116 2007 1234 2057 eam
1272 2001 1444 2070 possis
1496 1999 1698 2054 nubere
1740 1995 2092 2052 Christiano?

945 2134 1056 2206 33
1089 2128 1504 2188 'fltACTATUS
1544 2128 1629 2183 γι.

1026 2247 1103 2301 De
1132 2245 1213 2319 (l)
1245 2244 1524 2300 Patientia.

560 2365 599 2420 l.
636 2365 749 2420 Etsi
779 2363 930 2418 beata
963 2361 1192 2417 diversis
1214 2361 1318 2416 vita
1351 2359 1643 2415 virtutibus
1665 2357 1954 2429 quaeritur,
1987 2372 2084 2412 cu-

499 2459 589 2529 jus
638 2458 716 2531 (2)
757 2456 1013 2529 cupidine
1057 2454 1292 2525 flagrans
1317 2452 1625 2515 immanitas
1671 2466 1768 2522 per
1815 2457 2087 2505 momenta

486 2557 717 2628 suSpirat
741 2574 756 2622 ;
778 2567 955 2610 tamen
975 2568 1167 2608 omnes
1191 2567 1299 2607 uno
1321 2550 1622 2619 eodemque
1645 2563 1914 2604 consensu
1933 2545 2089 2618 quasi

485 2650 776 2724 quemdam
846 2647 1120 2719 patientiae
1171 2643 1490 2702 deferuntur
1540 2642 1594 2697 in
1653 2648 1910 2712 portum,
1970 2640 2088 2695 sine

486 2762 593 2816 qua
616 2758 716 2800 nec
741 2742 940 2805 audiri,
977 2756 1075 2795 nec
1098 2740 1335 2809 concipi,
1384 2753 1486 2793 nec
1510 2736 1643 2791 disci
1672 2734 1962 2804 quidquam
1991 2748 2086 2802 po-

484 2839 630 2902 terit,
664 2850 763 2891 nec
792 2833 999 2889 doceri.
1032 2832 1166 2886 Nam
1212 2832 1452 2900 profecto
1498 2828 1613 2882 sola
1657 2836 1741 2881 est
1770 2868 1785 2891 ,
1832 2827 1897 2880 ad
1922 2839 2083 2896 quam

479 2940 705 3005 prorsus
735 2942 824 2981 res
856 2924 1001 2978 omni
1031 2923 1112 2994 ('5)
1143 2923 1452 2994 adspectet:
1478 2920 1698 2975 dubium
1721 2919 1922 2989 quippe
1959 2933 2083 2973 cum

483 3036 589 3077 non
620 3020 710 3083 sit,
742 3033 918 3090 spem,
952 3016 1134 3084 fidem,
1178 3015 1464 3085 justitiam,
1491 3012 1850 3068 humilitatem
1878 3048 1894 3077 ,
1923 3010 2086 3067 casti-

2200 1899 2425 1966 Semper
2459 1895 2751 1952 immobilis
2801 1901 3019 1958 manet,
3078 1892 3183 1946 alta
3226 1888 3459 1960 quadam
3506 1901 3570 1942 ac
3613 1886 3794 1940 divina

2201 1990 2554 2059 temperantia
2601 1988 2817 2043 t‘obuste
2846 1987 2925 2057 (8)
2973 1983 3165 2039 librata
3196 1982 3474 2035 universas
3509 1980 3796 2051 permotio-

2132 2100 2135 2107 ·
2198 2098 2295 2138 nes
2326 2082 2627 2136 animorum
2654 2078 2858 2149 placida
2908 2072 3790 2146 moderatione“compescens,

2194 2184 2248 2231 et
2294 2186 2350 2230 ut
2384 2175 2565 2230 omnia
2600 2171 2679 2245 (9)
2706 2186 2813 2227 non
2843 2182 3168 2242 magnopere
3198 2166 3447 2223 dcvincat
3473 2209 3488 2231 ,
3536 2179 3593 2219 se
3622 2165 3793 2234 primo

2199 2269 2387 2325 vincit.
2797 2319 2805 2327 .

2268 2362 2329 2417 ll.
2358 2361 2475 2417 Non
2497 2361 2725 2416 virtutes
2757 2365 2981 2428 possunt
3024 2369 3144 2412 esse
3175 2353 3429 2421 virtutes,
3462 2366 3567 2407 non
3598 2366 3792 2421 pereo-

2199 2470 2297 2511 nes
2326 2454 2719 2511 elementorum
2760 2450 2876 2524 (10)
2906 2462 3097 2519 status,
3133 2468 3239 2508 non
3282 2462 3525 2521 tempora
3568 2462 3790 2521 cognata

2197 2547 2536 2603 connexione
2584 2546 2636 2601 in
2666 2546 2940 2601 solemnes
2969 2545 3174 2601 reditus
3220 2554 3591 2601 commearent
3624 2583 3640 2611 ,
3693 2543 3790 2596 nisi

2198 2655 2379 2694 rerum
2401 2638 2739 2708 disciplinam
2770 2640 3307 2711 conversionemque,
3349 2637 3506 2709 quasi
3546 2636 3788 2707 quaedam

2196 2731 2425 2807 sollicita
2458 2742 2630 2785 mater
2663 2772 2677 2797 ,
2729 2731 2990 2802 patientia
3041 2732 3362 2788 custodiret.
3419 2732 3512 2787 Sol
3558 2731 3790 2797 denique

2194 2823 2439 2893 quamvis
2469 2821 2602 2876 mira
2636 2822 2914 2877 celeritate
2968 2822 3207 2879 alternas
3265 2822 3449 2879 mundi
3506 2834 3680 2879 metas
3729 2823 3791 2878 il—

2194 2907 2431 2977 lustret,
2482 2926 2659 2969 tamen
2693 2930 2965 2985 nunquam
3015 2915 3269 2971 dilectam
3320 2918 3789 2987 verecundamque

2193 3009 2479 3063 antevertit
2512 3022 2761 3063 auroram
2796 3026 2809 3062 :
2860 3009 2989 3079 qui,
3019 3008 3161 3079 quod
3194 3008 3365 3080 majus
3391 3018 3496 3078 est,
3526 3009 3787 3065 duodenis

484 3182 776 3253 phrenesint
827 3180 1111 3253 patiuntttr.
1165 3175 1253 3253 ili;
1275 3175 1346 3253 ita
1374 3173 1505 3253 dicti
1541 3187 1635 3253 per
1667 3172 2039 3253 metaphoram
2068 3186 2082 3235 ;
2114 3174 2158 3236 (ζ
2194 3168 2729 3253 υκρνίεβιηιοφθηγςξ
2770 3168 2839 3223 de
2880 3166 3175 3250 homicidio
3207 3168 3305 3223 sibi
3348 3167 3665 3224 intentando
3694 3184 3783 3224 su-

481 3241 698 3323 proprie
716 3241 860 3306 enim
894 3250 1151 3323 fanaticus
1172 3262 1200 3300 a
1230 3246 1389 3311 fanis,
1411 3246 1553 3323 sicut
1580 3244 1648 3297 ab
1676 3244 1784 3296 aris
1804 3241 2005 3323 oridus,
2031 3252 2085 3323 et

483 3312 751 3395 significat
786 3312 1134 3395 sacerdotum
1156 3332 1347 3385 genus,
1390 3315 1486 3395 qui
1518 3326 1652 3395 gestu
1676 3312 1909 3395 quodam
1942 3312 2081 3395 divi-

480 3383 656 3457 ηδ’,ιιι
704 3391 946 3448 Gentiles
991 3383 1289 3456 putabant,
1342 3383 1629 3457 perciti,ie
1676 3385 1901 3457 deorum
1946 3383 2082 3457 fanis

480 3455 742 3535 responsa
770 3455 1308 3525 vaticinabantur,dc
1324 3455 1521 3529 quibus
1550 3456 1850 3520 iuvenalis,
1873 3456 1991 3508 Sat.
2021 3455 2079 3510 4.

479 3552 627 3592 vers.
660 3535 761 3589 125
807 3552 819 3587 :

726 3648 825 3697 Sed
850 3654 903 3698 ut
928 3647 1161 3696 fanaticus
1181 3648 1334 3694 (estro

729 3712 1000 3762 Percussus
1014 3709 1217 3758 Bellona
1239 3713 1323 3756 tuo
1345 3705 1527 3755 divinat
1550 3710 1585 3753 :'

479 3828 534 3874 et
560 3814 919 3872 Prudentius:

724 3928 832 3978 Non
856 3934 1045 3989 Spumat
1062 3925 1270 3976 anhelus

726 3991 844 4041 Fata
870 3986 1108 4054 sibyllinis
1129 3988 1369 4038 fanaticus
1394 3986 1523 4037 edita
1547 3986 1702 4036 libris.

478 4101 678 4157 Horum
719 4097 922 4151 tnentio
953 4097 1223 4165 reperitur
1250 4093 1387 4163 apud
1420 4092 1734 4155 Ciceronem
1781 4110 1897 4165 pro”
1921 4094 2075 4149 domo

473 4189 589 4234 sua,
624 4170 827 4223 Arnob.
861 4169 937 4221 lib
991 4164 1029 4231 I,
1081 4183 1200 4233 pag.
1235 4167 1325 4230 l5,
1352 4176 1403 4219 et
1434 4165 1566 4219 alios
1598 4165 1801 4233 plures.
1856 4164 2074 4220 Fanati-

474 4243 839 4318 easiepoz‘rtzri;
871 4238 1156 4318 iepédoulo;
1184 4236 1475 4318 dicitttt'hin
1511 4235 1959 4318 gloSSis._Vermn
1990 4239 2075 4307 [a-

471 4307 696 4369 naticzim
746 4313 831 4365 hic
877 4307 1201 4378 appellatum
1249 4308 1638 4378 intelligimus,
1670 4307 1998 4377 quicumque
2041 4326 2069 4364 a

472 4385 610 4440 fanis
640 4383 812 4439 redux
845 4377 1046 4451 aliquid
1093 4380 1217 4435 inde
1259 4377 1475 4433 alierret
1507 4377 1822 4443 referretve,
1848 4394 1912 4433 ac
1935 4395 2068 4448 prie-

471 4456 659 4511 sertim
706 4456 795 4523 qui
824 4452 1163 4507 sacerdotum
1197 4466 1480 4520 responsa,
1514 4451 1583 4523 ob
1608 4466 1727 4523 qnzc
1747 4451 1830 4503 isti
1854 4451 2071 4523 fanatici

471 4538 596 4581 sunt
627 4522 898 4593 appellati,
940 4533 1207 4591 repeteret
1239 4565 1254 4587 ,
1283 4522 1587 4593 cujusmodi
1631 4522 1792 4575 fuisse
1823 4522 2068 4576 videmus

468 4613 615 4661 eum,
646 4591 715 4651 de
763 4608 870 4666 quo
920 4594 977 4666 S.
1031 4594 1176 4666 Zeno
1220 4591 1817 4666 loquitur.AFanatifos-
1844 4593 2061 4660 quidem

464 4668 520 4725 S.
553 4663 904 4730 Augustinus,
928 4665 981 4718 in
1009 4664 1146 4736 psal.
1178 4680 1267 4736 χιι,
1302 4679 1453 4718 num.
1487 4663 1539 4736 ir,
1565 4678 1683 4736 pag.
1714 4663 1850 4722 διδ,
1884 4665 2059 4716 nomi-

466 4752 557 4794 nat
616 4754 711 4793 eos
756 4752 988 4806 paganos
1012 4733 1120 4803 'qni
1164 4734 1233 4787 de
1273 4736 1425 4788 ruina
1476 4733 1893 4806 christianorttm
1943 4741 2060 4787 tan-

465 4825 624 4880 quam
653 4825 718 4864 ex
743 4803 962 4861 «irarum
993 4806 1133 4880 inter
1159 4819 1280 4880 sese
1302 4803 1720 4880 respondebant.

537 4880 653 4950 (35)
692 4878 1055 4939 Roprcliendit
1094 4891 1198 4950 non
1235 4874 1497 4950 simplicis
1547 4875 1648 4950 cibi
1677 4875 2056 4950 _sun_ipti_ouem

460 4945 583 5006 cum
608 4945 807 5003 infideli
823 4951 1071 5013 coniuge,
1094 4946 1187 4998 sed
1206 4945 1565 5012 sumptionem
1586 4945 1688 4999 cibi
1713 4962 1775 5000 ex
1792 4945 2055 5000 idolorum

462 5020 730 5074 sacrificio
754 5021 974 5072 domum
1004 5032 1031 5069 a
1056 5015 1439 5088 maritoallati.
1467 5030 1566 5070 nec
1593 5032 1697 5068 non
1725 5018 1859 5069 alias
1885 5017 1935 5071 id
1966 5036 2058 5088 ge-

462 5094 608 5145 neris
658 5088 1076 5157 superstitiones
1124 5089 1175 5140 in
1225 5086 1346 5140 cibo
1393 5097 1448 5141 et
1519 5096 1640 5156 potu
1683 5090 1834 5141 statis
1865 5086 2054 5143 dielius

459 5163 705 5221 usitatas,
737 5162 804 5214 de
834 5159 1030 5226 quibus
1059 5157 1348 5212 christiana
1376 5160 1563 5213 mulier
1592 5162 1708 5214 sine
1736 5160 2054 5215 idololatria:

458 5232 581 5285 labe
613 5230 931 5300 participare
957 5242 1062 5283 non
1092 5237 1323 5301 poterat.
1352 5228 1486 5284 Vide
1515 5230 1583 5284 de
1614 5230 1696 5285 bis
1736 5231 1883 5301 plura
1912 5234 2052 5301 apud

457 5298 876 5364 Tertulliauuin,
910 5302 961 5353 in
995 5301 1134 5356 libro
1165 5300 1228 5353 de
1256 5298 1585 5355 Idololatria.

531 5372 646 5447 (54)
673 5374 829 5427 Notat
853 5370 1235 5447 Tertullianus,
1269 5371 1359 5424 lib.
1392 5374 1519 5447 uad
1550 5371 1807 5434 Uxorem,
1832 5385 1953 5447 cap.
1993 5375 2045 5437 5,

456 5443 694 5515 paganos
710 5448 877 5504 viros.
905 5446 947 5498 si
975 5443 1298 5496 Christianas
1327 5444 1579 5497 mulieres
1616 5443 2051 5515 sesecontinere

451 5514 505 5572 et
535 5532 627 5571 sua
662 5531 813 5571 sacra
840 5516 1018 5570 celare
1058 5515 1424 5581 inspicerent,
1460 5516 1511 5568 in
1562 5514 1925 5581 suspicionem
1959 5529 2051 5568 ve-

449 5587 614 5651 ni~se,
652 5603 717 5639 ne
742 5588 931 5649 magiae
981 5584 1173 5639 darent
1212 5599 1468 5652 operam,
1518 5593 1607 5638 aut
1656 5600 1918 5638 venenum
1944 5585 2046 5641 sibi

446 5672 638 5726 parare
689 5660 1103 5713 meditarentur.
1138 5656 1497 5726 Adulterarum
1538 5664 1718 5709 autem
1749 5665 1805 5709 et
1856 5657 2039 5709 crude-

436 5724 564 5808 (ἔρυξε
617 5730 838 5808 deerant
887 5726 1093 5808 idcirco
1149 5728 1204 5808 S_.
1239 5724 1387 5803 Zeno
1437 5727 1712 5808 meminit;
1755 5726 2037 5797 quodqui

426 5801 691 5857 adulteria
722 5802 776 5856 et
823 5797 1119 5856 homicidia
1169 5800 1392 5854 deorum
1431 5799 1560 5855 celit
1590 5839 1602 5855 .
1663 5800 1729 5852 de
1785 5798 2034 5855 adultero

2194 3243 2392 3311 spicari
2417 3257 2521 3297 non
2546 3240 2765 3296 difﬁcile
2787 3240 2975 3311 possit.
3050 3310 3077 3311 η
3190 3282 3195 3285 ,

2263 3313 2397 3385 (55)
2412 3312 2611 3368 Fcnero
2629 3311 2717 3367 hic
2743 3310 2838 3385 pro
2857 3310 3232 3385 multiplicare.
3259 3310 3557 3385 seuplures
3571 3314 3782 3385 nuptias

2188 3381 2346 3439 inire.
2380 3384 2644 3442 Similiter
2664 3383 3001 3447 Ambrosius,
3034 3382 3127 3436 lib.
3161 3397 3196 3435 ιι
3236 3381 3298 3434 de
3343 3381 3548 3453 Ofﬁciis
3574 3399 3694 3452 cap.
3725 3384 3778 3451 6,

2187 3471 2338 3510 num.
2372 3457 2465 3519 ω,
2498 3460 2752 3524 feneratos
2774 3462 3047 3522 proventus
3080 3468 3176 3522 pro
3203 3452 3569 3526 multiplicatos
3593 3457 3742 3510 dixit.

2261 3526 2375 3597 (56)
2419 3527 2555 3581 Edit.
2593 3526 2750 3588 Ven.,
2775 3540 2875 3597 non
2905 3526 3176 3589 proditrix.

2256 3595 2464 3676 Tutior.
2504 3597 2665 3676 Vl._—-
2694 3598 2774 3676 (1)
2798 3595 3166 3676 Ηῇίλιιιιιριειιιιε
3185 3596 3513 3676 gravissimus
3530 3596 3725 3676 dicitur
3746 3612 3775 3651 a

2182 3666 2503 3742 Qasaubono
2519 3669 2571 3723 in
2588 3666 2852 3742 Spartiani
2875 3666 3155 3742 Severum,
3175 3666 3439 3742 533.422,
3457 3684 3516 3742 τι.Δ
3537 3667 3592 3723 In
3610 3672 3774 3736 prima

2188 3738 2316 3794 Ven.
2336 3742 2462 3795 edit.
2484 3740 2883 3802 inscribitur,de
2903 3738 3423 3797 Patientite'laudibus
3435 3748 3485 3792 et
3498 3739 3774 3807 impatien-

2184 3814 2269 3892 tito
2289 3813 2456 3892 malis;
2484 3811 2652 3892 Hujus
2680 3819 2939 3892 tractatus
2960 3811 3166 3892 initium
3199 3829 3251 3870 et
3300 3809 3422 3865 ﬁnis
3445 3811 3774 3892 insertisuut

2182 3882 3005 3963 vitze.S_..chonis_scripttc_ab
3041 3886 3265 3953 antiquo
3293 3882 3558 3963 miniaclio
3594 3880 3771 3963 geno-

2180 3954 2326 4008 niani
2368 3954 2696 4009 Veronensis
2744 3953 2976 4009 ctenobii
3013 3994 3026 4012 .
3086 3951 3244 4023 quam
3298 3951 3538 4007 marcltio
3592 3952 3770 4017 Scipio

2179 4022 2422 4098 Mall‘eius
2451 4024 2620 4098 edidit
2660 4026 3194 4098 interitionumenta,
3224 4039 3345 4098 qua:
3372 4024 3601 4098 subjecit
3624 4024 3771 4098 Aliis-

2177 4097 2323 4150 toria:
2348 4096 2711 4166 diplomaticw,
2728 4094 2884 4150 edita:
2907 4111 2991 4149 an.
3017 4097 3176 4153 1727.
3206 4094 3279 4152 Eii
3306 4096 3402 4149 hac
3420 4094 3550 4166 Vita
3567 4096 3768 4165 aliquot

2178 4169 2354 4222 varias
2377 4163 2636 4221 lectiones
2663 4182 2765 4220 non
2788 4170 3210 4225 contemnendas
3235 4163 3579 4224 adhibuimus
3600 4212 3615 4236 ,
3646 4163 3766 4240 qua:

2176 4241 2289 4290 suis
2314 4241 2445 4293 locis
2477 4240 2823 4292 notalmnlur.

2247 4309 2326 4379 (9.)
2349 4310 2446 4384 lix
2479 4308 2606 4384 _\’ita
2659 4310 3086 4384 emendivimus,
3111 4328 3231 4368 eum
3267 4312 3536 4382 legeretur
3564 4312 3767 4384 cupidi-

2177 4396 2289 4432 nem
2347 4380 2443 4434 Ms.
2479 4379 2691 4450 Pomp.,
2722 4381 3022 4448 cupiditate.

2246 4452 2327 4519 (5)
2368 4451 2494 4523 Msa
2523 4451 2705 4517 Rem.,
2738 4452 2972 4511 Tolent..
3005 4465 3230 4523 expectet
3256 4472 3273 4509 :
3297 4454 3411 4509 Vita
3445 4454 3667 4523 Spectat.

2250 4525 2330 4606 (il)
2362 4522 2419 4606 in
2450 4523 2611 4606 editis
2633 4534 2694 4606 et
2716 4538 2847 4577 mss.
2880 4524 2983 4606 lioc
3009 4522 3413 4606 loCo_in_ser_itur
3439 4530 3554 4599 ejus
3576 4568 3589 4587 .
3617 4528 3758 4596 quod

2170 4596 2492 4717 :‘ilttlctoritate
2518 4594 2656 4650 Vita:
2683 4596 3056 4652 transtulimus
3085 4596 3151 4650 ad
3183 4596 3336 4664 illud,
3367 4594 3478 4652 sine
3505 4599 3614 4665 eius
3637 4594 3762 4652 m-

2207 4682 2222 4717 3
2250 4682 2382 4717 10118.

2207 4676 2382 4719 moue.

2238 4736 2317 4807 (5)
2340 4737 2395 4790 In
2425 4736 2536 4789 Vita
2562 4736 2806 4806 patientia
2835 4746 3055 4804 matura,
3079 4739 3219 4806 quod
3239 4756 3434 4795 nomen
3463 4740 3755 4804 nescimus,

2167 4822 2233 4890 an
2264 4808 2446 4890 aVitze
2476 4810 2738 4875 scriptore
2762 4824 2859 4876 pro
2882 4808 3105 4890 faciliori
3128 4811 3755 4890 intelligentiainsertum

2168 4877 2347 4945 fuerit,
2380 4894 2499 4930 cum
2530 4889 2675 4931 certe
2703 4882 3064 4934 necessarium
3090 4898 3196 4936 non
3220 4877 3326 4938 sit:
3486 4910 3490 4914 ι

2239 4950 2315 5019 (6)
2362 4947 2699 5031 Ms._LPu_t‘np.
2728 4952 2945 5031 corrigit
2982 4952 3534 5031 nobisturbulentare;
3564 4954 3615 5008 in
3647 4968 3752 5010 ms.

2165 5020 2296 5074 Zen.
2325 5031 2373 5074 et
2404 5019 2534 5073 edit.
2572 5019 2732 5086 Ven.,
2762 5023 2943 5076 nobilis
2970 5023 3335 5081 turbulentare.

2237 5089 2314 5162 (Ἰ)
2358 5091 2414 5144 ln
2441 5090 2600 5144 editis
2629 5095 2865 5147 alteratio
2890 5110 2908 5147 :
2941 5094 2989 5145 in
3023 5110 3180 5160 inss.,
3215 5112 3344 5151 vero
3367 5106 3420 5150 et
3452 5095 3593 5162 Vita,
3624 5110 3753 5152 uec-

2158 5175 2267 5243 non
2318 5177 2382 5217 ex
2436 5164 2773 5219 correctione
2825 5165 3106 5243 marginali
3136 5167 3387 5221 editimiis
3416 5166 3540 5222 Ver.
3591 5168 3743 5222 atter-

2157 5236 2290 5286 catio
2314 5274 2329 5293 ,
2372 5248 2529 5300 quam
2562 5250 2745 5290 vocem
2778 5236 2941 5289 textui
2973 5237 3310 5293 inserendam
3341 5240 3614 5294 duximus.

2229 5303 2305 5387 (ξ)
2338 5303 2465 5357 Mss.
2497 5302 2677 5387 Reﬁm”
2702 5306 2949 5387 ΤριθῐιιἸ
2976 5306 3094 5361 Vat.
3134 5310 3379 5387 liberata;
3400 5322 3450 5365 ct
3478 5325 3597 5380 pro.
3622 5328 3743 5381 per-

2157 5377 2402 5428 motiones
2427 5392 2527 5430 ms.
2559 5377 2897 5445 Pompeiam,
2931 5377 3296 5445 promotiones.

2229 5445 2775 5522 (ileoninagnOperf
2827 5449 2985 5522 idem
3022 5450 3109 5506 ltic
3160 5461 3262 5517 est,
3308 5466 3371 5507 ac
3412 5468 3513 5506 non
3556 5469 3746 5522 magno

2153 5518 2489 5594 opereLquod
2521 5516 2697 5594 in__m_s.
2730 5518 2860 5594 zen.
2888 5520 3099 5590 legitur.
3128 5538 3221 5578 seu
3252 5516 3445 5593 facile;
3484 5516 3745 5594 quo'sen-

2150 5604 2212 5643 su
2241 5606 2266 5638 a
2300 5588 2517 5643 Zenone
2538 5590 2663 5642 alibi
2693 5588 2974 5658 accipitur,
3031 5588 3481 5662 quemadmodum
3503 5588 3741 5666 'magna-

2149 5676 2268 5742 pere
2298 5669 2520 5742 usurpat
2553 5675 2649 5742 pro
2678 5676 2864 5730 magno
2885 5678 3054 5742 opere,
3090 5680 3187 5720 seu
3231 5666 3412 5722 labore
3442 5667 3524 5721 vel
3557 5666 3741 5721 indusa

2146 5735 2244 5785 tria
2277 5746 2464 5798 magna
2492 5738 2648 5784 tract.
2683 5747 2794 5795 vin,
2833 5748 2985 5792 num.
3016 5735 3070 5797 2.

2180 5871 2187 5878 ‘
2216 5798 2331 5871 (l0)
2363 5794 2459 5856 Ms.
2495 5799 2681 5872 Pomp.
2711 5804 2932 5875 corrigit
2957 5794 3136 5861 status.
