4216 6178
351 296 460 353 SB

1580 289 1803 348 LIBER
1845 290 1884 347 I.
1928 291 2352 350 TRACTATUS
2393 294 2481 350 Vlt

3588 304 3693 359 3H

353 428 461 466 non
476 408 658 464 dicam
673 404 884 478 spatiis,
919 403 1013 459 sed
1042 401 1327 459 momentis
1345 400 1625 471 horarum,
1660 403 1713 475 (1
1736 405 1985 476 l):equa-
2013 410 2068 468 Α
2094 405 2320 472 lubrica,
2356 403 2797 477 permotionibus
2826 409 3031 467 crebris
3071 421 3123 468 et
3158 413 3360 486 rapidis
3383 429 3443 469 se
3479 430 3694 486 semper

353 502 541 558 biliter
569 516 628 555 se
660 498 850 570 partiri
877 512 984 552 non
1020 504 1219 566 posset,
1244 494 1290 551 si
1317 494 1653 565 impatientia
1686 511 1823 552 suos
1850 514 1975 553 cur-

351 611 447 651 sus
475 601 709 665 urgeret.
744 592 897 647 Luna
945 604 1193 660 quoque,
1245 602 1367 658 quae
1392 587 1726 658 quibusdam
1760 590 1975 646 videtur

350 704 540 744 errare
560 685 833 740 curriculo
856 682 1194 746 menstruali,
1218 681 1489 736 solemnes
1508 694 1625 737 sua:
1656 682 1817 753 ignes
1843 692 1972 740 tcta-

351 781 423 835 tis
449 778 590 851 quod
623 793 917 849 numquam
954 784 1221 846 prterogat
1266 777 1591 844 importune,
1652 790 1760 831 nec
1812 776 1975 832 dero-

351 886 478 948 gat;
508 874 631 946 quid
660 872 807 928 aliud
836 871 1067 942 intelligi
1099 870 1275 936 dator,
1310 884 1469 938 quam
1499 868 1584 922 sui
1612 869 1830 940 opificis
1857 886 1973 926 mo-

350 968 621 1026 derationi
651 967 974 1024 deserviens
1020 963 1346 1035 peritissima
1403 962 1637 1032 insignis
1696 964 1970 1033 patientia:

349 1062 677 1132 disciplina?
704 1061 811 1117 Sed
844 1071 900 1116 et
928 1075 1078 1115 mare
1105 1059 1285 1114 ventis
1314 1058 1631 1113 lacessitum
1655 1100 1671 1125 ,
1715 1075 1838 1115 cum
1867 1061 1973 1115 ira-

347 1156 541 1221 scitur,
564 1155 813 1225 quamvis
836 1154 1113 1222 reciproca
1141 1150 1530 1214 vicissitudine,
1564 1165 1719 1205 nunc
1751 1151 1970 1221 pulsan.

350 1253 497 1309 tibus
525 1250 746 1315 ctelum,
803 1263 948 1303 nunc
995 1244 1403 1317 requirentibus
1431 1255 1633 1299 terram
1685 1245 1968 1300 tesmanti-

345 1345 449 1402 bus
496 1344 733 1414 undique
765 1342 949 1396 vitreis
1000 1350 1273 1395 armatum
1330 1337 1645 1403 montibus,
1712 1336 1969 1392 violentis

344 1438 615 1493 undarum
635 1435 974 1491 smvientium
1002 1432 1265 1498 cumulis,
1292 1439 1401 1487 toto
1429 1445 1663 1499 corpore
1693 1431 1962 1497 insaniat;

343 1542 529 1587 tamen
561 1540 931 1586 extremorum
965 1527 1171 1596 pallido
1208 1542 1273 1582 ex
1323 1526 1543 1581 recursu
1576 1525 1915 1579 voluminum
1947 1563 1962 1590 ,

343 1624 498 1695 quasi
525 1623 616 1692 jus
648 1631 808 1677 teme
859 1616 1202 1690 cognoscens
1228 1658 1245 1685 ,
1306 1632 1369 1673 ac
1414 1615 1619 1672 violare
1670 1617 1918 1671 devitans
1946 1658 1963 1684 ,

342 1720 482 1774 mira
506 1716 764 1787 patientia
792 1714 846 1768 iu
878 1729 934 1768 se
963 1711 1275 1781 frangitur,
1321 1711 1623 1781 iisdemque
1674 1709 1928 1764 [luctibus
1948 1752 1962 1777 ,

2083 514 2440 569 expugnans;
2473 500 2684 557 animus
2741 502 3010 573 infidelis;
3055 510 3217 564 etiam
3251 508 3356 563 sibi
3394 518 3549 564 actus
3593 510 3691 564 im-

2081 590 2378 661 providus,
2422 590 2714 658 instabilis,
2775 610 2983 662 caecus,
3020 598 3263 655 incautus
3290 641 3306 666 ,
3343 600 3685 667 inconstans,

2080 692 2226 739 totus
2254 684 2532 740 concitans
2563 684 2619 739 in
2668 686 2918 755 ruinam;
2957 704 3044 745 res
3092 691 3210 747 sine
3238 691 3560 759 substantia,
3595 707 3688 747 ne-

2077 778 2285 847 gotium
2314 779 2432 832 sine
2462 792 2692 848 persona
2722 796 2737 833 :
2771 782 2953 837 omnia
2984 782 3093 837 cito
3116 792 3316 853 tentat,
3348 785 3530 840 omnia
3570 801 3687 840 mo-

2079 879 2267 925 mento
2290 871 2579 939 disturbat,
2612 882 2788 928 mater
2834 876 3121 931 criminum
3147 918 3162 944 ,
3210 878 3538 933 curiositatis
3573 894 3687 933 ma-

2077 966 2269 1036 gistra,
2322 981 2547 1021 acumen
2580 969 2922 1036 temeritatis,
2953 980 3138 1026 auctor
3170 971 3567 1027 detestabilium
3594 986 3688 1041 pa-

2078 1058 2212 1112 riter
2237 1073 2299 1114 ac
2327 1058 2580 1129 magistra
2609 1059 2872 1115 malorum
2896 1079 2908 1114 :
2939 1062 3172 1118 hominis
3198 1079 3429 1133 namque
3450 1066 3679 1120 salutem

2076 1151 2147 1206 ab
2181 1152 2522 1207 incunabulis
2571 1153 2753 1209 mundi
2789 1170 2935 1210 mors
2965 1166 3019 1210 ut
3042 1157 3315 1227 jugularet
3355 1173 3417 1212 ac
3445 1158 3674 1228 jugulet,

2075 1243 2286 1314 abipsa
2315 1246 2577 1323 prorupit.
2632 1246 2873 1318 Denique
2918 1249 3090 1303 Adam
3152 1249 3306 1321 (Gen.
3353 1248 3414 1324 ιι)
3455 1251 3506 1306 in
3556 1268 3681 1307 arce

2075 1351 2200 1391 cum
2234 1324 2378 1392 esset
2416 1338 2592 1394 adhuc
2626 1340 2858 1410 paradisi
2912 1342 3275 1409 constitutus,
3310 1344 3683 1401 beatis-imus-

2075 1444 2183 1500 que
2226 1430 2371 1487 beati
2416 1432 2564 1486 orbis
2616 1433 2843 1503 imperio
2893 1437 3191 1504 potiretur;
3255 1438 3455 1493 tamdiu
3502 1440 3629 1494 felix
3661 1481 3676 1505 ,

2077 1523 2285 1578 tamdiu
2314 1525 2801 1584 inexterminabilis
2826 1531 2981 1596 vixit,
3011 1532 3266 1602 quamdiu
3303 1534 3565 1603 imperata
3596 1552 3685 1590 re-

2073 1614 2216 1683 galis
2270 1615 2432 1670 edicti
2493 1619 2781 1673 continuit.
2842 1623 2913 1677 At
2979 1622 3065 1677 ubi
3122 1624 3341 1679 sinistro
3408 1641 3680 1682 consensu

2075 1707 2246 1781 (Ibid.
2273 1708 2353 1781 ιιι)
2383 1709 2554 1765 invidi
2576 1710 2691 1783 (16)
2713 1729 2777 1769 ex
2794 1713 3099 1772 lubricitate
3115 1718 3381 1787 serpentis
3408 1732 3491 1774 εει
3511 1720 3682 1789 impa-

342 1811 543 1882 qnibus
563 1809 798 1879 cogitur,
831 1805 1155 1862 refrenatur.
1211 1804 1338 1860 Hice
1361 1805 1793 1875 germinantibus
1843 1819 1967 1873 pra—
1998 1804 2047 1864 B
2076 1801 2320 1855 tientiam
2352 1811 2655 1870 mutuatus,
2701 1819 2981 1876 sacraeque
3026 1809 3238 1864 arboris
3287 1824 3506 1880 pomum
3537 1812 3678 1868 male

344 1888 742 1972 tis,’messibus
795 1899 962 1961 flavis,
992 1899 1203 1955 vitibus
1246 1896 1446 1962 curvis,
1473 1895 1834 1966 semipallidis
1860 1897 1962 1951 oli-

342 2000 428 2055 vis
456 2006 515 2053 et
558 1995 876 2052 felicitatem
904 1998 1124 2064 praestat
1152 2000 1211 2047 et
1233 1991 1498 2061 gratiam;
1528 2004 1652 2045 cum
1705 1988 1961 2044 uniuscu—

340 2096 540 2164 jusque
582 2090 848 2161 tetnporis
896 2087 1029 2144 fetus
1062 2094 1223 2157 partu
1254 2084 1420 2140 crudo
1442 2082 1495 2138 iu
1524 2084 1748 2139 alterius
1774 2094 1964 2137 contu-

347 2186 573 2245 meliam
609 2185 731 2259 (12)
754 2183 1085 2255 impatientia
1112 2196 1223 2237 non
1249 2179 1379 2234 sinit
1410 2179 1774 2249 praecipitare.
1821 2177 1963 2246 Quid

344 2283 535 2337 avium
565 2278 682 2352 65
733 2276 1064 2332 diversarum
1095 2275 1296 2330 decora
1312 2271 1647 2346 commercia
1682 2269 1797 2342 (15)
1822 2271 1965 2326 litte-

347 2384 577 2446 rataque
599 2374 626 2427 ἲ
653 2370 794 2439 Quid
825 2370 1007 2425 arduis
1052 2368 1326 2423 volatibus
1378 2380 1555 2420 aerea:
1591 2364 1795 2434 grues?
1824 2363 1963 2432 Quid

346 2471 581 2541 piscium
604 2452 953 2521 dissimilium
974 2479 1094 2519 cum
1117 2462 1233 2517 suis
1266 2460 1366 2515 sibi
1391 2454 1823 2529 ductoribusuzi)
1840 2471 1965 2534 gra-

348 2564 490 2619 data:
520 2560 700 2618 aetatis
736 2555 1165 2613 innumerabiles
1190 2553 1353 2610 cunei
1368 2552 1390 2604 '?
1442 2553 1632 2606 Nonne
1673 2564 1794 2605 cum
1828 2549 1965 2603 invi-
1994 2552 1998 2556 “

351 2656 541 2713 talioni
569 2667 880 2724 temporum
931 2658 1142 2719 parent,
1195 2647 1563 2716 solemnisque
1593 2644 1815 2715 remigis
1840 2658 1967 2712 spe-

348 2754 503 2808 cioso
523 2750 782 2806 discursu
831 2746 915 2801 vel
975 2760 1142 2815 aquas
1195 2744 1457 2807 sulcant,
1490 2741 1575 2796 vel
1602 2754 1725 2795 aera
1772 2738 1968 2793 disnin-

349 2855 546 2917 guunt,
580 2850 638 2898 et
666 2841 944 2912 patienter
975 2838 1194 2894 veniunt
1220 2880 1235 2905 ,
1269 2846 1325 2892 et
1354 2836 1616 2906 patienter
1660 2832 1968 2890 excedunt?

421 2939 509 2995 Ill.
545 2937 712 2994 Solus
760 2936 922 2989 homo
952 2947 1214 3005 praeceps,
1247 2931 1397 2986 solus
1428 2929 1714 3021 impaticps
1738 2969 1753 2995 ,
1784 2928 1967 2996 pravis

349 3030 594 3102 quotidie
623 3026 1018 3083 mobilitatibus
1064 3024 1264 3096 gaudet
1296 3040 1308 3076 :
1360 3022 1705 3076 varietatibus
1743 3019 1965 3075 studet:

348 3126 612 3180 misi-rum
653 3137 717 3176 se
750 3128 922 3190 putat,
956 3120 999 3174 si
1032 3120 1148 3188 ipse
1170 3119 1281 3183 sit,
1316 3130 1417 3171 nec
1448 3115 1694 3183 intelligit
1720 3129 1835 3169 rem
1872 3113 1967 3169 de-

2068 1891 2231 1949 dulce
2275 1896 2566 1964 delibavit,
2615 1898 2882 1971 lacrymas
2922 1903 3142 1972 reperit,
3175 1903 3389 1959 dolores
3419 1915 3472 1959 et
3510 1906 3679 1975 gemi-

2070 1994 2177 2048 tus,
2209 1988 2394 2056 Spinas
2420 1998 2473 2043 et
2504 1990 2733 2047 tribulos
2781 1993 3000 2048 sibimet
3043 1997 3404 2063 comparavit,
3460 1997 3677 2052 ultimo-

2068 2093 2177 2149 que
2205 2080 2407 2136 sudore
2446 2083 2693 2139 turbatus
2726 2086 2959 2155 posteris
2997 2087 3372 2143 [nereditatem
3397 2088 3678 2159 indigesta:

2069 2173 2297 2239 mortis,
2328 2189 2448 2244 quae
2497 2177 2848 2233 homicidium
2894 2194 3016 2234 mox
3071 2180 3310 2250 peperit,
3366 2180 3671 2252 dereliquit.

2071 2263 2321 2336 Denique
2349 2283 2451 2324 nec
2483 2284 2634 2323 mora
2685 2280 2787 2324 est.
2834 2271 3180 2343 lmpatienter
3210 2272 3435 2329 fraterni
3465 2274 3677 2329 invidus

2070 2359 2317 2414 muneris
2346 2359 2509 2433 (Ibid.
2546 2361 2623 2434 tv)
2662 2363 2774 2435 66
2803 2366 2852 2418 in
2903 2364 3090 2437 fratris,
3123 2364 3256 2421 Cain
3300 2365 3521 2422 anhelat
3566 2367 3679 2422 exi-

2068 2452 2205 2506 tium
2235 2470 2249 2517 ;
2284 2464 2338 2510 et
2358 2455 2470 2511 Deo
2495 2468 2777 2528 spectante
2799 2454 3071 2531 negotium
3094 2459 3210 2532 (l7)
3242 2462 3510 2533 parricida
3541 2471 3624 2517 est
3660 2481 3671 2514 :

2070 2558 2174 2598 nec
2205 2547 2321 2615 ejus
2342 2549 2534 2604 saltem
2564 2554 2869 2607 coercentis
2901 2569 3032 2607 voce
3055 2553 3455 2623 comprimitur,
3483 2554 3576 2608 sed
3606 2566 3673 2608 eo

2070 2639 2243 2708 magis
2297 2655 2359 2695 ac
2416 2642 2585 2712 magis
2636 2643 2845 2710 instat,
2880 2646 3055 2701 donec
3085 2645 3348 2701 effusione
3394 2645 3675 2716 sanguinis

2068 2744 2393 2805 conceptum
2449 2737 2718 2808 piaculum
2758 2737 3082 2808 duplicetur.
3125 2737 3347 2793 Miratur
3379 2739 3527 2793 orbis
3578 2752 3669 2792 va-

2069 2845 2206 2886 cuus
2236 2845 2295 2887 se
2321 2830 2530 2887 duobus
2560 2841 2868 2903 angustum.
2904 2832 3166 2890 Mirantur
3195 2833 3465 2888 elementa
3489 2831 3635 2886 ltomi
3654 2862 3669 2872 -

2071 2939 2221 2992 nem,
2257 2926 2347 2996 qui
2401 2925 2574 2981 factus
2604 2925 2674 2979 sit
2722 2925 2789 2980 ad
2838 2925 3124 2995 imaginem
3153 2935 3208 2979 et
3259 2925 3667 2980 similitudinem

2075 3019 2194 3087 Dei,
2221 3038 2380 3092 posse
2396 3021 2655 3093 jugulari,
2691 3028 2746 3075 et
2775 3018 2876 3073 hoc
2915 3035 2943 3071 a
2972 3018 3158 3073 fratre.
3195 3018 3481 3074 Erubd’seit
3523 3017 3673 3072 rudis

2074 3122 2223 3169 terra
2256 3113 2348 3185 pio
2370 3116 2637 3185 sanguine
2670 3111 2786 3185 (18)
2822 3111 3063 3181 impiata.
3098 3112 3257 3167 Solus
3283 3110 3414 3165 Cain
3439 3111 3677 3165 exsultat

348 3221 571 3275 mentire
601 3232 727 3272 esse
776 3214 1138 3276 consimilem,
1173 3212 1224 3266 in
1257 3218 1402 3265 statu
1426 3224 1525 3263 suo
1565 3192 1696 3279 (15).
1730 3207 1969 3262 animum
1998 3208 2041 3271 C
2075 3205 2263 3261 infelix
2283 3247 2299 3275 ,
2326 3205 2445 3281 (l9)
2470 3216 2523 3262 et
2546 3207 2689 3278 quod
2721 3214 2860 3262 teste
2883 3215 3049 3271 caret,
3074 3215 3223 3276 pttlal
3250 3220 3308 3259 se
3330 3205 3571 3261 caruisse
3594 3203 3676 3258 fa-

347 3331 457 3371 non
488 3328 735 3370 manere.
769 3309 1110 3383 Impatientia
1151 3308 1296 3364 enim
1331 3304 1459 3377 quid
1506 3312 1628 3370 est,
1670 3302 1773 3358 nisi
1819 3318 1971 3358 meus

424 3523 543 3597 (11)
572 3524 630 3578 1η
678 3519 809 3597 ed_it.
845 3518 969 3597 Ver.
1017 3524 1071 3571 et
1093 3530 1225 3597 mss.
1256 3511 1577 3597 (mirabiliter
1602 3527 1657 3566 se
1685 3526 1702 3563 :
1731 3510 1785 3597 iu
1805 3509 1956 3597 .Yeu.

347 3581 597 3668 mquaoili
625 3609 700 3668 se.
728 3590 892 3647 Forte
919 3588 1209 3668 legendum
1257 3581 1565 3668 est.so_lun‘t
1619 3581 1956 3668 arquqbilli‘ter,

348 3652 425 3725 ita,
458 3676 520 3723 ut
563 3665 759 3739 partior
791 3652 1003 3739 passive
1033 3654 1589 3739 ειιπιιιιιιικῄεςῑοιιι,ΙὶιιΓ
1627 3670 1694 3739 ιιι-
1732 3652 1800 3708 de
1828 3652 1960 3739 Ora:

348 3724 472 3796 tore
501 3724 624 3806 ea'p.
646 3737 736 3801 '50,
763 3724 1083 3806 a'Cieerone
1103 3726 1593 3806 usurpatur._Lieet
1610 3735 1786 3779 autem
1816 3724 1958 3806 apud

346 3795 607 3880 antiquos
654 3795 773 3862 dies
826 3805 933 3858 late
990 3795 1253 3880 acceptus
1294 3797 1527 3868 spatium
1576 3796 1833 3880 horarum
1886 3795 1958 3851 24

349 3872 827 3952 complecteretur,
859 3886 1042 3952 tamen
1078 3872 1266 3926 stricte
1292 3880 1537 3952 sumptus
1562 3883 1658 3936 pro
1703 3882 1768 3952 eo
1823 3877 1958 3921 tem-

349 3940 511 4023 pore:
540 3951 681 4023 quod
714 3949 781 4002 ab
825 3945 1042 4023 ortu_ad
1076 3957 1328 4023 occasum
1360 3940 1491 4023 solis
1519 3940 1792 4023 cucurrit,
1824 3954 1955 4021 non-

350 4009 768 4080 nisiduodenas
794 4016 1031 4088 aequales
1089 4015 1250 4088 horas
1297 4011 1627 4066 eoutiuebat.
1682 4009 1779 4064 llic
1808 4009 1953 4088 enim

349 4095 498 4161 apud
529 4104 742 4148 veteres
771 4082 887 4161 mos
913 4089 1012 4141 fuit
1042 4096 1100 4161 ut
1151 4085 1267 4161 dies
1294 4092 1583 4161 noctesque
1603 4090 1718 4161 _t_um
1746 4082 1953 4161 teslate,

351 4152 467 4223 tum
526 4164 721 4235 hyeme
750 4161 803 4235 in
836 4160 998 4235 horas
1019 4157 1414 4235 domet-inrita
1448 4152 1955 4235 atqualiter_divide-

348 4222 653 4303 rentur,'nt
680 4234 784 4287 diei
812 4231 982 4286 mstivi
1018 4232 1167 4282 liora:
1190 4225 1461 4296 longiores
1491 4222 1705 4290 essent,
1736 4222 1956 4295 hyema-

350 4311 419 4364 lis
451 4315 637 4362 autem
661 4306 965 4367 breviores;
990 4310 1043 4355 et
1071 4317 1101 4353 e
1130 4310 1317 4354 contra
1352 4308 1538 4351 noctes
1585 4312 1679 4365 per
1708 4306 1951 4350 aestatem

350 4382 521 4436 horas
548 4378 807 4431 haberent
854 4374 1154 4437 breviores,
1207 4386 1305 4441 per
1359 4368 1603 4441 ltyemem
1646 4367 1951 4441 longiores:

351 4464 579 4519 semper
624 4457 800 4502 tamen
849 4444 989 4499 inter
1017 4438 1273 4519 ejusdem
1315 4438 1418 4495 diei
1448 4440 1557 4519 ,ναι
1594 4438 1955 4519 noctis‘lioras

354 4507 649 4589 iequ'alitas
700 4507 1199 4572 servarettteride
1235 4512 1592 4569 Censorinum
1623 4511 1686 4563 de
1728 4507 1826 4562 Die
1861 4526 1954 4563 na—

354 4594 473 4649 tali.
513 4608 632 4658 cap.
669 4589 756 4644 18.

2078 3303 2303 3359 cinore:
2353 3320 2512 3374 quem
2539 3305 2679 3359 Deus
2709 3300 2864 3369 vidit,
2912 3317 3070 3369 quem
3113 3300 3445 3356 conscientia
3486 3298 3672 3355 redar-

2063 3511 2328 3582 (utilibus;
2359 3511 2548 3582 Pomp.
2571 3523 2624 3567 et
2647 3512 2781 3567 edit.
2812 3513 2978 3576 Veu.,
3003 3513 3180 3566 arduis
3211 3513 3528 3568 volatilibus.

2298 3580 2557 3638 Gradatus
2610 3585 2752 3656 apud
2796 3584 3029 3639 Plinium
3085 3584 3121 3638 Ι.
3157 3601 3270 3651 xm,
3305 3600 3354 3639 c.
3389 3586 3445 3651 4,
3483 3602 3578 3653 pro
3605 3598 3672 3638 eo

2063 3654 2622 3725 qued'ingradnum
2677 3654 2904 3710 formam
2955 3656 3301 3710 distributum
3333 3664 3433 3711 est.
3489 3656 3669 3710 Pisces

2063 3724 2242 3796 itaque
2272 3724 2458 3798 aliqui,
2492 3727 2714 3797 perinde
2742 3743 2804 3781 ac
2825 3732 3010 3796 grues,
3038 3726 3228 3781 ducem
3259 3727 3544 3798 quemdam
3580 3742 3666 3779 se-

2062 3799 2194 3862 cuti,
2233 3797 2526 3868 secundum
2576 3800 2752 3852 astatis
2781 3801 2980 3868 gradus
3028 3798 3080 3851 in
3125 3802 3283 3853 cunei
3343 3798 3564 3864 ligiuam
3596 3798 3663 3850 ab

2064 3882 2171 3922 uno
2200 3869 2322 3924 loco
2354 3867 2421 3923 ad
2453 3869 2618 3923 alimn
2649 3886 2746 3938 pro
2774 3880 3074 3941 temporum
3099 3870 3469 3924 vicissitudine
3492 3880 3665 3923 trans-

2060 3948 2213 3995 euut.

2132 4031 2247 4103 (15)
2282 4034 2520 4087 Animum
2537 4033 2872 4090 restituimus
2894 4050 2956 4087 ex
2986 4048 3115 4087 mss.
3145 4043 3201 4087 et
3231 4033 3363 4088 edit.
3396 4032 3527 4088 Ven.
3554 4032 3663 4085 Ali-

2059 4113 2262 4174 quanto
2286 4112 2410 4173 post
2449 4107 2499 4159 in
2526 4122 2626 4159 ms.
2662 4105 2793 4160 Zeu.
2827 4106 2994 4173 [actus
3019 4105 3335 4173 improvidus
3368 4120 3464 4173 pro
3515 4112 3659 4157 actus

2056 4176 2395 4244 improvidus.
2429 4176 2565 4230 Infra
2597 4186 2732 4231 totus
2757 4177 3007 4243 concitus,
3033 4177 3114 4230 vel
3135 4178 3419 4229 concitatus
3453 4191 3547 4242 pro
3574 4186 3656 4229 to-

2054 4258 2135 4300 tus
2161 4248 2421 4300 concitans
2449 4246 2712 4317 quispiam
2742 4247 2891 4301 ιιιηιίι
2911 4289 2923 4309 ,
2952 4250 3064 4299 sive
3095 4254 3258 4299 totum
3284 4247 3564 4310 concitans,
3596 4246 3656 4299 τὸ

2060 4327 2217 4371 totum
2249 4327 2519 4386 sumptum
2551 4316 2648 4388 pro
2677 4319 2871 4381 omnia,
2923 4328 2974 4370 ut
3025 4317 3167 4386 apud
3224 4329 3501 4372 anetorem
3552 4316 3657 4369 fre-

2060 4404 2231 4459 quens
2258 4397 2362 4443 est.

2133 4479 2246 4551 (16)
2297 4480 2393 4533 Ms.
2448 4479 2635 4551 Pomp.
2675 4490 2721 4534 et
2770 4480 2953 4534 lubrici
2987 4480 3268 4552 serpentis.
3298 4478 3526 4534 Inferius
3557 4494 3654 4549 pro

2062 4550 2182 4633 mou:
2208 4550 2404 4622 peperit
2433 4550 2664 4621 quatuor
2690 4566 2820 4606 mss.
2851 4562 2903 4605 et
2934 4550 3269 4616 edit.'Veu.,
3306 4567 3432 4606 mox
3460 4560 3516 4605 ut
3564 4568 3652 4622 pe.

2062 4632 2209 4677 nent.

429 4686 550 4757 (12)
578 4642 832 4766 :Ifatientia
856 4681 906 4765 in
937 4694 1064 4763 mss.
1092 4679 1281 4766 Romp.
1315 4685 1367 4731 et
1397 4676 1552 4766 lein,
1577 4676 1762 4766 caeteri
1791 4671 1950 4755 codd.

2067 4642 2247 4765 pe???)
2305 4694 2663 4766 Frequentius
2693 4693 2831 4766 apud
2862 4690 3185 4763 Scriptores
3230 4692 3359 4766 Cain
3384 4695 3652 4766 fratricida

352 4744 483 4814 cuin
526 4744 690 4810 editis
718 4752 1055 4827 impatientia.
1098 4744 1398 4827 Utrutmque
1454 4748 1578 4802 licet
1622 4744 1951 4827 contrarium

352 4828 598 4886 ablativo
627 4839 752 4879 casn
783 4826 978 4879 elatum
1011 4823 1297 4877 sententiae
1330 4828 1504 4889 potest
1538 4831 1838 4889 congruere
1863 4857 1877 4879 ,
1908 4823 1952 4870 si

351 4901 615 4957 nimirum
641 4896 963 4969 impatientia
980 4892 1250 4969 referatur
1269 4887 1340 4944 ad
1356 4891 1578 4945 verbum
1608 4887 1948 4969 pra'cipitare.

351 4972 616 5044 patientia
636 4964 837 5044 non
866 4966 1002 5019 sinit;
1043 4964 1282 5044 Pluria-tn
1314 4971 1489 5044 tamen
1532 4974 1586 5044 et
1617 4964 1954 5044 priestautio-

350 5029 480 5098 'm...
508 5040 671 5094 codd.
703 5039 989 5093 lecticuem
1042 5034 1382 5089 retinuimns.
1443 5029 1767 5086 Contumelia
1824 5045 1952 5084 vero

352 5113 561 5169 dicitur
590 5127 694 5164 non
721 5119 827 5162 tam
859 5109 925 5161 de
965 5107 1145 5161 verbis
1175 5121 1334 5175 quam
1376 5104 1443 5175 de
1476 5104 1661 5163 lactis;
1697 5101 1839 5156 unde
1880 5101 1955 5155 le-

349 5186 537 5254 gimus
589 5181 918 5254 nongminus
946 5180 1113 5232 dicere
1160 5174 1537 5254 continuationi,
1576 5189 1743 5254 quam
1765 5175 1971 5240 facere.‘

352 5243 460 5312 'l'lic
489 5269 620 5323 ergo
668 5252 877 5306 alterius
922 5250 1230 5304 contumelia
1246 5246 1598 5323 intelligitur;
1605 5249 1673 5297 de
1712 5243 1910 5323 damno
1935 5284 1950 5307 ,

347 5326 501 5397 quod
536 5313 1038 5397 immaturifructus
1066 5313 1479 5397 comedentibu's
1521 5313 1715 5370 afferre
1751 5314 1950 5379 solent,

349 5389 459 5455 nisi
491 5396 747 5467 patientia
778 5393 846 5448 ab
867 5392 1074 5448 edendo
1102 5389 1394 5446 contineat.

427 5488 549 5560 (15)
573 5486 631 5541 In
667 5486 795 5541 edit.
835 5485 958 5560 V_er.
990 5484 1324 5560 ιὶιιοτεατιρ-εκ
1341 5481 1394 5535 in
1428 5479 1559 5535 Ven.
1600 5479 1945 5560 qttorataqne.

346 5548 550 5619 Melius
601 5573 632 5612 e
684 5571 814 5611 mss.
856 5548 1443 5624 litterataque(Tolettt.
1499 5562 1550 5605 et
1607 5548 1797 5605 Urbin.
1853 5562 1949 5616 per

342 5630 723 5690 Amanuensis
766 5642 1004 5681 errorem
1037 5627 1225 5680 lilterat
1273 5623 1460 5695 taque),
1502 5636 1654 5695 nam_
1682 5634 1813 5671 aves
1855 5632 1943 5672 ea-

341 5714 571 5767 nentas,
606 5702 733 5754 dum
764 5700 1129 5772 transmittunt
1158 5737 1173 5761 ,
1220 5691 1746 5772 litterataﬂqumdam
1795 5703 1944 5772 com-

339 5763 567 5834 mercia
610 5779 880 5826 exercent.
930 5768 986 5823 lu
1043 5783 1172 5835 mss.
1202 5776 1259 5821 et
1283 5766 1413 5823 edit.
1451 5763 1609 5829 Ven.,
1652 5763 1946 5835 continet-tia

336 5830 472 5905 bunt
501 5858 556 5910 t;
591 5851 643 5901 et
675 5856 769 5912 pro
789 5840 963 5895 arduis
995 5830 1243 5894 balatibus
1267 5848 1367 5893 ms.
1402 5835 1581 5899 Rem.,
1636 5830 1830 5886 arduus
1851 5840 1941 5886 nti-

2058 4764 2379 4835 appellatur.
2413 4772 2474 4818 ut
2502 4765 2690 4833 probat
2732 4764 2981 4820 Baluzius
3037 4781 3184 4819 num.
3231 4765 3319 4827 14,
3356 4764 3406 4819 in
3454 4767 3646 4820 librmu

2057 4834 2307 4907 Cypriani
2339 4837 2405 4890 de
2435 4836 2576 4890 bono
2605 4836 2903 4908 Patientia-.
2928 4839 2993 4889 At
3023 4836 3294 4908 parricida:
3316 4852 3509 4891 nomen
3544 4842 3651 4891 tate

2058 4921 2242 4979 patere
2268 4908 2505 4979 ostendit
2536 4907 2666 4962 illud
2697 4909 3005 4979 Hieronymi
3026 4907 3084 4961 in
3108 4908 3335 4977 dialogis
3390 4908 3652 4979 adversus

2058 4977 2403 5049 Pelagianos,
2448 4978 2538 5032 ubi
2579 4977 2910 5049 parricidam
2929 4988 3087 5033 vocat
3115 4994 3237 5033 eum
3285 4983 3372 5045 qui
3403 4995 3524 5033 cum
3555 4978 3654 5033 lto-

2057 5050 2258 5104 minem
2289 5050 2356 5105 de
2385 5058 2557 5103 morte
2588 5049 2819 5105 liberare
2844 5061 3005 5120 queat
3032 5065 3137 5103 nou
3170 5049 3384 5105 liberat.
3434 5051 3514 5105 Ad
3558 5066 3652 5105 ne-

2061 5136 2179 5175 cem
2212 5136 2339 5175 vero
2367 5120 2515 5174 fratri
2561 5120 2761 5174 illatam
2809 5120 3212 5190 significandam
3254 5121 3396 5176 idem
3449 5136 3648 5175 nomen

2062 5192 2363 5246 traductum
2396 5200 2539 5257 patet
2564 5207 2628 5245 ex
2658 5190 2950 5245 Ambrosio
2971 5194 3130 5261 epist.
3161 5208 3290 5257 xxx,
3319 5210 3467 5248 num.
3495 5194 3550 5257 2,
3597 5202 3655 5247 et

2059 5263 2179 5316 aliis
2210 5262 2481 5325 Patribus,
2513 5264 2603 5326 qui
2628 5262 2897 5334 Alis-alim,
2925 5263 3007 5317 vel
3037 5263 3168 5317 Cain
3205 5265 3451 5318 similiter
3481 5266 3654 5334 parri-

2058 5333 2199 5387 cidas
2233 5342 2508 5388 vocarunt.
2538 5333 2675 5399 Quin
2701 5331 2816 5389 Cic.
2853 5351 2946 5402 pro
2971 5336 3235 5399 tllueutiu,
3265 5350 3382 5405 cap.
3417 5331 3497 5399 ll,
3538 5337 3654 5399 [ra-

2057 5413 2262 5477 ternum
2282 5405 2617 5477 parricidium
2644 5408 2893 5476 appellat.
2925 5405 3054 5460 Item
3083 5404 3134 5477 S.
3171 5404 3506 5461 Zeuo’tract.
3543 5422 3648 5474 vn,

2057 5490 2206 5548 num.
2235 5474 2292 5542 4,
2320 5476 2387 5530 de
2420 5477 2584 5529 David
2614 5474 2728 5531 aiti
2759 5476 3174 5532 Parricidttlibtts
3208 5480 3328 5544 filiis
3352 5480 3533 5548 parcit.

2125 5546 2240 5675 98)
2272 5548 2483 5621 lmpiati
2503 5550 2715 5604 thalami
2738 5551 2984 5619 facinore,
3000 5548 3203 5605 Seneca
3228 5546 3495 5618 Hippolyt.
3514 5566 3658 5605 vers.

2161 5618 2214 5673 0.
2245 5619 2329 5675 Me
2358 5621 2627 5675 impiatum
2653 5662 2667 5675 .
2714 5620 3013 5675 Appuleius
3044 5622 3133 5675 lib.
3161 5620 3411 5675 tMetam.
3441 5618 3655 5675 Utrobi-

2055 5618 2227 5675 118οζ
2245 5619 2329 5692 ille
2355 5618 2627 5687 impiatum
2653 5662 2667 5686 ,
2714 5620 3013 5692 Appuleius
3044 5622 3133 5677 lib.
3161 5635 3176 5673 ι
3199 5620 3411 5676 Metam.
3441 5618 3655 5675 Utrobi-

2048 5703 2152 5758 que
2180 5691 2431 5759 pollutum
2455 5703 2629 5748 sonat.

2121 5761 2234 5831 (l9)
2280 5761 2345 5819 Et
2377 5764 2683 5832 suppletum
2732 5777 2797 5818 ex
2855 5779 2984 5819 mss.
3016 5762 3199 5823 Reub,
3234 5762 3444 5826 Pomp.,
3491 5759 3659 5831 ναι..

2047 5833 2181 5889 Zen.
2207 5841 2261 5887 et
2285 5834 2414 5891 edit.
2452 5835 2586 5891 Ven.
