4216 6178
561 253 668 316 515

1926 246 2169 310 δΑΝϐΤΙ
2197 247 2490 317 ZENONIS

3762 251 3866 307 Sili

562 366 696 434 gnit,
731 378 887 438 quem
918 363 1098 420 fratris
1128 364 1348 436 sanguis
1393 373 1630 420 accusat.
1660 361 1798 433 Quid
1843 362 1956 433 (20)
1991 363 2166 433 impao
2197 367 2243 426 Α
2274 362 2469 429 filium,
2513 363 2621 419 Deo
2647 364 2897 421 vietiman
2954 363 3272 432 dulciorem,
3323 362 3647 429 contemnit,
3670 373 3726 420 ut
3755 380 3870 418 ser-

565 459 812 514 tientium
860 456 1274 514 Sodomorum?
1332 456 1431 514 Ubi
1487 457 1673 514 illicite
1723 457 1826 513 viri
1891 458 2167 529 opprime-

565 548 760 604 bantur
787 564 817 604 a
835 549 982 615 viris,
1006 547 1312 618 prodigiose
1331 547 1570 603 libidinis
1594 549 1744 619 ignes
1769 548 1909 620 ignis
1943 549 2062 622 (21)
2085 547 2168 604 di-

572 644 730 696 vinus
762 640 1052 697 incendet:
1091 640 1446 711 intestinique
1493 640 1751 698 facinoris
1801 639 2012 710 fcedus,
2060 656 2169 713 quo

571 733 901 790 infeliciores
939 734 1178 791 subactis
1212 775 1227 799 ,
1291 735 1474 790 infami
1533 734 1689 791 hasta
1734 744 2167 806 persequentes,

574 827 845 896 hospitum
877 836 1022 898 terga
1046 826 1535 898 depopulabantur,
1582 843 1613 885 e
1647 828 1789 884 coelo
1817 829 1990 886 imber
2021 827 2171 885 fusus

573 935 600 973 a
633 919 880 985 Domino,
907 917 1138 975 flammis
1165 928 1220 974 et
1249 921 1508 990 sulphure
1537 931 1795 988 armatus,
1825 922 2021 994 poenali
2047 937 2173 992 pro-

575 1013 710 1069 cella
751 1012 970 1068 detexit.
1014 1012 1186 1068 Judaei
1233 1013 1646 1070 concinionibus
1694 1023 1935 1082 tument,
1981 1014 2171 1069 altaria

575 1107 755 1161 divina
809 1123 932 1163 cum
963 1117 1289 1162 venerantur
1316 1117 1598 1177 evertunt,
1658 1109 1804 1164 varia
1853 1108 2002 1164 caede
2053 1123 2178 1181 pro-

576 1199 770 1272 phetas
822 1200 1064 1267 elidunt,
1098 1198 1319 1271 Moysen
1351 1215 1537 1256 amore
1592 1202 1760 1257 nimio
1805 1201 2047 1271 lapidare
2077 1217 2173 1256 eo-

580 1302 779 1348 nantur
825 1291 1018 1365 (Exod.
1055 1308 1161 1359 XIV,
1219 1293 1352 1363 10):
1386 1294 1649 1350 adversus
1703 1294 1991 1352 Dominum
2032 1310 2178 1350 sem-

580 1402 674 1455 per
726 1384 920 1456 ingrati
955 1385 1121 1440 variis
1173 1385 1543 1441 molitionibus
1575 1395 1848 1457 pugnant,
1884 1386 2179 1456 multisque

581 1481 684 1535 diis
722 1496 784 1536 ac
834 1481 1048 1552 regibus
1093 1482 1299 1536 servire
1347 1481 1622 1552 gestiunt,
1678 1482 1766 1551 qui
1818 1482 1905 1536 uni
1943 1481 2053 1536 Deo
2085 1496 2178 1553 per

581 1575 971 1645 impatientiam
997 1574 1201 1629 servire
1227 1574 1448 1629 minime
1491 1583 1799 1644 potuerunt.

658 1663 746 1720 IV.
799 1664 906 1720 Sed
954 1665 1303 1737 impatientia;
1355 1664 1616 1720 hactenus
1664 1664 1916 1736 exempla
1970 1664 2180 1735 prolata

2271 465 2397 520 vet;
2425 454 2948 528 destinatjugulare,
2977 472 3045 512 ne
3058 456 3291 528 jugulet,
3316 469 3544 510 securus
3569 455 3660 511 illo
3681 469 3740 510 se
3763 473 3868 513 non

2273 567 2434 625 posse
2453 553 2745 626 displicere
2772 555 3033 620 facinore,
3066 553 3206 624 quod
3233 553 3348 608 Deo
3367 552 3657 622 gerebatur
3687 562 3871 608 aucto-

2274 661 2352 702 re.
2381 647 2426 701 υ
2449 661 2644 702 novum
2675 647 3069 717 spectaculum,
3103 661 3166 700 ac
3188 661 3316 700 vere
3360 645 3470 700 Deo
3514 644 3774 716 dignum!
3820 646 3872 701 in

2275 753 2382 808 quo
2401 738 2627 794 delinire
2649 738 2871 795 difficile
2918 747 3000 795 est
3027 747 3203 794 utrum
3239 739 3309 795 sit
3355 737 3645 808 patientior
3693 754 3874 794 sacer-

2277 832 2376 886 dos
2416 847 2482 886 an
2510 832 2748 887 victima.
2797 832 2914 888 Non
2957 833 3321 902 percussoris,
3380 846 3486 886 non
3537 831 3873 902 percutit-udi

2278 922 2540 978 claudicat
2580 925 2730 979 color
2754 966 2768 990 ,
2819 939 2923 978 non
2961 923 3201 979 membra
3259 935 3495 978 tremore
3553 922 3834 978 vibrantur
3858 964 3874 990 ,

2281 1029 2385 1070 non
2414 1014 2658 1081 demissi,
2691 1032 2795 1072 non
2822 1016 2956 1071 torvi
2999 1024 3124 1070 sunt
3150 1015 3314 1070 oculi.
3345 1013 3515 1069 Nemo
3555 1025 3708 1084 rogat
3733 1056 3748 1080 ,
3780 1032 3873 1069 ne-

2280 1124 2368 1164 mo
2398 1108 2648 1179 trepidat,
2679 1124 2840 1164 nemo
2861 1123 2921 1164 se
2955 1118 3212 1175 excusat,
3260 1121 3420 1162 nemo
3473 1106 3718 1160 turbatur
3753 1149 3766 1172 ,
3813 1123 3876 1162 ne

2284 1218 2411 1258 vere
2434 1204 2502 1257 sit
2535 1202 2903 1272 parricidium.
2941 1200 3055 1274 (24)
3083 1200 3178 1256 Ille
3222 1201 3452 1270 lignum,
3481 1213 3588 1269 quo
3610 1197 3876 1264 inuratur,

2281 1294 2382 1352 sibi
2409 1305 2730 1364 praeportat;
2763 1295 2851 1349 ille
2876 1309 3025 1350 aram
3049 1291 3228 1347 struit.
3262 1291 3357 1346 Ille
3377 1291 3581 1345 exserit
3609 1288 3872 1360 gladium,

2285 1387 2374 1443 ille
2403 1388 2670 1444 cervicem
2705 1403 2812 1442 uno
2843 1398 2992 1453 voto,
3023 1402 3126 1442 una
3159 1385 3484 1449 devotione;
3516 1398 3583 1438 ne
3601 1381 3728 1453 quid
3754 1397 3879 1454 pro-

2283 1482 2463 1537 fanum
2495 1482 2585 1547 sit,
2634 1481 2919 1551 diligenter
2946 1496 3009 1534 ac
3060 1480 3332 1551 patienter
3375 1478 3578 1548 geritur
3629 1475 3772 1546 quod
3817 1475 3884 1530 ab

2284 1579 2457 1634 altero
2482 1577 2810 1632 celebratur.
2850 1575 2962 1632 Sub
2985 1583 3156 1640 tanto,
3188 1588 3292 1629 n0n
3325 1573 3526 1636 dicam,
3579 1569 3884 1624 humanita-

2287 1675 2376 1739 tis,
2409 1673 2504 1729 sed
2530 1673 2710 1743 potius
2733 1673 2903 1744 ipsius
2927 1683 3130 1727 natura:
3156 1679 3300 1725 metu
3325 1669 3433 1725 ιωιὶ
3465 1678 3610 1724 sunt.
3649 1666 3768 1723 Soli
3800 1682 3888 1722 ce-

580 1761 726 1826 sint;
778 1776 951 1832 neque
974 1762 1118 1816 enim
1147 1770 1229 1816 est
1258 1761 1522 1825 studiose,
1557 1769 1615 1814 ut
1666 1759 1922 1827 arbitror,
1974 1774 2181 1813 memo-

2294 1767 2365 1821 dit
2391 1765 2615 1820 alTectus
2650 1756 2860 1836 pietati,
2900 1764 3075 1834 pietas
3131 1761 3415 1833 religioni;
3465 1760 3606 1816 favet
3650 1759 3891 1829 utrisque

586 1853 853 1920 randum,
907 1854 1049 1924 quod
1093 1854 1364 1924 optaveris
1412 1852 1901 1924 compescendum;
1949 1852 2184 1908 maxime

586 1961 710 2001 cum
739 1947 857 2016 ejus
897 1956 1088 2001 natura
1139 1949 1207 2001 sit
1258 1947 1384 2002 talis
1409 1987 1422 2012 ,
1460 1954 1517 2000 nt
1545 1960 1816 2016 nunquam
1865 1955 2105 1999 moretur
2133 1944 2187 1998 in

593 2038 844 2108 propriis,
892 2036 986 2092 sed
1034 2038 1086 2092 in
1137 2038 1409 2108 publicum
1439 2047 1549 2093 tota
1574 2037 1771 2093 diffusa
1806 2037 1913 2092 sit:
1943 2035 2188 2089 tliﬂ‘ama-

589 2127 827 2184 tionibus
857 2128 1066 2200 vigeat:
1101 2129 1205 2184 huc
1249 2140 1410 2202 atque
1443 2131 1570 2186 illuc
1607 2139 1842 2185 aestuans
1873 2130 2020 2184 varie
2047 2143 2188 2184 caaca

594 2233 903 2294 prorumpat
929 2241 941 2277 :
972 2225 1112 2279 victa
1161 2225 1230 2280 sit
1255 2233 1433 2280 autem
1453 2267 1466 2291 ,
1501 2225 1544 2281 si
1573 2224 1936 2281 dissimulatio
1963 2225 2192 2279 celebri-

592 2326 755 2372 tatem
804 2316 921 2388 ejus
947 2316 1220 2374 obscuret.
1269 2317 1422 2374 Nnnc
1447 2316 1513 2373 ad
1543 2317 1814 2388 patientia:
1854 2325 2193 2372 revertamur

595 2409 870 2478 virtutem,
900 2424 1018 2479 qua:
1065 2409 1360 2480 majoribus
1390 2410 1590 2465 nostris
1619 2408 1738 2481 (22)
1768 2409 1962 2464 illustri
1995 2408 2194 2465 virtute

598 2521 886 2576 perennem
918 2507 1144 2579 gloriam
1176 2507 1281 2579 67
1315 2507 1520 2577 peperit
1549 2515 1602 2560 et
1629 2506 1882 2561 salutem.
1911 2504 2048 2562 Abel
2070 2504 2196 2559 ideo

597 2607 800 2670 martyr
843 2601 964 2670 quia
1009 2599 1186 2669 justus
1241 2597 1457 2672 (Matth.
1494 2614 1645 2665 χχιιι,
1675 2597 1798 2669 55);
1844 2597 1967 2654 ideo
2016 2597 2196 2668 justus

594 2691 714 2762 quia
761 2692 1004 2761 patiens;
1037 2707 1066 2746 a
1097 2706 1204 2762 quo
1236 2691 1341 2762 pati
1388 2698 1654 2763 martyres
1703 2689 2048 2757 didicerunt,
2103 2705 2196 2758 pa-

594 2781 776 2838 tiendo
798 2783 1052 2853 libenter,
1094 2783 1236 2856 quod
1269 2800 1376 2838 non
1427 2793 1726 2838 merentur.
1759 2781 1874 2838 Noe
1923 2780 2194 2852 cataclys-

599 2892 767 2943 ninm,
800 2891 908 2946 quo
935 2876 1115 2930 omnis
1141 2890 1272 2931 caro
1330 2876 1568 2930 funditus
1621 2875 1895 2930 deleretur
1918 2915 1934 2942 ,
1988 2873 2196 2932 denun-

597 2971 764 3026 tiante
792 2969 926 3035 Deo,
958 2969 1239 3024 imminere
1268 2983 1364 3040 per
1407 2977 1676 3024 momenta
1731 2975 1787 3021 et
1831 2964 2006 3022 credit
2033 2975 2088 3020 et
2131 2965 2196 3018 ti-

600 3073 748 3129 met,
801 3077 1112 3134 arcamque,
1153 3077 1274 3117 cum
1334 3061 1448 3118 suis
1477 3073 1532 3117 ut
1583 3060 1764 3124 salvus
1815 3058 1999 3128 foret,
2032 3073 2195 3130 quam

2292 1861 2498 1929 religio.
2555 1859 2760 1914 Medius
2799 1866 2980 1927 stupet
3030 1855 3240 1927 gladius
3297 1854 3446 1908 nullo
3501 1850 3892 1920 impedimento

2292 1967 2609 2023 suspensus,
2632 1951 2960 2008 mactatione
2979 1950 3202 2006 terribili
3225 1949 3451 2020 gloriam
3472 1961 3531 2003 se
3555 1946 3893 2016 praistitisse,

2295 2061 2400 2100 non
2427 2044 2656 2102 crimen.
2687 2043 2825 2112 Quid
2858 2043 2962 2098 hoc
2988 2042 3110 2098 est?
3141 2042 3277 2096 Ecce
3303 2039 3606 2095 immanitas
3629 2039 3679 2092 in
3705 2037 3893 2102 fidem,

2296 2150 2345 2193 et
2375 2139 2550 2194 srelus
2575 2139 2764 2193 transit
2795 2138 2845 2192 in
2870 2143 3268 2191 sacramentum
3301 2150 3312 2186 :
3343 2130 3608 2204 parricida
3641 2129 3900 2184 incruen.

2299 2243 2384 2286 tus
2415 2231 2575 2295 redit,
2599 2240 2652 2285 et
2684 2229 2773 2299 qui
2826 2229 3133 2284 immolatus
3154 2224 3542 2298 est,68vivit.
3568 2222 3683 2295 (25)
3722 2222 3898 2278 Ambo

2298 2324 2398 2378 sibi
2415 2323 2604 2394 gloria,
2629 2325 2787 2377 ambo
2801 2323 3060 2378 claritatis
3081 2319 3588 2389 exemplum,amho
3613 2318 3704 2372 Dei
3723 2317 3904 2372 cultus

2299 2418 2620 2474 admirabile
2651 2418 2864 2473 srecnlis
2889 2417 3276 2472 testimonium.
3303 2415 3451 2490 Feli;
3481 2413 3647 2468 ‘orbis
3701 2412 3901 2479 fuerat,

2298 2509 2518 2577 fratres,
2543 2511 2586 2564 si
2615 2525 2805 2564 omnes
2831 2510 2910 2564 sic
2942 2509 3134 2564 tierent
3162 2506 3464 2578 parricidae.

2370 2601 2458 2656 Vl.
2484 2601 2653 2658 Iacob
2681 2601 2835 2672 (Gen.
2854 2602 3022 2670 xxvii)
3039 2617 3136 2672 per
3165 2601 3472 2672 patientiam
3496 2606 3548 2652 et
3566 2595 3907 2651 benedictio-

2299 2709 2421 2748 nem
2471 2693 2707 2748 lucratus
2741 2691 2853 2762 (E6)
2879 2701 2932 2747 et
2961 2691 3181 2746 fratrem
3215 2690 3341 2745 :dat
3373 2687 3669 2743 iracundiae
3720 2675 3908 2741 locum

2297 2798 2538 2847 securus,
2577 2793 2634 2836 ut
2662 2781 2847 2837 redeat
2877 2781 3135 2836 domum:
3183 2781 3322 2852 patri
3350 2779 3726 2844 commendat,
3782 2793 3910 2832 seu-

2298 2879 2398 2932 sim
2437 2877 2686 2946 mitisque
2742 2875 2990 2941 discedit,
3017 2883 3073 2928 nt
3106 2875 3298 2948 probet
3345 2889 3404 2928 se
3447 2884 3501 2929 et
3549 2874 3828 2928 meruisse
3858 2881 3912 2928 et

2301 2987 2406 3026 non
2431 2969 2708 3032 ambiisse,
2743 2968 2888 3039 quod
2919 2969 3134 3023 meruit.
3165 2969 3243 3022 Ac
3275 2983 3342 3022 ne
3367 2966 3489 3038 quis
3521 2966 3666 3020 hanc
3700 2966 3918 3034 patien-

2301 3063 2430 3116 tiam
2457 3059 2758 3115 timiditatis
2788 3060 3005 3114 nomine
3029 3059 3302 3118 obscuret.
3335 3058 3384 3112 in
3408 3057 3676 3112 ducendis
3695 3071 3916 3129 quoque

590 3156 776 3226 jussus
813 3167 895 3213 est
925 3155 1104 3213 facere
1129 3199 1145 3225 ,
1192 3171 1298 3211 non
1353 3155 1614 3228 praecipiti
1658 3154 2000 3210 festinatione
2044 3168 2194 3208 com-
2222 3159 2266 3224 ρ
2301 3152 2694 3225 uxoribustalis
2713 3153 3047 3208 estconditio
3070 3149 3913 3223 (Ibid.xxrx).Libensexcipit:

598 3253 797 3324 pingit;
821 3267 919 3308 nec
949 3260 1154 3308 tantum
1184 3268 1378 3307 munus
1407 3251 1558 3322 quasi
1589 3250 1706 3323 (25)
1731 3258 2091 3320 praesumptor
2107 3257 2202 3303 aut

595 3344 822 3398 demens
847 3345 1009 3414 rapit,
1041 3343 1134 3398 sed
1163 3345 1430 3414 patienter
1460 3341 1714 3404 aedificat,
1748 3341 2016 3412 patienter
2040 3356 2200 3394 exor-

598 3445 712 3500 nat,
746 3435 1014 3504 patienter
1039 3435 1200 3488 variis
1227 3434 1593 3488 animantibus
1637 3435 1828 3503 replet.
1859 3432 2088 3500 Quando
2117 3434 2199 3485 in-

593 3527 742 3599 gredi
788 3527 1066 3597 jubeatur,
1112 3529 1324 3598 quando
1360 3527 1580 3598 januim
1633 3525 1902 3596 claudere,
1936 3525 2200 3596 patienter

598 3631 913 3693 exspectat;
966 3621 1162 3692 dignus
1189 3623 1442 3690 evadere,
1473 3623 1563 3693 qui
1595 3621 1647 3676 in
1676 3631 1823 3678 tanto
1849 3622 1997 3678 orbis
2047 3631 2194 3678 metu

598 3732 704 3772 non
736 3719 1008 3773 festinavit
1033 3718 1288 3774 evadere.

673 3809 732 3864 V.
770 3809 921 3866 Nunc
950 3809 1080 3865 mihi
1115 3810 1350 3866 Abrabze
1396 3811 1746 3866 memoranda
1795 3820 1878 3866 est
1925 3811 2059 3867 mira
2103 3811 2195 3868 illa

598 3902 822 3957 tentatio
843 3901 999 3977 (Gen.
1034 3901 1333 3973 xxu),qute
1355 3919 1475 3958 eum
1509 3914 1601 3958 aut
1624 3902 1944 3976 sacrilegum
1973 3905 2192 3972 fecerat,

596 3995 639 4048 si
667 4005 1037 4052 contemneret
1071 3996 1262 4064 Deum,
1285 4008 1378 4051 aut
1407 3997 1704 4065 crudelem,
1732 3998 1775 4054 si
1805 3997 2074 4053 occideret
2128 3998 2190 4052 li-

596 4087 726 4144 lium
753 4130 768 4154 ,
805 4088 905 4144 nisi
932 4089 1161 4162 quadam
1191 4092 1449 4162 singulari
1478 4107 1542 4146 ac
1572 4107 1698 4148 vere
1719 4091 1898 4148 divina
1933 4093 2188 4162 patientia

593 4181 738 4236 inter
786 4181 1104 4254 religionem
1137 4183 1501 4256 pietatemque
1543 4185 1815 4256 negotium
1847 4193 2192 4255 temperaret,

596 4278 649 4333 in
673 4293 770 4348 spe
802 4294 906 4333 non
931 4277 1206 4349 denegans
1233 4282 1363 4343 Deo,
1387 4279 1529 4351 quod
1551 4287 1737 4336 contra
1771 4294 1924 4350 spem
1966 4292 2194 4350 accepe-

592 4381 728 4428 rata
755 4373 864 4429 Deo
895 4372 1072 4443 (Rom.
1108 4388 1180 4442 tv,
1208 4373 1504 4447 18).Igitur
1531 4375 1678 4430 Isaac
1699 4373 2190 4430 sibidulcissimum

2304 3249 2508 3320 prolixa
2541 3259 2778 3317 tempora
2811 3247 3099 3302 observat:
3133 3245 3310 3299 omnia
3336 3243 3508 3298 soceri
3545 3243 3731 3310 libens
3780 3242 3918 3296 tole-

2304 3353 2387 3396 rat
2429 3344 2686 3411 impcrata
2720 3358 2733 3394 :
2765 3342 2853 3410 qui
2888 3342 2930 3394 si
2965 3348 3109 3394 esset
3141 3338 3459 3406 impatiens,
3493 3346 3612 3390 astu
3675 3335 3921 3390 circum-

2301 3435 2554 3504 scriptus,
2587 3450 2682 3503 pro
2709 3432 2908 3488 Rachel
2938 3428 3276 3500 postmodum
3332 3437 3573 3495 tempore
3634 3440 3919 3497 nunquam

2303 3539 2554 3596 reparato
2577 3525 2825 3580 serviret.
2860 3524 3123 3580 Similiter
3151 3520 3353 3592 Joseph
3384 3520 3592 3590 patiens
3633 3519 3925 3575 invenitur

2303 3618 2466 3690 (Ibid.
2501 3619 2704 3688 xxxvii)
2750 3617 2867 3691 (27)
2896 3634 2926 3671 e
2948 3630 3148 3688 pascuo
3173 3629 3296 3669 cum
3327 3629 3354 3666 a
3384 3612 3655 3667 fratribus
3685 3614 3923 3682 rapitur,

2304 3715 2669 3790 patiens,cum
2702 3712 2755 3766 in
2779 3722 2995 3782 puteum
3021 3708 3342 3775 demittitm,
3391 3707 3608 3776 patiens
3629 3707 3776 3761 dura
3800 3721 3926 3760 cuni

2301 3807 2418 3878 (‘28)
2441 3807 2588 3859 hasta
2606 3806 2944 3868 distrahitur,
2962 3801 3174 3872 patiens
3200 3802 3250 3854 in
3279 3814 3520 3861 carcere.
3546 3799 3602 3852 in
3631 3815 3814 3870 regno
3834 3813 3928 3867 pa-

2300 3901 2539 3963 tientior,
2565 3881 2988 3968 patientissimus
3023 3894 3139 3967 (29)
3194 3893 3529 3948 desideratas
3557 3907 3694 3947 cum
3725 3891 3930 3946 fratres

2300 4001 2621 4063 agnosceret
2654 4010 2666 4046 :
2695 4001 2747 4047 et
2770 3991 2857 4044 ubi
2877 3987 3136 4058 jactantia
3167 4001 3224 4040 se
3253 4002 3356 4038 non
3395 3992 3580 4055 potest
3601 3983 3927 4046 centinere,

2302 4089 2505 4156 positus
2529 4087 2580 4140 in
2615 4087 2821 4139 honore
2848 4082 3129 4137 continuit.
3163 4079 3413 4134 Cielestis
3438 4076 3698 4148 profecto
3722 4087 3810 4130 est
3831 4078 3934 4130 ista

2300 4179 2583 4250 patientia,
2613 4193 2773 4248 quam
2798 4192 2826 4230 a
2856 4190 2956 4230 suo
2978 4183 3116 4228 statu
3143 4187 3250 4227 non
3287 4184 3525 4225 mrumna
3563 4211 3580 4236 ,
3646 4185 3762 4225 non
3814 4167 3936 4223 feli-

2300 4275 2456 4340 citas,
2475 4252 2597 4328 ἰιυιι
2621 4270 2846 4326 allectus
2870 4268 3043 4338 potuit
3070 4278 3443 4321 commovere.

2375 4365 2484 4422 νιι.
2540 4364 2816 4420 Adversus
2860 4361 2962 4418 Job
3012 4359 3258 4416 diabolus
3310 4357 3502 4429 (Job.l
3558 4366 3614 4411 et
3691 4357 3793 4430 tt),
3841 4356 3935 4427 qui

666 4555 780 4625 (20)
809 4554 1031 4628 Legeret
1053 4556 1283 4612 fortasse
1297 4523 1598 4628 quisqniam
1617 4556 1990 4624 impatientiam
2010 4552 2176 4628 _Sod0-
2210 4561 2265 4621 1)
2361 4546 2558 4628 (2min
2591 4546 2729 4603 Ven.
2762 4543 3023 4608 editione,
3059 4541 3218 4596 Ambo
3254 4542 3414 4612 igitur
3442 4540 3632 4611 gloria
3672 4541 3940 4598 claritatis

595 4623 812 4681 morum.
841 4623 947 4682 sed
979 4629 1250 4683 subaudiri
1284 4623 1458 4696 potest
1491 4623 1806 4681 meminerim
1827 4669 1842 4693 ,
1888 4623 2030 4697 quod
2064 4639 2186 4677 ver-

597 4701 723 4754 bum
749 4713 872 4753 cum
903 4699 1139 4770 genitivo
1176 4699 1460 4754 commode
1480 4699 1740 4770 jungitur.

667 4770 789 4909 (21)
832 4771 885 4823 In
909 4769 1066 4825 editis
1097 4781 1212 4825 erat
1239 4770 1502 4824 divinitus.

691 4842 782 4909 εἰ)
825 4842 951 4896 Mss.
975 4840 1161 4909 Pomp.
1186 4842 1305 4895 Vat.
1324 4841 1500 4896 etedit

691 4836 782 4909 εἰ)
825 4842 951 4896 Mss.
975 4840 1161 4910 Pomp.
1186 4842 1305 4895 Vat.
1324 4841 1522 4896 etedit.
1542 4838 1704 4905 Ven.,
1726 4837 1964 4894 illustris.
1990 4836 2182 4892 Postea

595 4915 840 4983 pruqnia
859 4916 1054 4983 justus,
1088 4925 1187 4964 ms.
1215 4911 1334 4983 Vat.
1369 4912 1489 4983 quia
1518 4911 1735 4964 illustris
1762 4913 2012 4983 etjustus.

672 4931 694 4963 :i
723 4929 840 4979 qum
859 4928 1054 4983 Justus,
1088 4928 1187 4964 ms.
1221 4928 1334 4966 vat.
1355 4928 1489 5036 1qum
1518 4928 1735 4964 uiuum
1762 4928 2012 4977 etjustus.

672 4982 788 5054 (25)
821 4983 1176 5056 Prtesttmptor
1194 4982 1332 5056 apud
1383 4983 1768 5056 gertullianum,
1788 4983 1850 5036 de
1877 4981 2185 5056 ljwniteiitia

601 5068 722 5122 cap.
753 5056 806 5116 6,
832 5053 1176 5110 Ammianum
1200 5053 1590 5120 Marcellinum,
1620 5069 1768 5122 xxvi,
1800 5063 1846 5109 5.
1881 5053 2182 5114 Sedulium,

599 5140 747 5179 num.
775 5127 832 5188 4,
867 5136 923 5182 et
949 5125 1215 5198 significat
1245 5140 1392 5192 eum,
1417 5128 1505 5198 qui
1547 5137 1673 5181 ante
1720 5137 1927 5198 tempus
1981 5124 2182 5196 aliquid

599 5199 762 5265 capit,
795 5211 892 5252 seu
921 5197 1182 5268 praeripit.

675 5269 788 5338 (9.4)
818 5270 874 5325 In
906 5267 1022 5326 ms.
1074 5269 1259 5339 Pomp.
1285 5267 1509 5326 deerant
1536 5271 1719 5334 verba,
1743 5267 2190 5336 Illelignum,quo

598 5338 854 5407 inuratur,
887 5341 984 5396 sibi
1018 5338 1329 5412 prwportat;
1359 5343 1448 5396 ille
1475 5360 1618 5396 aram
1641 5342 1791 5396 struit
1816 5357 1835 5395 :
1865 5341 1917 5395 in
1950 5340 2190 5409 margine

601 5421 778 5465 autem
817 5415 1064 5482 sequenti
1110 5412 1334 5483 periodo
1383 5413 1714 5484 subjicienda
1774 5419 2018 5484 notantur
2064 5417 2193 5484 post

605 5485 824 5538 verbum
855 5482 1156 5540 celebratur.
1183 5484 1293 5539 lloe
1317 5485 1435 5539 loco
1487 5482 1683 5540 inserta
1740 5493 1865 5536 sunt
1915 5483 1966 5534 in
2012 5482 2190 5547 editis,

605 5556 699 5610 sed
761 5571 1083 5626 perperam,
1140 5572 1259 5611 cum
1311 5556 1462 5626 prius
1507 5573 1596 5610 ara
1645 5561 1950 5608 constructa
2007 5551 2198 5626 fuerit,

604 5625 776 5705 quani
799 5645 828 5685 a
853 5642 1005 5702 patre
1033 5631 1236 5705 gladius
1259 5640 1617 5705 exsereretur.
1641 5629 1804 5700 Igitur
1824 5625 2199 5705 auctoritatem

606 5697 711 5787 ms.
747 5697 1122 5774 llem.secuti,
1152 5720 1310 5766 suum
1354 5703 1405 5762 in
1449 5703 1625 5760 locum
1668 5697 2003 5766 sententiam
2050 5697 2205 5761 resti-

595 5784 816 5833 luimus.

2293 4620 2605 4689 exemplum.

2363 4722 2479 4791 (26)
2507 4721 2562 4775 In
2587 4719 2747 4775 editis
2773 4726 2827 4773 et
2853 4731 2982 4791 mss.
3008 4715 3282 4791 plerisque
3301 4714 3539 4767 lucratus
3579 4724 3667 4791 eat
3689 4724 3782 4791 :et
3807 4729 3940 4768 vero

2292 4785 2389 4862 pro
2420 4801 2494 4848 est
2523 4792 2708 4848 docuit
2737 4806 2836 4853 ms.
2870 4789 3023 4842 Rem.
3058 4797 3110 4841 et
3148 4787 3377 4862 melius;
3412 4799 3543 4838 nam
3602 4785 3794 4862 Jacob
3843 4800 3940 4862 per

2289 4856 2600 4937 patientiam
2627 4865 2862 4937 lucratus
2894 4874 3020 4937 vero
3055 4867 3136 4911 est
3169 4873 3276 4912 non
3317 4857 3551 4911 fratrem
3586 4860 3813 4924 solum,
3840 4856 3938 4912 sed

2290 4931 2345 4992 et
2371 4933 2802 4992 benedictionem
2817 4942 2868 4987 et
2896 4931 3140 4985 fratrem.

2363 5051 2480 5126 (27)
2501 5051 2626 5106 Mss.
2657 5048 3059 5126 Rem.,_To_l._et
3079 5046 3203 5126 Ve__t.
3226 5063 3251 5099 ε
3276 5061 3504 5126 pascuo,
3526 5045 3741 5124 caeteri
3767 5062 3796 5099 ε
3822 5062 3941 5114 pas-
3973 5073 3984 5083 -

2288 5115 2407 5183 crto.
2440 5115 2698 5177 Ραςειιιιιιι
2728 5120 2868 5192 apud
2912 5115 3404 5192 C01lllll0“:lm,‘lll,
3440 5115 3540 5179 'H,
3574 5121 3784 5181 miserta
3809 5132 3940 5170 vero

2288 5196 2428 5267 apud
2460 5187 2872 5259 'I‘ertulliannm,
2900 5190 3127 5262 Apolog.
3151 5203 3270 5257 cap.
3302 5187 3390 5240 22.

2367 5307 2482 5379 (‘28)
2513 5306 2646 5360 Cum
2675 5305 2799 5375 quid
2824 5304 3035 5375 publica
3065 5301 3317 5379 auctione
3347 5298 3733 5379 venderetur,
3761 5302 3941 5372 erige-

2295 5368 2474 5434 baiur'
2503 5368 2760 5432 hastafin
2783 5368 2940 5444 quam
2975 5390 3086 5428 rem
3121 5374 3238 5426 vide
3269 5368 3625 5439 singularem
3659 5368 3936 5430 «lisseria-

2302 5453 2502 5505 tionem
2549 5449 2692 5503 Junii
2741 5446 2943 5500 Rabirii
2976 5446 3038 5500 de
3068 5447 3329 5498 hastarum
3378 5451 3424 5494 et
3455 5445 3789 5499 auctionum
3839 5448 3940 5498 ori-

2304 5524 2420 5592 gine
2444 5521 2583 5590 apud
2609 5518 2907 5592 Grteviuin,
2940 5527 3069 5570 toni.
3105 5531 3189 5592 ttt,_
3209 5511 3450 5592 pag._l9.
3490 5511 3702 5592 Itaque
3733 5516 3939 5592 Josepli

2305 5584 2776 5659 hasta'distractus
2803 5587 3023 5659 dicitur,
3051 5587 3191 5656 quod
3217 5584 3477 5640 auc1i0ue
3510 5584 3770 5656 quadam
3822 5591 3943 5659 plus

2301 5663 2547 5720 offerenti
2580 5658 2882 5715 divenditus
2904 5658 2991 5713 sit.

2382 5758 2498 5836 (29)
2538 5755 2636 5812 Ms.
2667 5753 2877 5813 Tolent.
2905 5752 3241 5813 desideratus.
