4216 6178
549 266 655 324 519

1955 269 2201 326 SANCTI
2242 267 2533 325 ZENONIS

3740 260 3855 326 320'

549 383 766 438 nomina
786 426 802 450 ,
826 383 927 440 soli
956 382 1169 440 labores
1200 384 1514 455 imponunt:
1542 399 1663 440 cum
1692 399 1908 445 errores
1925 385 2154 441 suoslu-
2180 394 2227 454 Λ
2258 385 2366 456 72
2391 384 2557 439 corde
2586 394 2671 439 est
2697 427 2709 450 ,
2739 396 2793 440 et
2825 384 3113 444 ineliabilis
3162 382 3241 457 (7)
3267 385 3385 457 ejus
3425 383 3512 441 illa
3562 386 3847 456 sapientize

548 475 670 531 nari
716 477 921 532 circulo
975 476 1333 543 adscribunt;
1378 493 1501 533 cum
1554 471 1752 551 ingenii
1801 482 1883 536 sui
1927 496 2146 537 carmen

548 568 653 641 71
680 569 783 624 coli
826 570 914 625 vel
937 571 1169 625 maxime
1193 570 1445 640 cupiunt;
1470 572 1546 628 sic
1576 586 1635 628 se
1660 580 1713 629 et
1735 573 1871 630 alios
1895 573 2147 643 perdide-

548 670 676 716 runt
706 679 717 714 :
748 677 871 717 nam
894 661 978 735 (5)
1021 671 1231 718 mutato
1260 664 1481 721 nomine
1521 675 1572 721 et
1604 666 1748 721 cultu
1777 708 1793 734 ,
1822 668 1973 739 quasi
2024 683 2138 736 pro-

548 762 692 807 mota
722 752 792 806 sit
818 754 1077 819 somniis,
1110 754 1198 810 illa
1225 744 1503 813 scholares
1523 759 1824 814 calumnias
1851 759 1945 814 Dei
1974 774 2147 830 usque

549 842 616 897 ad
640 841 943 899 Ecclesium
971 848 1406 917 transmiserunt,
1459 858 1518 904 ut
1565 851 1617 905 in
1661 850 1776 920 ipsa
1820 868 2074 922 quoque,
2101 852 2147 908 si

549 937 787 994 insanire
816 939 1065 1010 cuiquam
1092 934 1278 1008 libeat,
1306 944 1447 1000 Deus
1474 944 1551 1002 illi
1588 960 1692 1000 non
1749 946 2009 1003 colendus
2052 948 2144 1016 sil,

548 1029 642 1085 sed
674 1031 1020 1101 quaerendus.
1050 1034 1205 1101 Quod
1238 1051 1378 1091 nunc
1407 1036 1610 1091 faciunt
1640 1038 1904 1106 iulideles,
1935 1040 2001 1095 de
2029 1042 2150 1110 qui-

545 1123 649 1179 bus
674 1123 948 1194 Scriptura
970 1125 1147 1180 divina
1177 1128 1302 1197 quid
1332 1130 1665 1199 pronuntiet,
1700 1130 1981 1187 audiamus
2007 1150 2020 1185 :
2054 1148 2148 1187 cu-

541 1213 632 1283 jus
663 1216 761 1270 ista
791 1226 916 1271 sunt
957 1217 1160 1275 verba:
1220 1217 1589 1275 Dentinuerunt
1642 1202 1903 1278 veritatem
1944 1242 1976 1277 a
2024 1225 2149 1294 ﬁliis

548 1306 831 1362 hominum.
872 1307 1016 1363 Vana
1046 1310 1206 1365 locuti
1226 1323 1343 1366 sunt
1372 1314 1721 1384 unusquisque
1746 1314 1814 1369 ad
1850 1317 2146 1385 proximum

548 1415 698 1453 suum
728 1417 747 1454 :
775 1401 911 1455 labia
958 1402 1140 1457 dolosa
1189 1405 1242 1457 in
1272 1406 1425 1460 corde
1465 1406 1624 1460 loculi
1662 1418 1781 1461 sunt
1809 1410 1968 1463 mala.
2014 1409 2146 1466 ‘Dis-

550 1492 732 1561 perdat
763 1493 904 1548 Deus
934 1496 1171 1551 universa
1201 1496 1338 1551 labia
1384 1498 1566 1552 dolosa
1592 1508 1639 1552 et
1666 1500 1897 1571 linguam
1947 1504 2121 1573 magni
2131 1533 2147 1543 -

549 1584 776 1655 loquam.
807 1586 909 1653 Qui
934 1588 1171 1643 dixerunt
1207 1606 1225 1645 :
1254 1589 1510 1661 Linguam
1543 1602 1771 1646 nostram
1796 1594 2149 1665 magni/ieabi-

548 1694 684 1745 mus,
714 1679 851 1733 labia
872 1691 1047 1734 nostra
1079 1679 1157 1752 (4)
1189 1699 1220 1735 α
1247 1682 1392 1736 nobis
1422 1692 1580 1749 sunt;
1625 1687 1737 1754 quis
1767 1695 1940 1740 noster
1967 1684 2149 1740 Domi-

548 1785 645 1823 nus
665 1778 738 1825 est
766 1770 885 1843 (Ps.
915 1788 986 1841 XI,
1042 1774 1067 1828 1
1099 1783 1147 1828 et
1168 1776 1346 1846 seq.)?

616 1861 680 1916 11.
730 1863 873 1920 lianc
904 1867 1211 1934 superbiam
1252 1869 1520 1940 Propheta
1571 1872 1764 1927 tumidi
1804 1873 1987 1928 cordis
2032 1876 2153 1930 evi-

549 1964 689 2024 taus,
716 1957 793 2013 sic
820 1957 992 2029 inquit
1017 1959 1083 2014 ad
1115 1960 1395 2016 Dominum
1424 1979 1436 2015 :
1462 1961 1701 2031 Domine,
1726 1981 1827 2020 non
1854 1974 1926 2019 est
1950 1966 2149 2021 exalta-

547 2060 654 2104 tum
681 2066 770 2104 cor
799 2067 964 2106 meum
994 2052 1114 2124 (Ps.
1154 2069 1327 2120 cxxx,
1377 2057 1453 2123 1),
1492 2071 1615 2112 cum
1654 2057 1920 2126 scriptum
1961 2059 2095 2113 sciat
2134 2076 2147 2113 :

550 2140 629 2215 (5)
670 2140 841 2197 Homo
865 2143 1000 2198 videt
1034 2147 1085 2200 in
1114 2146 1244 2217 facie
1264 2187 1278 2211 ,
1306 2145 1446 2201 Deus
1485 2148 1538 2201 in
1586 2148 1740 2202 corde
1768 2148 1814 2222 (l
1850 2150 1977 2220 Reg.
2009 2153 2149 2222 xw).

541 2235 744 2298 Nonne
776 2237 1136 2306 injuriosum,
1190 2239 1279 2295 vel
1328 2254 1790 2310 supervacaneum
1848 2244 2146 2314 putabitur,

555 2328 669 2383 Deo
699 2330 942 2386 indicare
967 2332 1109 2402 quod
1142 2333 1404 2389 noverit?
1429 2334 1621 2392 Absit:
1655 2335 1858 2391 indicat
1903 2339 2024 2405 ille,
2056 2338 2150 2394 sed

550 2423 710 2478 nobis
735 2465 749 2488 ,
779 2440 916 2494 quos
946 2425 1129 2494 cupit,
1157 2426 1298 2497 quod
1331 2426 1457 2483 facit
1485 2443 1549 2484 ac
1589 2428 1880 2500 praedicat,
1924 2430 2148 2485 imitari.

549 2516 695 2587 Ergo
725 2517 915 2588 inquit,
969 2517 1091 2573 Non
1120 2530 1213 2586 est,
1244 2522 1527 2576 exaltatum
1580 2538 1670 2576 cor
1718 2539 1909 2589 meum,
1948 2524 2151 2579 docens

550 2610 630 2681 (6)
657 2611 923 2682 optimum
975 2628 1099 2669 esse
1119 2614 1447 2671 sacrificium
1477 2614 1589 2671 Deo
1607 2630 1703 2671 cor
1722 2616 2147 2672 contribulatum

546 2705 667 2779 (Ps.
703 2723 754 2768 ι..
777 2707 897 2777 29).
922 2708 1283 2779 Quapropter,
1322 2707 1547 2776 fratres,
1570 2690 1902 2765 ell‘erenduin
1928 2726 2035 2765 non
2063 2719 2150 2767 est

545 2806 825 2871 prosperis
853 2801 1036 2867 rebus,
1067 2803 1161 2857 sed
1194 2803 1387 2858 timore
1420 2803 1513 2858 Dei
1552 2805 1697 2858 intra
1717 2806 2148 2860 mansuetudinis

546 2900 722 2949 metas
753 2894 1096 2950 verecundiae
1134 2895 1289 2952 freno
1339 2896 1705 2952 cohibendum
1739 2940 1752 2960 ,
1793 2907 1848 2951 ut
1878 2899 2149 2967 possimus

548 2985 747 3041 merito
803 2987 998 3042 mereri
1044 2986 1320 3058 Scriptura
1369 2988 1513 3058 quod
1545 2987 1718 3044 dicit:
1758 2988 2035 3045 Proximus
2078 3001 2152 3044 est

552 3080 695 3137 Deus
741 3082 1098 3137 contribulatis
1128 3084 1315 3148 corde,
1361 3092 1409 3137 et
1459 3083 1678 3138 humiles
1702 3085 1888 3155 spiritu
1933 3084 2150 3139 salvabit

2253 490 2318 531 ac
2368 476 2582 531 virtutis
2631 485 2873 548 potestas
2921 478 3180 547 intra’l8)
3208 476 3483 533 hominem
3534 486 3848 548 susceptum

2247 569 2391 640 jacet
2420 571 2591 640 magis
2621 570 2994 626 admirabilior
3018 613 3031 636 ,
3070 572 3192 642 quia
3224 579 3403 626 tantus
3420 580 3503 625 est
3532 580 3586 627 et
3609 572 3751 626 talis.
3784 572 3850 628 Et

2253 661 2416 717 homo
2435 663 2680 718 curiosus
2731 678 2829 719 cor
2872 679 3029 718 suum
3070 664 3323 732 extollit,
3352 672 3688 735 conaturque
3732 664 3849 735 ejus

2252 754 2712 825 comprehendere
2738 756 3080 811 altitudinem
3101 798 3116 823 ,
3149 756 3302 827 cujus
3327 771 3435 812 non
3468 758 3720 829 sequitur
3745 757 3845 814 hu-

2254 847 2535 901 militatem
2564 846 2589 899 ?

2324 937 2413 993 111.
2458 938 2739 1009 Sequitur,
2771 955 2834 994 ac
2872 940 3039 996 dicit:
3075 940 3254 1013 Neque
3279 942 3402 996 elati
3430 951 3549 996 sunt
3576 940 3717 997 oculi
3748 943 3849 998 mei

2257 1029 2373 1101 (Ps.
2400 1047 2560 1091 cxxx.
2599 1032 2670 1104 1).
2700 1031 2994 1088 Oculorum
3027 1034 3178 1104 pejor
3204 1041 3496 1102 estcausa,
3540 1035 3666 1104 quia
3694 1035 3846 1090 exal-

2254 1126 2384 1178 tatio
2406 1124 2589 1180 cordis
2619 1125 2685 1179 ad
2716 1140 2913 1194 paucos
2957 1126 3230 1196 pertinet,
3259 1126 3540 1182 oculorum
3572 1128 3736 1183 elatio
3779 1128 3846 1182 ad

2251 1231 2444 1272 omnes
2474 1235 2485 1270 :
2510 1217 2577 1272 de
2605 1219 2806 1289 quibus
2857 1219 3094 1274 Joannes
3114 1218 3395 1290 discipulis
3436 1221 3561 1290 quid
3591 1221 3851 1292 prtrdicet

2252 1309 2505 1364 omnibus
2540 1322 2621 1365 est
2652 1311 2706 1365 in
2737 1310 2819 1384 (9)
2844 1328 2965 1365 usu.
3000 1310 3199 1378 Nolite,
3232 1312 3426 1382 inquit,
3456 1313 3672 1386 diligere
3698 1330 3851 1369 utun-

2252 1401 2399 1469 dum,
2425 1419 2584 1473 neque
2632 1420 2692 1457 ea
2734 1419 2847 1475 qua:
2885 1405 2939 1457 in
2969 1405 3160 1459 mundo
3189 1414 3329 1459 sunt.
3363 1404 3423 1460 Si
3468 1407 3581 1476 quis
3611 1406 3851 1461 dilexerit

2252 1498 2497 1549 mundum
2518 1535 2532 1559 ,
2565 1511 2667 1547 non
2698 1505 2773 1550 est
2799 1496 2988 1550 caritas
3016 1496 3178 1563 patris
3215 1497 3268 1549 in
3299 1512 3380 1563 eo,
3430 1498 3672 1566 quoniant
3702 1513 3851 1552 omne

2251 1586 2389 1657 quod
2408 1587 2461 1639 in
2491 1585 2682 1639 mundo
2709 1596 2783 1640 est
2803 1589 3215 1659 concupiscentia
3254 1589 3429 1642 carnis
3454 1598 3549 1655 est,
3577 1598 3626 1642 et
3653 1604 3847 1643 concu-

2252 1678 2497 1749 piscentia
2531 1679 2817 1750 oculorum,
2846 1689 2894 1733 et
2920 1680 3134 1735 ambitio
3157 1681 3336 1736 strculi
3363 1680 3405 1753 (l
3456 1680 3617 1735 Joan.
3649 1698 3709 1745 ll,
3753 1682 3843 1748 15,

2179 1792 2224 1852 Β
2257 1772 2347 1841 16)
2373 1790 2385 1825 :
2419 1771 2507 1827 his
2534 1773 2677 1827 enim
2703 1772 3011 1828 auctoribus
3041 1773 3363 1844 ceneipitur,
3397 1772 3482 1829 bis
3506 1774 3735 1835 ducibus
3749 1790 3849 1846 ge-

2256 1862 2412 1927 ritur,
2448 1864 2532 1919 his
2556 1865 2819 1919 ministris
2843 1866 3126 1935 impletur,
3157 1867 3417 1938 quidquid
3448 1869 3689 1938 quotidie
3717 1883 3852 1924 con-

2254 1959 2627 2029 cupiscentia,
2673 1961 3005 2026 ambitione,
3054 1961 3281 2015 avaritia
3326 1962 3480 2016 ardet
3522 1963 3574 2016 in
3628 1963 3848 2018 saeculo.

2254 2051 2434 2120 Quare
2461 2062 2687 2122 utraque
2718 2063 2842 2106 sunt
2874 2067 3009 2107 vana
3044 2070 3056 2106 :
3087 2053 3212 2123 quia
3265 2062 3322 2109 et
3366 2054 3549 2109 cordis
3593 2055 3853 2110 exultatio

2254 2144 2432 2199 nullos
2466 2145 2672 2200 fructus
2713 2145 2958 2212 invenit,
3003 2155 3059 2201 et
3096 2146 3374 2203 oculorum
3425 2146 3739 2202 extollentia
3785 2148 3853 2203 de

2254 2238 2358 2292 alio
2380 2238 2434 2292 in
2462 2239 2606 2293 aliud
2635 2240 2778 2295 elata
2806 2281 2820 2306 ,
2853 2240 3114 2311 quidquid
3146 2240 3370 2309 viderit,
3420 2241 3718 2297 mobilitate
3771 2241 3854 2297 fu-

2250 2332 2368 2403 gaci
2395 2333 2574 2388 statim
2606 2334 2910 2405 deperditﬁ

2324 2426 2413 2481 IV.
2460 2426 2577 2499 (10)
2606 2427 2813 2484 Dehinc
2838 2431 3080 2502 sequitur
3115 2449 3128 2485 :
3162 2430 3345 2501 Neque
3366 2414 3623 2488 ambulavi
3661 2435 3715 2488 in
3740 2451 3853 2488 ma-

2251 2522 2387 2591 gnis,
2409 2536 2567 2592 neque
2587 2523 2641 2575 in
2672 2522 2958 2577 mirabilius
2973 2541 3126 2593 super
3145 2541 3225 2579 me
3245 2524 3365 2598 (Ps.
3389 2541 3553 2593 ειη,
3568 2526 3649 2600 (ι).
3667 2528 3854 2599 Magna

2252 2611 2466 2682 eloquia
2524 2613 2619 2668 Dei
2666 2626 2823 2680 sunt;
2861 2616 2977 2685 ipse
3007 2617 3275 2673 mirabilis
3307 2620 3357 2673 in
3400 2620 3660 2675 excelsis.
3718 2621 3854 2677 Cum

2253 2703 2307 2758 in
2340 2704 2591 2774 periculis
2615 2716 2781 2771 esset,
2801 2706 2847 2761 si
2871 2708 2921 2761 in
2945 2705 3030 2761 his
3054 2709 3323 2779 Propheta
3344 2726 3447 2764 non
3463 2710 3513 2783 (f
3529 2712 3581 2782 1)
3604 2712 3855 2768 ambula-

2253 2811 2358 2868 ret,
2408 2800 2680 2871 quomodo
2732 2802 2931 2857 bonum
2966 2804 3329 2873 iusttper'sibi
3358 2819 3494 2875 opus
3519 2805 3761 2872 assignat
3788 2806 3857 2860 ab

2253 2895 2361 2950 illis
2386 2894 2715 2960 recedendo,
2738 2896 2791 2950 in
2823 2896 3018 2964 quibus
3041 2905 3360 2967 oportuerat
3381 2897 3678 2952 ambulari?
3699 2898 3856 2953 Prio-

2254 2987 2429 3053 ribus,
2460 2986 2675 3053 fratres,
2696 2985 3356 3059 posteriora‘respondent
3385 3006 3399 3043 :
3427 2989 3495 3046 de
3523 2990 3689 3046 rebus
3708 2990 3854 3046 enim

2256 3080 2493 3151 loquitur
2523 3080 2898 3136 srcularibus.
2930 3082 2985 3136 In
3015 3082 3225 3153 magnis
3254 3092 3310 3138 et
3331 3083 3383 3137 in
3409 3082 3753 3137 mirabilibus
3792 3098 3853 3139 se

552 3173 675 3245 (Ps.
706 3191 903 3243 χχχιιι,
940 3174 1052 3245 18).
1087 3170 1193 3232 seu
1234 3186 1287 3232 et
1321 3176 1578 3231 Dominus
1611 3176 1726 3245 ipse
1767 3191 1867 3231 nos
1907 3177 1996 3248 pio
2023 3192 2149 3247 pro-
2177 3188 2223 3251 ρ
2255 3171 2386 3227 dicit
2415 3186 2521 3227 non
2550 3172 2883 3240 ambulasse,
2911 3174 3093 3245 utique
3117 3189 3223 3229 non
3250 3174 3365 3237 Dei,
3389 3174 3484 3230 sed
3515 3175 3566 3228 iu
3592 3175 3699 3229 illis
3736 3190 3855 3246 qua:

551 3268 721 3325 tnisso
751 3270 879 3338 qttid
929 3270 1175 3326 hortetur
1212 3271 1465 3341 accipite.
1504 3270 1706 3338 Venite,
1742 3271 1933 3342 inquit,
1958 3276 2046 3342 qui
2075 3272 2150 3326 la-

549 3362 742 3416 boratis
768 3372 817 3415 et
846 3363 1042 3416 onerati
1071 3364 1191 3417 estis
1209 3404 1224 3430 ,
1248 3375 1296 3417 et
1326 3379 1417 3435 ego
1438 3364 1667 3432 reﬁciam
1698 3381 1804 3419 vos.
1836 3363 2024 3419 Tollite
2060 3366 2147 3433 iu-

550 3467 673 3524 gum
712 3467 881 3505 meum
927 3468 1081 3523 super
1106 3470 1194 3508 vos
1212 3494 1228 3517 ,
1271 3464 1317 3507 et
1341 3454 1519 3509 discite
1560 3472 1593 3509 a
1622 3472 1701 3510 me
1725 3458 1846 3524 quia
1871 3457 2008 3510 mitis
2036 3473 2150 3511 sum

549 3553 597 3597 et
620 3542 829 3599 humilis
847 3545 1097 3599 corde:et
1119 3547 1381 3601 invenietis
1401 3548 1623 3617 requiem
1657 3549 1925 3604 animabus
1975 3551 2151 3604 vestris

553 3635 774 3707 (Matth.
803 3652 878 3699 ιι.
914 3635 1152 3709 28η29).
1187 3639 1327 3694 Deus
1375 3652 1596 3702 noster,
1643 3638 1870 3708 fratres,
1930 3640 2153 3696 humilis

626 3794 932 3870 (5)AAriani
977 3798 1197 3866 quidem
1229 3798 1319 3854 hic
1362 3800 1695 3865 innuuutur;
1741 3800 1830 3867 qui
1863 3802 2003 3854 enim
2038 3800 2157 3870 piti-

555 3863 772 3935 los'uplti
806 3863 1027 3924 nomine
1052 3880 1106 3924 et
1132 3871 1277 3925 cultu
1312 3881 1517 3925 mutato
1564 3863 1691 3925 suas
1739 3863 2015 3926 scholares
2039 3863 2151 3927 ὀα-

556 3938 808 4012 lumnias,
839 3952 932 3993 seu
963 3940 1312 4010 deceptiones
1340 3952 1392 3996 ct
1419 3941 1658 4012 argutias
1678 3943 1728 3996 in
1752 3942 1951 3996 scholis
1978 3942 2147 4009 philo-

556 4008 849 4080 sophorum
899 4008 1112 4080 genitas
1149 4014 1203 4067 in
1232 4008 1529 4068 Ecclesium
1573 4014 1929 4079 transtulere,
1960 4008 2145 4068 Ariani

558 4079 800 4153 profecto
846 4079 972 4136 sunt
1022 4092 1076 4138 et
1104 4084 1295 4139 horum
1327 4085 1640 4140 tractatibus
1666 4099 1787 4139 cum
1811 4092 2146 4153 qurereretur

558 4150 714 4216 liilcs,
745 4163 801 4205 ut
830 4159 985 4208 tract.
1021 4171 1058 4222 I,
1093 4172 1240 4210 num.
1271 4155 1329 4222 ‘2,
1354 4165 1408 4211 et
1428 4157 1552 4211 alibi
1577 4156 1726 4211 Zeno
1757 4150 2009 4221 tradidit;
2052 4172 2142 4211 ve-

558 4236 677 4296 r_utn
727 4222 892 4280 [iebat
933 4226 1074 4296 quod
1109 4229 1152 4281 si
1184 4230 1268 4283 cui
1298 4244 1419 4283 cum
1450 4228 1569 4283 istis
1600 4227 1843 4281 libuisset
1870 4226 2144 4293 insanire,

558 4290 702 4347 Deus
745 4296 827 4351 illi
869 4290 969 4351 non
1000 4297 1244 4354 colendus
1284 4310 1457 4367 esset,
1492 4299 1580 4353 sed
1621 4298 1948 4365 qua'rendus.
1982 4290 2148 4353 Paulo

560 4367 764 4440 postia
806 4369 872 4423 iis
905 4369 1124 4437 verbis,
1173 4388 1293 4440 qua:
1344 4371 1412 4426 ad
1465 4368 2152 4440 Ecclesiantrel‘eruntur,

558 4438 706 4561 quasi
738 4450 963 4509 permota
990 4442 1056 4495 sit
1099 4438 1311 4498 somniis
1336 4484 1350 4507 ,
1382 4444 1602 4498 verbum
1641 4441 1706 4495 sit
1746 4439 1968 4496 abest’a
2020 4455 2150 4494 mss.

608 4510 801 4561 uiettt..
836 4511 1048 4561 Pomm-
1084 4514 1334 4561 Suarum-
1356 4515 1652 4561 lieninnian.
1691 4522 1748 4561 et
1787 4512 1916 4561 edit.
1938 4512 2150 4561 VeneL.

608 4510 801 4584 olent.,
836 4511 1049 4583 Pomp.,
1084 4514 1652 4584 Sparav.,lenonian.
1691 4522 1748 4568 et
1787 4512 1916 4569 edit.
1938 4512 2152 4578 Venet.,

560 4578 655 4652 sed
672 4650 682 4652 _
698 4578 1000 4652 perperam.

560 4721 731 4779 abest.

634 4795 715 4868 (5)
758 4796 959 4852 Eadem
996 4800 1153 4867 plane
1184 4812 1263 4854 est
1292 4800 1668 4869 interpretatio
1698 4798 1750 4869 in
1799 4797 1969 4851 tribus
2012 4794 2154 4850 Gau-

562 4867 728 4939 dentii
762 4869 1041 4924 cedit-ibus
1070 4875 1247 4925 Serm.
1281 4872 1369 4935 11,
1403 4867 1455 4939 p.
1489 4868 1612 4928 140.
1644 4868 1777 4923 edit.
1828 4869 2011 4939 Patar.
2060 4881 2148 4920 an.

564 4938 911 5009 “tamquam
944 4940 1138 4994 Paulus
1167 4941 1487 5006 Galeardus,
1520 4941 1813 4996 canonicos
1840 4938 2146 5005 Brixianus,

561 5008 787 5063 curavit.
813 5010 949 5065 Vide
975 5011 1172 5066 ibidem
1205 5023 1387 5067 annot.
1418 5013 1470 5066 5.

634 5080 715 5152 (ti)
760 5083 909 5155 Apud
941 5083 1195 5155 Hilarium
1223 5084 1508 5155 :Optimum
1535 5086 1664 5140 cnint
1694 5083 2005 5155 sacrificium
2040 5079 2147 5134 Deo

562 5170 652 5207 cor
692 5154 1108 5208 contribulatum.
1138 5154 1258 5211 Non
1295 5153 1383 5210 cor
1405 5155 1639 5211 secundis
1666 5160 1815 5211 rebus
1832 5153 2149 5221 efferendum

560 5233 656 5299 est.
688 5227 778 5299 sed
805 5225 904 5280 Dei
932 5240 1065 5281 metu
1095 5228 1231 5284 intra
1262 5230 1667 5283 mansuetudinis
1696 5228 1824 5299 ﬁnes
1865 5228 2152 5299 humilitate

562 5296 915 5352 cohibendum.
962 5300 1086 5353 lla-0.
1117 5303 1285 5369 prittta
1313 5311 1367 5355 et
1397 5303 1573 5369 potior
1593 5342 1608 5368 ,
1661 5296 1819 5371 quam
1851 5299 1995 5353 Zeno
2024 5298 2150 5371 iuti-

564 5377 705 5439 tatus
728 5380 808 5423 est
840 5371 1025 5425 llilarii
1050 5376 1369 5425 sententiam
1394 5415 1407 5433 ,
1441 5388 1562 5439 qua:
1592 5369 1769 5425 tamen
1798 5386 1902 5424 non
1932 5369 2152 5423 omnino

561 5437 627 5492 ad
658 5441 877 5513 verbum
905 5443 1171 5510 descripta
1195 5445 1298 5498 diei
1330 5437 1525 5513 potest.
1564 5443 1693 5497 Post
1724 5457 1888 5508 pauca
1921 5441 1983 5513 iu_
2007 5451 2147 5494 trac-

560 5517 673 5586 tatu
705 5512 1017 5586 zettoniano
1042 5555 1056 5575 ,
1083 5515 1172 5569 ubi
1204 5510 1396 5586 legitur
1425 5515 1535 5581 ipse
1561 5530 1651 5567 nos
1678 5513 1783 5584 pio,
1820 5526 1920 5564 ms.
1956 5510 2144 5579 Pomp.

558 5580 721 5655 habet
750 5584 858 5655 ipse
900 5588 985 5654 pio
1017 5602 1036 5639 :
1066 5580 1295 5641 hortetu'r
1338 5595 1515 5640 autem
1551 5599 1647 5655 pro
1679 5580 1929 5637 'hortatur
1958 5596 2022 5635 ex
2055 5596 2149 5636 eo-

553 5654 675 5710 dem
707 5654 807 5708 ms.
839 5658 1175 5723 scripsimus.

616 5728 697 5793 l7)
738 5726 792 5780 In
834 5726 1170 5784 Bibliotheca
1220 5728 1469 5793 Patrum,
1500 5737 1555 5783 et
1584 5726 1781 5783 exinde
1828 5723 2139 5780 Desiderius

541 5795 807 5851 lleraltlus
840 5800 891 5854 in
929 5798 1499 5857 animadversiouibus
1520 5801 1586 5854 nil
1618 5799 1812 5854 librmn
1842 5812 1876 5850 ll
1903 5794 2129 5851 Arnobii

2255 3279 2447 3335 magna
2472 3266 2541 3321 ab
2573 3265 2880 3320 hominibus
2904 3267 3004 3321 hoc
3035 3275 3289 3337 putantur
3313 3265 3368 3320 in
3396 3265 3706 3321 sacculo.At
3731 3281 3856 3321 eum

2254 3357 2481 3422 addidit,
2506 3356 2676 3428 Super
2689 3347 2786 3417 me:
2802 3358 3039 3413 ostendit
3063 3373 3355 3430 numquam
3373 3373 3432 3412 se
3444 3358 3645 3413 elatum
3668 3357 3852 3424 fuisse,

2254 3468 2375 3507 cum
2399 3464 2625 3524 posset:
2660 3452 2788 3509 nulli
2814 3454 2961 3509 enim
2986 3452 3195 3508 facilius
3214 3451 3545 3517 'eli‘eruntur,
3580 3452 3683 3505 nisi
3717 3467 3853 3521 quos

2255 3546 2513 3617 inopinati
2547 3549 2769 3603 honoris
2799 3548 3015 3604 culmen
3056 3546 3289 3603 extollit.
3315 3545 3434 3618 (l2)
3464 3546 3631 3601 David
3657 3548 3854 3616 quippe

2256 3640 2495 3709 humilis,
2520 3642 2627 3715 73
2657 3643 2897 3714 abjectus
2918 3683 2933 3709 ,
2968 3642 3224 3712 ignobilis
3251 3641 3333 3696 sui
3360 3640 3577 3711 jaeebat
3606 3640 3659 3694 in
3690 3640 3856 3695 domo

2267 3817 2386 3886 pag.
2422 3803 2544 3886 15,
2577 3804 2812 3886 proejus
2841 3801 2969 3883 legit
2997 3802 3091 3862 vis.
3120 3816 3279 3872 quam
3311 3815 3499 3857 vocem
3526 3800 3572 3856 si
3600 3816 3703 3857 ms.
3731 3816 3858 3872 pro-

2262 3872 2454 3928 barent
2473 3916 2486 3931 .
2528 3875 2690 3928 textui
2718 3872 3165 3929 inseruissemus.

2332 3946 2410 4016 (8)
2456 3944 2725 3998 Hominem
2759 3945 3017 4016 suscipere
3049 3960 3146 4016 pro
3169 3944 3556 3999 humanitatem
3578 3944 3857 4013 suscipere

2257 4014 2441 4086 plures
2484 4016 2672 4070 Patres
2701 4024 2827 4070 ante
2856 4014 3087 4086 Nestoﬁrii
3122 4015 3372 4069 haeresim
3403 4019 3593 4086 dixere
3618 4023 3673 4086 et
3715 4030 3858 4069 non-
3899 4066 3905 4071 ,

2255 4084 2384 4141 nulli
2418 4089 2579 4141 etiam
2611 4098 2750 4153 post,
2784 4086 2851 4141 de
2876 4102 2979 4156 qua
3004 4085 3234 4141 formula
3272 4090 3405 4142 satis
3436 4084 3639 4157 prtefati
3666 4102 3858 4142 sumus

2249 4157 2467 4213 dissert.
2497 4173 2556 4221 ιι,
2585 4173 2635 4212 c.
2663 4159 2719 4212 5.
3862 4186 3869 4191 ·

2325 4228 2404 4301 (9)
2450 4229 2592 4283 Edit.
2649 4230 2832 4284 Patav.
2878 4228 3305 4299 repugnantibus
3351 4244 3481 4286 mss.
3530 4238 3585 4283 et
3627 4229 3850 4285 caeteris

2253 4299 2414 4357 editis
2435 4342 2450 4365 ,
2478 4301 2533 4353 in
2563 4301 2695 4354 visu.
3578 4334 3587 4345 .

2326 4372 2439 4456 (ili)
2483 4370 2579 4425 llic
2608 4371 2746 4456 alter
2771 4380 2856 4427 est
2897 4371 3155 4456 locus_,.in
3186 4386 3294 4456 quo
3338 4381 3525 4428 auctor
3549 4370 3815 4456 Hilarium
3838 4415 3856 4440 ,

2256 4443 2375 4499 aliis
2405 4453 2581 4497 tamen
2608 4444 2925 4515 plerumque
2951 4444 3131 4515 verbis
3154 4444 3367 4515 aliaque
3393 4443 3605 4515 syntaxi
3627 4484 3641 4507 ,
3670 4443 3859 4499 imita-

2260 4526 2344 4570 tus
2367 4514 2610 4578 videtur;
2643 4514 2722 4568 sic
2752 4514 2895 4569 enim
2926 4514 3065 4583 apud
3090 4513 3354 4569 Hilarium
3393 4513 3638 4569 {Dehinc
3676 4517 3858 4581 sequi-

2261 4594 2381 4640 tur:
2406 4583 2587 4654 Neque
2609 4585 2863 4640 auibulavi
2890 4587 2944 4657 in
2971 4586 3172 4657 magnis
3195 4629 3209 4651 ,
3255 4596 3416 4654 neque
3450 4588 3503 4638 in
3530 4585 3858 4640 mirabilibus

636 4644 713 4722 (4)
754 4644 810 4709 Α’
849 4670 977 4710 mss.
1023 4657 1213 4729 Pump.
1246 4669 1302 4713 et
1362 4656 1563 4727 duplici
1608 4655 1741 4711 Zeti.
1786 4653 2099 4728 praepositio
2127 4669 2157 4706 a
2183 4644 2239 4703 D
2262 4673 2418 4740 super
2447 4644 2548 4740 me.
2582 4656 2759 4740 Illagni
2786 4656 3003 4739 periculi
3044 4644 3248 4740 ξςξηεέι,
3282 4644 3342 4740 εἴ
3363 4659 3417 4711 in
3438 4657 3650 4711 modicis
3664 4657 3860 4740 ﬁnibu-

2266 4726 2433 4782 lainus
2460 4768 2473 4791 ,
2504 4738 2551 4798 et
2594 4729 2635 4781 si
2671 4726 2773 4781 non
2811 4729 2868 4782 in
2910 4728 3228 4798 mirabilibus
3274 4730 3617 4782 dentoramur.
3654 4726 3860 4798 Magna

2262 4799 2464 4868 eloquia
2493 4796 2590 4853 Dei
2606 4809 2723 4852 sunt
2748 4816 2765 4865 ;
2797 4800 2906 4869 ipse
2928 4797 3175 4853 mirabilis
3191 4800 3245 4851 in
3269 4800 3481 4855 excelsis
3504 4809 3577 4852 est
3607 4813 3625 4851 :
3645 4807 3695 4852 et
3718 4796 3856 4869 quo-

2260 4870 2413 4924 modo
2435 4879 2678 4935 tanquam
2697 4869 2884 4922 bonunt
2899 4885 3029 4935 opus
3049 4870 3112 4922 de
3124 4884 3178 4923 se
3193 4870 3441 4939 prapheta
3466 4873 3693 4941 μηνίει-ι,
3713 4872 3860 4939 quod

2258 4943 2313 4994 in
2333 4941 2534 5009 magnis
2556 4951 2602 4994 et
2629 4942 2683 4993 in
2710 4941 3028 4995 mirabilibus
3049 4957 3151 4994 non
3174 4941 3434 4996 ambulet?

2329 5008 2434 5080 (11)
2462 5008 2757 5066 Cunlcxlus
2780 5011 3064 5080 persuasit,
3092 5022 3151 5065 nt
3174 5015 3458 5067 ambularet
3484 5012 3859 5068 scriberemus

2256 5098 2320 5137 ex
2346 5098 2446 5137 ms.
2477 5082 2689 5137 Tolent.
2721 5093 2774 5137 et
2800 5083 2931 5138 edit.
2965 5082 3149 5137 Patav.
3182 5099 3303 5138 cum
3338 5085 3388 5138 in
3409 5086 3620 5139 eteteris
3640 5092 3694 5139 et
3716 5098 3852 5139 mss.

2257 5164 2311 5208 et
2336 5154 2495 5209 editis
2520 5155 2723 5225 legatur
2746 5155 2985 5209 ambulet.

2334 5226 2451 5297 (η)
2492 5226 2728 5281 Tertiam
2776 5226 2914 5293 hanc
2938 5227 3259 5281 sententiam
3290 5226 3362 5281 ita
3390 5226 3546 5282 eliert
3577 5225 3811 5281 llilarius
3837 5246 3853 5279 :

2260 5294 2441 5351 David
2467 5298 2602 5352 enim
2632 5308 2678 5351 et
2711 5298 2958 5369 propheta
3007 5310 3052 5350 et
3082 5314 3205 5362 rex,
3242 5307 3351 5351 erat
3392 5297 3600 5351 humilis
3625 5314 3777 5369 antea
3807 5310 3859 5352 et

2263 5369 2512 5442 abjectus,
2558 5386 2717 5437 neque
2755 5368 2982 5422 convivio
3034 5369 3197 5435 patris
3240 5371 3321 5422 sui
3348 5370 3557 5442 dignus,
3607 5369 3696 5422 sed
3741 5368 3858 5423 Deo

2259 5441 2569 5523 complacuit
2612 5452 2865 5523 :“unctus
2901 5442 2961 5523 in
3000 5456 3175 5523 regem
3218 5451 3330 5504 est,
3369 5441 3628 5523 aspiratus
3677 5451 3752 5494 est
3799 5441 3855 5494 in

2254 5510 2578 5584 prophetam.
2614 5510 2733 5565 Non
2774 5512 3032 5565 insolescit
3059 5510 3111 5565 in
3132 5528 3317 5584 regno,
3344 5527 3447 5564 non
3471 5512 3602 5564 odiis
3628 5527 3857 5564 commo-

2253 5583 2418 5651 vetur,
2452 5591 2831 5653 persequentem
2853 5598 2905 5635 se
2936 5591 3096 5653 aiunt,
3125 5583 3452 5635 inimicorum
3474 5592 3658 5653 mortes
3689 5584 3851 5634 hono-

2249 5666 2351 5716 rat,
2372 5652 2669 5709 incestuosis
2691 5661 2740 5705 et
2768 5652 3166 5715 parricidalibus
3181 5654 3304 5722 ﬁliis
3340 5653 3523 5719 parcit.
3563 5652 3859 5721 Imperator

2248 5728 2585 5780 contemnitur
2603 5765 2617 5789 ,
2644 5731 2791 5795 pater
2836 5724 3043 5777 laeditur
3066 5766 3081 5789 ,
3114 5724 3364 5795 propheta
3394 5733 3605 5777 vexatur
3631 5738 3650 5777 :
3683 5724 3857 5777 ultio-

2242 5811 2358 5850 nem
2386 5810 2486 5848 non
2517 5806 2572 5848 ut
2604 5793 2850 5863 propheta
2879 5807 3031 5861 orat,
3064 5793 3339 5849 vindictam
3371 5810 3472 5848 non
3498 5800 3552 5848 ut
3577 5802 3721 5863 pater
3759 5802 3855 5847 su;
