4216 6178
577 212 682 268 527

2015 217 2258 277 SANCTI
2299 220 2594 281 ZENONIS

3771 230 3879 288 528

570 347 799 395 mortem
833 337 1009 408 potuit
1036 336 1259 402 sentire,
1290 350 1392 394 nec
1415 336 1601 393 vitam.
1626 338 1795 394 Recte
1841 338 2003 410 igitur
2022 341 2172 410 Apo-
2200 341 2250 401 A
2275 340 2376 400 sibi
2407 358 2419 394 :
2463 339 2606 411 quod
2648 347 2900 410 parentes
2939 339 3215 413 opulenti,
3267 340 3466 398 abolita
3513 341 3602 400 sui
3643 347 3880 401 nominis

571 431 745 487 stolus
797 432 871 485 ait
925 449 937 481 :
998 431 1173 485 Radix
1222 432 1451 485 onmium
1498 431 1754 485 malorum
1813 441 1890 486 est
1948 435 2168 487 avaritia

574 525 618 595 (l
644 524 780 579 Tim.
816 540 890 588 vt,
924 522 1011 596 10)
1041 542 1054 577 :
1089 524 1190 580 hac
1218 524 1361 579 enim
1410 534 1583 580 matre
1626 525 1923 597 eademque
1970 527 2169 597 magis-

572 627 677 682 tra,
708 617 957 672 universa
985 631 1106 687 qua:
1132 615 1388 682 diximus,
1444 616 1540 673 sed
1586 626 1640 673 et
1683 618 1787 673 alia
1831 619 2023 687 multa,
2060 620 2171 675 into

570 711 752 765 omnia
800 707 1036 779 undique
1085 707 1203 763 sine
1253 724 1438 778 pausa,
1490 726 1609 780 qua:
1653 710 1974 776 scaturinnt,
2029 710 2167 766 mala

569 811 867 859 nascuntur
905 811 1068 874 atque
1113 802 1596 865 concelebrantur,
1651 818 1771 874 qua:
1805 804 2169 860 condemnare

566 900 706 955 falso
734 899 1041 954 humanitas
1065 898 1229 963 gestit
1256 915 1269 950 :
1301 896 1381 969 (ﬁ)
1430 897 1697 953 cautelutn
1737 897 1880 953 enim
1909 897 2164 968 glutiens,

563 992 792 1048 culicem
824 991 1011 1062 liquat,
1045 990 1219 1060 rejicit
1247 991 1421 1044 stillas
1444 989 1755 1057 criminum,
1801 998 1858 1046 et
1894 990 2163 1058 avaritiae,

564 1083 708 1141 ttnde
737 1084 1020 1140 criminum
1054 1082 1255 1139 fluenta
1287 1081 1605 1151 funduntur,
1640 1083 1809 1140 ebibit
1835 1083 2065 1140 fontem.

638 1177 701 1232 ll.
732 1176 867 1232 Huic
890 1190 995 1232 non
1019 1176 1140 1245 jura
1162 1218 1177 1243 ,
1209 1190 1319 1231 non
1347 1175 1511 1247 leges,
1546 1192 1651 1231 non
1685 1176 1861 1236 honor
1891 1178 2035 1234 nllus
2066 1178 2167 1233 ob-

565 1270 741 1335 sistit;
773 1268 896 1339 quia
926 1267 1183 1339 quidquid
1228 1276 1321 1323 aut
1347 1267 1568 1335 emitur,
1598 1277 1692 1324 aut
1721 1267 2067 1337 distrahitur,
2103 1270 2167 1325 li-

566 1363 754 1418 berum
784 1375 890 1415 non
915 1367 999 1414 est
1030 1376 1042 1412 :
1075 1373 1179 1413 non
1202 1358 1455 1413 nobilitas
1478 1398 1495 1425 ,
1527 1360 1653 1429 quia
1679 1374 1775 1429 per
1804 1360 1942 1416 hanc
1969 1360 2164 1425 credit,

566 1452 706 1508 hanc
730 1449 949 1517 excolit,
983 1465 1080 1521 per
1108 1448 1248 1505 hanc
1289 1447 1393 1505 hoc
1425 1449 1529 1505 sibi
1562 1464 1757 1507 nomen
1782 1450 1991 1506 invenit
2016 1468 2030 1506 :
2056 1467 2168 1507 nun

562 1544 843 1609 sanctitas,
876 1557 983 1597 non
1010 1540 1239 1597 munitio
1261 1583 1275 1609 ,
1307 1541 1432 1612 quia
1473 1541 1609 1597 nihil
1638 1550 1721 1598 est
1760 1553 1869 1597 tam
1922 1551 2167 1598 sanctum

558 1637 702 1710 quod
731 1652 836 1692 non
865 1636 1077 1700 violari,
1116 1634 1248 1689 nihil
1284 1644 1389 1689 tant
1417 1634 1704 1701 munitum,
1744 1634 1886 1706 quod
1923 1651 2031 1691 non
2069 1652 2165 1692 ex-

2274 432 2593 499 sanctitate,
2648 432 2792 489 filios
2840 446 2967 489 suos
3010 448 3117 489 non
3148 435 3267 489 sine
3304 435 3584 505 utriusque
3613 436 3878 495 dedecore

2272 514 2547 590 patiuntur
2571 538 2760 580 errare
2790 525 2912 595 stipi
2944 525 3026 598 (7)
3055 526 3252 581 triviali
3280 527 3554 596 subjectos
3585 547 3597 581 :
3640 529 3781 599 quod
3806 531 3873 586 li-

2269 613 2385 671 beri
2417 625 2697 685 parentum
2735 617 2897 671 vitam
2944 633 3039 672 sua
3070 617 3267 674 damna
3293 618 3627 690 judicantes,
3677 620 3875 691 injecta

2271 709 2535 765 violenter
2556 724 2714 764 manu
2746 708 2827 782 (8)
2849 710 2948 780 ipsi
2973 720 3201 777 naturae,
3236 711 3437 768 invasis
3466 712 3875 771 hmreditatibus

2271 812 2398 857 ante
2425 813 2657 874 tempus,
2692 814 2946 873 parentes
2976 818 3105 860 suos
3134 806 3471 875 compellunt
3500 806 3683 863 vivere
3706 809 3872 865 mise-

2270 894 2366 950 rias
2416 894 2755 951 facultatibus
2799 897 2957 951 mori.
2991 896 3341 954 Proh‘nefas!
3372 898 3512 968 Quid
3534 900 3630 955 tibi
3659 910 3748 956 tua
3774 902 3874 958 tol-

2269 988 2338 1044 lis
2365 989 2592 1044 infelix?
2613 990 2750 1059 Quid
2778 1002 3036 1046 extraneo
3063 989 3255 1057 facias,
3278 993 3369 1064 qui
3403 993 3455 1048 in
3485 1002 3536 1049 te
3557 1010 3752 1051 avarus
3779 996 3874 1053 est

2253 1079 2316 1135 Ὀ
2344 1079 2648 1136 detestabili
2680 1080 3053 1137 detestabilius
3080 1082 3277 1137 malum
3304 1084 3318 1136 ι
3352 1083 3582 1140 invicem
3620 1085 3745 1141 dum
3774 1102 3870 1142 ex-

2268 1174 2526 1244 spoliant,
2559 1184 2975 1245 persequuntur,
3000 1175 3214 1243 fallunt,
3246 1176 3428 1233 hostes
3453 1179 3704 1249 probant,
3733 1195 3873 1251 pra:-

2269 1267 2439 1325 dones
2456 1268 2697 1335 laudant,
2721 1269 2959 1325 latrones
2976 1281 3261 1338 excusant,
3287 1288 3386 1328 nec
3402 1272 3482 1327 sui
3505 1288 3756 1344 umquam
3776 1291 3871 1329 vc-

2271 1360 2352 1416 nit
2388 1362 2440 1415 in
2465 1372 2698 1417 mentem
2728 1377 2833 1417 non
2858 1378 2978 1419 esse
3011 1366 3260 1419 humana:
3279 1367 3558 1435 potestatis
3575 1369 3871 1425 crastinum

2269 1453 2410 1509 diem
2445 1454 2596 1527 (Luc.
2640 1471 2715 1523 χι,
2745 1454 2861 1527 20),
2886 1469 2951 1511 ac
2986 1472 3052 1512 ne
3082 1458 3279 1527 ipsum,
3304 1474 3411 1529 quo
3437 1474 3526 1516 res
3551 1461 3728 1532 agitur
3754 1461 3873 1533 (Ja-

2268 1547 2380 1601 cob.
2408 1562 2483 1612 tv,
2528 1544 2617 1619 lt)
2642 1563 2656 1612 ;
2683 1546 2807 1617 quia
2834 1547 2974 1616 quod
3003 1547 3234 1603 volvitur
3259 1564 3491 1620 semper,
3518 1550 3571 1606 in
3595 1564 3875 1610 momento

2268 1638 2397 1709 quid
2438 1637 2647 1705 afferat,
2696 1638 2915 1694 dubium
2976 1652 3078 1696 est.
3114 1641 3219 1696 Sed
3249 1643 3327 1715 (9)
3361 1642 3531 1699 oculis
3560 1645 3874 1715 patentibus

559 1730 784 1803 pugnari
826 1730 1050 1800 pecunia
1080 1727 1249 1798 possit
1281 1747 1293 1784 :
1329 1743 1434 1784 non
1468 1728 1813 1785 necessitudo
1841 1729 2118 1802 sanguinis
2141 1772 2158 1800 ,
2191 1727 2241 1787 B
2266 1730 2397 1786 caeci
2422 1729 2574 1803 (Luc.
2601 1746 2698 1798 xu,
2731 1729 3062 1803 18)di|atant
3095 1733 3311 1801 horrea,
3331 1733 3446 1809 (10)
3476 1746 3648 1793 terras
3674 1754 3878 1807 angus-

560 1840 667 1881 nou
690 1823 943 1886 amicitia,
962 1821 1084 1893 quia
1102 1837 1211 1877 non
1230 1836 1327 1876 suo
1345 1822 1536 1877 merito
1560 1822 1673 1894 80
1695 1821 1788 1877 sed
1803 1822 1941 1888 auri,
1958 1824 2166 1895 argenti

559 1917 985 1987 facultatumqtte
1005 1914 1270 1971 beneficio
1290 1916 1411 1985 quis
1432 1924 1523 1970 aut
1543 1925 1774 1982 amatur,
1800 1924 1894 1971 aut
1913 1916 2037 1971 odio
2056 1926 2159 1973 est.

560 2010 802 2081 Denique
832 2008 949 2063 haec
994 2018 1078 2063 est
1112 2021 1270 2062 causa
1299 2048 1315 2073 ,
1348 2006 1491 2077 quod
1538 1998 1763 2061 fratrum
1819 2008 1903 2078 pia
1946 2008 2160 2064 nomina

558 2103 878 2175 plerumque
915 2105 1086 2173 magis
1112 2100 1304 2172 gladiis
1332 2101 1505 2156 amica
1533 2100 1780 2157 videmus
1806 2115 1961 2168 esse,
1996 2117 2157 2172 quam

629 2242 712 2317 (6)
731 2240 1082 2317 Proverbium
1105 2249 1189 2317 est
1210 2240 1349 2312 apud
1378 2239 1565 2317 Patres
1591 2240 1864 2317 usitatum,
1895 2248 1953 2295 ut
1973 2239 2159 2317 videre

556 2312 701 2370 licet
727 2315 780 2370 iu
821 2312 1072 2369 Lucifero
1096 2312 1425 2374 Calaritano,
1472 2312 1565 2365 lib.
1624 2327 1658 2366 tt
1686 2312 1753 2365 ad
1783 2312 2157 2368 Constantium

554 2385 829 2470 pag-209
886 2397 1018 2470 tom.
1071 2401 1123 2439 tv
1169 2382 1564 2470 Biblittth.
1609 2383 1740 2470 edit.
1775 2381 2051 2470 Lugdunx
2104 2395 2160 2441 et

553 2455 609 2513 iu
634 2455 969 2529 Hieronymo
998 2460 1049 2512 in
1076 2467 1237 2527 caput
1266 2472 1336 2511 vn
1361 2455 1572 2529 Matth"
1616 2463 1747 2511 lout.
1768 2472 1838 2510 vn
1856 2456 1986 2511 edit.
2005 2456 2154 2524 Ver.,

555 2544 677 2600 pag.
702 2529 793 2592 58,
814 2528 869 2584 et
889 2529 942 2583 itt
965 2544 1085 2599 cap.
1117 2546 1273 2595 χχιιι,
1301 2544 1419 2599 pag.
1451 2528 1573 2583 184.

627 2597 708 2674 (7)
735 2597 1195 2674 Triviale‘pr'Oprie
1221 2597 1325 2669 est,
1355 2597 1498 2674 quod
1527 2597 1780 2674 in_trivii_s
1806 2599 2035 2674 geritur,
2069 2600 2153 2656 vel

554 2670 809 2728 ad'trivit
838 2671 1236 2743 quodammodo
1268 2673 1516 2741 pertinet.
1553 2672 1687 2726 Hinc
1728 2670 2151 2739 Quinetiliauus,

554 2744 649 2800 lib.
677 2760 712 2809 ι,
737 2742 937 2812 οιιιιζιι.
984 2745 1389 2812 grammaticam
1416 2743 1667 2797 trivialem
1687 2743 1954 2799 scientiam
1978 2753 2151 2807 vocat.

554 2816 679 2885 quia
719 2816 772 2869 in
806 2816 978 2869 triviis
1008 2813 1336 2870 discebatur.
1372 2815 1510 2883 Stipi
1541 2816 1701 2884 igitur
1729 2815 1918 2868 triviali
1948 2815 2151 2870 dictum

554 2884 660 2949 est,
694 2897 978 2955 propterea
1004 2884 1145 2955 quod
1169 2886 1222 2939 iu
1254 2886 1424 2939 triviis
1446 2886 1783 2954 potissimum
1819 2886 2015 2954 pepulo
2047 2885 2154 2939 fre-

556 2958 931 3026 qttentioribus
974 2955 1208 3014 mendici
1247 2956 1440 3027 stipem
1478 2963 1785 3023 qumrerent
1816 2973 1829 3009 :
1873 2956 2014 3010 unde
2042 2956 2153 3027 Ap-

558 3028 791 3097 puleius,
823 3027 957 3100 lib.t
989 3026 1138 3089 Met.,
1169 3043 1288 3099 pag.
1309 3026 1599 3100 _M,_stipes
1624 3028 1678 3081 in
1704 3027 1867 3081 triviis
1918 3026 2150 3098 erogatus

558 3110 844 3153 memerat.
899 3099 1030 3154 Heic
1073 3098 1256 3155 autem
1299 3098 1365 3156 S.‘
1414 3098 1561 3154 Zeno
1603 3110 1752 3153 notat
1792 3100 2147 3167 quorumdam

556 3180 768 3242 patrum
793 3169 1095 3237 avaritiam,
1124 3171 1213 3240 qui
1247 3186 1313 3225 ne
1343 3169 1484 3225 filios
1505 3170 1731 3237 alerent,
1762 3185 1857 3224 eos
1876 3171 2070 3242 stipem
2099 3172 2152 3226 in

559 3241 732 3295 triviis
762 3242 1103 3298 etnendiCare
1127 3242 1413 3306 cogebant.

610 3314 706 3393 .(8)
731 3312 828 3369 Ms.
850 3312 1215 3394 Toleut...ipsi
1237 3314 1525 3368 immatura:
1554 3312 1742 3366 invasi:
1765 3328 1784 3379 ;
1814 3310 2031 3380 Urbin.,
2054 3314 2158 3385 ipsi

555 3392 710 3437 etiam
738 3396 937 3438 natura:
954 3392 1166 3437 mvasts.

630 3452 713 3524 (9)
745 3455 841 3509 Ms.
876 3456 1057 3520 liem.,
1090 3456 1227 3510 oculi
1259 3456 1567 3520 parentibus.

468 3594 475 3595 ί
562 3556 605 3600 _A-
630 3525 745 3597 (ill)
772 3526 916 3581 [dem
942 3541 1040 3580 ttts.
1068 3535 1715 3600 testesangustantgtrgenl
1736 3527 1952 3581 saltibus
1966 3527 2150 3582 saltus.

559 3594 753 3668 Urgent
781 3612 996 3668 quoque
1016 3600 1071 3652 in
1096 3612 1226 3652 mss.
1261 3594 1379 3651 'I’ol.
1404 3607 1459 3653 et
1490 3594 1634 3662 Vatf,
1670 3597 1855 3651 Terras
1887 3613 1984 3666 pro
2004 3608 2152 3654 testes

552 3681 620 3722 es
651 3668 889 3739 quinque
918 3682 1049 3743 mss.
1097 3676 1152 3723 et
1197 3669 1375 3743 editis“
1400 3668 1758 3743 scripsimus;
1783 3672 2015 3743 jungunt
2052 3685 2151 3743 pro

552 3748 737 3811 urgent
761 3756 826 3797 ex
850 3742 1025 3796 tribus
1058 3754 1187 3795 mss.
1217 3750 1270 3795 et
1292 3739 1471 3796 editis.
1507 3739 1797 3796 Sententia
1812 3741 2152 3811 g-otnmodior

553 3808 694 3884 hanc
723 3812 1071 3884 scriptionem
1102 3813 1293 3867 suasit.
1328 3811 1494 3867 Paulo
1523 3823 1644 3882 post
1675 3827 1777 3868 ms.
1808 3810 1938 3867 Urb.
1984 3814 2149 3881 possi-

552 3880 733 3956 derent
761 3880 859 3956 pro
887 3883 1205 3956 possideant.
1300 3916 1306 3921 ε

623 3953 642 4020 (
656 3956 676 4009 ι
688 3955 744 4021 l)
778 3954 873 4010 Ms.
888 3952 1055 4009 'Rcm.
1067 3997 1082 4020 ,
1096 3952 1411 4010 Canstruunt
1426 3953 1624 4020 prwlia,
1645 3954 1881 4022 sepulcra
1895 3953 2143 4016 detinent,

551 4038 852 4097 omnemque
887 4043 988 4080 non
1031 4028 1207 4097 timent
1247 4035 1480 4080 mortem.
1541 4026 1802 4081 Similiter
1845 4026 1897 4079 in
1936 4026 2147 4097 codici—

549 4093 651 4166 bus
673 4093 793 4151 'l‘ol.
824 4107 879 4153 et
902 4098 1144 4152 Basilica:
1167 4096 1435 4153 Vaticanm
1456 4098 1636 4166 prmliu
1664 4111 1760 4165 pro
1781 4096 1998 4165 pruzdia,
2023 4113 2143 4165 qua:

548 4164 711 4241 lectio
751 4169 795 4222 si
825 4169 1057 4240 genuina
1106 4177 1286 4233 esset,
1338 4164 1530 4241 avarus
1572 4164 2001 4241 illosspectaret
2029 4164 2140 4241 i’qui

545 4238 796 4307 agrorum
825 4238 1043 4295 suorum
1078 4240 1212 4295 lines
1238 4238 1561 4310 protendere
1602 4239 1906 4308 cupientes,
1936 4238 2143 4293 vicino-

547 4323 665 4363 rutn
698 4326 856 4380 agros
895 4325 1158 4384 usurpare
1190 4314 1473 4384 nituntur,
1507 4320 1559 4365 et
1595 4310 1649 4364 in
1682 4326 1799 4364 eam
1861 4325 1972 4384 rem
2011 4326 2138 4384 evn-

543 4379 749 4435 struunt
791 4399 894 4438 non
933 4379 1152 4455 prtidm,
1204 4382 1297 4439 sed
1332 4383 1544 4455 prwlia,
1568 4396 1701 4455 quae
1731 4395 1876 4455 saepe
1902 4379 2139 4455 obtines

545 4466 831 4524 usurpatos
855 4450 1285 4519 coitttuittuntnr,
1325 4462 1380 4507 et
1401 4450 1633 4524 sepulcra
1667 4452 1929 4516 detiment,
1954 4450 2005 4505 id
2030 4462 2132 4524 est,

2272 1832 2406 1889 tant,
2431 1824 2666 1894 jungunt
2694 1823 2919 1879 saltibus
2947 1826 3138 1891 saltus,
3169 1837 3223 1882 et
3251 1829 3296 1883 si
3328 1828 3515 1885 orbem
3542 1839 3711 1886 totum
3743 1847 3874 1902 pos-

2267 1915 2496 1979 sideant,
2515 1918 2651 1972 fines
2662 1917 2888 1973 oderunt
2908 1936 2920 1972 :
2940 1918 3179 1975 illicitum
3197 1930 3381 1990 putant
3398 1922 3597 1979 habere
3610 1913 3872 1983 vicinum.

2266 2009 2380 2083 (ll)
2421 2009 2753 2067 Construunt
2792 2012 3013 2082 pra~dia,
3055 2014 3304 2084 sepulcra
3337 2016 3636 2086 defodiunt,
3681 2019 3877 2076 timent

2263 2119 2422 2160 omen
2445 2107 2533 2175 qui
2572 2119 2677 2160 non
2719 2105 2910 2161 timent
2943 2116 3196 2164 mortem.
3222 2110 3330 2181 81
3354 2110 3443 2166 Sic
3464 2112 3540 2167 sic
3562 2111 3875 2185 interempti

2262 2239 2507 2318 adversus
2531 2242 2663 2296 alios
2693 2252 2908 2318 conatus
2922 2261 2968 2318 ra»
2981 2245 3230 2315 sanguine
3260 2255 3305 2299 et
3333 2246 3471 2318 cede
3492 2264 3627 2318 saepe
3653 2266 3874 2306 numero

2261 2312 2468 2367 initium
2495 2323 2723 2367 sumunt.
2756 2313 2892 2383 Quid
2919 2312 3272 2381 illustrius,nt
3301 2317 3462 2373 trium
3492 2312 3738 2375 codicum
3769 2338 3872 2378 att-

2264 2383 2689 2454 tiquissimorutn
2729 2386 2890 2439 lectio
2928 2386 3110 2455 prtelia
3144 2387 3198 2441 iu
3245 2398 3601 2445 memoratam
3641 2405 3874 2449 senten-

2262 2455 2390 2508 tiam
2435 2456 2826 2530 confirmetur?
2859 2457 3034 2530 AAdde
3081 2469 3361 2527 prmterea,
3406 2461 3549 2530 quod
3595 2468 3872 2521 nonsatis

2261 2538 2503 2595 apparet,
2538 2527 2809 2602 quomodo
2847 2527 3153 2599 frequentes
3184 2527 3634 2597 interemptiones
3679 2538 3871 2602 sepul-

2261 2610 2476 2672 crorum
2506 2597 2882 2663 effossoribus,
2904 2597 3134 2669 quorum
3157 2603 3370 2672 vulgata
3401 2602 3563 2659 lectio
3586 2597 3867 2672 meminit,

2262 2668 2563 2739 plerumque
2583 2672 2881 2734 evenerint,
2905 2668 3101 2740 quibus
3122 2673 3221 2727 etsi
3242 2668 3304 2729 ea
3331 2674 3399 2728 de
3444 2689 3606 2730 causa
3629 2668 3866 2735 mortem

2260 2754 2497 2812 romatne
2514 2742 2643 2812 olim
2663 2741 2810 2812 leges
2839 2743 3159 2807 inlercbant,
3200 2758 3305 2799 non
3331 2754 3507 2800 tamen
3531 2762 3718 2803 eorum
3740 2764 3871 2806 cor-

2261 2824 2395 2888 pora
2419 2811 2546 2888 feris
2578 2811 2903 2888 alitibusque
2933 2816 3247 2888 earumdem
3279 2815 3452 2885 legum
3489 2824 3868 2888 pr:eeeptione

2257 2882 2453 2957 tradita
2513 2881 2779 2938 feruntur.
2821 2883 2935 2957 luto
2993 2901 3122 2941 vero
3162 2887 3291 2941 illud
3324 2881 3648 2957 sttjtplicittttt
3676 2881 3869 2948 'lututi-

2258 2951 2408 3007 Iioris
2446 2964 2650 3008 tantum
2696 2954 3025 3010 conditionis
3065 2957 3375 3012 hominibus
3393 2951 3533 3013 olim
3576 2961 3866 3020 decretum

2258 3021 2387 3103 [ιρις.
2434 3025 2494 3103 ιι
2523 3027 2627 3103 _t_it.
2688 3042 2759 3080 χιι
2806 3027 2897 3081 lib.
2933 3042 3101 3103 χλινιι,
3140 3028 3546 3103 D._Zeuouiano
3585 3049 3702 3088 :cvo
3742 3036 3866 3103 jam

2261 3096 2947 3168 fueratjsublatuut,morte
2962 3101 3013 3152 in
3030 3098 3390 3168 pecuniariam
3423 3104 3678 3158 mulctam
3706 3096 3870 3161 cotu-

2265 3176 2465 3238 mutata
2495 3167 2621 3238 ch.
2649 3168 2704 3226 Ξ.
2739 3167 2820 3221 tit.
2850 3185 2982 3231 xvn,
3009 3167 3097 3224 lib.
3127 3186 3198 3233 ιχ,
3225 3171 3439 3227 Codicis
3466 3172 3865 3233 Theodosium.

2260 3236 2331 3291 At
2368 3236 2706 3315 cum_it{ha_c
2745 3238 3033 3315 Bernensis
3076 3241 3325 3315 lectione
3359 3245 3617 3300 nonnulla
3663 3248 3863 3315 insint,

2259 3322 2379 3388 q_u;e
2416 3325 2445 3363 a
2477 3309 2799 3388 zenonianue
2833 3311 3117 3388 locutionis
3138 3313 3475 3388 proprietate
3517 3331 3582 3371 ac
3623 3309 3870 3388 puritate

2258 3379 2452 3453 obesse
2481 3380 2748 3444 videntur,
2786 3397 3017 3453 cumque
3049 3385 3098 3437 in
3134 3379 3299 3453 linjtis
3328 3379 3638 3442 Zt-noniani'
3666 3394 3864 3447 saeculi

2259 3448 2468 3519 legibus
2503 3454 2585 3507 tit.
2617 3468 2729 3508 xvu
2775 3452 2867 3527 lib.
2904 3448 2955 3509 ιχ
2982 3454 3183 3527 laudati
3205 3448 3445 3512 'Codicis
3480 3457 3740 3527 frequens
3766 3478 3870 3519 oc-

2257 3532 2447 3599 currat
2460 3538 2647 3599 eorum
2677 3523 3167 3599 reprehensio,qui
3192 3528 3436 3595 sepulcra
3461 3523 3824 3588 demoliuntnr
3850 3577 3864 3599 ,

2254 3589 2386 3673 μεθ.
2416 3596 2451 3673 _l
2480 3589 2928 3673 ejusdem-tituli;
2962 3589 3237 3673 dejiciunt,
3257 3589 3399 3673 'ch.
3429 3600 3496 3666 2;
3527 3589 3863 3673 subvertant,

2254 3663 2384 3735 Leg.
2416 3666 2482 3731 '5;
2533 3666 2823 3745 destruunt,
2867 3667 2994 3745 Leg.
3017 3663 3083 3724 ⁷4
3108 3685 3122 3732 ;
3153 3686 3272 3745 qtne
3301 3663 3441 3745 idatn
3469 3663 3595 3726 sunt
3622 3690 3687 3730 ac
3708 3663 3866 3745 apud

2254 3746 2529 3814 auctorem
2552 3738 2863 3814 defodiunt;
2905 3738 3179 3814 vulgatam
3202 3741 3511 3808 lectionem,
3542 3760 3665 3814 qua:
3686 3738 3869 3804 etule-

2254 3822 2436 3862 rorum
2468 3809 2594 3864 item
2619 3818 2702 3864 est
2738 3809 3012 3875 codicum,
3051 3811 3277 3866 nihilum
3308 3809 3696 3871 immutati-dam
3721 3836 3870 3876 ,cre-

2251 3878 2506 3956 didimus.
2550 3878 2964 3956 serntoitaqne
2989 3882 3075 3936 hic
3114 3895 3198 3937 est
3222 3883 3288 3937 de
3326 3885 3450 3949 illis,
3485 3886 3573 3956 qui
3606 3892 3869 3947 avaritia:

2250 3950 2430 4005 studio
2456 3952 2705 4025 sepulcra
2735 3951 3113 4018 defodiebaut,
3160 3955 3242 4009 vel
3272 3965 3328 4008 ttt
3356 3950 3516 4025 agros
3544 3972 3674 4012 suos
3708 3961 3868 4016 dila-

2251 4030 2426 4105 tarcnt
2465 4023 2732 4105 (sepulcra
2761 4028 2905 4105 enim
2932 4039 3217 4105 agro_ruttt__
3238 4023 3863 4105 part_ein_occ_ttpahaut)

2249 4092 2357 4163 vel,
2390 4092 2532 4161 quod
2559 4096 2855 4162 praesertim
2898 4092 3311 4163 repreltettdizur
3349 4097 3402 4151 itt
3459 4092 3690 4153 laudatis
3737 4092 3869 4158 Ου’-

2246 4161 2379 4217 dicis
2400 4161 2758 4219 Tlteodosiaui
2787 4161 3025 4238 legibus.)
3046 4176 3102 4238 ut
3135 4168 3503 4235 sepulcrorum
3533 4170 3867 4238 columnas,

2245 4248 2512 4307 marmora
2551 4244 2913 4307 caeterantquc
2948 4236 3391 4293 aedificationibus
3433 4241 3616 4296 utilem
3666 4236 3869 4300 tuateé

2244 4306 2377 4359 rietu
2407 4306 2528 4379 aliis
2558 4306 2872 4372 venderent,
2901 4308 2985 4361 vel
3011 4310 3060 4362 in
3093 4308 3369 4379 proprium
3400 4325 3551 4365 usum
3580 4317 3875 4373 transfer-

2244 4386 2380 4450 rent.
2408 4377 2485 4432 De
2504 4378 2672 4450 omine
2694 4388 2871 4433 autem
2898 4380 3041 4448 quod
3067 4377 3302 4445 additur,
3326 4382 3607 4448 Ileraldus,
3635 4385 3689 4439 in
3709 4390 3870 4450 Ani-

2246 4448 2712 4521 ntadvet'siotubus
2730 4451 2800 4521 ad
2830 4450 3148 4521 Arnobtunt,
3176 4466 3296 4521 pag.
3324 4451 3449 4518 100,
3469 4455 3734 4509 mendum
3752 4448 3875 4516 (hic

541 4509 722 4578 minus
752 4526 970 4599 timent,
1003 4526 1087 4580 vel
1123 4509 1415 4599 spernunt
1436 4509 1531 4599 (de)
1564 4525 1707 4599 enim
1740 4509 2050 4599 pra-positio
2076 4509 2130 4576 in
2165 4509 2213 4569 Ι)
2242 4518 2409 4599 latere
2434 4519 2640 4589 judicat
2669 4537 2682 4573 :
2718 4518 3010 4599 Legettdttnt
3037 4509 3355 4576 enim-dubio
3383 4509 3563 4599 procul
3583 4568 3598 4590 ,
3639 4509 3867 4599 inquit:

539 4597 855 4664 compositis
885 4593 1333 4665 minuendi'srepc
1370 4593 1480 4649 vim
1522 4594 1718 4659 habet,
1774 4604 1831 4647 ut
1857 4593 2131 4665 detumes-

538 4662 681 4730 cere,
700 4666 960 4734 detonare,
993 4669 1125 4735 etc.)
1148 4662 1446 4737 omnemque
1459 4675 1679 4737 mortem
1697 4666 1810 4719 haec
1840 4667 1924 4737 οι)Δ
1942 4662 2124 4737 praelia

534 4738 712 4793 civilia
746 4733 1074 4793 snliire'non
1109 4733 1284 4791 timent
1328 4733 1434 4791 :'et
1458 4735 1560 4788 huc
1589 4750 1803 4805 quoque.
1839 4733 2125 4789 referenda

533 4821 713 4864 eSSt-nt
740 4810 1057 4879 sequentia:
1090 4807 1181 4863 Sic
1210 4810 1285 4861 sic
1312 4804 1617 4879 interempti
1634 4804 1931 4879 plerumque
1948 4807 2126 4876 jaceat

531 4881 761 4950 canibus,
778 4876 882 4945 etc.
895 4921 911 4946 ,
928 4879 1069 4950 quod
1090 4881 1141 4932 itt
1163 4878 1419 4950 CiVllibUS»
1432 4876 1555 4939 illis,
1573 4890 1669 4930 seu
1684 4877 1966 4950 rustieanis
1990 4890 2126 4945 prie-

530 4949 641 5017 liis,
674 4966 771 5020 pro
798 4947 1047 5019 agrorum
1081 4949 1276 5003 finibus
1306 4948 1631 5011 excitantur,
1664 4947 1963 5020 plerumque
1991 4961 2124 5020 sane

527 5016 1171 5093 eottti'gisse'luculenter
1218 5021 1411 5093 prohat
1464 5020 1732 5093 peculiare
1772 5021 1827 5073 S.
1872 5016 2122 5093 Gregorii

524 5089 769 5164 Nyssairni
798 5090 1162 5164 testimonium
1185 5089 1349 5164 serm.
1380 5090 1437 5164 Al,
1471 5089 1533 5143 de
1566 5089 1810 5164 Oratione
1831 5131 1847 5156 ,
1881 5090 1968 5164 ubi
1996 5104 2122 5164 ava-

524 5160 662 5220 ritia:
692 5166 909 5234 quidem
937 5162 1185 5218 effectum
1216 5162 1553 5228 describens,
1586 5164 1691 5215 ait:
1714 5160 1957 5234 Agricola
1980 5162 2120 5234 agri-

521 5231 778 5291 culturam
812 5235 1108 5290 necessariis
1148 5234 1323 5288 usibus
1370 5250 1470 5287 non
1501 5234 1727 5300 metitur,
1758 5231 1847 5287 sed
1873 5231 1943 5285 ad
1967 5231 2118 5302 plura

518 5309 748 5362 studium
771 5322 973 5379 semper
986 5306 1275 5379 intendens,
1302 5304 1425 5359 dum
1448 5302 1629 5358 alienis
1652 5305 1840 5379 ﬁnibus
1862 5320 2117 5372 usurpau-

516 5379 597 5434 dis
626 5396 747 5433 suos
775 5377 927 5447 agros
956 5377 1109 5432 latius
1137 5379 1348 5447 profert,
1392 5391 1641 5446 magnum
1679 5377 1877 5447 aditum
1906 5387 2113 5447 peccato

510 5452 753 5506 adversus
779 5446 911 5505 illud
940 5449 1166 5502 studium
1208 5446 1359 5517 atque
1384 5448 1670 5499 institutum
1700 5446 1817 5499 vita:
1844 5446 2104 5515 patefacit.

516 5520 666 5579 Unde
695 5521 877 5576 sedata
905 5529 1056 5586 atque
1076 5519 1359 5588 compositu
1386 5517 1614 5588 diﬂiciles
1636 5517 1870 5570 oriuntur
1892 5524 2104 5585 conten-

506 5595 669 5650 tiones
695 5602 743 5672 et
766 5593 919 5672 lites”
942 5591 1009 5645 de
1256 5587 1652 5672 agroruminter
1670 5604 1725 5670 se
1752 5597 1965 5672 mutuas
1983 5603 2105 5672 con-

502 5665 775 5722 troversias
804 5656 1148 5721 territantibus
1178 5662 1259 5721 iis,
1287 5656 1373 5731 qui
1402 5659 1558 5713 simili
1582 5659 1811 5713 avaritia:
1834 5656 2009 5731 morbo
2030 5666 2103 5712 te-

497 5749 698 5793 nentur.
733 5734 1001 5801 llincirw,
1027 5734 1144 5788 hinc
1165 5734 1379 5807 inpetus
1401 5732 1469 5786 ad
1492 5731 1683 5786 malum
1702 5772 1716 5794 ,
1742 5730 1861 5785 hinc
1881 5730 2099 5784 aliorum

2234 4592 2442 4645 timeant
2476 4608 2645 4656 omen,
2668 4593 2757 4660 qui
2779 4608 2879 4645 non
2905 4592 3082 4646 timent
3107 4603 3353 4660 mortem;
3380 4594 3519 4649 idest
3543 4599 3588 4651 si
3614 4592 3865 4657 mortem

2232 4678 2333 4715 non
2361 4666 2559 4726 timent,
2590 4662 2679 4732 qui
2698 4663 2823 4716 talia
2848 4673 3029 4733 agunt,
3060 4664 3243 4718 saltent
3264 4681 3409 4719 omen
3439 4668 3690 4732 timeant;
3721 4689 3872 4728 nam

2230 4735 2471 4803 sepulcra
2499 4750 2615 4785 cum
2641 4733 2948 4800 defodiunt,
2979 4751 3125 4805 omen
3151 4735 3249 4788 sibi
3290 4736 3489 4805 faciunt
3516 4738 3874 4800 detestanda:

2229 4814 2343 4868 post
2363 4813 2573 4882 mortem
2595 4806 2766 4882 sortis,
2787 4807 2909 4882 etin
2931 4806 3061 4872 ipsis
3083 4803 3310 4882 Zenonis
3324 4809 3483 4862 verbis
3503 4827 3650 4864 omen
3677 4815 3867 4882 inest,

2229 4877 2378 4950 quasi
2420 4890 2492 4929 es
2525 4874 2773 4950 dell‘ossis
2803 4875 3029 4950 alituum
3071 4878 3370 4946 sepulcris,
3399 4895 3504 4949 quo
3534 4881 3740 4950 fiebat,
3803 4874 3873 4943 ut

2228 4946 2456 5019 aliorum
2498 4960 2698 5019 ossaet
2724 4946 2939 5019 cineres
2955 4946 3433 5019 dispergerentur:
3464 4950 3515 5005 td
3546 4946 3870 5011 omen'cs-

2228 5026 2311 5070 set
2334 5017 2379 5085 ej
2392 5034 2469 5081 us,
2496 5017 2639 5087 quod
2670 5017 2886 5086 quidem
2918 5017 2967 5091 id
2986 5017 3203 5088 generis
3227 5020 3532 5077 hominibus
3553 5026 3863 5091 accidere.

2225 5102 2563 5164 quacumque
2581 5093 2646 5143 de
2662 5088 3082 5164 causa,solebat,
3096 5105 3153 5164 ut
3166 5093 3470 5164 interempti
3489 5095 3605 5149 siue
3621 5088 3871 5154 tumulo

2224 5169 2439 5237 essentl
2478 5160 2548 5213 At
2586 5174 2707 5215 cum
2749 5176 2895 5237 omen
2939 5176 3003 5215 ex
3045 5162 3360 5218 idololatria:
3400 5160 3864 5237 superstitione,

2222 5245 2383 5304 quam
2409 5231 2592 5304 Patres
2626 5232 3069 5297 exsecrabantur,
3102 5236 3367 5304 originem
3393 5231 3647 5302 duceret;
3685 5231 3866 5298 haud

2222 5301 2491 5380 credimus
2519 5300 2576 5357 S.
2612 5308 2925 5380 episcopum
2957 5308 3075 5380 ejus
3104 5300 3302 5380 ominis
3332 5320 3555 5380 metum,
3594 5300 3707 5364 etsi
3747 5330 3870 5380 per

2221 5371 2526 5445 ridiculum,
2558 5371 3133 5445 voluisse’prmcipere.
3163 5375 3329 5443 Igitur
3355 5378 3527 5437 timent
3557 5394 3717 5435 amen
3747 5371 3869 5441 're-

2218 5441 2495 5513 liquimus,
2530 5446 2602 5499 uti
2634 5456 2716 5500 est
2744 5446 2795 5498 iu
2820 5441 2999 5500 editis
3015 5453 3072 5501 et
3098 5441 3233 5502 mss.
3260 5449 3547 5505 omnibus:
3582 5459 3638 5506 et
3686 5454 3866 5512 forte

2215 5513 2453 5590 innuitur
2499 5516 2746 5590 quaedam
2796 5513 3135 5590 defessorum
3178 5520 3447 5587 ejusmodi
3495 5536 3704 5576 excusa
3721 5532 3859 5590 tiu,

2209 5585 2353 5653 quod
2378 5601 2444 5641 ex
2471 5586 2846 5657 sepulcrorum
2873 5585 3275 5660 propinquitate
3301 5607 3447 5645 omen
3475 5592 3674 5647 mortis
3708 5585 3861 5654 me;

2210 5666 2453 5731 luerent,
2476 5673 2599 5731 cum
2618 5670 2877 5731 caeterum
2901 5674 2960 5715 re
2980 5662 3104 5731 ipsa
3124 5672 3355 5717 mortem
3381 5663 3534 5718 obire
3554 5665 3861 5726 timerent

2209 5730 2430 5785 nullam.
2471 5729 2559 5785 Sic
2584 5729 2657 5784 sic
2685 5731 2933 5800 repetitio
2965 5729 3169 5790 lenoni
3197 5732 3477 5792 familiaris
3504 5736 3588 5807 (ut
3615 5736 3852 5802 viden:
3884 5804 3893 5811 ο
