4216 6178
541 287 644 346 351

1903 283 2152 342 SANCTI
2189 282 2486 342 ZENONIS

3741 282 3845 338 532

529 405 663 461 feris
708 418 815 460 non
864 410 1042 476 potest
1084 403 1373 474 denegare.
1420 401 1562 457 Mera
1613 402 1857 473 profecto
1908 402 2128 483 vesania
2158 402 2462 471 Atollitur,
2513 409 2607 459 aut
2653 400 2886 459 declinat
2916 419 2930 458 :
2960 399 3141 457 omnia
3180 400 3344 468 bona,
3386 407 3552 470 atque
3584 400 3843 470 perpetua

530 504 617 555 est
658 496 940 554 beneficiis
994 494 1238 550 invidere
1293 503 1524 549 natur-.e.
1577 492 1728 549 Alius
1778 492 1905 549 inde
1953 507 2136 548 rerum

541 590 783 645 omnium
805 594 985 658 captat
1011 602 1299 654 annonam,
1326 594 1625 658 aucupatur
1649 583 1980 641 distrahendi
2006 594 2140 641 tem-

541 695 662 752 pus,
694 680 870 735 minor
912 678 971 735 in
1017 692 1292 748 mensura,
1337 678 1510 748 major
1538 678 1592 733 in
1633 678 1844 749 pretio:
1892 689 2047 750 negat
2080 692 2140 733 se

540 773 763 839 habere,
786 772 928 843 quod
954 768 1237 836 distrahat,
1270 782 1328 826 ut
1355 780 1597 843 rogetur,
1623 780 1681 826 ut
1700 770 1908 842 jugulet
1937 788 1948 824 :
1978 778 2140 840 atque

538 868 744 924 utinam
793 869 1103 939 incorrupta
1154 867 1366 938 species
1429 866 1773 923 venderetur.
1830 863 2141 936 Ingemiscit

538 972 826 1033 praeterea,
855 962 899 1016 si
926 977 1101 1017 annus
1125 970 1207 1017 est
1237 959 1464 1025 sterilis,
1501 960 1666 1014 multo
1696 960 1884 1028 magis,
1915 957 1961 1013 si
1990 957 2141 1012 ferti-

540 1056 607 1111 lis
629 1056 791 1113 fuerit
821 1074 832 1110 :
865 1056 995 1123 illic,
1021 1057 1147 1126 quia
1177 1070 1365 1126 parum
1398 1053 1671 1120 diSIrahit,
1704 1053 1845 1119 heic,
1875 1052 1997 1122 quia
2030 1066 2137 1107 non

537 1150 709 1205 solus.
750 1148 928 1205 Vultis
969 1149 1131 1214 scire,
1164 1146 1383 1218 quantis
1430 1147 1500 1202 sit
1537 1145 1778 1202 tenebris
1809 1141 2140 1201 obvolutus?

536 1242 790 1299 irascitur
824 1242 959 1307 Deo,
989 1242 1033 1296 si
1074 1255 1181 1297 non
1230 1254 1449 1310 semper
1495 1239 1586 1294 ttat
1630 1238 1858 1310 publicis
1907 1237 2141 1293 luctibus

535 1333 712 1391 dives.
744 1334 890 1391 Bene
928 1335 1087 1399 bene,
1122 1347 1244 1389 cum
1277 1333 1400 1405 quis
1437 1330 1631 1402 quaerit
1673 1346 1863 1386 aurum
1885 1372 1900 1398 ,
1938 1329 2143 1385 invenit

573 1426 800 1482 ladium.

575 1442 800 1482 tantum.

537 1442 571 1498 Β
609 1516 675 1572 ν.
717 1516 864 1573 Inter
897 1517 1016 1573 haec
1043 1530 1205 1573 nemo
1229 1513 1543 1571 considerat
1580 1513 1946 1571 conditionem
1986 1512 2143 1584 fragi-

535 1610 703 1667 litatis
738 1610 1018 1677 humanre,
1057 1624 1219 1667 nemo
1265 1609 1507 1675 hostem,
1544 1624 1702 1664 nemo
1743 1608 1953 1676 fiscum,
1984 1621 2143 1663 nemo

537 1704 828 1770 latronem,
859 1718 1022 1759 nemo
1050 1701 1408 1759 domesticum
1428 1742 1443 1766 ,
1477 1701 1566 1772 qui
1609 1700 1917 1771 cognitione
1948 1698 2141 1755 secreti

2243 495 2546 552 exuberant
2592 495 2815 566 passim.
2858 494 3017 550 Certe
3062 491 3205 564 quod
3252 492 3487 563 primum
3527 499 3634 557 est,
3686 505 3846 545 nemo

2243 600 2386 662 eget,
2414 605 2575 646 nemo
2598 589 2821 657 invidet,
2850 602 3011 643 nemo
3034 585 3265 653 furatur,
3299 600 3461 641 nemo
3499 586 3659 656 rapit,
3688 598 3845 638 nemo

2245 680 2553 752 proscribit,
2596 695 2756 736 nemo
2793 679 3025 751 jugulat,
3058 676 3288 733 moritur
3318 691 3478 733 nemo
3510 694 3523 731 :
3552 688 3743 731 omnes
3773 674 3849 730 fe-
3938 734 3946 741 .

2246 772 2397 840 lices,
2427 788 2616 829 omnes
2658 774 2960 838 unanimes,
3009 785 3199 827 omnes
3246 769 3612 836 immortales,
3658 785 3846 825 omnes

2244 873 2371 922 sunt
2397 881 2613 937 semper
2641 866 2877 937 aequales
2913 883 2925 919 :
2959 863 3103 935 quod
3133 865 3293 919 unius
3327 872 3431 931 est,
3465 863 3707 919 omnium
3740 871 3846 929 est,

2244 958 2387 1031 quod
2432 959 2704 1027 omnium,
2753 957 3107 1030 singulorum.
3162 957 3337 1014 Vultis
3379 957 3550 1023 scire,
3584 972 3704 1028 quae
3740 957 3849 1013 illic

2245 1051 2521 1108 beatitudo
2565 1050 2859 1107 versetur?
2895 1066 3055 1107 nemo
3086 1054 3236 1106 suam
3268 1059 3498 1117 vestem,
3540 1065 3699 1104 nemo
3725 1064 3851 1105 suas

2246 1145 2561 1215 margaritas
2590 1143 2893 1210 abscondit,
2926 1158 3087 1199 nemo
3116 1142 3324 1214 lapides
3369 1140 3661 1213 pretiosos,
3692 1157 3851 1198 nemo

2245 1251 2458 1301 aurum,
2492 1250 2649 1293 nemo
2676 1245 2981 1308 argentum,
3017 1244 3072 1291 et
3112 1246 3291 1291 tamen
3338 1233 3453 1308 (24)
3483 1235 3666 1291 nullus
3699 1234 3852 1289 timet

2245 1328 2471 1383 furtum.

2723 1436 2834 1513 35
2872 1436 3289 1521 TRACTATUS
3316 1437 3384 1494 Χ.

2757 1555 2837 1612 De
2886 1555 2966 1628 (1)
3003 1553 3234 1611 Avaritia
3282 1554 3349 1611 Il.

2321 1693 2362 1751 1.
2385 1693 2620 1750 Avaritia
2643 1707 2805 1764 quam
2821 1692 2980 1748 facile
2997 1692 3242 1763 arguitur
3259 1691 3326 1747 ab
3344 1688 3423 1764 (2)
3441 1688 3713 1756 omnibus,
3740 1690 3844 1745 uti-

536 1801 623 1851 est
664 1795 905 1851 omnium
959 1794 1133 1866 pejor,
1197 1809 1360 1851 nemo
1403 1794 1748 1849 imminentes
1795 1791 1903 1847 diei
1947 1791 2137 1862 judicii
2169 1796 2217 1856 Β
2244 1803 2368 1844 nam
2420 1785 2589 1857 possit
2631 1795 2737 1841 tam
2781 1783 2939 1840 facile
2983 1799 3088 1839 non
3123 1785 3291 1837 amari
3328 1792 3453 1840 :est
3475 1782 3620 1838 enim
3653 1781 3848 1837 artifex

537 1885 812 1951 ﬂammas,
864 1902 961 1957 per
1009 1902 1143 1958 quas
1193 1901 1382 1941 omnes
1426 1886 1552 1940 nudi
1599 1884 1876 1939 transituri
1932 1897 2139 1938 sumus.

538 1979 727 2035 Solum
773 1979 992 2046 colitur,
1037 1979 1105 2034 de
1151 1995 1258 2050 quo
1306 1978 1511 2033 dictum
1552 1986 1636 2032 est
1669 1995 1681 2030 :
1717 1975 1872 2031 ldola
1916 1977 2144 2048 gentium

537 2079 805 2144 argentum
828 2079 879 2126 et
906 2087 1091 2124 aurum
1124 2069 1276 2143 (Psat
1302 2084 1463 2136 cun,
1490 2069 1555 2135 ις
1593 2067 1991 2133 Psal.cxxx1v,
2027 2068 2139 2138 15),

540 2179 644 2236 pro
664 2179 771 2233 quo
800 2163 921 2233 quis
950 2174 1040 2217 aut
1062 2163 1357 2234 jugulatur,
1392 2172 1482 2217 aut
1503 2162 1731 2233 jugulat.
1767 2162 1969 2215 Vellem
2001 2161 2143 2217 scire

547 2266 751 2321 tamen,
785 2264 931 2311 tanta
959 2256 1076 2327 ejus
1093 2255 1279 2311 rabies
1307 2254 1437 2326 quid
1469 2255 1760 2323 voluptatis
1784 2252 1899 2326 84.
1928 2253 2143 2319 habeat,

542 2366 642 2406 suo
657 2349 856 2406 cultori
875 2348 1000 2420 quid
1018 2349 1273 2420 praestet?
1291 2347 1519 2423 Febrem
1540 2362 1644 2403 non
1663 2347 1976 2418 exstinguit,
1997 2361 2143 2401 mor-

542 2443 641 2500 bos
671 2459 778 2500 non
809 2441 1060 2508 discutit,
1095 2440 1408 2497 vulneribus
1458 2456 1566 2497 non
1612 2438 1884 2505 medetur,
1927 2438 2145 2494 dolores

541 2552 651 2593 non
702 2535 875 2600 tollit,
922 2543 1153 2590 mortem
1201 2549 1308 2589 non
1353 2533 1593 2604 repellit,
1646 2531 1749 2587 nisi
1793 2530 1937 2602 quod
1983 2545 2147 2585 sanos

541 2629 742 2686 occidit
772 2646 785 2682 :
831 2643 930 2684 nec
960 2626 1316 2682 manducatur
1352 2625 1642 2698 aliquando
1673 2635 1843 2689 certe,
1877 2640 1978 2681 nec
2009 2625 2147 2679 bibi-

548 2730 657 2789 tur,
692 2737 793 2779 nec
812 2720 927 2795 (23)
960 2723 1012 2776 in
1037 2719 1248 2776 inferno
1275 2735 1396 2775 cum
1428 2734 1527 2775 suo
1542 2717 1799 2790 praedone
1826 2717 2145 2786 descendet,

544 2815 721 2872 solum
747 2813 890 2885 quod
910 2814 1101 2869 oculos
1128 2811 1372 2868 infelices
1400 2812 1725 2881 inanemque
1752 2810 2144 2866 conscientiam

540 2908 608 2963 ad
638 2909 743 2963 hoc
774 2908 825 2961 in
858 2907 1077 2978 maligni
1108 2906 1339 2977 fulgoris
1366 2905 1676 2975 cupidinem
1705 2905 1877 2960 diram
1923 2920 2020 2976 spe
2052 2919 2148 2976 po-

545 2999 720 3057 tiundi
749 2999 1077 3070 praecipitat,
1112 3014 1179 3054 ne
1217 2997 1385 3070 gratis
1414 2998 1576 3054 homo
1610 2997 1861 3053 videatur
1913 2997 2143 3053 occisus.

614 3092 705 3158 Ἣ.
737 3091 843 3150 Sed
874 3108 976 3148 nos
1004 3106 1111 3148 non
1137 3091 1203 3147 ad
1243 3105 1458 3157 avaros,
1489 3091 1586 3147 sed
1623 3090 1691 3146 de
1722 3091 1899 3146 avaris
1936 3106 2145 3146 sermo-

2244 1898 2309 1938 ac
2331 1881 2490 1935 dulce
2524 1880 2746 1946 malum,
2771 1888 2827 1933 et
2854 1878 3166 1933 hominibus
3207 1876 3484 1934 universis
3521 1892 3739 1947 semper
3769 1878 3853 1931 in-

2245 1973 2465 2031 festum.
2497 1972 2738 2042 Denique
2761 1986 2869 2026 non
2897 1954 3219 2026 habentibus
3236 1968 3472 2036 divitias,
3502 1968 3736 2024 habendi
3766 1970 3850 2023 in-

2239 2067 2361 2139 jicit
2389 2067 2737 2137 cupiditatem
2775 2084 2787 2120 :
2818 2064 3141 2121 habentibus
3174 2062 3258 2137 ('5)
3288 2064 3480 2119 adimit
3518 2064 3853 2119 satietatem.

2249 2161 2326 2217 Ita
2357 2175 2545 2216 omnes
2575 2161 2627 2215 in
2665 2160 2872 2215 rabiem
2908 2176 3009 2214 una
3050 2165 3373 2227 tempestate
3418 2158 3749 2229 praecipitat,
3795 2166 3856 2211 ut

2249 2257 2466 2311 ubinam
2497 2256 2568 2312 sit
2613 2254 2808 2325 major,
2858 2254 3097 2324 ignores.
3141 2252 3243 2308 Est
3281 2262 3458 2307 autem
3507 2250 3700 2307 similis
3748 2250 3857 2321 igni

2248 2347 2398 2402 arida
2430 2346 2622 2417 pabula
2654 2345 2988 2418 depascenti,
3022 2362 3143 2419 qua:
3193 2346 3298 2401 nisi
3329 2344 3519 2401 ﬁniant
3541 2382 3561 2413 ,»
3587 2362 3693 2399 non
3739 2344 3859 2399 fini-

2251 2448 2353 2494 tur.
2393 2439 2539 2494 Hanc
2562 2438 2865 2493 mediocres
2903 2435 3181 2493 fraudibus
3211 2437 3501 2505 excolunt,
3547 2437 3743 2494 divites
3769 2434 3855 2509 (4)

2250 2530 2591 2601 impotentia,
2621 2529 2833 2599 judices
2856 2530 3051 2600 gratia,
3076 2530 3267 2585 diserti
3305 2529 3638 2586 mercenaria
3664 2543 3730 2585 ac
3759 2529 3859 2584 du-

2251 2625 2376 2696 plici
2409 2626 2585 2698 lingua
2609 2667 2623 2691 ,
2655 2639 2814 2697 reges
2859 2624 3109 2695 superbia
3141 2663 3155 2686 ,
3212 2625 3578 2694 negotiatores
3625 2622 3853 2690 astutia,

2249 2720 2394 2775 inani
2430 2734 2697 2789 pauperes
2720 2727 2867 2782 voto,
2896 2718 3135 2774 cultores
3156 2716 3254 2774 Dei
3282 2718 3404 2774 odio
3425 2717 3701 2785 simulato,
3733 2724 3860 2773 tota:

2250 2820 2429 2866 autem
2463 2822 2651 2881 gentes
2700 2812 3079 2881 universasque
3108 2811 3355 2867 nationes
3387 2809 3586 2882 gladio.
3625 2810 3730 2866 Per
3772 2825 3861 2864 or-

2251 2903 2373 2959 bem
2408 2912 2579 2958 totum
2615 2919 2808 2959 vesana
2841 2904 3151 2970 bacchatur,
3187 2905 3340 2959 novis
3367 2918 3431 2959 ac
3457 2902 3622 2959 variis
3653 2904 3862 2959 artibus

2253 2996 2467 3054 fervens
2498 3016 2510 3053 :
2541 3013 2817 3068 nunquam
2849 2998 3052 3069 quieta,
3083 3014 3192 3055 non
3225 2998 3333 3066 die,
3369 3013 3473 3054 non
3524 3004 3714 3063 nocte,
3746 3011 3855 3053 non

2252 3092 2418 3158 bello,
2452 3108 2559 3148 non
2592 3108 2724 3163 pace
2767 3111 2780 3145 :
2817 3107 3093 3164 nunquam
3135 3102 3319 3150 satura
3348 3112 3361 3149 :
3389 3094 3663 3149 lucrorum
3692 3108 3857 3149 enor-

544 3202 668 3243 nem
690 3185 938 3249 fecimus,
969 3184 1164 3241 fratres
1190 3201 1202 3238 :
1231 3184 1471 3257 alioquin
1504 3183 1636 3239 solis
1661 3183 1858 3239 divinis
1883 3183 2147 3253 exemplis
2174 3175 2220 3238 C
2255 3185 2443 3240 mitate
2473 3187 2740 3241 miserior.
2776 3185 2981 3241 Novum
3011 3185 3341 3241 calamitatis
3369 3196 3453 3242 est
3478 3200 3670 3257 genus,
3714 3187 3861 3257 quod

542 3289 861 3354 oportuerat
903 3294 1181 3352 perorare,
1232 3285 1382 3335 esset
1427 3278 1471 3332 si
1520 3278 1640 3348 quis
1687 3278 1807 3334 heic
1851 3278 1995 3334 talis.
2037 3277 2145 3334 Sed

543 3373 668 3442 quia
719 3372 772 3427 in
802 3372 955 3429 vobis
985 3370 1119 3427 fides
1145 3379 1201 3427 et
1229 3370 1426 3441 pietas,
1470 3386 1591 3440 qua:
1616 3378 1700 3425 est
1730 3370 1923 3426 idonea
1961 3370 2150 3441 expul-

547 3465 650 3519 trix
680 3464 943 3528 avaritiae,
977 3470 1159 3518 manet
1182 3471 1345 3533 atque
1374 3461 1658 3532 gloriatur,
1686 3460 1837 3532 digni
1868 3460 2011 3517 estis.
2030 3462 2149 3516 uni-

544 3558 691 3612 versi
734 3571 926 3612 aurum
971 3564 1361 3627 argentumque
1406 3571 1516 3612 non
1548 3564 1655 3611 tam
1705 3556 1943 3623 habere,
1986 3573 2148 3629 quam

547 3664 705 3717 esse;
737 3663 864 3719 nam,
890 3663 985 3704 vos
1012 3648 1144 3704 estis
1183 3664 1371 3704 aurum
1421 3648 1604 3704 vivum
1653 3648 1771 3715 Dei,
1814 3645 2014 3706 Christi
2054 3665 2152 3706 vos

549 3754 856 3815 argentum,
879 3756 975 3799 vos
1001 3740 1235 3813 Spiritus
1264 3741 1433 3796 sancti
1458 3740 1682 3803 divitiae,
1717 3756 1834 3808 vos,
1865 3742 1910 3795 si
1939 3750 2150 3796 terrena

553 3834 771 3891 metalla
799 3833 1270 3903 contempseritis,
1307 3834 1465 3904 longe
1511 3833 1595 3888 his
1643 3833 1773 3888 vitm
1804 3841 1999 3888 vestrae
2037 3833 2158 3888 the-

555 3942 766 3983 saurus.
812 3926 978 3987 Vobis
1018 3942 1152 3983 auro
1193 3906 1506 3982 constructa
1552 3926 1776 3982 aetheria
1821 3926 1910 3982 illa
1965 3927 2155 3983 civitas

556 4018 827 4081 destinata
850 4027 937 4075 est
965 4040 979 4075 :
1009 4018 1153 4074 nulla
1178 4019 1379 4073 intrare
1409 4018 1714 4074 volentibus
1742 4033 1893 4073 mora
1924 4034 1938 4072 :
1973 4027 2158 4087 patent

556 4112 842 4169 duodecim
874 4118 1064 4183 portze',
1101 4112 1401 4169 habitacula
1434 4122 1735 4183 praeparata
1766 4121 1891 4168 sunt
1921 4112 2150 4177 infinita,

559 4221 720 4263 nemo
742 4207 814 4263 sit.
837 4205 905 4263 de
926 4208 1205 4263 mansiOIte
1225 4206 1511 4263 sollicitus.
1536 4202 1713 4262 Certae
1737 4205 1925 4276 gloria:
1955 4215 2155 4261 nostrae

561 4299 789 4372 insignis
835 4316 923 4356 res
966 4301 1090 4367 erit,
1122 4299 1168 4355 si
1218 4299 1314 4359 Dei
1357 4298 1631 4354 civitatem
1678 4297 1936 4355 felicitate
1985 4300 2156 4356 nostri

561 4393 769 4449 numeri
810 4391 1096 4449 fecerimus
1141 4400 1445 4463 angustam.
1487 4391 1672 4462 Itaque
1714 4400 1888 4446 estote
1927 4391 2106 4447 securi
2140 4408 2153 4444 :

561 4487 697 4543 nihil
728 4488 781 4542 in
821 4487 915 4542 illa
942 4485 1095 4543 deest
1141 4499 1425 4557 umquam,
1470 4482 1601 4539 nihil
1643 4484 1710 4541 ab
1753 4498 1853 4539 suo
1896 4492 2038 4540 statu
2066 4493 2160 4540 aut

2252 3279 2631 3336 tantummodo
2664 3280 2890 3347 crescit,
2943 3296 3232 3337 senescere
3285 3282 3514 3352 ignorat.
3549 3281 3667 3337 Non
3711 3280 3862 3338 illaut

2256 3382 2542 3442 parentum
2571 3372 2743 3441 pietas
2774 3372 2990 3445 frangit,
3024 3388 3134 3430 non
3155 3373 3385 3431 dulcedo
3405 3374 3721 3441 liberorum,
3753 3391 3867 3431 non

2254 3464 2554 3535 conjugalis
2603 3463 2851 3529 affectus,
2902 3480 3008 3521 non
3059 3479 3187 3520 cara
3234 3466 3586 3536 germanitas,
3643 3481 3750 3520 non
3775 3465 3869 3536 jus

2255 3558 2530 3625 amicitiae,
2559 3573 2667 3613 non
2693 3566 2845 3614 tener
2871 3557 3130 3629 pupillus,
3164 3573 3272 3613 non
3294 3557 3426 3615 dura
3468 3555 3727 3624 viduitas,
3753 3571 3865 3612 non

2257 3647 2563 3705 miseranda
2592 3645 2921 3720 paupertas,
2970 3667 3075 3704 non
3120 3647 3219 3705 Dei
3266 3649 3661 3721 contemplatio
3696 3663 3870 3706 :ecce

2255 3742 2403 3796 enim
2437 3741 2523 3794 his
2550 3741 2826 3807 omnibus,
2861 3753 3024 3811 prout
3074 3750 3286 3811 potest,
3313 3741 3479 3798 variis
3520 3742 3728 3798 artibus
3771 3751 3874 3797 aut

2257 3834 2529 3899 adulatur,
2549 3841 2640 3887 aut
2659 3844 2839 3900 nocet,
2855 3833 2902 3891 si
2921 3833 3047 3905 quid
3065 3829 3375 3901 habuerint,
3396 3843 3598 3889 tantum
3618 3844 3670 3889 ut
3689 3833 3866 3890 tollat.

2256 3925 2353 3982 Cui
2384 3932 2564 3981 autem
2597 3934 2802 3996 parcat,
2834 3942 2956 3997 quae
2989 3925 3067 3997 (5)
3097 3935 3152 3984 et
3194 3927 3330 3982 mori
3369 3926 3659 3983 momentis
3687 3925 3875 3983 omni-

2260 4022 2381 4088 bus,
2413 4020 2578 4076 etiam
2613 4021 2807 4077 frivolo
2830 4036 2894 4077 ac
2921 4022 3065 4091 turpi
3100 4022 3272 4088 lucro,
3304 4020 3542 4078 festinat.

2330 4113 2395 4169 Il.
2424 4112 2561 4181 Quid
2592 4112 2758 4183 igitur
2788 4114 2954 4167 miser
2980 4112 3237 4186 homo((i)
3256 4113 3372 4167 auri
3400 4110 3719 4183 argentique
3742 4126 3872 4168 me-

2260 4206 2371 4262 talli
2404 4207 2657 4261 incensus
2687 4221 2826 4260 vana
2854 4205 3176 4275 Cupiditate,
3220 4221 3357 4260 vana
3394 4221 3524 4261 cura
3561 4205 3876 4276 torqueris?

2260 4299 2397 4368 Quid
2418 4299 2742 4356 talentorum
2758 4314 2980 4369 magnas
2990 4296 3570 4371 struessscongeris?
3586 4297 3723 4366 Quid
3742 4298 3874 4354 heic

2263 4406 2603 4457 remansura,
2636 4392 2859 4462 pervigil
2891 4373 3259 4447 sollicitudine
3285 4406 3464 4459 cassa,
3506 4407 3607 4447 nec
3636 4392 3733 4447 tibi
3761 4392 3876 4463 ipsi

2266 4483 2388 4539 inde
2413 4483 2618 4556 aliquid
2663 4483 3034 4551 concedendo,
3087 4484 3290 4551 illibata
3332 4485 3612 4542 custodis?
3637 4485 3878 4556 Insuper

561 4667 871 4725 detrimen:i
895 4668 1107 4736 capiant
1148 4668 1198 4720 in
1241 4664 1479 4736 praediis,
1511 4664 1595 4718 vel
1621 4678 1686 4718 ea
1712 4678 1907 4739 augere
1935 4663 2150 4739 cupien-
2179 4666 2233 4729 D
2259 4662 2329 4717 ab
2363 4675 2598 4739 auctore
2651 4666 2909 4739 scriptum
2969 4665 3134 4724 fuisse
3183 4679 3306 4739 post
3344 4683 3438 4723 an.
3486 4668 3595 4724 578
3619 4711 3634 4738 ,
3699 4668 3875 4726 latius

567 4752 646 4797 tes
666 4784 678 4803 ,
711 4741 823 4795 vias
852 4734 1101 4793 omnibus
1147 4734 1391 4808 patentes
1422 4741 1734 4808 occupant,
1788 4734 1869 4786 Vel
1898 4734 2156 4808 claudunt

563 4813 802 4880 sepibus.
830 4827 898 4866 ex
921 4825 1029 4879 quo
1066 4804 1243 4873 tit,'ne
1268 4807 1391 4876 quis
1421 4806 1580 4857 homo
1611 4804 1807 4880 herbas
1829 4812 2034 4880 tangat,
2070 4805 2155 4860 vel

564 4875 743 4952 sylvas
765 4875 951 4945 adt-at,
985 4896 1081 4935 seu
1111 4875 1391 4952 etiamne
1430 4890 1597 4952 aquas
1629 4875 1930 4952 in_pr_;ediis
1971 4887 2155 4952 scatu-

560 4946 764 5009 rientes
808 4952 1062 5021 attingat;
1115 4950 1258 5021 quod
1308 4946 1634 5001 animalibus
1688 4946 1821 5016 ipsis
1868 4946 2157 5017 prohibere

565 5034 739 5093 potest
762 5038 940 5093 nemo.

636 5092 751 5166 (25)
779 5092 847 5149 1η
877 5094 1078 5166 inferno
1130 5108 1225 5161 pro
1266 5092 1321 5145 in
1348 5090 1610 5166 infernum
1653 5089 1776 5166 aliis
1804 5090 2155 5166 antiquorum

560 5160 745 5233 probaé
766 5174 906 5221 noue
919 5160 1255 5236 Scriptorum
1268 5160 1527 5233 exemplis
1540 5160 1946 5218 continuabitur
1962 5162 2150 5217 adnot.

560 5237 613 5303 7,
644 5240 694 5292 in
728 5244 880 5293 tract.
912 5251 1020 5302 xvi,
1048 5235 1142 5291 lib.
1176 5250 1233 5288 ιι.

631 5307 745 5382 (‘24)
781 5308 908 5362 Mss.
937 5306 1384 5382 Rem.,_Tolent.,
1418 5305 1565 5382 Vat,
1614 5302 1828 5382 Urbin.,
1872 5304 2009 5358 ullus
2050 5320 2154 5361 non

557 5376 699 5435 timet
727 5376 956 5450 'ferrum,‘
984 5393 1089 5437 ms.
1128 5378 1340 5447 Pmnp.,
1384 5377 1557 5450 nntius
1596 5393 1697 5430 non
1743 5376 1880 5450 timet
1912 5383 2149 5450 partem;

555 5454 644 5507 ubi
676 5445 853 5507 tamen
884 5465 1049 5505 manu
1078 5445 1356 5517 posteriori
1387 5448 1561 5502 deleta
1597 5456 1681 5502 est
1722 5445 1982 5571 garticula
2022 5463 2144 5500 non.

558 5524 700 5571 Edit-
734 5520 896 5571 Ven.-
944 5521 1119 5571 nullus
1163 5535 1266 5571 non
1310 5520 1449 5571 timet
1479 5523 1694 5571 furtum.
1774 5517 1952 5571 ultrata
1984 5516 2144 5571 lectio

556 5524 700 5579 Edit.
734 5520 897 5589 νειμ,
944 5516 1119 5575 nullus
1163 5535 1266 5574 non
1310 5520 1449 5572 timet
1476 5523 1694 5588 furtum.
1726 5516 1952 5585 Vulgata
1984 5516 2144 5573 lectio

552 5594 835 5653 sententiae
861 5591 1032 5662 magis
1060 5606 1299 5662 congrua
1328 5590 1440 5645 visa
1463 5598 1564 5662 est.

622 5657 1209 5734 Tnacn'rus'X.—-,({)
1236 5660 1521 5734 Inscriptio
1549 5659 1693 5734 edit.
1710 5657 1844 5714 Ven.
1873 5668 1957 5713 est
1977 5657 2090 5734 haec
2117 5675 2129 5711 :

550 5738 627 5791 [λθ
659 5736 897 5791 Avaritia
941 5730 1350 5796 insanabilium,
1385 5741 1431 5786 et
1457 5732 1518 5787 de
1567 5730 2137 5799 mulierum-superﬂuo

543 5812 703 5878 cultu,
726 5815 772 5861 et
789 5810 1097 5863 maritorum
1128 5812 1439 5875 contemptu.
1458 5803 1610 5859 llunc
1635 5812 1817 5858 autem
1848 5811 2130 5857 tractaturo

2260 4735 2607 4807 probavimus
2634 4734 2855 4791 dissert.
2892 4753 2930 4799 ι,
2961 4753 3079 4806 cap.
3115 4739 3150 4792 2
3181 4734 3197 4804 ξ
3223 4736 3254 4807 ᾗ
3281 4740 3333 4792 7.

2354 4808 2411 4877 2)
2436 4807 2563 4860 Mss.
2607 4807 2821 4877 Pomp.,
2856 4807 3078 4872 Urbin.,
3106 4810 3425 4865 hominibus.

2356 4878 2412 4948 ’5)
2442 4878 2570 4932 MSs.
2605 4877 2793 4947 Pomp.
2826 4882 3109 4948 posteriori
3139 4898 3300 4936 manu
3328 4883 3517 4937 inserit
3544 4898 3671 4936 non.

2330 4947 2412 5018 (4)
2445 4947 2586 5023 ﬁdit.
2607 4949 2776 5023 ﬂeti”
2810 4947 2865 5005 et
2894 4951 3014 5005 Ver.
3046 4967 3168 5007 cum
3202 4968 3331 5007 mss.
3358 4954 3651 5023 plerisque,
3684 4954 3737 5007 in
3766 4971 3872 5019 po-

2259 5022 2440 5099 tentia,
2474 5018 2569 5099 Ms.
2607 5020 2815 5099 Urbin.,
2847 5024 3100 5099 petentia:
3135 5025 3233 5099 sed
3261 5018 3429 5099 probe
3471 5018 3869 5099 edit:_Patav.,

2260 5090 2557 5170 impotentia
2577 5090 3029 5170 pririntmotlerata
3049 5090 3294 5170 potentia,
3321 5095 3400 5170 uti
3421 5095 3561 5170 apud
3582 5090 3863 5170 Yelleititn

2266 5159 2359 5213 lib.
2386 5176 2444 5239 ll_,
2468 5159 2592 5239 cap.
2622 5162 2717 5228 29,
2761 5170 2817 5218 et
2850 5164 2920 5218 ita
2965 5159 3103 5234 apud
3147 5159 3470 5223 Cornelium
3492 5169 3545 5222 in
3575 5169 3867 5239 Lysandro

2259 5232 2478 5308 nutriti.
2488 5234 2750 5308 impotens
2761 5252 2864 5308 pro
2889 5232 3220 5308 praepotente.
3617 5232 3633 5239 ’
3884 5290 3907 5297 μ

2331 5302 2410 5375 (5)
2459 5302 2724 5359 Notantur
2760 5302 3358 5377 heic'vel'gladiatores,
3394 5310 3485 5378 qui
3514 5310 3587 5365 ob
3631 5309 3851 5366 lucrm

2255 5378 2413 5449 morti
2445 5390 2502 5429 se
2551 5392 2611 5430 se
2636 5378 2914 5449 objiciunt,
2950 5378 3031 5433 vel
3080 5381 3176 5441 illi,
3211 5382 3303 5449 qui
3341 5381 3532 5436 eadem
3555 5381 3624 5437 de
3648 5396 3847 5437 caussa

2255 5448 2387 5500 mari
2415 5461 2539 5499 cum
2565 5450 2687 5503 vitze
2711 5447 3029 5505 discrimine
3059 5465 3118 5504 se
3148 5465 3207 5505 se
3231 5447 3601 5507 consulittunt.

2323 5517 2748 5593 (6)__Lt‘genditrn
2768 5519 2991 5593 Avidetur
3019 5523 3163 5576 aurci
3191 5523 3518 5593 argenteiquc
3544 5522 3760 5578 mctalli.
3792 5522 3859 5579 In

2246 5588 2376 5644 edit.
2398 5588 2529 5644 Ven.
2559 5600 2613 5643 et
2634 5606 2734 5643 tus.
2765 5591 2953 5663 l’omp.
2972 5588 3506 5662 perperant'ntetallo.
3540 5595 3703 5650 Paulo
3734 5604 3861 5663 post

2243 5668 2409 5715 strues
2452 5663 2685 5731 congeris
2731 5662 3045 5729 scripsimus
3093 5679 3159 5719 ex
3204 5680 3305 5718 ms.
3353 5664 3509 5722 Rem.
3548 5663 3605 5721 In
3636 5662 3861 5720 creteris

2240 5741 2291 5810 et
2321 5748 2451 5810 mss.
2479 5729 2721 5810 et'editjs
2756 5731 2913 5789 struis
2943 5735 3222 5805 congeries.
3256 5735 3389 5791 Dein
3426 5753 3522 5810 pro
3554 5753 3701 5793 casso
3749 5752 3867 5793 tus.

2241 5797 2372 5857 Urb.
2406 5818 2602 5867 cassus,
2636 5800 2756 5859 Vat.
2803 5797 3058 5861 cessatur:
