4216 6178
500 296 608 353 559

1870 289 1949 343 SA
1960 285 2113 344 NCTI
2152 284 2442 344 ZENONIS

3699 286 3807 341 510

502 406 716 482 Cenes.)
744 407 943 464 ibidem
993 423 1090 463 nec
1141 413 1496 462 memoratum
1518 445 1533 469 ,
1565 417 1664 458 nec
1710 402 1907 469 factum
1939 419 2100 475 posse
2127 408 2180 465 Α
2206 403 2357 475 quasi
2384 402 2672 474 quamdam
2700 400 2865 458 futuri
2895 402 3115 463 humani
3140 403 3356 474 generis
3399 403 3620 459 domum
3646 445 3661 469 ,
3692 403 3809 476 (11)

505 501 722 564 doceri,
755 514 857 555 nec
888 508 1092 555 natum.
1126 498 1241 553 lluc
1264 496 1472 553 accedit
1514 495 1678 552 etiam
1726 496 1840 565 ipsa
1868 510 2103 567 purpos-

458 573 463 579 ’
504 603 622 650 tera
650 592 975 648 memoratio
1006 610 1018 644 :
1044 590 1298 662 quoniam
1344 603 1434 643 res
1478 601 1562 643 eSt
1600 587 2013 644 disconveniens
2054 596 2110 644 et

507 683 738 739 absurda
765 724 778 745 ,
805 693 860 736 ut
884 681 1154 736 secundus
1185 681 1255 735 sit
1281 677 1632 744 immortalis,
1667 688 1721 733 et
1747 679 1836 750 qui
1865 678 2107 734 mortalis

508 785 592 830 est
620 816 634 840 ,
667 774 870 844 primus
905 791 918 829 :
949 789 1071 829 cum
1101 771 1481 827 immortalitas
1510 770 1562 824 in
1596 785 1654 825 se
1696 769 1939 824 ordinem
1971 778 2107 825 tem-

501 866 651 937 poris
677 880 785 920 non
818 866 1074 935 recipiat,
1098 864 1397 920 mortalitas
1419 863 1597 934 capiat
1629 880 1645 918 :
1673 863 1758 920 vel
1796 864 1842 919 si
1868 862 2109 920 caelestis

504 968 588 1014 est
621 958 861 1028 primus,
891 942 1189 1029 quid-opus
1218 966 1370 1024 erat,
1404 966 1462 1011 ut
1504 956 1660 1012 fleret
1688 970 1902 1027 quoque
1941 963 2109 1011 terre—

501 1053 644 1110 nus?
673 1052 863 1108 Simile
893 1052 1096 1107 dictum
1143 1050 1527 1122 Evangelicum
1564 1048 1699 1104 illud
1736 1056 2107 1114 consentanea

502 1157 684 1219 potest
718 1145 1187 1217 argumentatione
1226 1143 1463 1215 pulsari;
1512 1141 1772 1212 scriptum
1804 1152 1887 1197 est
1917 1141 2061 1196 enim
2091 1158 2105 1194 :

504 1238 678 1295 Nemo
706 1237 973 1294 adscendit
1002 1238 1055 1291 in
1081 1237 1265 1292 emtum
1286 1277 1302 1304 ,
1326 1236 1429 1289 nisi
1454 1235 1543 1304 qui
1562 1233 1626 1288 de
1651 1232 1777 1289 coelo
1803 1232 2107 1300 descendit,

505 1332 647 1403 ﬁlius
679 1330 937 1396 hominis,
962 1330 1048 1400 qui
1082 1339 1191 1385 erat
1229 1329 1283 1382 in
1313 1327 1438 1382 caelo
1473 1324 1652 1398 (Joan.
1698 1341 1777 1390 ιιι,
1810 1323 1923 1397 15).
1967 1324 2110 1393 Quo-

506 1424 674 1481 modo
701 1425 843 1479 ftlius
864 1422 1109 1477 hominis
1129 1460 1146 1489 ,
1178 1421 1265 1476 vel
1296 1420 1449 1491 cujus
1477 1419 1712 1474 hominis
1752 1418 1896 1473 nasci
1928 1428 2113 1489 posset

506 1518 560 1572 in
590 1516 763 1583 celo,
793 1524 849 1570 nt
879 1514 945 1570 de
974 1514 1114 1570 caelo
1144 1513 1533 1591 descendqet,
1584 1527 1705 1566 cum
1759 1509 2111 1566 humanitatis

505 1624 535 1663 a
564 1608 705 1665 cmlo
732 1616 787 1665 et
813 1606 1088 1678 possessio
1119 1605 1280 1677 longe
1307 1606 1509 1661 dimota
1540 1604 1640 1667 sit,
1674 1612 1728 1657 et
1753 1602 1977 1657 natura?
1999 1606 2111 1673 Age

505 1702 680 1758 excita
722 1715 965 1763 sensum,
1017 1696 1098 1771 (6)
1150 1698 1339 1764 lector,
1384 1695 1625 1755 invenies
1657 1693 1952 1750 veritatem.
2010 1695 2110 1761 Qui

2211 494 2585 566 multipliciter
2612 503 2851 566 aptatum
2877 494 3299 568 distinctumque
3330 494 3642 565 elementis,
3688 496 3810 566 cpi-

2211 585 2311 645 bus
2333 631 2349 658 ,
2377 589 2775 655 animantibus,
2816 588 3085 644 alimoniis
3106 632 3119 655 ,
3155 589 3589 662 utilitatibusque
3632 588 3811 645 diver-

2220 680 2298 737 sis
2326 722 2340 744 ,
2374 678 2581 750 magnis
2608 689 2662 734 et
2692 677 2973 749 plurimis,
3011 678 3298 736 hahitatori
3347 681 3452 736 ulla
3486 696 3553 737 ne
3584 680 3808 754 querela

2214 772 2503 838 subesset,
2529 770 2745 826 solertia
2772 771 2905 826 mira
2934 770 3189 842 perfecit;
3219 772 3329 846 93
3359 784 3484 827 tunc
3526 771 3592 827 ad
3627 771 3811 843 imagi-

2209 881 2332 925 nem
2364 874 2417 921 et
2447 863 2854 920 similitudinem
2884 878 3034 921 suam
3061 862 3240 937 (Gem,
3263 863 3381 938 1,2)
3408 863 3522 937 (12)
3556 861 3683 921 fecit
3707 864 3811 921 sibi

2210 958 2330 1030 ipse
2358 956 2707 1013 simulacrum
2732 955 2987 1012 sensibile
3012 965 3174 1028 atque
3202 956 3510 1029 intelligens
3539 975 3551 1012 :
3596 966 3811 1029 sumpto

2210 1048 2407 1120 quippe
2439 1049 2569 1103 limo
2598 1059 2755 1104 terra:
2783 1047 3058 1104 hominem
3088 1047 3356 1121 figuravit,
3388 1051 3548 1121 eique
3577 1050 3810 1106 animant

2211 1159 2316 1214 qua
2357 1144 2651 1213 spiramus,
2681 1140 2877 1198 infudit
2925 1140 3039 1213 (13)
3091 1158 3122 1198 e
3154 1142 3372 1213 proprio
3418 1142 3567 1199 fonte
3590 1144 3811 1215 spiritus

2210 1237 2294 1292 sui
2332 1254 2344 1289 :
2371 1237 2455 1291 cui
2482 1236 2548 1290 ab
2577 1234 2694 1308 (14)
2714 1234 2880 1291 humo
2898 1235 3061 1291 homo
3078 1250 3277 1291 nomen
3296 1235 3552 1308 imposuit
3579 1255 3593 1294 :
3621 1238 3808 1307 credo,

2213 1327 2353 1381 sicut
2397 1342 2484 1382 res
2535 1327 2647 1396 ipsa
2686 1325 2880 1393 docet,
2914 1335 2972 1381 ut
3016 1327 3474 1397 contemplatione
3513 1326 3723 1396 opificis
3748 1343 3813 1385 ac

2212 1418 2485 1484 materiae,
2521 1434 2738 1488 semper
2769 1433 2924 1474 suum
2955 1427 3013 1474 et
3050 1427 3331 1474 vereretur
3374 1429 3430 1476 et
3459 1432 3814 1477 veneraretur

2212 1507 2493 1564 artificem.
2519 1506 2649 1562 Post
2670 1506 2782 1563 haec
2796 1507 3083 1579 subjecitei
3102 1506 3282 1564 omnia
3307 1509 3444 1565 bona
3468 1508 3808 1584 mundi(Gen.

2213 1598 2273 1674 ιι)
2303 1617 2315 1653 :
2341 1606 2395 1655 et
2412 1597 2532 1670 quia
2549 1598 2790 1670 eratjam
2814 1599 3074 1669 sapientia
3091 1596 3362 1666 cenditus,
3385 1599 3633 1657 sensibus
3645 1601 3814 1673 stipa-

2215 1699 2299 1746 tus
2311 1690 2538 1761 eligendi
2560 1702 2789 1746 mortem
2806 1690 3059 1758 vitamve,
3082 1692 3334 1766 praecepti
3349 1693 3646 1753 eruditione
3660 1710 3813 1751 com-

506 1801 624 1848 era‘t
673 1792 725 1847 in
774 1790 946 1859 ccelo,
994 1790 1062 1845 de
1107 1790 1247 1846 caelo
1293 1787 1614 1845 descendit:
1649 1788 1740 1859 qui
1789 1786 2107 1852 descendit,
2140 1789 2191 1850 Β
2220 1785 2477 1850 monitus,
2501 1798 2624 1838 eum
2651 1784 2881 1855 propriae
2913 1783 3173 1840 voluntati
3201 1786 3494 1843 commisit.
3526 1784 3596 1842 At
3617 1786 3816 1845 lividus

504 1882 625 1952 ipse
643 1892 724 1939 est
745 1923 762 1950 ,
795 1889 851 1937 et
878 1880 968 1951 qui
992 1879 1234 1937 ascendit
1265 1879 1318 1934 in
1342 1878 1540 1935 malum
1567 1878 1709 1933 illius
1736 1876 1993 1943 hominis,
2018 1876 2111 1949 qui

506 1985 624 2033 erat
656 1976 708 2033 in
734 1974 875 2032 coelo
905 1972 1152 2047 (Ephcs.,
1181 1988 1255 2039 tv,
1290 1971 1346 2038 9,
1382 1968 1493 2042 10).
1525 1971 1666 2026 lilius
1695 1969 1926 2026 hominis
1952 1983 2113 2024 voca-

508 2066 637 2123 bulo
659 2109 673 2133 ,
709 2082 816 2122 non
848 2075 1077 2121 natura:
1109 2081 1214 2120 non
1248 2065 1391 2120 enim
1419 2065 1503 2120 bis
1542 2058 1758 2119 carnem
1792 2061 1969 2119 induit
2003 2064 2109 2119 Do~

507 2158 690 2214 minus
719 2177 729 2212 :
762 2156 856 2212 sed
884 2156 964 2213 sic
990 2157 1230 2227 Oportuit
1261 2154 1582 2227 praedicari,
1615 2154 1738 2225 quia
1785 2154 1957 2225 primo
1987 2163 2114 2211 ante

509 2266 671 2321 qttam
702 2258 885 2316 esset,
911 2244 992 2321 (7)
1018 2248 1160 2317 quod
1190 2262 1249 2303 se
1298 2246 1410 2304 fieri
1441 2245 1732 2313 voluisset,
1765 2253 1872 2300 tam
1904 2244 2074 2317 figura
2095 2286 2112 2311 ,

517 2358 682 2415 quam
705 2344 940 2396 oraculis
969 2341 1342 2412 frequentibus
1374 2339 1454 2411 (8)
1486 2338 1802 2409 publicavit.
1830 2338 1997 2409 Igitur
2016 2336 2115 2393 Dei

515 2433 662 2489 filius
712 2432 777 2488 ad
809 2432 1136 2488 ineffabilem
1162 2431 1427 2504 originem
1474 2430 1739 2502 pertinet,
1772 2429 2004 2485 hominis
2048 2427 2115 2484 ad

517 2524 598 2597 (9)
653 2535 1085 2591 sacramentum;
1133 2526 1285 2596 cujus
1314 2522 1646 2580 sacramenti
1692 2537 1950 2579 arcanum
2002 2521 2118 2578 evi-

514 2619 661 2674 denti
692 2617 931 2682 ratione,
962 2617 1116 2688 quasi
1146 2614 1376 2686 quadam
1403 2616 1538 2670 clavi
1561 2655 1578 2681 ,
1610 2615 1823 2685 aperire
1842 2613 2114 2670 conabor:

514 2718 576 2765 ut
607 2708 728 2784 (10)
772 2716 826 2765 et
855 2708 1249 2781 providentiam
1285 2705 1398 2773 Dei,
1432 2715 1487 2761 et
1536 2705 1647 2760 vim
1694 2697 2115 2760 consociationis

515 2803 697 2858 carnis
715 2811 769 2858 ct
810 2803 1030 2868 animm,
1082 2809 1137 2857 et
1168 2798 1404 2856 hominis
1436 2813 1705 2854 summum
1752 2797 1953 2853 bonum
2002 2797 2117 2853 tibi-

516 2909 643 2953 nam
668 2896 737 2950 sit
765 2896 1118 2951 constitutum
1140 2934 1155 2959 ,
1196 2893 1372 2963 quivis
1418 2889 1675 2968 facillime
1703 2890 1877 2960 possit
1921 2904 2119 2961 agnos-

515 3000 661 3042 cere.

591 3078 654 3136 ll.
712 3079 1069 3152 Posteaquam
1112 3077 1255 3135 Deus
1282 3120 1297 3148 ,
1349 3076 1581 3145 fratres,
1620 3074 1767 3132 hunc
1811 3075 2116 3146 mundum,

2216 1872 2308 1929 ille
2324 1871 2440 1946 (15)
2458 1874 2793 1942 criminator,
2809 1875 2921 1946 qui,
2944 1875 3087 1946 quod
3104 1876 3307 1933 sensim
3324 1886 3524 1951 serpat,
3547 1880 3817 1951 serpentis

2218 1983 2419 2023 nomen
2477 1969 2715 2039 accepit,
2765 1966 3067 2026 detestabili
3100 1985 3360 2027 accensus
3389 1971 3622 2039 invidia,
3656 1990 3777 2029 eum
3798 2017 3814 2043 ,

2218 2057 2342 2129 quia
2377 2074 2472 2130 per
2501 2074 2560 2115 se
2588 2074 2693 2115 non
2721 2057 2931 2116 valebat
2955 2101 2971 2127 ,
3002 2060 3176 2117 aliena
3205 2062 3371 2117 forma
3397 2061 3695 2129 blanditus,
3721 2079 3819 2134 per

2221 2151 2501 2208 mulierem
2522 2154 3012 2225 transgressionem
3041 2155 3298 2225 praacepti
3324 2155 3415 2211 Dei
3440 2156 3819 2227 persuadendo

2221 2245 2604 2301 miserabiliter
2643 2245 2909 2316 jugulavit
2954 2265 2967 2301 :
3018 2256 3071 2301 et
3094 2245 3292 2304 exinde
3325 2248 3443 2322 (16)
3475 2247 3817 2307 haereditaria

2220 2336 2534 2394 conditione
2576 2336 2917 2405 confectum,
2969 2338 3313 2395 uniformiter
3359 2341 3820 2415 interibatymne

2221 2444 2394 2502 genus
2421 2430 2738 2486 humanum.
2769 2430 2881 2485 Nec
2909 2430 3007 2486 fuit
3035 2432 3179 2487 ullus
3205 2430 3317 2505 9‘.
3345 2433 3611 2505 ulliusque
3637 2436 3817 2491 solatii

2220 2525 2372 2581 locus
2400 2544 2413 2580 :
2444 2540 2566 2580 nam
2598 2523 2871 2581 hominem
2893 2526 3074 2595 vivum
3094 2567 3109 2594 ,
3141 2537 3201 2583 ut
3243 2528 3419 2584 adhuc
3450 2544 3653 2600 usque,
3682 2544 3818 2585 cou-

2233 2618 2485 2674 sumebat
2513 2619 2683 2686 labor,
2715 2620 2988 2689 gemitus,
3013 2621 3294 2692 impietas,
3326 2622 3504 2689 dolor,
3533 2623 3816 2694 aegritudo,

2225 2711 2492 2786 miseria:
2546 2713 2746 2767 mortui
2794 2712 2995 2784 quippe
3037 2727 3239 2786 corpus
3290 2716 3624 2786 figuramque
3671 2717 3817 2773 illam

2226 2800 2672 2859 florentissimam
2698 2804 2840 2860 edax
2872 2806 2924 2859 in
2949 2806 3214 2862 :et'ernum
3238 2818 3379 2864 terra
3411 2809 3628 2865 delebat
3655 2828 3669 2864 :
3703 2811 3822 2865 ani-

2226 2909 2371 2948 mam
2403 2910 2617 2965 quoque
2649 2895 2968 2952 ferabilibus
2992 2898 3673 2972 tenebris(l'l)relegatam
3700 2917 3824 2971 per-

2231 2986 2377 3057 petui
2404 2986 2641 3042 carceris
2666 3001 2822 3059 paena
2856 2995 3117 3060 perpetua
3165 2991 3522 3062 implacabilis
3550 2991 3823 3065 afﬂigebat

2231 3077 2499 3134 infernus.
2531 3077 2649 3135 Non
2681 3074 2867 3150 superi
2888 3122 2903 3146 ,
2934 3097 3041 3137 non
3087 3080 3241 3138 inferi
3277 3084 3568 3155 parcebant
3597 3085 3822 3141 simula-

595 3216 918 3303 (6).ιιεειοι·ε
948 3217 1037 3303 qui
1083 3214 1682 3303 heic_appellat‘ur,higl_le
1730 3212 2115 3303 intelligendus
2144 3222 2191 3287 ρ
2222 3214 2625 3303 rqisedicatur,
2656 3216 3127 3303 elprnoprio_di_viui
3158 3216 3562 3303 Spiritusmfonte
3592 3220 3821 3303 infusam

522 3284 639 3356 est,
658 3284 737 3346 'de
766 3305 874 3356 quo
906 3284 1059 3344 initio
1087 3284 1349 3343 tractatus
1390 3294 1474 3340 est
1503 3298 1527 3338 s
1548 3299 1703 3345 srmo,
1734 3284 1826 3354 qui
1855 3285 2112 3339 nimirum

525 3374 712 3418 saeros
744 3356 905 3414 libros
928 3359 1203 3415 lectitando
1226 3360 1415 3429 swpius
1444 3356 1731 3426 replicauit.

599 3432 678 3502 (7)
722 3431 869 3502 sua.
902 3430 1054 3502 Ven,
1080 3430 1206 3502 quid
1229 3431 1275 3484 si
1302 3429 1437 3499 ﬁeri.

599 3494 693 3576 (8'),
720 3500 938 3576 ln__etiit.
972 3494 1173 3576 Veron.
1202 3507 1257 3555 et
1289 3494 1417 3576 i'tlss.
1448 3496 1569 3576 Τοι.
1599 3512 1661 3551 ac
1705 3494 1864 3559 Zen.,
1894 3495 2126 3576 publica-

527 3567 619 3627 tur'
642 3567 733 3627 {in
767 3571 922 3640 Urb.,
948 3573 1279 3641 praedicatur.
1310 3567 1658 3625 Correximus
1686 3582 1749 3623 ex
1775 3581 1907 3623 mss.
1941 3567 2121 3636 Rem.,

527 3644 716 3713 Pomp.
743 3656 795 3696 et
825 3642 954 3697 edit.
988 3641 1119 3697 Ven.

605 3709 685 3787 (9)7
714 3711 1256 3787 Sacranientuinhoc
1305 3711 1425 3766 loco
1469 3716 1655 3787 aperte
1674 3709 2124 3787 “incarnationem

528 3779 693 3841 Verbi
722 3784 1006 3841 signiﬁcat.
1037 3783 1173 3841 Vide
1201 3792 1355 3839 tract.
1391 3796 1428 3836 ιι
1457 3779 1640 3836 adnot.
1671 3779 1764 3835 54.

630 3854 720 3922 10)
759 3850 1076 3911 Ᾰιιάὶιιὶιιιιιε
1098 3865 1145 3910 et
1164 3870 1229 3910 ex
1254 3868 1385 3909 mss.
1420 3862 1473 3907 et
1496 3852 1627 3907 edit.
1662 3850 1799 3907 Ven.

630 3858 720 3922 10)
759 3858 1076 3911 ΑιΙάὶιΙὶιιιιιε
1098 3865 1145 3910 et
1164 3870 1229 3910 ex
1254 3868 1385 3909 mss.
1420 3862 1473 3907 et
1496 3858 1627 3907 edit.
1664 3858 1799 3907 Ven.

600 3858 717 4004 (11)
759 3927 889 3982 Mss.
930 3924 1109 3995 Rem.,
1151 3925 1297 3993 Tol.,
1350 3924 1571 3995 Pomp.,
1607 3939 1708 3977 non
1749 3922 2124 4004 multipliciter,

527 3999 688 4054 male.

606 4069 718 4140 (12)
741 4067 803 4140 ln
822 4067 939 4140 hoc
968 4074 1205 4140 tractatu
1231 4065 1520 4140 scribendo
1542 4065 1766 4140 .videtur
1791 4064 1833 4140 S_
1880 4063 2025 4140 Zeno
2055 4064 2128 4121 ob

530 4136 715 4197 oculos
744 4139 997 4196 habuisse
1020 4139 1358 4195 Lactantium
1383 4179 1399 4205 ,
1429 4138 1581 4209 cujus
1622 4154 1689 4193 ex
1717 4136 1865 4192 libris
1900 4138 2125 4209 Institu;

530 4212 735 4266 tionum
778 4211 980 4281 aliquot
1012 4211 1305 4266 sententias
1334 4207 1557 4265 totidem
1599 4211 1921 4279 quandoque
1949 4207 2128 4281 verbis

534 4283 639 4337 huc
666 4279 902 4353 conjecin
928 4299 942 4335 :
975 4282 1135 4353 modo
1181 4296 1248 4335 ne
1276 4296 1343 4353 es
1369 4281 1898 4353 diuturnalectione
1947 4279 2129 4353 infixis

532 4355 586 4410 in
623 4350 856 4409 Zenonis
894 4356 1076 4409 aninto
1102 4350 1368 4407 Lactantii
1398 4351 1717 4415 sententiis,
1749 4351 1827 4404 illi
1862 4364 1959 4405 nec
2004 4350 2126 4402 ani-

530 4425 887 4480 madvertenti
911 4422 1248 4488 exciderint,
1272 4422 1403 4477 dum
1436 4423 1577 4478 hunc
1609 4432 1895 4476 tractatum
1922 4420 2127 4475 scribe-

534 4503 638 4567 ret.
672 4496 926 4567 Singula,
961 4511 1082 4567 qua:
1130 4495 1486 4567 imitationem
1526 4494 1757 4564 aliquam
1790 4491 2119 4567 prasferunt,

531 4562 818 4636 diligenter
846 4566 897 4620 in
950 4562 1385 4621 adnotationibus
1417 4562 1634 4636 signare
1662 4578 1844 4636 operas
1889 4562 2120 4630 pretium

532 4635 805 4692 duximus.
861 4637 1173 4705 Przccipuus
1202 4651 1383 4691 autem
1428 4635 1584 4691 locus
1608 4646 1691 4689 est
1724 4635 1813 4689 hic
1833 4675 1847 4695 ,
1881 4635 1933 4687 in
1962 4646 2121 4702 quem

534 4710 696 4765 modo
721 4708 1199 4763 animadvertimus
1225 4724 1238 4760 :
1268 4705 1347 4760 sic
1376 4707 1519 4760 enim
1553 4706 1886 4766 Lactantius,
1918 4705 2012 4757 lib.
2045 4719 2083 4757 ιι
2106 4743 2123 4767 ,

534 4795 654 4849 cap.
692 4781 798 4837 1οε
834 4778 960 4834 Tum
990 4780 1111 4849 fecit
1137 4778 1249 4849 ipse
1276 4776 1425 4849 Deus
1451 4778 1546 4849 sibi
1589 4776 1924 4849 simulacrum
1965 4776 2127 4827 sensi-

535 4846 633 4905 bile
661 4861 812 4919 atque
838 4846 1167 4919 intelligens;
1189 4848 1243 4899 id
1267 4848 1426 4919 estad
1455 4846 1698 4919 imaginis
1724 4861 1833 4919 sine
1870 4846 2122 4919 fomlam,

535 4868 633 4905 oue
661 4868 713 4905 at
751 4868 812 4905 ue
838 4868 1167 4919 mtetttgens;
1189 4868 1241 4899 ια
1267 4868 1340 4900 cu
1357 4868 1426 4899 au
1455 4868 1698 4917 "uagum;
1724 4868 1832 4899 uua
1870 4868 2090 4916 [armum
2106 4886 2122 4911 ,

532 4938 636 4993 qua
659 4868 792 4975 nizil
835 4931 995 4993 potest
1027 4934 1135 4993 esse
1164 4918 1440 4989 perfectius
1463 4960 1479 4983 ,
1506 4916 1768 4993 hominem
1793 4916 2034 4993 figuravit
2063 4931 2127 4970 ea:

533 4987 658 5048 fimo
705 4987 873 5046 terrm.
921 4987 1282 5044 Simulacrum
1311 4998 1490 5042 autem
1522 4988 1626 5042 hoc
1669 4990 1923 5055 sensibile,
1964 4987 2014 5043 id
2040 4997 2126 5042 est

531 5064 676 5135 quod
702 5063 867 5117 sentit
893 5060 1149 5133 (utroque
1178 5059 1320 5135 enim
1366 5058 1526 5135 modo
1581 5068 1692 5113 tum
1722 5073 1946 5135 proco,
1980 5057 2123 5135 quod

533 5128 734 5196 sentit,
763 5140 875 5186 tum
903 5128 1032 5199 'pro
1062 5128 1131 5185 eo
1167 5128 1311 5199 quod
1357 5131 1612 5195 sentitur,
1648 5130 1886 5185 sensibile
1929 5129 2128 5199 accipi-

534 5206 670 5275 tur),
703 5213 755 5275 et
780 5203 1070 5275 intelligens
1098 5212 1181 5275 est
1206 5201 1383 5275 anima
1405 5243 1419 5268 ,
1450 5219 1557 5275 non
1586 5212 1777 5275 autem
1794 5216 1993 5270 corpus
2018 5242 2033 5265 ,
2065 5200 2132 5255 tle

534 5260 824 5399 qu'plura
852 5274 912 5330 ὃ.
941 5260 1089 5328 Zeno
1118 5260 1421 5328 luculenter
1448 5273 1679 5329 disseret
1723 5273 1822 5329 lib.
1869 5260 1907 5328 ιι
1926 5314 1940 5338 ,
1972 5260 2128 5327 tract.

608 5381 726 5485 (15)
746 5495 749 5496 ν
768 5411 815 5466 Ε
835 5415 1053 5496 proprio
1081 5416 1225 5496 fonte
1256 5413 1478 5496 spiritus
1498 5412 1606 5496 sui
1647 5411 2040 5496 supplevimus.
2064 5430 2134 5470 ex

535 5483 671 5540 mss.
706 5483 759 5538 et
782 5485 913 5540 edit.
945 5483 1087 5540 Ven.
1103 5483 1218 5538 Non
1254 5483 1430 5539 tamen
1458 5484 1659 5541 idcirco
1678 5483 1910 5539 animam
1933 5483 2130 5540 divinas

2229 3284 2732 3363 afﬁrmayitﬁimili
2764 3284 2989 3343 formula
3005 3284 3338 3363 Lactantius,
3366 3290 3462 3346 lib.
3492 3305 3688 3363 tt,cap.
3722 3294 3820 3355 19..

2228 3372 2283 3411 ιι.
2317 3357 2349 3410 5
2385 3376 2397 3410 :
2434 3355 2585 3430 Ficta
2607 3358 2740 3412 enim
2767 3374 2983 3430 corpore
3007 3363 3225 3430 spiravit
3254 3361 3299 3415 ei
3328 3355 3557 3416 animum
3596 3355 3659 3418 de
3680 3366 3824 3420 vituli

2228 3430 2369 3501 [ante
2387 3428 2605 3501 spiritus
2634 3431 2713 3484 sui
2739 3445 2756 3483 :
2800 3428 2865 3485 es
2896 3428 3090 3501 quibits
3120 3430 3403 3489 Zenonem
3423 3434 3659 3490 ebibissc
3688 3436 3822 3492 nihil

2226 3498 2607 3577 ambigendum
2658 3498 3096 3577 videturfidem
3154 3518 3282 3577 vero
3329 3504 3683 3572 Lactantius,
3732 3509 3822 3577 qui

2227 3570 2556 3626 creationem
2585 3572 2779 3625 anima:
2812 3574 3050 3642 pluribus
3076 3574 3126 3628 in
3158 3573 3293 3630 locis
3319 3577 3520 3631 acriter
3543 3588 3597 3631 et
3622 3570 3824 3634 disi-rte

2231 3649 2565 3719 propugnat,
2596 3642 2688 3696 lib.
2725 3655 2801 3697 vn
2818 3676 2836 3709 -,
2869 3657 2987 3711 cap.
3022 3642 3056 3698 5
3081 3687 3095 3709 ,
3144 3645 3303 3715 paulo
3343 3644 3532 3719 durius
3562 3650 3775 3719 scripsit
3806 3666 3819 3703 :

2232 3710 2380 3837 Diius‘
2414 3710 2659 3783 spiritum
2706 3730 2856 3769 suum
2904 3710 3102 3770 terreno
3144 3710 3361 3788 corpore
3411 3717 3580 3773 induit
3632 3710 3689 3774 εί
3737 3722 3824 3774 in-

2232 3797 2287 3836 uo
2315 3800 2355 3836 vi
2390 3824 2401 3837 .

2228 3797 2401 3837 υοιυιι.

2303 3874 2579 3957 (ii)_ﬂ:e_c
2599 3878 2924 3957 etymologia
2952 3878 3179 3957 deducta
3197 3880 3303 3957 fuit
3323 3898 3390 3937 ex
3408 3881 3705 3957 Lactantio.
3730 3886 3824 3957 qui

2231 3946 2325 4001 lib.
2357 3962 2392 4001 tt
2435 3946 2607 4025 lnstit.
2736 3946 2925 4025 30.1..
2956 3952 3036 4025 3.7:
3071 3949 3264 4020 Homo,
3294 3954 3501 4024 inquit,
3546 3946 3823 4025 nuncujfav

2231 4027 2311 4072 tus
2332 4027 2403 4090 est
2427 4059 2442 4084 ,
2467 4019 2603 4090 quod
2627 4021 2692 4075 sit
2724 4020 2894 4089 factus
2915 4038 2976 4078 ea?
3002 4024 3157 4077 humo
3180 4041 3198 4079 :
3229 4019 3281 4078 et
3311 4019 3500 4079 rursus
3525 4026 3594 4081 de
3613 4025 3695 4081 Ira
3725 4019 3823 4083 Dei

2230 4104 2280 4164 c.
2314 4089 2381 4145 10
2401 4132 2417 4157 ,
2445 4089 2498 4145 ιι.
2528 4090 2602 4147 45
2634 4108 2649 4145 :
2674 4090 2874 4161 Corpus
2903 4094 3124 4164 hominis
3149 4112 3214 4149 ex
3243 4095 3399 4150 Immo
3431 4100 3657 4164 factum,
3686 4102 3831 4154 unde

2231 4160 2382 4240 Itonia
2429 4178 2617 4240 nomen
2660 4160 3274 4240 accepit;_Subscri_buttt
3310 4160 3455 4240 huic
3484 4160 3830 4240 etymologia:

2231 4230 2571 4304 Ambrosius,
2604 4232 2642 4286 Ι.
2677 4248 2733 4288 ιιι
2758 4230 2825 4289 de
2845 4233 3003 4299 Offic.
3035 4252 3084 4291 c.
3118 4238 3183 4302 3,
3215 4254 3268 4291 ιι.
3301 4236 3407 4303 16;
3435 4230 3691 4304 Isidorus,
3719 4230 3756 4295 ἦ
3788 4258 3828 4297 ιι

2231 4302 2380 4375 Qrig.
2411 4316 2459 4357 c.
2488 4305 2525 4375 1
2544 4345 2560 4368 ,
2590 4319 2820 4374 eamque
2844 4305 3106 4362 adversus
3142 4302 3560 4375 Quinctilianum
3584 4302 3834 4368 defendit

2236 4372 2791 4447 VossiusEtymolo‘g.
2822 4391 2876 4439 γ,
2910 4376 3063 4431 Itonia
3084 4419 3099 4441 ,
3132 4372 3233 4435 nec
3261 4394 3366 4435 non
3417 4381 3617 4437 Ctelius
3660 4380 3832 4438 Rodi-

2232 4444 2414 4520 ginus,
2443 4443 2613 4520 libftt
2642 4443 3086 4520 Lectionaantiq.
3133 4466 3184 4506 c.
3234 4449 3318 4507 10.
3350 4449 3486 4508 Vide
3526 4454 3686 4508 etiam
3714 4455 3834 4510 An-

2233 4517 2417 4588 dream
2439 4516 2686 4588 Masium,
2711 4519 2762 4572 in
2785 4518 2991 4588 przefat.
3013 4516 3080 4574 ad
3103 4524 3549 4578 commentarium
3573 4525 3626 4579 in
3646 4522 3833 4582 .Iosuan

2155 4599 2206 4661 ι)
2233 4586 2428 4675 librum
2459 4606 2512 4655 ιι.
2532 4589 2599 4675 ,4.
2633 4586 2760 4675 Εἴ.ςο
2785 4586 2973 4675 eadem
2997 4593 3318 4675 etymologia
3348 4594 3602 4675 probatur
3631 4593 3684 4675 in
3712 4613 3817 4652 ano

2232 4659 2382 4734 tiquo
2413 4668 2640 4734 tractatu
2688 4660 2764 4734 de
2800 4659 3008 4734 Lazaro
3029 4659 3265 4734 ,iquem'
3297 4659 3436 4719 inter
3482 4663 3834 4724 Zeuonianos

2228 4730 2429 4802 editum
2460 4732 2515 4785 in
2535 4730 2887 4802 appendicem
2922 4730 3239 4802 rejecitnus,
3280 4744 3337 4790 et
3363 4734 3609 4791 Potamio
3635 4740 3836 4792 catho-

2231 4797 2621 4879 “coepiscopo
2648 4797 2993 4860 tribuendum
3026 4806 3080 4859 in
3128 4797 3441 4877 prasfatione
3471 4808 3833 4879 probabiliter

2227 4872 2597 4927 ostendemus.

2257 4961 2414 5043 ..(15)
2456 4963 2700 5043 Similem
2733 4967 3058 5043 sententiam
3104 4968 3460 5043 pauglogaliter
3484 4970 3828 5043 Lactantius,

2234 5031 2331 5087 lib.
2390 5048 2426 5087 ιι
2472 5031 2647 5088 Instit.
2677 5050 2729 5091 c.
2762 5038 2862 5104 te,
2897 5056 2949 5093 ιι.
2980 5039 3046 5092 t7
3075 5031 3439 5095 {criminator
3477 5042 3564 5096 ille
3588 5031 3832 5100 invidens

2235 5104 2648 5182 operibus‘Dei,
2670 5123 2846 5163 omnes
2872 5109 3109 5182 fallacias
3154 5116 3202 5164 et
3228 5111 3537 5167 calliditates
3582 5130 3705 5168 was
3756 5116 3833 5171 ad

2235 5175 2592 5252 decipiendum
2618 5175 2885 5252 pomi-ma
2932 5182 3189 5236 ostendit:
3227 5197 3294 5237 es
3321 5184 3518 5252 quibus
3557 5197 3689 5240 sane
3720 5201 3831 5242 Vox

2234 5247 2529 5327 criminator
2555 5248 2835 5327 aﬁZenone
2874 5260 3034 5327 petita
3058 5252 3294 5327 videtur.
3340 5247 3468 5309 Post
3507 5270 3676 5326 pauca
3725 5271 3829 5327 pro

2236 5320 2432 5387 accepit
2461 5331 2561 5373 ms.
2594 5319 2783 5391 Pomp.
2820 5319 2983 5377 habet
3005 5324 3216 5392 accipit.

2310 5409 2424 5487 (16)
2441 5409 2728 5487 Egregium
2756 5411 2859 5487 hoc
2878 5427 2978 5485 pro
3006 5414 3210 5487 peccati
3236 5415 3509 5487 originalis
3535 5415 3837 5475 traditione

2240 5479 2636 5556 testimonium,
2706 5485 2846 5553 quod
2879 5479 3106 5555 'quidem
3164 5479 3438 5556 peccatum
3485 5486 3839 5546 btet-editaria

537 5568 747 5639 natura:
770 5556 1071 5639 portioiiem
1096 5570 1124 5608 a
1156 5552 1265 5639 Deo
1303 5555 1781 5639 velutipraecisam
1799 5565 2131 5637 auctor-ere.
2232 5553 2545 5639 conditione
2600 5552 2940 5611 contractum
2963 5598 2978 5623 ,
3035 5552 3286 5639 omnium.
3333 5571 3622 5639 poenarum
3668 5560 3839 5639 hujus

535 5627 703 5701 didit,
748 5622 908 5696 quam
946 5626 1073 5680 alibi
1104 5640 1132 5679 a
1176 5625 1288 5701 Deo
1315 5622 1523 5701 infundi
1561 5635 1615 5701 et
1641 5625 1812 5701 creari
1848 5626 2128 5701 perspicue
2226 5622 2354 5701 {iter
2373 5635 2456 5677 est
2486 5637 2965 5701 ρειιεξεῃλιιιολιριι
2993 5637 3249 5701 perpetua
3275 5622 3467 5701 inferni
3490 5644 3651 5701 paena
3674 5622 3840 5688 Ιιιόη-

532 5697 714 5754 docuit
734 5692 1071 5769 {quamque
1092 5697 1249 5769 paulo
1282 5706 1401 5769 post
1431 5696 1526 5752 Dei
1551 5692 1900 5769 simulacrum
1938 5692 2125 5769 appel-
2227 5692 2505 5769 dum_era_t
2525 5735 2540 5760 ,
2576 5694 2677 5769 nisi
2708 5695 2803 5751 Dei
2834 5692 3007 5753 Filius
3028 5692 3125 5755 nos
3150 5699 3494 5757 redemisset.

529 5770 635 5833 lat;
664 5767 757 5823 sed
782 5764 908 5825 cum
944 5764 1007 5822 es
1041 5764 1339 5838 scripturas
1368 5766 1604 5824 formula
1634 5766 1774 5847 Deus
1800 5779 1920 5827 eam
1949 5764 2117 5841 inipi.
2295 5764 2412 5838 (17)
2449 5765 2545 5821 Ms.
2581 5765 2768 5840 Pomp.
2800 5770 3089 5847 religatam.
