4216 6178
495 260 602 314 343

1855 258 2101 314 SANCTI
2138 257 2425 313 ZENONIS

3694 258 3798 315 544

498 392 610 429 mur
640 376 820 443 bonis,
853 393 969 448 qua
1004 387 1162 432 sunt:
1193 387 1240 431 et
1270 376 1477 430 utamur
1524 384 1788 441 creatura,
1838 386 2096 443 tamquam
2125 383 2172 440 Α
2275 371 2407 427 VIII.
2441 374 2486 427 υ
2527 388 2667 428 caeca
2719 387 2868 426 mens
2920 371 3234 428 hominum!
3287 371 3410 442 quid
3451 373 3798 442 prmseutinm

498 466 614 540 (28)
640 468 975 542 iujuuentute
996 468 1227 522 celeriter
1254 482 1273 521 :
1288 468 1406 520 uino
1419 467 1640 538 pretioso
1652 474 1702 521 et
1714 466 1989 539 unguentis
2005 479 2096 518 nos

494 560 798 628 impleamus
825 577 838 612 :
881 568 930 613 et
958 576 1060 614 non
1086 568 1353 629 prtelereat
1383 576 1475 612 nos
1503 560 1602 629 [los
1644 558 1909 627 temporis.
1938 557 2096 611 Cora-

497 669 676 707 nemus
702 668 796 706 nos
823 653 958 706 rosis
1012 663 1133 706 ante
1175 669 1329 722 quam
1360 661 1696 705 marcescant.
1731 649 1951 704 Nullum
1974 666 2094 720 prn—

495 751 604 795 tum
634 743 731 808 sit,
765 742 904 812 quod
927 759 1029 795 non
1059 753 1283 797 transeat
1312 743 1525 798 luxuria
1546 753 1744 796 nostra.
1787 742 1984 813 Ubique
2010 758 2093 795 rc-

491 834 787 901 ltnquumus
812 834 964 905 signa
993 832 1186 888 laetititc
1217 850 1505 905 :quon.am
1529 834 1638 888 Ittec
1692 841 1769 887 est
1807 850 1927 905 pars
1969 848 2093 886 nos-

494 935 573 981 tra
596 968 612 994 ,
644 939 692 981 et
718 928 827 981 lucc
856 945 969 982 sors
994 926 1062 999 (υ.
1093 927 1127 983 6
1153 937 1204 981 et
1230 926 1385 999 seq.).

561 1022 653 1079 VI.
682 1021 836 1078 Illinc
867 1022 1119 1092 spiritus,
1152 1023 1305 1092 quasi
1335 1020 1550 1090 quidam
1573 1020 1679 1075 dux
1707 1019 2091 1091 peritissimus,

491 1117 689 1173 borum
718 1117 960 1170 omnium
996 1116 1245 1184 prie-dicit
1268 1114 1445 1184 fugam
1468 1155 1482 1179 ,
1513 1113 1567 1168 in
1597 1113 1764 1167 armis
1793 1111 2091 1180 expeditis-

490 1211 630 1266 sime
659 1210 943 1277 standum,
970 1208 1296 1280 vigilandum
1326 1207 1637 1278 diligenter,
1688 1206 1924 1277 undique
1968 1218 2087 1258 cas-

491 1314 573 1359 tra
606 1306 894 1359 munienda
923 1346 938 1367 ,
972 1302 1303 1358 defensanda
1334 1300 1536 1371 regalia
1567 1301 1780 1354 fortiter
1801 1315 1863 1353 ac
1893 1298 2091 1353 tenaci-

490 1408 575 1454 ter
605 1400 752 1467 signa
782 1413 796 1462 ;
828 1408 1026 1459 aestus,
1069 1395 1270 1465 frigus,
1316 1395 1510 1449 famem
1533 1435 1548 1459 ,
1595 1394 1779 1457 sitim,
1814 1394 2094 1446 universa-

485 1510 593 1564 que
621 1493 938 1549 discrimina
984 1492 1361 1562 aequanimiter
1402 1488 1718 1558 perferenda
1767 1506 1780 1541 :
1833 1485 2091 1541 mundum

484 1585 828 1647 abdicatione
859 1583 1179 1639 calcandum
1207 1624 1222 1648 ,
1256 1592 1595 1650 mortemque
1643 1581 1846 1647 ipsam,
1898 1593 2091 1648 peren-

448 1704 452 1708 ·
484 1678 572 1733 nis
603 1677 689 1732 cui
718 1676 999 1732 beatitudo
1028 1674 1306 1742 succedat,
1342 1673 1619 1741 praemium
1649 1670 1893 1726 vietorim
1919 1669 2091 1739 magis

2197 467 2490 522 carnalium
2524 482 2703 523 rerum
2737 465 2907 537 fugaci
2942 456 3184 521 illuderis
3229 464 3639 521 blandimento?
3666 466 3797 537 quid

2197 558 2451 614 deteriori
2501 558 2780 614 meliorem
2811 559 2929 632 (29)
2969 560 3253 627 subjacere
3275 558 3598 629 compellis?
3619 560 3794 628 scrip-

2198 659 2309 706 tum
2332 650 2530 721 quippe
2557 666 2677 706 cum
2712 651 2928 707 noveris
2963 667 2974 701 :
3013 649 3193 704 Omnis
3216 665 3338 703 caro
3361 649 3560 718 fenum,
3606 659 3652 704 et
3678 649 3794 721 glo-

2196 746 2276 798 ria
2320 747 2452 815 ejus,
2482 748 2613 799 sicut
2637 745 2733 815 flos
2761 746 2865 816 [eui
2898 744 2916 814 (
2945 743 3021 799 Is.
3050 760 3141 810 XL,
3174 742 3278 814 6);
3326 744 3479 812 cujus
3519 745 3565 798 si
3606 761 3795 800 curam

2196 838 2376 909 geris,
2430 839 2713 907 pecniuam
2754 848 2805 892 te
2832 850 2956 892 esse
3002 838 3309 906 cognoscis.
3356 832 3439 891 An
3470 839 3591 908 ejus
3630 840 3797 891 virtu-

2198 941 2305 987 tem
2330 932 2546 1003 diligis?
2568 932 2766 1002 l'rangit
2793 946 2856 987 ac
2885 932 3084 1002 subigit
3113 932 3259 986 illam
3290 933 3467 1002 quivis
3493 932 3675 987 dolor.
3709 931 3791 988 An

2197 1023 2683 1094 pulchritudinem?
2707 1022 2825 1096 (50)
2848 1024 2980 1078 levis
3007 1034 3059 1077 et
3086 1022 3490 1077 commutabilis
3508 1038 3596 1079 res
3611 1034 3714 1092 est,
3742 1033 3796 1080 et

2195 1134 2316 1189 quae
2350 1133 2455 1173 una
2494 1117 2648 1183 febri,
2681 1116 2767 1171 vel
2796 1116 3033 1187 qualibet
3075 1115 3329 1171 facillime
3368 1117 3616 1173 deleatur
3656 1119 3791 1188 inju-

2197 1211 2298 1265 ria.
2335 1209 2476 1265 Ecce
2514 1224 2893 1279 procuratorcs
2933 1209 3019 1264 vel
3056 1210 3450 1280 gubernatores
3478 1210 3597 1281 ejus
3628 1202 3792 1274 oculi,

2195 1305 2374 1374 aliquo
2419 1303 2527 1357 icttt
2572 1302 2827 1358 exstincti
2869 1302 3415 1384 SlIbSitItllll..NOIlne
3454 1308 3687 1359 cadaver
3713 1313 3796 1360 est

2196 1397 2309 1467 (51)
2343 1396 2557 1450 vivum?
2589 1395 2727 1450 Ecce
2748 1395 3452 1466 tabitlnspulmopinguibus
3472 1396 3590 1470 (5‘3)
3611 1407 3793 1463 Sputa~

2197 1490 2395 1544 mentis
2423 1503 2619 1545 exesus
2645 1488 2949 1543 detestabili
2981 1489 3151 1544 macie
3189 1489 3367 1543 omnia
3389 1492 3682 1559 gestatoris
3701 1489 3785 1545 sui

2195 1594 2315 1635 ossa
2356 1580 2610 1635 denudat.
2663 1579 2849 1635 Nonne
2895 1580 3134 1636 horrebit
3179 1581 3340 1636 etiam
3382 1581 3487 1635 sibi
3533 1583 3796 1652 qundam-

2196 1671 2361 1726 modo
2389 1670 2479 1726 illa
2515 1671 2633 1744 ('55)
2660 1685 2949 1727 excarnata
2977 1674 3163 1729 umbra
3191 1674 3516 1730 ll‘llClilbilIS?
3549 1673 3791 1744 Longum

483 1785 639 1835 esse,
670 1784 832 1840 quam
878 1776 1129 1822 mortem.
1168 1764 1463 1821 Luculenta
1509 1765 1756 1819 oratione
1785 1777 1881 1830 per
1923 1761 2089 1817 Joan-
2123 1770 2170 1829 Β
2197 1774 2280 1817 est
2307 1764 2385 1818 ire
2411 1778 2507 1833 per
2531 1763 2760 1835 singula.
2796 1762 2936 1819 Ecce
2982 1767 3380 1835 peremptor-ius
3409 1768 3603 1838 aliquis
3644 1782 3793 1822 mor-

484 1876 613 1917 nem
646 1864 907 1916 hactenus
931 1860 1287 1915 concinnatur
1312 1877 1326 1912 :
1352 1856 1535 1911 Nolite
1564 1855 1782 1928 diligere
1808 1853 2086 1920 mundum,

482 1969 644 2020 neque
671 1970 731 2007 ea
769 1968 884 2024 quae
916 1953 971 2006 in
1002 1951 1192 2005 mundo
1227 1958 1366 2004 sunt.
1427 1948 1487 2004 Si
1517 1930 1641 2015 .quis
1671 1946 1907 2001 dilexerit
1936 1961 2091 1998 mun-

484 2043 610 2098 dum
632 2086 644 2103 .
674 2060 774 2098 non
802 2052 873 2097 est
913 2043 1141 2095 charilas
1167 2042 1328 2112 putris
1372 2040 1429 2092 in
1477 2038 1568 2092 illa
1608 2053 1625 2092 :
1654 2037 1900 2107 quoniam
1943 2051 2093 2090 omne

490 2137 628 2208 quod
652 2137 707 2189 in
735 2135 930 2189 mundo
960 2143 1030 2188 est
1053 2175 1068 2201 ,
1103 2130 1518 2202 concupiscentia
1547 2131 1720 2183 carnis
1759 2138 1866 2189 est,
1900 2144 2090 2181 concu~

482 2230 732 2304 piscemia
760 2229 1028 2283 oculorum
1055 2237 1101 2281 et
1133 2225 1342 2279 ambitio
1362 2222 1539 2279 seaculi
1568 2237 1684 2293 qua:
1706 2237 1809 2275 non
1835 2230 1908 2275 est
1937 2238 1969 2274 a
1994 2236 2089 2289 pa-

485 2337 561 2380 tre
576 2365 592 2393 ,
637 2324 729 2380 sed
770 2339 833 2378 ea:
852 2322 1266 2391 concupiscentia
1285 2318 1463 2379 swculi
1485 2332 1504 2371 :
1524 2325 1571 2370 et
1589 2315 1811 2369 mundus
1833 2314 2089 2379 transibit,

483 2429 533 2472 et
578 2411 994 2485 concupiscentia
1044 2416 1176 2485 ejus.
1228 2412 1331 2478 Qui
1358 2421 1529 2479 autem
1562 2410 1740 2474 fecerit
1779 2410 2091 2463 uoluntatem

484 2510 611 2573 Dei,
650 2519 820 2565 manet
863 2510 917 2563 in
956 2518 1231 2572 teternum,
1281 2503 1536 2575 quomodo
1563 2512 1612 2557 et
1640 2502 1779 2557 Deus
1820 2511 1990 2557 manet
2034 2502 2088 2555 in

482 2615 728 2661 aeternum
754 2605 797 2673 (I
818 2604 975 2658 Joan.
995 2619 1033 2658 ιι
1053 2645 1067 2669 ,
1098 2618 1150 2656 υ.
1186 2601 1256 2657 i5
1284 2610 1331 2655 et
1351 2599 1508 2670 seq.).

556 2697 672 2753 VII.
716 2696 827 2753 Sed
868 2696 998 2752 dicit
1036 2694 1263 2764 aliquis,
1296 2695 1341 2749 si
1375 2693 1450 2748 ita
1478 2702 1598 2756 est,
1643 2709 1742 2748 cur
1784 2692 1836 2747 in
1883 2707 1943 2747 se
1975 2692 2091 2761 ipse

480 2791 831 2861 potissimum
860 2788 1193 2858 superatur?
1215 2788 1395 2842 Primo
1417 2786 1541 2857 quia
1577 2801 1748 2856 genus
1792 2785 2088 2840 humanum

486 2882 661 2951 magis
706 2880 968 2950 voluptati
1028 2894 1190 2948 quam
1243 2877 1427 2932 virtuti
1472 2877 1749 2931 consentit
1790 2894 1803 2930 :
1853 2874 2090 2946 denique

483 2974 611 3044 quia
643 2972 868 3028 delicias
897 2971 1015 3041 plus
1051 2971 1226 3041 diligit
1263 2986 1423 3040 quam
1450 2969 1713 3024 laborem.
1778 2968 1894 3023 Huc
1935 2983 2092 3023 acce-

485 3067 602 3130 dit,
633 3067 755 3136 quia
786 3066 929 3122 bona
957 3065 1139 3118 carnis
1162 3064 1400 3127 invenit,
1434 3077 1541 3117 non
1574 3061 1834 3131 requirit:
1865 3060 2090 3115 mavult-

2197 1854 2296 1909 bus
2322 1864 2487 1909 totam
2512 1855 2814 1911 machinam
2840 1856 2982 1911 lecto
2996 1859 3306 1928 prosternit.
3335 1857 3475 1912 Ecce
3502 1868 3795 1928 tempestas
3815 1924 3827 1932 '

2197 1945 2431 2017 undique
2453 1947 2643 2001 mortis
2671 1946 2952 2003 ὶιιειιιιὼιι.
2981 1950 3169 2003 Nonne
3191 1949 3373 2004 statim
3403 1950 3510 2014 illa,
3534 1967 3653 2019 qua:
3677 1960 3796 2006 erat

2195 2039 2411 2094 domina
2438 2040 2789 2110 voluptatum,
2823 2042 2880 2094 Iit
2903 2042 3083 2112 praeda
3116 2044 3468 2099 morborum?
3498 2045 3782 2101 Postremo

2189 2130 2438 2202 jacentes
2469 2134 2724 2205 reliquias
2765 2148 2911 2190 mors
2940 2136 3177 2191 vindicat
3203 2137 3326 2202 sibi,
3359 2136 3581 2207 insuper
3609 2138 3658 2193 ci
3680 2153 3796 2210 poe-

2196 2238 2292 2277 nas
2309 2225 2572 2295 gehennae
2601 2223 2717 2299 (34)
2749 2228 3005 2297 paritura.
3028 2229 3179 2284 'l‘unc
3203 2231 3438 2286 carnalis
3455 2229 3574 2303 (55)
3599 2234 3794 2287 mimus

2195 2315 2538 2385 ille'ﬁnitur,
2586 2320 2927 2391 exanguique
2974 2320 3106 2376 nihil
3143 2323 3252 2392 jam
3299 2323 3643 2395 sulfragantia
3678 2334 3793 2381 tota

2195 2407 2287 2462 illa
2312 2417 2627 2465 ornamenta
2671 2410 2978 2478 medentur,
3012 2414 3116 2469 nisi
3138 2414 3281 2485 quod
3307 2432 3334 2468 a
3365 2414 3503 2472 false
3535 2416 3795 2489 plangen-

2201 2501 2347 2558 tibus
2377 2504 2554 2560 adhuc
2586 2506 2789 2561 viventi
2816 2507 3114 2577 rapiuntur.

2264 2594 2355 2651 IX.
2388 2595 2561 2662 Unde,
2594 2596 2808 2663 fratres,
2847 2601 2986 2655 sicut
3010 2602 3119 2656 veri
3152 2601 3465 2670 Christiani,
3498 2604 3643 2674 quasi
3672 2604 3796 2659 ltos-

2192 2690 2323 2761 pites
2344 2701 2393 2743 et
2417 2692 2674 2763 peregrini
2702 2694 2952 2748 abstinete
2991 2711 3080 2748 vos
3105 2712 3136 2747 a
3166 2696 3464 2752 carnalibus
3484 2697 3752 2752 desideriis
3773 2741 3790 2766 ,

2192 2798 2309 2850 ante
2345 2783 2567 2839 militant
2591 2784 2838 2840 adversus
2862 2786 3090 2840 animam
3134 2785 3154 2859 (
3180 2787 3202 2842 l
3234 2786 3379 2842 Petri
3403 2804 3461 2855 ιι,
3492 2768 3554 2844 ll
3595 2791 3612 2859 )
3646 2806 3659 2842 :
3690 2805 3795 2846 nec

2190 2873 2304 2946 98
2316 2884 2550 2932 vestrum
2569 2875 2776 2947 frangat
2795 2876 3068 2947 allectum,
3083 2879 3229 2950 quod
3242 2881 3360 2950 ejus
3379 2892 3646 2938 secretum
3671 2884 3798 2954 ligu-

2192 2986 2414 3042 ramqne
2463 2973 2722 3038 nescitis;
2770 2988 2930 3043 quam
2977 2975 3020 3028 si
3069 2983 3352 3044 pr0pterea
3408 2979 3792 3048 contemnitis,

2192 3063 2315 3132 quia
2355 3078 2461 3119 non
2490 3063 2704 3131 videtis,
2748 3065 2916 3121 Deum
2958 3083 3196 3140 quoque,
3244 3070 3333 3138 qui
3372 3080 3451 3125 est
3480 3071 3788 3137 invisibilis,

485 3176 594 3232 que
634 3158 832 3229 potiori
862 3157 945 3212 vel
979 3156 1161 3227 parvis
1191 3154 1552 3231 praesentibus
1577 3152 1767 3219 bonis,
1800 3168 1959 3224 quam
1984 3152 2083 3208 bo-
2114 3146 2159 3208 C
2192 3164 2540 3211 comemnere
2575 3156 2825 3212 similiter
2850 3160 3131 3228 poteritis;
3178 3162 3266 3232 qui
3297 3162 3442 3216 enim
3486 3178 3590 3217 non
3617 3163 3796 3234 diligit

486 3253 572 3309 nis
604 3252 916 3323 ingentibus
942 3248 1136 3304 tardis.
1167 3247 1238 3302 At
1260 3263 1389 3302 vero
1417 3247 1642 3317 spiritus
1673 3247 1810 3300 bona
1835 3260 1941 3299 non
1971 3254 2085 3298 tan-

486 3355 601 3402 tum
632 3352 759 3399 sunt
781 3341 1069 3398 invisibilia
1096 3382 1111 3407 ,
1144 3340 1295 3395 tarda
1338 3348 1395 3393 et
1429 3337 1766 3401 abscondita,
1797 3336 1892 3392 sed
1922 3336 2085 3390 etiam

487 3440 651 3496 nimis
674 3439 727 3492 in
756 3436 929 3492 arduo
958 3436 1288 3502 constituta,
1330 3443 1388 3488 ut
1417 3433 1483 3486 ad
1515 3448 1578 3488 ea
1601 3474 1617 3496 ,
1648 3432 1753 3486 nisi
1781 3446 1904 3486 cum
1936 3445 2088 3484 sum-

489 3547 577 3589 ma
609 3529 969 3593 difficultate,
1004 3525 1282 3581 laboribus
1333 3540 1397 3579 ac
1429 3524 1683 3594 periculis
1724 3520 1935 3588 magnis
1981 3539 2088 3576 non

487 3623 661 3694 possit
689 3620 758 3675 ab
799 3619 983 3688 aliquo
1030 3615 1323 3687 perveniri.
1371 3614 1525 3670 Adde
1555 3613 1699 3685 quod
1738 3614 1846 3685 97
1889 3614 1980 3669 illa
2035 3615 2086 3667 in

487 3715 607 3771 solo
628 3711 848 3785 genitali
878 3722 1164 3768 versatur:
1201 3709 1295 3764 ille
1343 3709 1660 3780 peregrinus
1702 3717 1806 3763 est.
1839 3708 1932 3762 Illa
1974 3710 2091 3764 sine

486 3806 949 3876 contemplatione
998 3803 1318 3858 ineritornm
1369 3802 1702 3871 quibuslibet
1749 3803 1949 3871 passim
1992 3820 2087 3858 sua

489 3915 716 3956 munera
749 3899 957 3953 infulcit
980 3938 996 3963 ,
1028 3897 1270 3951 maxime
1297 3895 1530 3966 indignis
1557 3937 1572 3961 ,
1607 3904 1663 3950 ut
1687 3896 1753 3950 ad
1784 3911 1843 3952 se
1873 3897 2091 3968 colligat

489 3995 677 4049 turbas
707 4010 720 4047 :
765 3991 858 4047 ille
891 4005 1181 4060 numquam
1216 3999 1528 4045 remunerat
1569 4004 1935 4060 quemquam,
1983 3990 2088 4045 nisi

485 4086 667 4158 primo
687 4086 808 4155 quis
840 4084 1012 4139 victor
1040 4083 1232 4137 mortis
1255 4082 1377 4152 jura
1410 4090 1718 4150 praetereat.
1743 4081 1876 4150 Qua:
1904 4097 1991 4136 res
2013 4080 2092 4137 ef-

490 4178 640 4242 ficit,
672 4187 729 4230 ut
774 4175 890 4230 sive
918 4184 1063 4228 metu
1084 4215 1099 4239 ,
1128 4175 1245 4229 sive
1277 4173 1661 4228 incredulitate
1708 4186 2093 4243 praeponamur

490 4269 777 4341 praesentia
811 4267 1037 4335 futuris,
1066 4266 1204 4320 mala
1234 4266 1395 4320 bouis
1415 4306 1430 4331 ,
1461 4264 1668 4334 fragilia
1701 4264 1890 4320 solidis
1909 4306 1924 4331 ,
1960 4265 2091 4321 falsa

486 4363 663 4429 veris,
740 4369 957 4418 terrena
1024 4359 1369 4429 coelestibus,
1430 4357 1745 4429 temporalia
1807 4359 2093 4430 sempiter-

490 4473 596 4515 ιιιε.

2190 3248 2308 3317 ejus
2333 3247 2447 3322 (56)
2468 3249 2895 3316 similitudinem,
2932 3252 3178 3323 sequitur
3203 3262 3261 3308 ut
3285 3253 3460 3310 oderit
3479 3256 3791 3313 veritatem.

2190 3339 2322 3396 Inde
2348 3351 2451 3410 est,
2479 3342 2621 3412 quod
2648 3343 2796 3397 stulti
2844 3356 3164 3414 praeponunt
3191 3362 3389 3417 corpus
3415 3348 3633 3416 animm,
3674 3348 3796 3403 ido-

2193 3433 2301 3487 lum
2348 3434 2476 3489 Deo.
2523 3435 2630 3489 Sed
2665 3450 2784 3500 nos,
2815 3436 2905 3506 qui
2936 3436 3103 3491 Adam
3144 3439 3478 3508 alijecimns,
3518 3438 3794 3494 Christum

2193 3525 2467 3581 induimus
2495 3527 2715 3598 (Epltes.
2744 3544 2818 3593 tv,
2852 3529 2923 3584 ‘22
2953 3532 3006 3599 );
3038 3532 3153 3601 qui,
3187 3548 3306 3603 qum
3338 3533 3441 3599 vis,
3469 3533 3563 3603 qui
3592 3533 3794 3601 exitus,

2195 3632 2315 3687 qua:
2338 3634 2547 3674 merces
2573 3621 2753 3676 carnis
2779 3622 2870 3687 sit,
2895 3639 3083 3693 quaeve
3111 3625 3338 3692 animae,
3367 3624 3482 3681 Deo
3509 3628 3791 3699 magistro,

2196 3708 2484 3768 didicimus
2514 3712 2534 3787 (
2559 3711 2677 3767 Gal.
2710 3729 2768 3769 nt
2787 3758 2802 3783 ,
2844 3715 2914 3770 27
2941 3717 2992 3788 );
3026 3717 3114 3787 qui
3143 3734 3249 3773 non
3276 3719 3588 3790 ignoramus
3618 3720 3795 3777 victo-

2196 3802 2274 3857 ria
2297 3805 2473 3861 carnis
2496 3806 2683 3860 ambas
2711 3809 3000 3879 exstingui,
3045 3810 3239 3864 anima:
3260 3810 3483 3866 victoria
3511 3822 3797 3884 utramque

2195 3900 2427 3964 servari;
2478 3900 2699 3955 meliora
2747 3917 3071 3973 sequantur,
3123 3905 3314 3959 saltem
3347 3904 3433 3960 vel
3483 3920 3550 3961 eo
3589 3906 3791 3976 studio,

2194 4006 2302 4060 quo
2342 3992 2619 4063 scqninmr
2651 3995 2809 4049 mala.
2858 3993 3012 4048 Nulla
3054 3994 3147 4050 ulli
3192 3997 3455 4065 competit
3492 4000 3792 4067 excusatio,

2197 4084 2429 4140 maxime
2458 4100 2579 4139 cum
2600 4100 2688 4140 res
2717 4095 2915 4142 nostra:
2945 4089 3233 4145 commissa
3256 4090 3330 4144 sit
3349 4090 3634 4156 voluntati,
3663 4091 3794 4149 Pro-

2198 4174 2360 4245 pheta
2416 4176 2628 4233 dicente
2660 4193 2679 4234 :
2710 4180 2842 4233 Ante
2891 4181 3149 4235 hominem
3204 4183 3395 4236 bonum
3451 4196 3498 4239 et
3549 4202 3793 4256 nequam,

2197 4283 2334 4322 mors
2362 4278 2411 4323 et
2449 4271 2572 4336 vita,
2604 4271 2742 4341 quod
2766 4272 2995 4344 elegerit,
3028 4273 3124 4327 hoc
3153 4272 3366 4328 dabitur
3401 4277 3448 4330 ei
3484 4274 3505 4348 (
3529 4275 3673 4332 Eccl.
3699 4293 3793 4344 ιν,

2200 4357 2266 4414 l8
2292 4370 2334 4432 ).
2364 4359 2519 4417 Unde
2539 4358 2760 4419 dubium
2795 4380 2899 4419 non
2927 4375 3030 4429 εει,
3057 4367 3385 4421 voluntatem
3411 4374 3672 4435 nostram,
3700 4373 3791 4426 cui

2198 4467 2259 4508 se
2276 4453 2517 4524 junxerit
2549 4455 2706 4526 parti,
2734 4455 2978 4526 praebere
3003 4458 3122 4530 (57)
3146 4458 3457 4525 victoriam;
3482 4459 3703 4532 ejusque
3734 4463 3790 4519 in

486 4595 734 4672 feminini
765 4594 927 4651 etiam
957 4592 1174 4664 generis
1205 4591 1474 4648 invenitur
1516 4591 1655 4662 apud
1685 4591 2005 4648 Ciceronem
2034 4600 2087 4647 et
2113 4596 2240 4672 Ι)-
2262 4591 2562 4672 (53)__Sicut
2581 4590 3255 4672 concarnatus'aconcarno
3286 4601 3479 4672 legitur
3509 4605 3561 4658 in
3590 4604 3788 4660 eodem

486 4667 679 4811 ζιιΙῗτὲἑ)
711 4736 809 4794 Ms.
840 4736 998 4791 Rem.
1031 4751 1186 4803 quam
1208 4736 1527 4804 iuuentutem
1553 4751 1572 4788 :
1612 4733 1708 4788 Ms.
1734 4733 1925 4803 Pomp.
1951 4743 2085 4787 tam-

487 4827 641 4880 quam
656 4814 948 4883 juventute.

563 4899 679 4966 (29)
708 4900 810 4954 Ms.
845 4897 1036 4954 Urbin.
1066 4896 1331 4966 subiicere.
1348 4894 1523 4966 Paulo
1543 4902 1661 4966 post
1689 4909 1786 4966 pro
1813 4894 2081 4963 pecuinam

488 4971 620 5026 edit.
655 4969 789 5023 Ven.
829 4968 1071 5037 pecudem
1098 4965 1307 5022 scribit.
1338 4965 1443 5021 Sed
1479 4965 1758 5019 retinenda
1797 4980 1917 5019 cum
1936 4980 2073 5037 mss.

487 5042 639 5109 prior
666 5035 1125 5109 lcetio';_refertur
1153 5051 1313 5109 enim
1332 5037 1398 5090 ad
1429 5046 1697 5109 mentem,
1735 5052 1892 5109 quam
1932 5035 2078 5090 Zeno
2113 5072 2123 5097 .

487 5107 799 5179 alloquitur.
846 5107 1089 5179 ,Pecuina
1141 5107 1411 5177 reperitur
1436 5109 1495 5162 in
1528 5108 1813 5177 Appuleio,
1867 5108 1963 5162 lib.
1995 5123 2088 5162 vin

489 5178 704 5237 Metam.
728 5222 742 5245 ,
774 5178 875 5235 sub
905 5183 1087 5234 linem.

558 5274 670 5345 (30)
698 5272 774 5327 Ita
805 5288 836 5328 e
866 5287 996 5345 mss.
1021 5271 1375 5345 correximus,
1399 5286 1519 5327 cum
1544 5272 1598 5327 in
1630 5272 1789 5345 editis
1818 5281 1936 5343 post
1959 5272 2082 5342 pul-

482 5343 826 5400 chritudinem
854 5343 1084 5399 addatur
1110 5346 1222 5416 ejus
1243 5344 1269 5398 ?
1291 5353 1338 5397 et
1365 5343 1759 5398 commutabilis.

557 5435 675 5508 (3t)
705 5433 763 5489 In
793 5434 950 5508 editis
983 5450 1262 5508 perperam
1284 5451 1481 5500 unum;
1507 5443 1564 5491 et
1588 5443 1889 5504 postpauca
1904 5436 2078 5508 omnia

483 5505 661 5572 macie,
686 5505 831 5575 quod
862 5507 915 5562 in
946 5505 1105 5562 editis
1146 5510 1557 5576 tranSpositum,
1589 5520 1621 5560 e
1659 5521 1790 5563 mss.
1835 5506 2074 5560 restitui-

478 5594 661 5774 milia)
687 5647 1085 5720 Sputamentum
1109 5647 1241 5705 dicit
1267 5647 1635 5706 Tertullianus
1648 5645 1717 5703 de
1732 5645 2070 5720 Spectaculis

478 5733 511 5773 3.
546 5737 576 5774 ll
628 5758 641 5774 α

462 5733 511 5773 c.
546 5733 641 5775 ιιΙῑ.

1092 5844 1111 5869 δ

2196 4661 2530 4739 Tertulliano
2554 4666 2627 4739 tle
2664 4681 2828 4721 carne
2857 4666 3055 4739 Christi
3083 4686 3203 4731 cap.
3236 4661 3417 4739 20,Vet
3444 4674 3668 4730 derarno
3700 4692 3791 4731 re-

2198 4736 2400 4806 peritur
2428 4736 2567 4803 apud
2583 4736 2853 4806 Apicium,
2875 4738 2929 4806 7,
2951 4738 3002 4803 9,
3030 4752 3083 4794 et
3106 4736 3387 4806 Vegetium
3410 4745 3478 4800 de
3507 4744 3586 4801 Re
3610 4760 3787 4803 veter.

2189 4805 2244 4869 2,
2264 4804 2370 4930 ιῖῖὶ
2401 4805 2474 4860 ita
2508 4804 2787 4863 excarnata
2813 4809 2882 4864 ab
2915 4804 3140 4866 excarno
3165 4804 3313 4887 Zeno
3342 4816 3509 4873 latine
3546 4818 3789 4876 scribere

2192 4891 2259 4930 oo
2287 4893 2341 4930 nt
2371 4915 2385 4930 .

2190 4891 2385 4945 ponnt.

2262 4948 2354 5016 (34
2408 4945 2505 5001 Ms.
2534 4947 2722 5005 Urbin.
2757 4962 3024 5019 paratura.

2262 4955 2377 5087 (5‘s;
2408 5019 2539 5073 Cum
2573 5021 2624 5074 in
2655 5021 2823 5077 mimis
2852 5024 3024 5076 omnia

2260 5018 2375 5099 (δῇ)
2408 5019 2539 5073 Cum
2573 5021 2624 5074 in
2655 5018 2823 5099 mimis
2852 5024 3029 5099 omnia
3066 5025 3182 5099 ficta
3215 5039 3397 5083 essent
3423 5040 3477 5084 et
3506 5031 3783 5099 simulata,

2194 5088 2337 5170 ιιιὶηεὶ
2367 5102 2471 5170 vox
2491 5093 2758 5170 translata
2805 5093 2998 5163 legitur
3024 5095 3090 5150 ad
3119 5098 3249 5164 alia,
3280 5114 3402 5169 qua:
3434 5102 3553 5168 plus
3581 5088 3784 5169 speciei

2192 5168 2247 5235 et
2269 5160 2630 5235 simulationis
2658 5160 2887 5228 habent,
2928 5179 3087 5235 quam
3114 5160 3380 5226 veritaiis.
3410 5160 3700 5229 Suetonius
3727 5175 3783 5231 in

2190 5227 2358 5310 Calig.
2401 5247 2451 5310 ς.
2479 5233 2586 5310 65,.
2602 5235 2816 5289 mimum
2851 5227 3007 5310 vocat
3040 5239 3220 5292 fictum
3257 5240 3556 5310 falsumque
3585 5227 3781 5302 muni;

2191 5299 2378 5385 phum:
2413 5302 2530 5371 Ipse
2548 5303 2829 5385 Augustus
2855 5307 2965 5385 jam
2988 5306 3098 5377 jam
3133 5313 3428 5385 moriturus
3458 5299 3596 5385 apud
3623 5299 3783 5371 eom-

2186 5371 2310 5455 dem
2337 5371 2673 5455 Suetonium,
2708 5390 2827 5455 cap.
2851 5376 2939 5442 99,
2989 5371 3225 5455 necnon
3265 5383 3470 5439 Seneca
3493 5371 3651 5455 Epist.
3684 5388 3780 5455 8|,

2183 5447 2395 5497 mimum
2417 5447 2757 5514 appellarunt
2787 5449 3034 5503 humana:
3065 5453 3189 5505 vitae
3210 5447 3558 5512 curriculum.
3765 5447 3778 5455 ’
3840 5466 3847 5471 ’

2253 5515 2368 5597 (5_6)
2397 5516 2802 5597 similitudinem
2833 5518 2926 5573 Dei
2967 5522 3546 5597 animam‘vocat,qnm
3569 5528 3620 5583 in
3640 5530 3778 5586 scri-

2178 5590 2353 5655 pturis
2379 5588 2444 5658 ad
2468 5589 2557 5642 Dei
2582 5588 2870 5658 imaginem
2900 5601 3078 5646 creata
3105 5594 3354 5651 traditur.

2244 5659 2375 5740 (372‘
2390 5657 2445 5711 ln
2474 5659 2636 5740 editis
2641 5657 2901 5730 justitiam
2917 5677 2934 5723 ;
2961 5677 3182 5740 ex_mss.
3206 5667 3469 5724 uictoriam
3485 5672 3773 5740 supposui-

2170 5739 2309 5783 mus.
2334 5730 2486 5796 Quod
2516 5744 2677 5799 porro
2708 5743 2895 5788 anetor
2922 5739 2997 5789 ait
3024 5734 3078 5789 in
3101 5740 3478 5795 resurrectione
3504 5730 3754 5797 Iit-endam
