4216 6178
493 273 597 331 517

1852 266 2098 326 SANCTI
2135 268 2427 327 ZENONIS

3694 267 3798 321 5.8

491 402 550 447 ut
589 398 878 464 utrumque
924 388 1086 446 inane
1123 390 1212 458 sit,
1246 390 1292 447 si
1337 388 1600 447 inﬁrmari
1643 398 1821 462 potest
1863 390 2094 448 alterum
2123 387 2499 459 Ajustitiam?
2529 385 2661 442 Cum
2689 384 2849 457 igitur
2897 386 3016 457 (l2)
3070 382 3341 441 Abraham
3387 384 3621 455 integer,
3659 382 3805 439 sicut

489 483 559 540 de
586 483 819 540 duobus.

568 576 722 649 ιοι
754 575 842 633 ll].
872 574 1033 644 Quid.
1055 572 1199 645 quod
1234 572 1371 629 Abel
1389 572 1571 643 justus
1596 571 1709 645 (10)
1737 582 1820 628 est
1847 575 1969 630 sine
1993 568 2098 629 hec

491 669 716 723 vulnere
742 667 994 724 inventus
1017 665 1170 740 (Gen.
1203 663 1320 737 tv)?
1342 665 1505 733 Quid,
1528 665 1670 736 quod
1691 664 1908 720 Henoch
1926 680 1953 718 a
1976 664 2089 720 Deo

494 761 703 831 integer
723 761 921 830 legitur
946 775 1068 816 esse
1102 758 1391 816 translatus
1430 752 1596 825 (Ibid.
1630 755 1730 828 v)?
1760 756 1924 826 Quid,
1950 756 2095 828 quod

493 853 606 909 Noe
637 854 1070 919 incircumcisus,
1105 854 1366 909 srcviente
1409 850 1612 907 diluvio
1645 892 1660 917 ,
1689 851 1868 906 divina
1915 850 2096 920 provi-

497 944 678 1001 dentia
704 946 943 1002 humano
972 946 1154 1016 generi
1188 944 1362 1001 haeres
1389 953 1443 999 et
1474 952 1626 1013 pater
1660 953 1744 999 est
1768 942 2096 998 constitutus

499 1037 662 1110 (Ibid.
697 1054 773 1104 vn,
800 1055 893 1104 vn,
912 1036 1055 1110 vni)?
1082 1037 1239 1106 Quid,
1266 1036 1409 1107 quod
1429 1034 1821 1092 Melchisedech
1853 1049 2097 1090 summus

500 1133 588 1188 ille
613 1132 874 1189 sacerdos
903 1132 1018 1189 Deo
1042 1131 1450 1202 acceptissimus
1484 1130 1642 1200 hujus
1690 1129 1788 1183 fuit
1826 1127 2098 1185 cicatricis

498 1225 717 1297 ignarus
750 1225 913 1300 (Ibid.
945 1242 1031 1282 xiv
1050 1223 1106 1299 )?
1136 1224 1298 1294 Quid,
1327 1224 1469 1295 quod
1498 1239 1620 1279 eum
1654 1224 1916 1295 prteputio
1940 1223 2095 1280 Nini.

497 1320 728 1376 vitarum
800 1319 1031 1390 populus
1098 1318 1191 1373 Dei
1276 1316 1605 1389 indulgentia
1674 1324 1758 1372 est
1835 1316 2093 1373 liberatus

501 1412 648 1482 (Jan.
680 1412 759 1483 tu)
781 1412 804 1465 ’ἕ
824 1411 969 1480 Quos
1014 1409 1196 1481 utique
1226 1425 1416 1465 omnes
1465 1407 1777 1464 circumcidi
1807 1409 2100 1478 praecepis-

499 1498 602 1571 set,
635 1504 680 1559 si
705 1503 882 1560 carnis
908 1501 1376 1560 circumcisionem
1409 1501 1722 1557 eornmdem
1747 1501 1931 1566 saluti,
1961 1516 2100 1571 quos

496 1596 738 1667 amabat,
769 1599 1131 1654 necessariam
1164 1597 1502 1668 prtevideret.
1534 1595 1697 1653 Certe
1722 1595 1891 1652 Adam
1920 1596 2098 1667 ipsum

502 1693 581 1749 sic
612 1702 740 1749 ante
765 1692 1003 1750 fecisset.

2201 480 2424 537 Henoch
2456 489 2510 535 et
2533 480 2712 535 caeteri
2734 520 2749 545 ,
2776 479 2848 534 sit
2864 478 3189 549 justilieatus
3211 521 3224 544 ,
3255 485 3312 533 et
3348 486 3536 549 postea
3564 476 3806 533 circum-

2199 575 2376 638 cisus;
2418 572 2762 628 manifestum
2788 579 2877 629 est
2919 572 3389 628 circnmcisionem
3420 587 3525 626 non
3563 570 3800 626 Abrahae

2196 667 2364 723 fuisse
2392 666 2755 721 necessariam
2786 707 2801 730 ,
2832 664 2926 721 sed
2953 667 3004 721 in
3030 663 3151 738 (15)
3181 664 3610 735 designationem
3641 664 3802 736 102

2192 760 2393 831 judaici
2422 760 2627 830 populi,
2660 761 2749 831 qui
2774 759 3008 815 carnalis
3037 757 3249 814 futurus
3296 758 3507 825 fuerat,
3540 746 3804 829 ιιι-θοιιῆ-

2204 867 2339 914 tam.
2373 857 2620 927 Denique
2651 857 2782 914 nihil
2808 858 2881 914 illi
2911 858 3167 915 contulit:
3208 859 3330 929 quia
3354 858 3469 915 Deo
3503 868 3629 914 ante
3649 900 3666 927 ,
3695 874 3805 914 non

2204 961 2389 1022 postea
2420 967 2579 1022 quam
2608 952 2959 1008 circumcisus
2987 959 3105 1018 est,
3137 953 3370 1023 placuit:
3416 954 3807 1025 praemiumque
3890 996 3893 999 -

2205 1060 2312 1099 non
2330 1042 2783 1109 circumcisionis,
2808 1044 2905 1101 sed
2935 1043 3050 1115 (14)
3076 1045 3127 1099 in
3143 1045 3447 1102 acrobnstia
3474 1045 3683 1100 merita:
3707 1060 3798 1100 re-

2200 1137 2578 1211 promissionis
2598 1137 2827 1207 accepit.
2851 1137 3007 1195 Unde
3032 1138 3378 1194 manifestum
3400 1148 3484 1195 est
3522 1138 3799 1195 Abraham

2198 1231 2399 1302 gemini
2424 1230 2601 1301 populi
2635 1239 2821 1303 typum
2852 1231 2905 1286 in
2955 1233 3252 1302 semetipso
3286 1240 3529 1303 portasse
3563 1273 3577 1297 ,
3620 1242 3680 1288 ut
3698 1234 3808 1288 cir-

2198 1323 2546 1378 eumcisionis
2588 1333 2711 1378 nota
2759 1323 3091 1394 exprimeret
3118 1323 3386 1391 Judaeum,
3418 1323 3537 1397 (i5)
3563 1325 3799 1382 creduli-

2203 1413 2329 1470 tatis
2354 1414 2560 1483 jnstitia
2605 1412 2991 1470 Christianum.

2274 1507 2339 1564 V.
2371 1506 2544 1573 Adde,
2577 1507 2721 1578 quod
2761 1508 3103 1564 circumcisio
3142 1508 3243 1563 ista
3275 1518 3512 1565 nontam
3566 1510 3801 1567 salutem

2202 1600 2318 1671 (16)
2345 1616 2450 1655 non
2485 1599 2785 1671 pollicetur,
2805 1615 2966 1670 quam
2993 1599 3110 1673 (17)
3140 1601 3317 1657 locum
3334 1612 3603 1674 caputque
3617 1604 3803 1659 erimi-

2203 1693 2287 1747 nis
2312 1702 2597 1748 monstrat.
2618 1692 2789 1749 Adam
2804 1693 3004 1749 etenim
3036 1709 3160 1749 eum
3184 1693 3299 1765 (18)
3321 1694 3566 1751 illicitum
3585 1710 3803 1767 pomum

571 1786 663 1843 lV.
696 1789 768 1844 At
794 1785 1024 1842 fortasse
1053 1784 1322 1858 quispiam
1348 1785 1524 1840 dicat:
1568 1790 1822 1853 peccator
1849 1795 1979 1853 ergo
2003 1781 2103 1836 fuit
2130 1786 2186 1848 Β
2205 1783 2309 1839 hoc
2340 1784 2586 1840 membro
2615 1784 2919 1856 decerpsit,
2948 1785 3026 1842 sic
3070 1786 3120 1840 in
3147 1801 3320 1857 genus
3372 1787 3665 1844 humanum
3706 1789 3797 1860 jus

501 1879 772 1935 Abraham
796 1922 810 1945 ,
835 1888 895 1935 ut
922 1879 1403 1936 circumcideretur
1426 1894 1441 1943 ;
1467 1892 1535 1932 an
1562 1877 1758 1948 justus,
1785 1886 1837 1932 et
1863 1877 2096 1933 circum-

498 1968 608 2027 cidi
636 1986 740 2027 non
773 1971 1004 2028 debuit?
1028 1972 1323 2038 Abraham,
1354 1970 1573 2035 fratres,
1605 1979 1661 2025 et
1682 1970 1762 2024 vir
1782 1969 1959 2040 justus
1981 1969 2101 2037 fuit,

503 2075 558 2121 et
594 2074 772 2120 tamen
819 2063 933 2137 (11)
989 2064 1296 2120 necessario
1326 2062 1701 2118 circumcisus.
1774 2060 1914 2129 Quid
1955 2062 2099 2131 enim

508 2158 787 2228 Scriptura
813 2156 1254 2213 dicitiAbraltam
1284 2156 1501 2212 credidit
1538 2154 1649 2209 Deo
1672 2196 1686 2220 ,
1718 2163 1767 2208 et
1795 2154 2102 2222 deputatum

502 2260 574 2305 est
595 2249 676 2306 illi
707 2249 776 2304 ad
787 2249 1051 2323 justitiam
1076 2248 1250 2321 (Rom.
1276 2264 1330 2304 iv
1351 2289 1367 2315 ,
1399 2248 1476 2319 5).
1506 2245 1904 2316 Numquidnam
1929 2245 2098 2313 dixit,

504 2343 775 2399 Abraham
806 2343 1156 2399 circumcisus
1184 2352 1300 2411 est,
1343 2351 1397 2397 et
1427 2341 1741 2412 deputatum
1773 2348 1856 2396 est
1904 2340 1983 2395 illi
2032 2339 2099 2396 ad

577 2504 695 2575 (10)
717 2503 811 2559 Est
858 2505 926 2560 ah
951 2503 1273 2560 editionibus
1301 2504 1523 2561 aberat:
1567 2503 1878 2574 suppletum
1908 2516 1940 2559 e
1962 2516 2097 2558 mss.

508 2577 663 2633 Rem.
678 2575 824 2647 Zen.
844 2576 1101 2647 etPomp.

611 2645 696 2713 11)
727 2645 1107 2703 Necessarioin
1137 2662 1238 2702 ms.
1266 2646 1388 2702 Vat.
1417 2645 1778 2701 desideratur.

508 2791 551 2846 Ρ
579 2715 696 2792 (12)
737 2717 996 2773 Abraham
1045 2735 1151 2774 non
1204 2718 1398 2789 legitur
1423 2717 1480 2773 in
1530 2732 1661 2773 mss.
1695 2717 1815 2772 Vat.
1844 2758 1857 2779 ,
1886 2715 2016 2772 Zen.
2051 2723 2106 2772 et

555 2805 699 2846 omn.
2086 2814 2089 2817 η

513 2805 699 2858 ιιοιιιβ.
2086 2814 2089 2817 π

585 2857 700 2932 (13)
725 2859 1198 2932 Circumcisionem
1218 2860 1418 2932 Judzeis
1436 2858 1604 2914 solius
1630 2858 1766 2928 signi
1781 2857 1899 2915 loco
1914 2858 2100 2932 fuisse,

510 2929 620 3002 quo
640 2929 909 2987 a’czeteris
939 2931 1150 3000 populis
1180 2931 1656 3001 distinguerentur,
1693 2944 1798 2984 non
1830 2942 1960 3002 vero
1986 2929 2102 3000 jus-

490 3001 683 3063 .titiam
714 3003 912 3057 exinde
943 3012 1036 3056 eos
1066 3004 1361 3072 accepisse,
1393 3016 1490 3056 nec
1529 3010 1803 3069 peccatum
1845 3001 2107 3070 originale

513 3089 608 3145 per
634 3074 779 3145 illam
810 3073 1046 3145 deletum
1071 3115 1095 3145 Α,
1138 3072 1195 3129 S.
1230 3072 1379 3128 Zeno
1400 3074 1639 3128 sensisse
1666 3072 2108 3145 videturpquerw

511 3142 800 3201 admodum
854 3152 910 3199 et
966 3143 1022 3215 _S.
1059 3142 1303 3201 Justinus
1354 3153 1557 3215 martyr
1589 3183 1604 3207 ,
1644 3144 1734 3212 qui
1770 3145 1863 3215 fin
1891 3143 2105 3215 dialogo

510 3232 632 3272 cum
661 3215 939 3285 Triphnne
965 3213 1081 3270 htec
1103 3216 1350 3271 similiter
1375 3209 1591 3285 scripsit
1614 3209 1733 3284 pag.
1761 3214 1869 3269 245
1894 3231 1907 3269 :
1936 3209 2099 3268 Abra-

512 3287 1088 3342 Itamcircumcisionem
1115 3289 1166 3339 in
1206 3288 1439 3356 signum,
1480 3302 1580 3339 non
1622 3285 1689 3338 ad
1720 3286 1977 3355 justitiam
2008 3302 2097 3339 ac-

510 3361 663 3427 cepit.
689 3358 757 3413 Et
783 3375 901 3429 pag.
930 3357 1036 3413 566
1061 3375 1073 3411 :
1108 3357 1220 3411 Ista
1249 3368 1414 3412 vestra
1446 3356 1775 3429 circumcisio
1815 3357 1866 3429 in
1894 3358 2096 3429 signum

512 3430 634 3484 data
660 3439 754 3501 est,
785 3439 832 3483 et
851 3427 952 3483 non
970 3430 1038 3483 ad
1055 3430 1274 3501 justitite
1289 3428 1593 3501 peragendaf
1612 3442 1767 3501 opus.
1799 3427 2097 3501 Augustino

508 3511 564 3555 ct
591 3502 713 3554 aliis
732 3500 978 3555 Patribus
999 3498 1156 3554 secus
1173 3511 1254 3554 est
1276 3503 1474 3566 visum,
1504 3498 1592 3565 qui
1612 3499 1664 3552 in
1686 3498 2096 3554 circumcisione

511 3580 793 3642 peccatum
818 3571 1076 3642 originale
1100 3571 1336 3642 deletum
1389 3569 1691 3642 tradidere,
1720 3568 1789 3624 de
1810 3585 1914 3642 quo
1941 3569 2093 3639 plura

511 3640 709 3697 'videsis
740 3643 879 3712 apud
910 3640 1139 3706 Estinm,
1166 3643 1215 3695 in
1235 3640 1457 3696 4.Sent.
1488 3640 1612 3712 dist.
1641 3642 1692 3695 1.
1716 3641 1819 3695 Sed
1836 3640 1981 3695 aliud
2013 3649 2095 3696 est

503 3710 846 3783 justitiam‘in
877 3714 1290 3768 circumcisione
1323 3712 1451 3767 olim
1481 3710 1681 3767 Judaeis
1705 3713 1869 3767 fuisse
1910 3726 1941 3767 s
1982 3712 2094 3768 Deo

511 3784 788 3849 traditam,
816 3783 957 3839 aliud
980 3796 1064 3851 est
1092 3799 1188 3839 eos
1215 3785 1412 3839 virtute
1432 3784 1859 3851 circumcisionis
1903 3799 2095 3841 conse-

509 3863 666 3910 cutos
687 3848 850 3912 fuisse
866 3848 1153 3924 justitiam.
1181 3855 1417 3910 Primum
1456 3848 1796 3909 Verissimum
1842 3863 1962 3918 est,
1995 3872 2094 3911 nec

510 3942 539 3980 a
566 3925 809 3993 Zenone,
831 3932 943 3982 sive
971 3925 1184 3981 Iustino
1212 3939 1453 3995 negatur.
1495 3924 1736 3981 Alterum
1772 3936 1855 3981 est
1878 3926 2091 3993 falsum,
2148 3960 2153 3963 Α

509 4013 631 4051 cum
656 4007 910 4053 constans
928 3999 998 4052 sit
1017 3997 1417 4052 Catholicorum
1444 3998 1728 4065 sententia,
1755 4008 2091 4053 sacramenta

509 4069 710 4124 veteris
737 4078 792 4124 et
821 4084 972 4123 novas
999 4068 1132 4138 legis
1159 4084 1265 4122 non
1296 4070 1348 4123 in
1379 4083 1447 4123 eo
1466 4080 1670 4123 tantum
1689 4066 1925 4132 differre,
1950 4071 2092 4139 quod

511 4149 865 4209 utrorumque
888 4140 1188 4194 ceremonia
1212 4150 1330 4194 sunt
1352 4140 1469 4195 alia:
1494 4148 1541 4194 et
1579 4139 1671 4194 alii
1705 4141 1833 4196 ritus
1853 4141 2050 4195 externi
2076 4155 2096 4196 :

509 4225 670 4282 quam
712 4213 1033 4267 sententiam
1063 4212 1132 4265 ob
1167 4213 1225 4267 τὸ
1274 4220 1478 4266 tantum
1518 4212 1833 4282 proscripsit
1866 4210 2086 4267 Triden-

508 4283 617 4355 tina
645 4281 894 4355 Synodns
921 4297 1057 4338 sess.
1096 4298 1165 4336 vn
1186 4314 1203 4343 ς
1227 4298 1347 4338 can.
1401 4284 1458 4338 11
1487 4325 1501 4346 ,
1542 4282 1635 4355 sed
1687 4283 1740 4336 in
1769 4298 1838 4339 eo
1869 4297 2097 4355 praeser-

513 4353 631 4425 tim,
666 4353 721 4409 ιιι
750 4364 874 4409 ante
900 4355 1177 4425 aliquanto
1214 4355 1577 4425 explicaverat
1599 4354 1968 4421 Eugenius'lV
1994 4395 2008 4418 ,
2041 4357 2092 4410 in

507 4424 729 4481 decreto
757 4428 1005 4481 Armenis
1031 4425 1156 4481 dato
1184 4467 1199 4490 ,
1234 4424 1375 4496 quod
1398 4425 1493 4481 illa
1526 4442 1628 4496 non
1649 4427 1923 4481 causabant
1968 4443 2095 4496 gra-

510 4496 657 4570 tiam,
697 4497 787 4550 sed
805 4514 918 4570 eam
948 4498 1111 4550 solum
1140 4513 1229 4570 per
1256 4495 1541 4565 passionem
1569 4495 1759 4552 Christi
1779 4495 2002 4551 dandam
2024 4499 2094 4570 ﬁ-

511 4568 762 4640 gurabant
786 4585 806 4623 :
828 4567 941 4623 lucc
964 4582 1081 4622 vero
1107 4567 1285 4624 nostra
1303 4580 1350 4624 ct
1372 4570 1629 4623 continent
1670 4570 1889 4640 gratiam
1908 4611 1924 4634 ,
1947 4578 1995 4622 st
2015 4569 2096 4639 ip-

510 4653 621 4691 sam
647 4639 798 4711 digne
830 4640 1219 4709 suscipientibus
1264 4642 1552 4710 conferunt.
1583 4639 1726 4696 Sane
1741 4640 2096 4707 Augustinus,

510 4710 745 4780 enarrat.
768 4710 825 4765 in
852 4726 931 4780 ps.
962 4727 1160 4780 LXXIII,
1196 4729 1346 4767 nttm.
1375 4713 1443 4766 2:
1476 4711 1536 4768 Si
1562 4711 1698 4765 enim
1735 4711 2094 4778 discernimus,

506 4778 700 4851 inquit,
732 4782 841 4836 duo
853 4778 1204 4848 Testamenta,
1224 4783 1376 4839 Vetus
1414 4798 1462 4838 et
1486 4781 1690 4837 Novum
1714 4797 1732 4847 ι
1755 4797 1858 4836 non
1877 4790 1993 4835 sunt
2014 4797 2100 4835 ea-

510 4851 627 4924 dem
647 4865 1083 4909 sacramenta.....
1112 4855 1374 4924 quia-alia
1397 4865 1515 4909 sunt
1560 4862 1879 4906 sacramenta
1920 4851 2098 4906 dantia

508 4923 724 4978 salutem
755 4965 770 4990 ,
821 4927 929 4979 alia
973 4928 1318 4992 prominentia
1364 4924 1705 4981 Salvatorem.
1756 4924 2098 4978 Sacramenta

513 4992 649 5048 Novi
680 4991 987 5052 Testamenti
1010 5001 1134 5051 dant
1155 4998 1390 5062 salutem,
1405 5005 1722 5050 sacramenta
1750 4993 1944 5049 Veteris
1971 4993 2097 5049 Tes-

512 5068 722 5122 tamenti
746 5069 1088 5133 promiserunt
1135 5066 1476 5123 Salvatorem.
1525 5066 1658 5120 Vide
1691 5066 1852 5121 etiam
1891 5068 1927 5121 Ι.
1956 5081 2046 5121 ιιι
2075 5108 2090 5133 ,

510 5143 698 5192 contra
722 5136 1003 5205 Faustum,
1033 5153 1153 5207 cap.
1188 5139 1256 5195 15
1280 5148 1336 5192 et
1362 5138 1449 5199 M.
1483 5138 1571 5194 ubi
1601 5139 1684 5193 illa
1722 5137 1934 5193 Veteris
1954 5136 2088 5192 Tes-

512 5212 733 5281 tameuti
763 5218 1079 5264 sacramenta
1109 5211 1500 5279 prteuuntiativa
1537 5219 1714 5277 vocat,
1747 5208 1946 5281 quippe
1969 5210 2091 5279 qui-

514 5278 612 5335 bus
640 5280 891 5335 Salvator
936 5278 1304 5336 tantummodo
1356 5281 1790 5351 promitteretur,
1837 5278 1943 5335 non
1973 5278 2093 5348 qua!

551 5351 875 5423 reducerent
902 5353 1128 5422 gratiam
1162 5352 1260 5407 nisi
1292 5367 1387 5423 per
1415 5354 1572 5407 tidem
1599 5392 1613 5417 ,
1644 5368 1749 5421 qua
1773 5354 1823 5406 in
1854 5351 2093 5423 futurum

550 5421 939 5493 alvateremiis
989 5421 1340 5478 sacramentis
1372 5424 1784 5493 praenuntiatum
1812 5422 2095 5493 credeba-

508 5498 612 5553 tur,
649 5503 703 5545 nt
726 5492 968 5561 pluribus
998 5494 1136 5549 idem
1163 5493 1218 5549 S.
1267 5492 1462 5549 Doctor
1498 5493 1752 5548 ostendit.
1780 5492 1893 5547 Hoc
1931 5508 2092 5546 unum

511 5576 644 5637 ergo
667 5562 726 5618 S.
758 5562 906 5637 Zeno
937 5573 1059 5637 post
1085 5565 1355 5623 Justinnm
1379 5576 1667 5637 martyrem
1695 5562 2098 5621 circumcisioni

507 5632 829 5709 denegavit,
855 5632 999 5708 quod
1024 5652 1205 5691 veram
1238 5654 1333 5709 per
1384 5632 1535 5692 sese'
1545 5636 1807 5706 justitiam
1850 5647 2095 5709 pareret;

512 5707 567 5762 id
592 5706 897 5781 enini_solis
922 5722 1075 5763 nova:
1099 5706 1610 5781 legis'sacramentis
1635 5706 1882 5765 convenit
1908 5726 1921 5763 :
1956 5708 2100 5763 unde

507 5791 539 5832 ιι
568 5777 838 5840 catholico
883 5788 943 5838 et
969 5793 1105 5838 sano
1132 5777 1455 5841 eaterorum
1506 5780 1725 5838 Patrum
1760 5793 1928 5840 sensu
1973 5793 2090 5837 nes-

2204 1879 2395 1933 ntortis
2444 1877 2672 1934 induxit.
2723 1878 3040 1934 Necessario
3093 1894 3224 1950 ergo
3277 1880 3556 1953 luxurioso
3604 1882 3809 1952 pepulo

2207 1972 2347 2027 Deus
2374 1972 2476 2028 hoc
2514 1973 2723 2043 signum
2749 1972 2933 2028 dedit:
2961 1982 3019 2028 ut
3038 2015 3053 2039 ,
3078 1973 3258 2029 locum
3309 1974 3605 2031 matricalis
3634 1976 3809 2047 culpas

2203 2079 2325 2118 cum
2352 2064 2571 2119 denotat
2596 2105 2611 2131 ,
2635 2068 2799 2121 etiam
2828 2065 2930 2120 alia
2954 2066 3181 2121 crimina
3214 2066 3463 2138 fugienda
3490 2078 3806 2139 cognoscat.

2202 2155 2309 2211 Ore
2337 2166 2424 2210 tuo
2452 2165 2525 2221 te,
2559 2156 2752 2228 inquit,
2783 2155 3112 2223 Christiane,
3142 2157 3343 2213 vicisti.
3366 2158 3499 2215 Inde
3527 2169 3633 2225 est,
3660 2159 3806 2230 quod

2204 2256 2260 2302 et
2286 2264 2384 2319 ego
2412 2257 2668 2304 aeternam
2701 2248 2869 2305 vitam
2909 2265 2998 2306 me
3026 2251 3306 2322 possidere
3354 2253 3649 2319 contendo,
3679 2253 3804 2323 quia

2204 2341 2514 2411 specialiter
2542 2340 2660 2414 (19)
2694 2356 2879 2398 curam
2920 2344 3111 2399 mortis
3142 2342 3275 2399 mihi
3306 2359 3336 2398 a
3363 2344 3478 2400 Deo
3510 2346 3804 2414 praestitum

2208 2513 2348 2558 trum
2370 2511 2645 2558 auctorem
2674 2501 2904 2558 nihilum
2930 2502 3249 2559 discessisse
3266 2504 3665 2575 cogitescimus.

2277 2594 2397 2664 (Η)
2427 2593 2482 2648 lu
2510 2592 2669 2649 editis
2721 2601 2839 2649 erat
2867 2637 2882 2660 ,
2910 2594 2967 2649 in
2989 2595 3085 2648 hac
3121 2596 3331 2649 robusta
3359 2592 3559 2650 merita.
3596 2594 3652 2650 In
3696 2610 3800 2650 ms.

2206 2666 2421 2737 Pomp.,
2453 2666 2507 2719 in
2532 2682 2594 2720 ac
2619 2665 2833 2730 robusti,
2864 2682 2925 2737 ac
2958 2666 3171 2721 meritis.
3206 2665 3260 2720 In
3296 2665 3450 2722 Rem.
3483 2679 3537 2722 et
3575 2665 3721 2729 Ἴθι..
3750 2666 3809 2721 in'

2207 2738 2303 2791 hac
2326 2736 2554 2791 robustia
2580 2738 2810 2792 uteritte:
2835 2736 3064 2791 robustia
3113 2736 3312 2807 pariter
3357 2738 3553 2807 legitur
3585 2738 3636 2793 in
3667 2737 3800 2793 Zen.

2198 2807 2519 2879 Legendum
2553 2807 2923 2878 proculdubio
2969 2807 3023 2861 in
3064 2808 3353 2862 acrobustia
3397 2808 3632 2879 meritae;
3681 2825 3803 2864 nam

2209 2879 2536 2950 arrobustia,
2581 2895 2679 2950 seu
2723 2880 3013 2950 acrobystia
3062 2894 3091 2950 a
3150 2880 3367 2935 nomine
3413 2878 3608 2936 Graeco
3660 2882 3802 2948 apud

2208 2944 2785 3028 Paultittt_Apostoltt_m_
2806 2944 3073 3028 frequenti
3094 2950 3415 3028 dxpot‘i'ueria
3438 2990 3454 3016 ,
3485 2952 3628 3028 quod
3656 2944 3794 3018 prte-

2211 3024 2408 3091 putium
2439 3016 2603 3075 latine
2636 3016 2923 3085 redditur,
2971 3016 3170 3075 latinis'
3195 3016 3418 3085 litteris,
3445 3016 3630 3078 ut’alia
3656 3016 3806 3077 tton-

2212 3092 2379 3156 nnlla,
2407 3091 2588 3146 ederri
2620 3094 2809 3161 potuit,
2843 3099 2898 3147 et
2925 3093 3191 3147 sententia
3224 3093 3301 3148 sic
3316 3092 3520 3163 optima
3546 3093 3799 3151 elicitur:

2212 3163 2449 3217 innuitnr
2470 3165 2614 3216 enim
2647 3163 2915 3218 Abraham
2943 3168 3201 3232 accepisse
3222 3179 3322 3219 non
3356 3165 3801 3230 circumcisionir,

2132 3221 2178 3285 C
2210 3234 2301 3289 sed
2328 3234 2813 3315 repromissionis
2839 3221 3129 3315 acrobttslia
3154 3274 3170 3302 ,
3210 3236 3581 3315 seuprwputio
3610 3221 3806 3315 merita:

2202 3309 2471 3378 ρηυηιξιιηι
2497 3325 2513 3369 ;
2539 3320 2660 3378 cum
2685 3304 2888 3361 scilicet
2919 3306 3083 3378 lidcs,
3108 3320 3210 3378 qua
3233 3305 3418 3378 adhuc
3439 3304 3507 3361 'in
3539 3308 3805 3378 prmpntio

2199 3376 2425 3431 credidit
2452 3379 2578 3442 lico,
2606 3375 2858 3447 deputata
2895 3389 2979 3431 eat
3010 3376 3083 3447 illi
3118 3376 3185 3431 ad
3223 3376 3509 3447 justitiam.
3541 3375 3805 3447 Respici-

2202 3456 2287 3520 t_nr
2309 3458 2483 3502 autem
2515 3446 2773 3520 illerPauli
2805 3447 2955 3520 locus
2977 3446 3043 3520 ad
3068 3446 3339 3503 Romanos
3364 3465 3434 3514 tv,
3466 3466 3517 3503 ν.
3550 3446 3758 3520 9.01710
3786 3469 3799 3504 :

2200 3518 2456 3588 Reputata
2475 3519 2793 3591 estAbra/ue
2812 3517 2938 3591 ﬁdes
2965 3517 3032 3571 ad
3067 3520 3348 3588 justitiam.
3387 3517 3655 3588 Quomodo
3684 3537 3804 3590 ergo

2198 3601 2434 3660 reputate
2457 3590 2572 3645 est?
2590 3592 2641 3644 in
2674 3590 3079 3654 circumcisione,
3113 3608 3179 3645 an
3211 3592 3264 3645 in
3297 3593 3549 3659 prwputio
3569 3591 3594 3647 ?
3616 3608 3717 3647 nou
3748 3597 3804 3647 in

2198 3663 2604 3732 circumcisione,
2654 3663 2745 3719 sed
2797 3664 2851 3715 in
2901 3662 3170 3732 prwputio.
3229 3662 3524 3732 Utrobique
3578 3671 3801 3729 autem,

2198 3735 2338 3856 lsicut
2364 3730 2490 3789 alibi
2525 3748 2764 3805 semper,
2796 3730 3126 3812 exposui-rte
3153 3732 3203 3789 in
3236 3730 3619 3790 (ἓντεοοῬδιιιί
3651 3740 3802 3790 textu

2220 3819 2411 3856 aettur.

2220 3819 2411 3874 egttur.

2200 3970 2212 3981 ,
2269 3896 2706 4024 ῼῶβνεάηιίιαε
2734 3897 3078 3969 heicquoque
3111 3896 3357 3967 prolide:
3380 3896 3504 3953 vide
3520 3896 3708 3952 adnot.
3742 3896 3801 3964 ϐ,

2200 3985 2253 4024 In
2302 3987 2389 4024 fac
2419 4010 2429 4021 .
2466 3986 2501 4024 Ι.
3670 4018 3673 4021 ν

2199 3985 2253 4024 Ill
2280 3985 2429 4025 ll'ilCl.
2466 3986 2501 4024 Ι.

2269 4061 2388 4135 (lb‘)
2418 4064 2493 4117 Ex
2517 4077 2649 4135 mss.
2680 4061 2801 4135 Vat.
2832 4069 2886 4135 et
2909 4060 3099 4117 Urbin.
3130 4060 3429 4130 adiecimus
3447 4078 3567 4135 non,
3598 4062 3803 4135 quippe

2197 4131 2341 4203 quod
2366 4131 2486 4188 lucc
2505 4133 2761 4203 particula
2781 4148 2809 4186 a
2837 4131 3057 4188 Zenone
3072 4150 3220 4186 nmn.
3239 4136 3294 4197 ὃ,
3314 4149 3435 4203 cum
3453 4131 3645 4188 eodem
3679 4131 3803 4188 ver-

2176 4198 2267 4260 -bo
2280 4214 2334 4260 et
2361 4206 2413 4278 in
2435 4198 2677 4278 caindem
2696 4205 3017 4278 sententiam
3039 4204 3341 4278 copulatur.
3366 4198 3679 4278 Hujusmodi
3695 4206 3802 4278 cits

2198 4277 2456 4338 cumcisis,
2484 4276 2673 4355 inquit,
2702 4274 2841 4329 Deus
2872 4291 2974 4329 non
3014 4284 3214 4355 tantum
3245 4274 3461 4355 salutem
3512 4291 3614 4355 non
3644 4277 3802 4355 polli‘

2198 4358 2360 4414 cetar,
2388 4357 2494 4402 etc.
2525 4347 2597 4403 tie
2622 4362 2782 4402 sensu
2812 4362 2975 4418 porro
3013 4347 3171 4418 hujus
3199 4348 3299 4402 loci
3328 4347 3449 4403 vide
3472 4347 3660 4402 adnot.
3696 4348 3788 4403 l5.
3878 4414 3901 4423 κ

2274 4440 2386 4513 (17)
2411 4440 2523 4495 Hoc
2543 4439 2609 4496 de
2638 4439 2968 4502 testimonio,
2999 4456 3104 4509 quo
3134 4440 3263 4493 Athe
3285 4449 3562 4513 peccatum
3590 4431 3799 4513 carnali

2198 4510 2458 4578 voluptati
2508 4522 2694 4567 contra
2738 4514 2963 4567 vetitum
3011 4521 3278 4581 perceptae.
3311 4510 3563 4566 tribuitur
3594 4552 3638 4581 ,_
3666 4510 3800 4579 quid

2204 4583 2543 4639 sentiendum
2572 4584 2733 4648 sit,et
2761 4597 2959 4652 quoex
2984 4579 3134 4637 fonte
3163 4579 3277 4637 luec
3324 4587 3591 4652 sententia
3620 4579 3799 4639 ﬂuxe-

2203 4654 2294 4720 rit,
2320 4657 2467 4723 plnra
2492 4650 2807 4710 tradidimus
2835 4653 3052 4709 dissert.
3080 4668 3139 4721 tt,
3167 4668 3285 4724 cap.
3310 4650 3367 4707 4.

2275 4747 2389 4817 (18)
2414 4747 2471 4802 ln
2505 4747 2634 4802 edit.
2670 4745 2792 4801 Ver.
2831 4755 3017 4801 contra
3047 4745 3527 4817 manuscriptorum
3560 4747 3801 4817 auctori-

2202 4813 2379 4873 tatem
2400 4818 2561 4872 verba
2587 4819 2909 4888 transposita
2937 4818 3153 4874 luerunt
3169 4816 3275 4872 sic:
3298 4813 3427 4870 Cum
3450 4816 3546 4871 Itoc
3568 4816 3798 4872 membro

2197 4890 2433 4945 illicitum
2475 4904 2679 4956 pomum
2703 4887 3153 4960 decerpittldem,
3181 4889 3235 4942 in
3271 4889 3402 4943 edit.
3433 4887 3641 4955 Patav.,
3670 4903 3796 4960 qua:

2199 4963 2372 5016 solum
2400 4962 2650 5031 decerpsit
2674 4974 2798 5014 eum
2827 4959 2924 5014 Ms.
2948 4959 3153 5017 Zenon.
3183 4960 3387 5015 scribit.
3414 5026 3419 5031 η

2270 5059 2391 5131 (19)
2418 5058 2555 5114 Cura
2577 5074 2673 5129 pro
2691 5061 2970 5131 curatione
2988 5100 3003 5124 ,
3030 5068 3128 5114 seu
3150 5058 3413 5115 medicina
3431 5057 3800 5131 ltelcadhibe‘o

2202 5142 2322 5197 tur,
2360 5127 2417 5185 ut
2460 5147 2523 5185 ex
2562 5127 2915 5201 sequentibus
2955 5131 3246 5201 explorate
3289 5133 3472 5199 liquet.
3531 5127 3799 5201 Similiter

2202 5211 2451 5272 usurpata
2482 5198 2753 5257 invenitur
2774 5201 2913 5272 apud
2940 5198 3208 5267 Gratiam,
3244 5202 3294 5257 itt
3329 5203 3527 5272 Cyneg.
3564 5217 3614 5254 v.
3646 5200 3793 5269 566;

2200 5268 2439 5340 Celsum,
2470 5274 2538 5329 de
2566 5290 2625 5328 re
2654 5268 2939 5342 medfcap.
2969 5272 3057 5339 l0;
3085 5268 3395 5329 Petronium
3414 5268 3709 5336 Arbitrum,
3742 5276 3797 5327 in

2204 5346 2339 5417 frag.
2368 5360 2485 5415 pag.
2507 5345 2614 5401 668
2640 5360 2789 5400 nova:
2814 5343 2968 5409 edit;
2998 5344 3373 5417 Claudiattum,
3403 5343 3471 5417 de
3499 5343 3646 5398 Bello
3666 5343 3791 5417 G_et.

2207 5435 2258 5471 ι.
2291 5413 2505 5473 120.1:
2534 5418 2694 5473 editis
2720 5428 2972 5470 annexam
3015 5432 3213 5471 curam.
3262 5413 3389 5470 Mss.
3420 5414 3608 5484 Pomp.
3644 5457 3657 5478 ,
3687 5414 3799 5470 Τυ-

2206 5489 2361 5554 lent.,
2395 5488 2511 5544 Vat.
2539 5532 2554 5556 ,
2585 5488 2713 5544 Zen.
2749 5529 2762 5552 ,
2812 5486 3022 5540 anxiam
3075 5501 3174 5555 pro
3225 5486 3479 5540 adnexam
3521 5486 3786 5556 scribunt.

2206 5562 2507 5629 Utrumque
2536 5554 2690 5615 deest
2724 5560 2777 5613 in
2806 5559 3026 5629 antiquo
3046 5554 3169 5614 cod.
3219 5558 3374 5612 Item.
3408 5557 3462 5611 in
3492 5572 3626 5629 _quo
3667 5554 3796 5611 cura

2210 5626 2439 5704 privatim
2459 5630 2694 5704 ablativo
2714 5644 2842 5704 casu
2864 5626 3086 5704 etl‘ertur
3116 5671 3132 5698 ,
3163 5629 3255 5704 sed
3284 5629 3442 5684 male.
3480 5626 3667 5704 Mortis
3693 5644 3794 5697 pro

2207 5699 2447 5778 peccato,
2481 5704 2565 5759 vel
2593 5699 2939 5759 damnatione
2958 5701 3065 5757 dici
3113 5700 3318 5773 optime
3362 5702 3566 5758 notavit
3591 5701 3790 5772 Spera.

2204 5792 2404 5834 venus.
