4216 6178
365 269 477 326 Ἀθ

1585 257 1800 317 usus
1843 259 1885 318 ι.
1927 256 2350 318 “seruus
2387 256 2526 315 xm.
3436 221 3442 239 ’
3546 256 3549 257 ί
3612 251 3719 310 rso

367 400 736 457 recognosco.
767 384 939 442 Recto
987 380 1211 440 Judaeus
1261 378 1365 434 hoc
1394 375 1604 433 diceret
1631 415 1648 441 ,
1681 374 1887 433 l'ratres
1907 415 1924 446 ,
1962 376 2007 433 si
2038 379 2083 438 Α
2115 375 2297 446 igitur,
2326 373 2535 439 Iudaee,
2567 370 2652 430 vel
2680 385 2805 429 sero
2836 370 3040 429 erroris
3064 371 3146 427 tui
3191 367 3309 441 (25)
3341 370 3600 425 miserum
3624 368 3718 422 dt.-

370 479 477 536 ista
507 493 641 533 cura
673 477 793 550 (20)
825 477 978 533 sexui
1002 472 1220 544 utrique
1253 470 1409 544 103
1430 469 1693 539 prodesse
1712 470 2001 540 potuisset.

370 572 511 629 Cum
559 573 705 626 enim
741 571 959 641 gravior
995 582 1190 625 caussa
1238 564 1476 635 supersit
1517 581 1531 618 :
1585 563 1902 637 periturum
1944 579 2004 619 se

372 662 482 732 nisi
508 661 624 735 (21)
657 662 941 717 veritatem
972 660 1235 731 requirat,
1264 653 1542 727 agnoscit:
1570 656 1617 709 si
1651 654 1805 712 enim
1829 656 2003 712 Adam

372 762 535 810 curat
558 771 573 816 ;
599 760 753 808 certe
783 752 899 823 (22)
931 752 984 805 in
1002 765 1106 820 qua
1128 747 1308 804 delicti
1325 747 1505 802 omnis
1531 756 1613 800 est
1631 761 1873 812 summa,
1898 747 2004 801 isto

379 845 631 907 remedio
677 860 871 900 curare
900 860 1009 900 non
1044 851 1222 913 potest
1266 840 1456 896 Evam.
1479 838 1621 907 Quid
1656 881 1675 908 ,
1704 841 1852 912 quod
1905 853 2006 896 nec

376 942 482 1013 ipsi
513 940 632 995 viro
647 939 858 1008 aliquid
885 953 1005 994 eam
1056 937 1312 1008 prodesse
1341 933 1654 1005 perspicio?
1680 935 1811 1004 quia
1845 935 2005 1013 hujus

376 1004 826 1101 circumscriptio
848 1004 1183 1084 cbaracteris
1209 1004 1751 1097 potestatisubjncet
1777 1004 1960 1080 cordis
1985 1066 2000 1091 ,

378 1125 525 1199 quod
557 1125 661 1180 nisi
693 1139 843 1179 ver.e
870 1120 1300 1178 circumcisionis
1346 1117 1576 1189 spiritali
1611 1118 1784 1173 fuerit
1826 1132 2006 1173 sacra-

376 1227 568 1278 mento
597 1228 913 1287 purgatum,
944 1216 996 1270 in
1019 1222 1281 1270 mternum
1305 1211 1489 1277 homo,
1521 1210 1592 1267 de
1623 1227 1738 1283 quo
1780 1212 1957 1282 agitur
1983 1252 2000 1278 ,

377 1313 661 1385 periturus
683 1320 775 1366 est
803 1328 817 1364 :
849 1324 976 1364 caro
1002 1308 1147 1364 enim
1176 1305 1429 1361 damnum
1467 1304 1583 1375 pati
1617 1312 1841 1374 potest,
1885 1304 2001 1358 ani-

378 1422 473 1460 tuo
496 1412 673 1459 autem
724 1403 998 1472 imperare
1037 1414 1142 1454 non
1196 1406 1372 1469 potest
1402 1415 1416 1453 :
1445 1398 1564 1469 ipse
1584 1397 1750 1457 .enim
1808 1395 2008 1467 regalis

379 1498 667 1570 potestatis
717 1496 951 1566 imperio
997 1489 1296 1563 subjectum
1346 1493 1445 1549 sibi
1477 1506 1685 1563 corpus
1717 1491 2005 1548 servilibus

380 1589 578 1646 ofﬁciis
600 1605 716 1644 suae
768 1587 1049 1658 compellit
1092 1586 1320 1657 implere
1366 1586 1641 1642 desideria
1672 1584 1999 1650 voluntatis;

380 1684 473 1753 qui
500 1681 544 1738 si
565 1681 730 1737 fuerit
753 1681 985 1735 vitiosus
1011 1719 1026 1744 ,
1058 1688 1189 1749 quot
1210 1676 1374 1733 habet
1407 1677 1792 1749 unusquisque
1830 1692 2004 1734 mem-

382 1774 506 1839 bra,
534 1772 734 1844 poterit
763 1781 1078 1841 perpetrare
1107 1768 1447 1825 totcrimina.

459 1863 545 1919 Vl.
578 1862 833 1934 Denique
862 1862 961 1916 hoc
981 1866 1182 1930 genere
1209 1858 1427 1916 Judu‘os
1456 1858 1746 1930 Scriptura
1779 1858 2005 1916 denotat

383 1958 454 2013 ab
479 1954 697 2011 auribus
728 1952 997 2022 incipiens
1025 1970 1039 2007 :
1070 1950 1323 2017 Clamavi,
1352 1951 1557 2024 inquit,
1585 1952 1656 2007 ad
1686 1967 1792 2017 eos,
1827 1962 1872 2007 et
1898 1969 2004 2010 non

381 2050 716 2111 audiverunt,
751 2044 1045 2102 clamabunt
1087 2046 1156 2100 ad
1195 2061 1295 2112 me,
1333 2054 1382 2102 et
1428 2062 1535 2100 non
1569 2046 1690 2111 erit,
1721 2045 1809 2117 qui
1836 2060 2002 2100 exau-

385 2143 502 2197 diat
532 2156 637 2197 eos.
660 2139 931 2196 Similiter
970 2148 1022 2195 et
1052 2138 1121 2194 de
1150 2139 1398 2195 manibus
1430 2137 1567 2195 dicit
1603 2157 1617 2194 :
1654 2136 1845 2193 Manus
1865 2142 2003 2194 enim

385 2244 566 2290 uestra!
594 2232 886 2303 inquinatas
904 2239 1018 2285 sunt
1042 2230 1312 2301 sanguine,
1353 2239 1399 2285 et
1443 2230 1597 2301 digiti
1630 2229 1783 2285 vestri
1809 2230 1863 2284 in
1887 2247 2007 2300 pec—
2068 2230 2079 2239 ’

387 2326 540 2380 catis.
572 2323 740 2379 Labia
770 2334 942 2381 autem
967 2331 1134 2377 vestra
1176 2321 1345 2377 locuta
1394 2332 1520 2377 sunt
1550 2322 1778 2392 facinus,
1811 2332 1859 2378 et
1903 2324 2008 2379 lin-

386 2435 493 2490 gua
524 2426 696 2472 vestra
739 2415 1049 2488 injustitiam
1098 2414 1372 2471 meditatur
1415 2413 1522 2487 (ls.
1557 2429 1669 2481 th,
1697 2411 1777 2484 5).
1810 2412 1877 2469 Ει
1908 2415 2009 2471 itc-

389 2526 514 2567 rum
545 2509 617 2565 de
644 2506 863 2564 caeteris
894 2506 1146 2561 membris
1175 2522 1188 2559 :
1222 2505 1541 2580 Sepulcrum
1580 2513 1758 2573 patens
1787 2514 1859 2560 est
1887 2518 2008 2580 gut-

390 2610 479 2657 tur
516 2617 721 2667 eorum,
752 2599 943 2670 linguis
971 2599 1078 2654 suis
1105 2598 1277 2653 dolose
1320 2607 1561 2671 egerunt,
1591 2613 1836 2651 venenum
1865 2601 2010 2668 aspi-

390 2697 523 2750 dum
536 2693 630 2749 sub
653 2694 807 2749 labiis
828 2708 1024 2758 eorum,
1050 2707 1263 2762 quorum
1284 2708 1340 2747 os
1364 2689 1646 2746 maledicto
1662 2699 1709 2746 et
1726 2688 1844 2763 (Ξὸ)
1863 2708 2008 2748 ama-

390 2787 626 2842 ritudine
641 2787 853 2859 plenum
871 2794 967 2851 est,
988 2784 1176 2840 veloces
1193 2783 1342 2857 pedes
1359 2800 1543 2838 eorum
1560 2782 1629 2836 ad
1642 2780 2011 2850 effundendum

390 2882 707 2954 sanguinem
735 2897 754 2935 :
780 2877 1019 2935 contritio
1062 2887 1108 2933 et
1138 2879 1343 2933 miseria
1371 2879 1429 2935 in
1460 2878 1561 2932 uiis
1598 2892 1805 2946 eorum,
1838 2889 1886 2934 et
1915 2880 2013 2935 iter

392 2978 545 3050 pacis
572 2993 678 3032 non
714 2981 1076 3045 cognoverunt,
1121 2988 1222 3027 non
1254 2971 1415 3045 ιω
1457 2980 1535 3026 est
1583 2972 1739 3027 timor
1766 2970 1865 3027 Dei
1891 2985 2013 3031 ante

393 3070 578 3127 oculos
625 3085 800 3124 eorum
833 3064 951 3140 (Ps.
990 3081 1117 3141 stu,
1149 3065 1221 3121 25
1262 3074 1308 3120 et
1360 3063 1523 3137 δρψ).
1559 3062 1629 3119 Ει
1654 3064 1721 3120 de
1758 3065 1873 3135 ipsa
1905 3069 2012 3122 cir-

2111 467 2447 537 lendumquo
2476 465 2795 533 discrimen,
2846 474 2898 521 et
2927 464 3015 521 dic
3045 462 3227 531 nobis,
3273 473 3455 519 utrum
3486 462 3720 518 circum-

2106 559 2372 616 cisionem
2421 559 2702 625 observes,
2750 574 2818 614 an
2857 557 3052 627 legem.
3108 556 3168 615 Si
3204 555 3717 623 circumcisionem,

2107 668 2217 706 non
2256 659 2344 706 est
2374 650 2471 706 tibi
2524 649 2610 706 les
2659 648 2988 715 necessaria,
3031 647 3159 719 quia
3199 646 3377 720 justus
3418 644 3716 713 Abraham,

2108 744 2200 815 qui
2227 760 2295 800 es
2332 744 2438 801 ﬁde
2464 743 2619 813 visit,
2653 745 2819 804 Deum
2847 743 3191 808 credulitate.
3221 758 3325 800 non
3358 743 3475 816 lege
3506 758 3722 815 prome—

2109 838 2238 893 ruit.
2276 836 2335 894 Si
2365 838 2539 909 Iegem
2565 879 2582 905 ,
2630 846 2921 894 contemne
2955 847 3099 893 tuam
3146 839 3304 893 istam
3351 838 3724 899 circumcisio-

2110 944 2446 1001 nem,quam
2477 940 2789 985 evacuatam
2813 929 3061 984 videmus
3093 944 3124 983 a
3152 928 3288 1000 lege,
3324 928 3438 1002 (26)
3463 930 3543 986 sic
3567 929 3723 991 lere-

2112 1022 2220 1076 mia
2254 1020 2472 1076 dicente
2498 1037 2513 1074 :
2553 1019 2677 1075 Hac
2704 1020 2827 1076 dicit
2864 1018 3121 1076 Dominus
3152 1020 3275 1076 viris
3302 1019 3447 1077 Juda
3481 1031 3527 1076 et
3557 1022 3724 1077 omni—

2112 1113 2207 1170 bus
2255 1114 2346 1185 qui
2375 1113 2605 1169 habitant
2632 1114 2685 1169 in
2712 1106 3022 1168 Jerusalem.
3058 1112 3319 1169 Renovate
3348 1114 3478 1169 inter
3510 1130 3598 1169 vos
3622 1130 3720 1169 no-

2110 1209 2340 1273 uitatem,
2392 1217 2439 1265 et
2486 1223 2548 1263 ne
2593 1205 2960 1263 seminaveritis
3011 1207 3063 1261 in
3105 1208 3294 1275 spinis.
3352 1205 3717 1265 Circumcidite

2110 1301 2428 1372 prteputium
2452 1301 2621 1356 cordis
2646 1301 2816 1369 uestri,
2865 1316 2928 1355 ne
2956 1311 3100 1356 exeat
3128 1302 3258 1357 sicut
3297 1302 3431 1373 ignis
3474 1302 3553 1359 ira
3583 1318 3716 1366 mea,

2110 1403 2159 1450 et
2200 1403 2408 1458 exurat,
2459 1403 2507 1448 et
2547 1410 2649 1447 non
2694 1394 2761 1449 sit
2812 1393 2899 1465 qui
2938 1398 3227 1466 exstinguat
3258 1393 3393 1467 (Jer.
3440 1409 3514 1461 tv,
3546 1395 3601 1457 ὅ,
3633 1393 3717 1465 4).

2109 1488 2231 1564 (27)
2251 1489 2459 1546 Videtis
2488 1502 2639 1559 ergo,
2660 1488 2877 1554 fratres,
2894 1488 3037 1557 quod
3053 1486 3363 1557 hujusmodi
3381 1487 3715 1543 circumcisis

2108 1580 2255 1636 Deus
2278 1597 2384 1637 nou
2413 1589 2621 1636 tantum
2662 1580 2889 1636 salutem
2920 1594 3027 1636 non
3056 1579 3364 1650 pollicetur,
3396 1578 3492 1636 sed
3524 1581 3711 1646 etiam.

2108 1675 2213 1730 nisi
2261 1673 2503 1744 legitime
2546 1672 2711 1729 corde
2759 1671 3238 1736 circumcidantur,
3273 1671 3411 1742 ignis
3456 1671 3716 1727 inexstin-

2035 1769 2086 1835 Β
2108 1766 2329 1838 guibilis
2356 1766 2677 1838 supplicium
2704 1766 3085 1822 comminatur.
3118 1764 3225 1822 Sed
3245 1773 3301 1820 et
3330 1763 3541 1836 Moyses
3570 1765 3711 1835 ipse,

2110 1863 2267 1934 cujus
2298 1873 2554 1919 asserunt.
2579 1877 2641 1918 se
2669 1876 2815 1933 saepe
2841 1860 3165 1933 discipulos,
3193 1854 3387 1916 eodem
3415 1860 3608 1930 spiritu
3647 1858 3714 1919 ad

2109 1954 2285 2015 Israel
2313 1957 2558 2028 loquitur
2582 1956 2771 2013 dicens
2799 1973 2813 2011 :
2851 1956 2902 2010 Ν
2909 1956 3160 2012 ovissimis
3181 1952 3357 2010 diebus
3386 1955 3716 2010 circumcidet

2110 2049 2252 2107 Deus
2281 2068 2371 2106 cor
2400 2061 2544 2106 tuum
2570 2061 2617 2106 et
2647 2066 2735 2106 cor
2774 2052 2986 2107 seminis
3029 2051 3106 2105 tui
3130 2051 3199 2105 ad
3228 2046 3509 2105 Dominum
3546 2046 3714 2104 Deum

2110 2151 2254 2201 tuum
2284 2144 2563 2198 amandum
2594 2142 2774 2216 (Deut.
2805 2158 2935 2211 xxx,
2963 2140 3043 2216 6).

2125 2265 2133 2277 ο
2188 2234 2294 2290 Vll.
2327 2235 2463 2292 Hinc
2490 2252 2630 2292 nunc
2665 2236 2820 2291 vobis
2840 2236 3036 2291 iterum
3062 2234 3260 2291 dicam.
3308 2234 3602 2303 Pharisree,
3627 2248 3715 2291 re-

2110 2328 2341 2398 sponde,
2377 2329 2471 2384 ubi
2519 2344 2616 2385 eor
2644 2328 2849 2385 habeas
2870 2327 3249 2384 constitutum.
3290 2326 3351 2385 Si
3397 2327 3448 2381 in
3493 2326 3713 2397 regione

2116 2424 2384 2493 pectoris;
2414 2422 2541 2493 quid
2568 2422 2797 2478 deformi
2818 2421 3049 2478 vulnere
3074 2422 3195 2492 (38)
3225 2419 3436 2476 inferna
3461 2418 3714 2476 metiris?

2113 2512 2191 2578 Si,
2224 2498 2366 2583 quod
2398 2515 2614 2583 quidem
2645 2522 2795 2570 recte
2824 2515 3089 2579 aestimas,
3122 2509 3175 2567 in
3225 2510 3491 2575 infernis;
3522 2510 3711 2584 procul

2110 2603 2276 2659 dubio
2302 2618 2493 2659 omnes
2523 2603 2819 2674 sacrilegos
2843 2603 3144 2668 antecedis,
3177 2601 3267 2672 qui
3295 2601 3494 2673 Moysis
3520 2616 3711 2671 repro-

2119 2696 2252 2752 bans
2290 2696 2513 2760 dictum,
2548 2710 2643 2766 per
2683 2696 2825 2751 hanc
2869 2694 3187 2766 injuriosam
3236 2693 3484 2763 corporis
3513 2694 3708 2762 stipem

2119 2789 2233 2846 Deo
2265 2789 2477 2859 placere
2506 2799 2557 2845 te
2603 2804 2766 2859 posse
2797 2786 3101 2859 praesumis.
3148 2786 3267 2844 Jam
3296 2786 3563 2855 completa
3606 2794 3710 2851 est,

2119 2882 2312 2952 inquit,
2356 2883 2409 2938 in
2437 2897 2525 2938 me
2552 2881 2855 2952 perJesum
2883 2880 3050 2944 Nave,
3084 2880 3312 2936 Domino
3348 2878 3592 2949 iubente,
3621 2893 3711 2935 se-

2118 2974 2315 3039 cunda,
2361 2989 2522 3045 quam
2575 2972 2790 3045 Moyses
2843 2973 3282 3036 annuntiaverat,
3320 2971 3711 3028 circumcisio:

2118 3072 2378 3142 scriptum
2405 3080 2487 3126 est
2511 3071 2658 3126 enim
2689 3089 2703 3125 :
2734 3069 2804 3124 Et
2831 3071 2962 3125 dixit
2993 3069 3129 3124 Deus
3157 3070 3224 3123 ad
3249 3066 3428 3124 Iesum
3448 3084 3466 3122 :
3484 3064 3597 3122 Fac
3625 3066 3715 3121 tibi

399 3162 744 3222 cutnrisione
758 3159 812 3215 in
844 3155 960 3232 (24)
992 3157 1250 3230 symbolis
1278 3158 1454 3228 inquit
1484 3175 1496 3210 :
1528 3155 2010 3229 lnterrogabant,et
2048 3226 2081 3235 Α
2113 3162 2350 3219 cultellos
2396 3163 2625 3235 petrinos
2652 3163 2806 3216 nimis
2835 3172 3013 3216 acutos
3044 3177 3063 3215 :
3094 3171 3139 3214 et
3169 3158 3282 3235 ('29)
3315 3157 3514 3226 adside,
3553 3157 3708 3230 105

388 3259 450 3313 in
506 3254 667 3327 virgis
716 3252 824 3307 suis
853 3226 1262 3317 “annuntiabant,
1286 3226 1473 3319 spiritu
1500 3226 1785 3304 meretricio
1813 3248 2010 3307 seducti
2037 3226 2082 3294 α
2117 3226 2529 3323 circumcideque
2559 3254 2679 3326 (30)
2698 3254 2925 3310 secundo
2956 3226 3275 3323 ﬁtioslsrael
3291 3226 3597 3324 (Jos.‘v,'2)—.

391 3360 542 3418 sunt,
569 3357 618 3403 et
646 3344 891 3419 fornicati
914 3350 1033 3397 sunt
1055 3358 1086 3396 a
1111 3339 1219 3396 Deo
1245 3357 1339 3397 suo
1361 3339 1484 3411 (0s.
1513 3355 1587 3405 tv,
1615 3341 1725 3410 12).
1760 3342 2010 3415 Agnosce

473 3506 596 3579 (‘20)
625 3505 737 3561 Hoc
763 3502 909 3579 idem
937 3509 1319 3579 argumentum
1351 3499 1617 3579 adversus
1629 3501 2001 3579 circumcisio-

397 3571 527 3639 nein
561 3571 713 3648 urget
742 3574 907 3640 etiam
932 3571 1182 3648 Justinus
1227 3571 1453 3648 Martyr,
1478 3571 1529 3625 in
1558 3571 1781 3648 dialogo
1814 3584 2002 3632 contra

394 3640 753 3719 Tripltotiettt,
782 3661 904 3717 pag.
929 3643 1033 3719 53:
1066 3640 1464 3719 Prmterea‘c'um
1512 3660 1618 3719 non
1645 3640 1804 3715 possit
1854 3649 2005 3719 [emi-

394 3714 557 3779 neant
585 3735 743 3789 genus
774 3714 1040 3789 carnalem
1080 3715 1522 3789 circumcisionem
1549 3714 1818 3772 adsumere
1836 3714 2004 3782 {satis

397 3785 615 3865 apparet
640 3792 691 3865 in
712 3790 919 3865 signum
932 3788 1110 3865 datam
1136 3785 1597 3865 circumcisionem,
1623 3803 1722 3865 non
1744 3797 2003 3859 tamquam

396 3856 534 3935 opus
554 3856 785 3935 justitiar.
815 3856 1087 3935 Quidquid
1122 3857 1257 3935 enim
1372 3858 1635 3935 justitiam
1671 3856 2006 3935 virtutemque

395 3925 655 4008 pcrtiu'et,
681 3933 834 4008 etiam
874 3925 1083 4008 feminis
1129 3926 1267 3981 Deus
1316 3925 1476 4008 dedit:
1502 3927 1736 4008 ldipsunt
1782 3931 2002 3990 brevius

396 3996 723 4078 Cyprianus,
748 3996 892 4078 llb._t
920 3997 1155 4078 Testim.
1180 4012 1307 4078 _e_ap_.
1344 3996 1409 4078 8_,_
1426 3999 1515 4052 ubi
1538 3996 1829 4078 observare
1861 4018 2000 4078 ριςπς.

398 4066 553 4134 ιέτέε
582 4066 723 4137 licet,
754 4072 946 4128 eadem
978 4070 1136 4138 Adae,
1167 4067 1327 4135 Abel,
1369 4066 1640 4135 llenocb.,
1685 4071 1801 4128 Noe
1831 4066 2003 4137 {Melo

395 4146 688 4204 chisedech
718 4142 969 4211 exempla
1000 4140 1229 4212 congeri
1256 4179 1273 4201 ,
1301 4155 1420 4210 quae
1449 4140 1569 4197 beic
1611 4157 1640 4197 a
1671 4144 1894 4201 Zenone
1920 4145 2001 4201 lu"

396 4222 517 4276 eius
545 4223 922 4290 exponuntur;
968 4212 1125 4290 quod
1151 4213 1293 4290 idem
1339 4214 1813 4290 animadvertimus
1857 4217 1999 4290 apud

397 4284 754 4347 memoratum
783 4287 1060 4362 Justinum
1114 4286 1238 4362 loco
1265 4284 1523 4362 laudato,
1554 4300 1652 4342 nec
1697 4305 1804 4344 non
1857 4284 2000 4362 apud

399 4354 1332 4427 Tertullisnum,adversusludasos
1357 4358 1529 4427 ωειλ
1556 4367 1611 4413 et
1639 4354 1912 4431 sequentf,
1944 4372 2005 4419 ut

399 4433 545 4489 nihil
570 4432 785 4487 dubium
806 4433 880 4487 sit
922 4431 1056 4501 quin
1087 4431 1207 4485 haec
1234 4440 1400 4501 penes
1424 4431 1675 4499 antiquos
1692 4432 1880 4488 Patres
1909 4450 2002 4490 suo

399 4504 601 4561 lemnia
632 4499 1197 4578 [ιιιξνὶιιιξιιιιιιςιιιιιθιιιίιἱ
1218 4499 1414 4570 quibus
1442 4502 1784 4578 circumcisio,
1814 4512 1875 4560 ut
1899 4507 2005 4578 Cy-

400 4577 723 4647 prianusAait
745 4614 762 4640 ,
795 4572 966 4644 prima
993 4572 1224 4647 carnalis
1267 4581 1508 4647 uacuam
1533 4574 1871 4647 probaretur.

478 4645 597 4720 (2i)
623 4643 948 4720 Sparaverio
964 4646 1225 4720 placeret
1248 4643 1486 4720 scribere
1501 4645 1818 4715 remedium;
1849 4664 1995 4716 nam,
2024 4656 2079 4720 1)

398 4719 603 4787 inquit,
630 4715 753 4786 quid
771 4718 933 4774 isthic
963 4717 1068 4772 loci
1096 4715 1293 4769 habeat
1315 4715 1577 4770 veritatem
1601 4732 1709 4771 non
1732 4720 1904 4776 video.
1933 4723 2001 4777 At

398 4788 531 4861 sine
557 4800 681 4842 mss.
726 4803 826 4844 nec
869 4792 1007 4861 ipse,
1041 4801 1147 4842 nec
1198 4800 1297 4840 nos
1324 4787 1593 4861 corrigere
1621 4788 1918 4859 audemus;
1947 4799 2004 4847 et

397 4857 651 4931 fortassis
680 4857 946 4916 veritatem
972 4876 1072 4931 pro
1101 4873 1275 4913 verum
1321 4857 1626 4913 medicinam
1664 4874 1695 4913 ιι
1720 4857 2003 4918 circumci-

398 4931 566 5004 sione
591 4929 884 4997 diversam,
933 4929 1057 5004 quae
1092 4936 1385 5000 utrumque
1423 4944 1610 4985 sesum
1656 4945 1781 4988 vere
1829 4940 2001 5002 curet,

398 5000 612 5059 Auctor
641 5005 867 5072 accepit.

484 5072 601 5143 (Ἡ)
632 5071 779 5127 Ειιίιι
797 5074 1067 5129 habebant
1088 5073 1141 5127 in
1163 5087 1286 5144 quo,
1309 5076 1367 5127 ut
1394 5071 1461 5128 sd
1490 5072 1659 5129 Adam
1692 5075 2005 5143 referretur,

400 5153 465 5200 et
505 5144 681 5217 inquo
723 5145 1347 5217 corrigendumjariter
1395 5144 1601 5217 notavit
1640 5148 1904 5217 quispiam
1943 5146 1997 5202 iu

404 5216 656 5284 margine
710 5229 816 5269 nis.
865 5214 1053 5287 Romp.
1102 5214 1251 5271 Sane
1295 5215 1347 5269 in
1395 5214 1568 5271 Adam
1618 5214 1790 5273 delicti
1837 5220 2004 5274 omnis

398 5300 608 5357 summ
641 5289 915 5356 reperitur
952 5288 1155 5355 verius,
1202 5301 1362 5357 quam
1408 5288 1461 5342 in
1498 5289 1625 5351 Eva,
1658 5290 1783 5345 cum
1812 5302 1879 5344 ex
1897 5290 2004 5345 illo

404 5356 775 5425 potissimum,
798 5368 1077 5430 tamquam
1106 5374 1173 5413 ex
1207 5356 1402 5430 capite,
1435 5359 1698 5430 originale
1726 5370 2001 5430 peccatum

400 5430 465 5485 in
496 5437 741 5500 posteros
779 5428 1162 5485 dimanaverit.
1211 5428 1319 5485 Sed
1344 5440 1401 5485 ut
1427 5432 1481 5484 in
1509 5428 1614 5500 qua
1654 5428 2001 5499 poneremus,

403 5499 539 5555 fecit
567 5511 672 5552 non
698 5501 876 5554 solum
915 5515 1044 5554 mss.
1080 5500 1238 5556 Rem.
1266 5509 1321 5556 et
1346 5500 1536 5572 Pomp.
1574 5503 1881 5569 auctoritas,
1910 5505 2004 5560 sed

400 5586 471 5626 ea
520 5571 823 5643 praesertim
859 5572 1246 5636 consideratio,
1285 5573 1429 5643 quod
1467 5571 1737 5632 sententia
1784 5586 1849 5631 ex
1877 5588 2007 5630 corp

400 5653 561 5698 testu
591 5640 660 5695 ad
696 5642 860 5697 Evam
884 5644 1227 5698 commodius
1245 5640 1524 5701 relerenda
1560 5644 1788 5702 videtur.
1818 5648 1878 5701 In
1906 5646 2007 5704 hac

394 5726 591 5801 auten:
615 5712 787 5801 delicti
814 5731 1017 5801 summa
1036 5716 1139 5801 dici
1161 5718 1360 5801 potuit,
1386 5727 1651 5801 quatenus
1678 5718 1791 5787 ipsa
1818 5732 2006 5801 pecca-

397 5798 520 5841 tum
556 5781 691 5840 Atla:
733 5786 928 5854 suasit,
962 5794 1021 5841 es
1062 5781 1420 5844 nihilemlnus'
1459 5788 1532 5843 illi
1578 5781 2004 5846 circumcisionis

2117 3346 2342 3402 deamus
2389 3361 2533 3403 nunc
2571 3362 2727 3418 ergo,
2771 3345 2970 3403 fratres
3004 3345 3292 3412 carissimi,
3347 3344 3581 3400 secunda
3624 3342 3712 3398 illa

2110 3506 2410 3562 remedium
2460 3506 2592 3561 nihil
2634 3506 2865 3577 prolicit.
2917 3506 3076 3563 Eram
3123 3512 3302 3561 autem
3343 3504 3481 3562 dixit
3518 3504 3706 3577 S.ian-

2112 3581 2278 3661 tistes‘
2313 3595 2409 3661 pro
2436 3576 2705 3661 universis
2731 3578 2968 3661 feminis=
3001 3579 3194 3660 quibus
3218 3578 3560 3661 circumcisio
3581 3576 3705 3659 data

2112 3664 2219 3704 non
2253 3648 2385 3720 fuit,
2405 3650 2544 3720 sicut
2574 3650 2741 3703 Adam
2772 3665 2870 3720 pro
2918 3651 3051 3704 viris
3090 3648 3341 3720 omnibus
3388 3649 3702 3704 muminrivit.

2185 3718 2464 3793 (Ξῦλιίειε.
2496 3719 2632 3775 Zen.
2656 3731 2709 3775 et
2744 3718 2929 3793 l‘omp.
2952 3736 3072 3793 cum
3098 3721 3226 3776 edit.
3263 3719 3424 3781 Veu.,
3445 3721 3705 3793 {maritu-

2112 3790 2433 3846 diuis.'Dein
2466 3807 2562 3861 pro
2588 3792 2827 3861 contritio
2858 3790 2959 3847 ms.
2991 3790 3200 3850 Urbln..
3232 3791 3509 3846 contentio.

2191 3862 2313 3934 (2b)
2353 3862 2630 3932 Scriptum
2667 3871 2753 3919 est
2778 3864 2831 3918 in
2853 3862 3119 3934 symbolis,
3151 3872 3206 3916 ut
3226 3862 3574 3931 signiﬁcetur.
3595 3861 3701 3915 cir-

2108 3934 2496 3989 cumcisionem
2546 3934 2688 4003 apud
2735 3937 2928 3990 Oscam
2979 3936 3080 3989 sub
3136 3937 3355 4001 llgtsrnla
3411 3934 3700 3994 locutione,

2109 4022 2270 4077 quam
2301 4014 2478 4060 tostus
2511 4006 2745 4072 praefert,
2777 4004 3098 4070 iudicatam;
3129 4004 3414 4077 symbolum
3435 4006 3579 4077 enim
3603 4016 3700 4073 pro

2108 4074 2267 4147 signo
2297 4077 2531 4132 obscuro
2558 4087 2613 4132 et
2654 4077 3024 4146 metaphorieo
3063 4075 3202 4129 sumi
3245 4075 3315 4128 sb
3351 4074 3588 4145 antiquis
3613 4093 3703 4129 so-

2107 4149 2201 4204 let.
2226 4156 2285 4203 ut
2312 4148 2454 4204 apud
2480 4148 2733 4203 Basilium
2750 4148 2981 4204 Fabrum
3004 4147 3186 4202 videre
3211 4154 3313 4204 est.
3348 4149 3404 4200 in
3424 4145 3703 4201 Theseum

2127 4161 2201 4212 ει,
2226 4161 2285 4203 Ill
2312 4161 2454 4213 apud
2480 4161 2733 4203 uesstnnn
2751 4161 2981 4204 rubrum
3004 4161 3186 4202 Vluel‘e
3211 4161 3313 4213 θῧῐ,
3348 4162 3404 4200 ιιι
3425 4161 3456 4201 ‘I
3472 4161 3703 4201 ιιθθιιιιτο

2107 4165 2201 4212 tet,
2226 4165 2285 4203 ιιι
2312 4165 2454 4217 apuu
2480 4165 2733 4203 uasnnnn
2751 4165 2981 4204 reorum
3004 4165 3186 4202 vnuere
3211 4165 3313 4213 est,
3348 4165 3404 4200 in
3436 4165 3703 4201 snesauro

2106 4218 2790 4291 erudit.,rv.q8ymbolum.
2822 4219 3082 4275 Similiter
3119 4218 3396 4289 symbolice
3424 4232 3523 4286 pro
3560 4217 3709 4287 ﬁgm-

2106 4302 2219 4345 rate
2248 4290 2386 4346 dislt
2409 4290 2547 4348 Gell.
2578 4291 2615 4345 ι.
2642 4307 2722 4358 vr,
2751 4306 2801 4345 c.
2830 4291 2916 4345 ll.

2182 4362 2313 4435 (25)
2348 4362 2447 4418 Ms.
2476 4363 2635 4435 “Vat.
2671 4357 3033 4435 miserrimum.
3076 4360 3202 4415 Post
3235 4372 3401 4429 pauca
3427 4372 3522 4429 pro
3550 4368 3596 4413 et
3618 4357 3703 4414 die

2108 4431 2242 4507 mss.
2278 4431 2433 4507 Rem.
2471 4433 2592 4489 Vat.
2618 4431 2995 4507 Pump._Edis_:.

2204 4506 2296 4577 20)
2327 4504 2417 4577 Sic
2441 4513 2497 4560 et
2528 4519 2659 4577 mss.
2687 4514 2744 4560 et
2758 4501 2896 4577 :edit.
2926 4502 3062 4577 ven.
3091 4501 3416 4577 restitutum.

2204 4571 2301 4702 Si!)
2358 4575 2458 4632 Iis.
2509 4576 2698 4633 Urbin.
2762 4571 3128 4662 Videte.‘Mos
3172 4572 3292 4644 quia
3320 4586 3419 4644 pro
3467 4571 3603 4642 quod
3647 4571 3702 4628 in

2204 4690 2208 4702 .
2276 4662 2366 4702 en.

2104 4664 2208 4705 ms.
2233 4662 2341 4704 L90
2354 4689 2366 4702 .

2180 4720 2296 4804 (εδ)
2324 4718 2541 4804 “terra
2559 4720 2750 4804 νηεηιῖεε
2774 4716 2901 4801 dicit
2924 4715 3190 4804 ιπο
3211 4715 3517 4804 virentis???
3541 4714 3705 4804 fair:

2105 4785 2286 4863 [ει-ἴοή
2312 4785 2457 4861 parte
2476 4792 2630 4846 situm
2656 4790 3000 4845 circumcidis.
3026 4787 3177 4863 Idem
3196 4790 3515 4863 prgeputium
3541 4785 3702 4863 paulo

2107 4856 2230 4936 post
2255 4856 2564 4936 injuriosam
2585 4867 2815 4933 corporis
2840 4863 3020 4936 stipem
3049 4861 3159 4914 Deo
3189 4859 3375 4936 tributi
3409 4858 3528 4936 loco
3552 4856 3700 4911 obla-

2110 4929 2217 4988 iam
2250 4929 2425 4990 vocat.
2465 4934 2594 4989 Post
2627 4929 2793 5004 pauca
2825 4929 3089 4987 existimas
3116 4944 3217 5001 pro
3241 4929 3468 5004 tegimus
3512 4929 3563 4982 in
3595 4940 3701 5004 ius.

2110 5005 2323 5060 Tolent.
2354 5005 2457 5061 Sed
2484 4998 2682 5060 animo
2713 5020 2813 5075 pro
2836 5004 3069 5058 existimo
3113 4998 3253 5071 apud
3282 4998 3557 5056 Zenonem
3591 4998 3700 5053 ire-

2110 5090 2283 5147 quens
2305 5076 2564 5147 invenies.

2078 5184 2093 5200 .
2128 5140 2143 5147 ’
2176 5146 2295 5216 (‘19)
2323 5145 2384 5199 In
2410 5146 2540 5201 edit.
2567 5144 2694 5200 Ver.
2724 5146 3001 5216 legebatur
3028 5144 3267 5216 abscinde
3293 5155 3312 5197 :
3334 5143 3391 5197 in
3406 5140 3538 5216 edit.
3562 5140 3698 5216 ven.

2109 5210 2339 5272 abscides
2364 5233 2383 5271 :
2414 5218 2466 5271 in
2497 5231 2625 5272 mss.
2651 5210 2868 5287 Pomp,
2897 5217 3030 5272 Zen.
3064 5210 3271 5287 abscide
3292 5224 3347 5268 et
3370 5213 3700 5287 circumcide.

2112 5289 2188 5344 Es
2211 5288 2335 5343 cod.
2361 5298 2539 5342 autem
2560 5288 2718 5343 Rem.
2737 5283 2919 5343 adside
2941 5285 3563 5358 placuitscriber_e,__cum
3587 5283 3702 5358 hac

2113 5359 2272 5416 lectio
2299 5360 2582 5415 conveniat
2607 5373 2730 5413 cum
2755 5367 2903 5416 testu
2926 5353 3282 5424 luterpretum
3305 5353 3473 5420 LXX,
3497 5371 3563 5410 ex
3584 5356 3704 5424 qni-

2113 5376 2272 5416 Iecuo
2299 5376 2582 5415 conveniat
2607 5376 2730 5413 cum
2755 5376 2903 5416 testu
2928 5376 3070 5415 ιιιιθι·
3111 5376 3282 5413 return
3307 5376 3473 5420 ιλιι,
3497 5376 3563 5410 ex
3584 5376 3701 5424 qut-

2112 5430 2359 5510 b_us__l_ta:c
2384 5429 2579 5510 Latine
2615 5429 2826 5486 reddita
2869 5441 3015 5510 sunt.
3045 5376 3378 5510 ﬁndendus.
3399 5428 3584 5488 etiam,
3609 5425 3701 5510 ςιρί

2113 5502 2361 5557 similiter
2383 5505 2526 5556 hunc
2554 5510 2757 5557 testum
2800 5504 3013 5568 recitat,
3045 5502 3138 5557 lib.
3170 5516 3222 5554 tv
3252 5498 3425 5553 lnstit.
3459 5510 3578 5565 cap.
3609 5496 3697 5563 t7,

2115 5573 2277 5629 habet
2319 5584 2366 5629 et
2405 5575 2537 5627 sede.
2591 5575 3179 5700 tlyprianuzggmquc,
3213 5571 3353 5626 lib.‘t
3398 5568 3698 5623 Testimon.

2115 5660 2229 5700 can.
2260 5645 2314 5700 8.
2347 5655 2393 5700 et
2417 5645 2655 5700 adsidens
2677 5647 2865 5700 circum
2986 5683 2999 5698 .

2110 5660 2229 5716 cap.
2260 5645 2314 5709 8,
2347 5655 2393 5700 et
2417 5645 2655 5709 adsidens
2677 5645 2999 5700 circumcide.

2187 5709 2309 5789 (50)
2353 5717 2560 5773 Omnes
2610 5716 2720 5789 jam
2767 5717 3099 5789 lnterpreAtes
3127 5712 3342 5789 attica!!!
3380 5716 3583 5763 tantum
3605 5709 3686 5763 (εἰν

2109 5782 2498 5848 euinci'sionem
2532 5782 2640 5845 boi
2682 5782 2981 5857 Scriptura:
3007 5786 3133 5841 loco
3154 5782 3355 5841 Iudicis
3381 5790 3715 5852 praeoptare
