4216 6178
314 5826 381 5871 ’Ἃ

508 290 578 346 ὂῖὶ
591 295 607 349 l

1863 284 2109 345 SANCTI
2148 286 2443 344 ZENONIS

3714 286 3821 342 339.

506 409 846 466 circumcisio
876 409 943 463 ab
967 409 1095 465 Jesu
1142 407 1307 473 Nave,
1338 419 1446 477 quo
1474 420 1675 476 genere
1719 404 1990 461 celebrata
2035 405 2106 459 sit
2134 405 2183 464 Α
2211 403 2328 476 (55)
2377 404 2663 475 potuisset.
2702 404 2780 461 Eo
2828 403 3058 469 accedit,
3088 402 3234 475 quod
3266 401 3565 459 secundum
3602 417 3822 460 carnem

509 503 743 575 petrinis
774 502 880 558 illis
903 501 1092 556 cultris
1126 514 1259 556 :cor
1302 514 1370 553 an
1396 499 1717 570 praeputium
1757 496 2111 553 circumcide-

510 595 601 651 rit.
636 593 852 649 Etenim
885 593 931 648 si
958 592 1251 649 secundum
1286 591 1433 661 ipsos
1456 606 1556 643 nos
1584 604 1797 661 quoque
1818 589 2113 644 carnaliter

509 687 829 753 sentiamus,
874 687 1036 740 ambo
1073 686 1355 757 prophetat
1398 676 1726 739 tenebuntur
1764 683 1817 738 itt
1854 685 2107 750 crimine,

510 790 573 838 ut
593 794 683 836 aut
712 781 924 853 Moyses
950 780 1106 835 fallax
1131 781 1225 847 sit,
1254 780 1296 833 si
1328 778 1805 851 (St)circumcisio
1820 777 2110 831 circumci-

518 873 665 928 ditur
690 888 930 937 rursum,
960 882 1019 927 ut
1059 871 1163 927 hoc
1193 870 1334 926 idem
1368 872 1550 936 faciat,
1600 882 1692 925 aut
1719 880 1797 937 ιιι,
1828 868 1971 939 quod
2006 884 2112 922 non

513 963 731 1029 habeat,
764 966 988 1035 perdat;
1031 975 1123 1018 aut
1168 972 1316 1018 certe
1342 963 1503 1019 Jesus
1529 962 1678 1018 Nave
1722 961 1985 1033 parricida
2019 963 2111 1027 sit,

512 1057 557 1113 si
588 1057 778 1113 cultris
800 1058 962 1112 corda
994 1056 1271 1111 hominum
1299 1056 1539 1111 desecat.

591 1149 725 1205 VIII.
761 1150 868 1207 Sed
914 1149 1095 1213 absit,
1125 1150 1337 1214 fratres,
1391 1156 1449 1203 ut
1496 1147 1766 1219 spiritales
1812 1147 1959 1202 viros
2006 1147 2116 1203 ullo

517 1250 802 1312 tangamus
821 1256 1028 1305 errore,
1064 1242 1296 1295 maxime
1318 1255 1438 1295 eum
1464 1239 1750 1311 prophetia
1777 1238 1843 1293 ad
1876 1240 1958 1293 sui
1983 1239 2115 1294 dicti

510 1334 623 1407 jam
656 1334 962 1404 pervenerit
992 1334 1273 1388 veritatem
1305 1350 1317 1386 :
1348 1332 1506 1389 Jesus
1538 1332 1682 1388 enim
1726 1331 1876 1387 Nave
1914 1330 2115 1386 Christi

522 1430 810 1501 imaginem
861 1428 1202 1498 pra-ferebat,
1262 1428 1350 1497 qui
1397 1442 1558 1481 verus
1598 1427 1837 1480 omnium
1884 1425 2120 1479 salvator

521 1537 644 1578 esse
671 1522 1017 1593 cognoscitur
1048 1533 1097 1575 et
1129 1519 1287 1575 factis
1312 1528 1366 1573 et
1398 1520 1654 1575 nomine:
1684 1518 1771 1573 hic
1803 1519 1968 1582 enim,
1993 1518 2116 1587 quia

520 1615 638 1685 ipse
665 1613 841 1669 dictus
885 1625 969 1668 est
1012 1614 1173 1668 etiam
1204 1622 1351 1680 petra
1385 1610 1429 1683 (Ι
1461 1608 1583 1666 Cor.
1616 1626 1672 1675 x,
1716 1610 1797 1682 4).
1834 1620 1979 1665 recte
2003 1610 2118 1665 cul-

521 1706 685 1762 tellos
724 1706 964 1776 petrinos
1013 1703 1138 1759 fecit
1170 1703 1336 1775 (unde
1382 1718 1489 1757 non
1532 1703 1648 1758 sine
1695 1702 1903 1757 ratione
1940 1712 1993 1757 et
2036 1700 2122 1757 Si-

2218 495 2383 550 David
2417 494 2559 550 filius
2587 495 2797 551 futurus
2826 510 2949 550 esse
2978 494 3309 560 cauebatur;
3341 494 3432 565 qui
3462 494 3565 549 nisi
3595 502 3825 562 paterno

2215 588 2432 661 generis
2478 589 2759 658 signaculo
2802 588 3192 659 responderet;
3242 601 3419 658 neque
3465 587 3629 642 David
3679 587 3823 643 filius

2216 693 2381 748 esset,
2415 699 2587 753 neque
2615 684 2718 739 nisi
2743 684 2797 739 in
2829 684 2995 738 ﬁlium
3032 682 3196 737 David
3227 682 3478 738 Christus
3508 681 3697 736 venire
3723 698 3824 752 po-

2219 776 2432 839 tuisset,
2465 776 2555 846 qui
2609 775 2730 831 ideo
2762 774 3115 829 circumcisus
3155 782 3261 839 est,
3310 773 3433 843 quia
3464 771 3671 828 Iudaeis
3707 780 3825 828 erat

2219 869 2537 939 promissus,
2573 869 2695 925 ideo
2723 883 2847 923 cum
2879 868 3142 939 praeputio
3174 878 3349 930 natus,
3380 868 3502 937 quia
3552 869 3602 921 in
3661 877 3824 923 acter-

2220 978 2347 1017 num
2388 961 2784 1017 incircumcisis
2813 962 3062 1030 gentibus
3095 962 3269 1016 fuerat
3301 960 3641 1031 profuturus.

2292 1054 2363 1109 X.
2396 1054 2647 1109 Diximus
2674 1054 2744 1109 de
2785 1055 2953 1124 prima
2995 1054 3413 1109 circumcisione
3441 1052 3671 1118 carnali,
3704 1069 3825 1124 qua:

2220 1146 2528 1203 Judaeorum
2559 1156 2643 1201 est
2679 1166 2691 1200 :
2720 1162 2863 1202 nunc
2906 1146 3146 1202 breviter
3190 1147 3259 1202 de
3288 1147 3523 1202 secunda
3569 1148 3823 1217 spiritali,

2222 1256 2343 1311 quae
2374 1249 2557 1296 nostra
2588 1250 2690 1301 est.
2722 1241 3018 1307 edicamus,
3045 1256 3163 1310 quae
3186 1248 3393 1295 tantum
3429 1241 3710 1309 potestatis
3732 1255 3825 1311 ge-

2219 1334 2313 1400 rit,
2356 1343 2416 1388 ut
2452 1333 2564 1404 ('54)
2618 1348 2646 1387 a
2679 1333 2875 1389 femina
2926 1334 3175 1401 cmperit,
3203 1334 3346 1402 quod
3380 1334 3541 1399 priori
3574 1333 3826 1396 impossi-

2219 1427 2329 1483 bile
2377 1426 2493 1480 fuit.
2529 1427 2773 1495 Denique
2801 1442 2830 1481 a
2878 1427 3127 1491 muliere,
3154 1441 3276 1496 qum
3302 1426 3452 1497 prior
3484 1433 3821 1494 peccaverat,

2219 1518 2643 1575 circumcisionis
2662 1519 2850 1589 incipit
2881 1535 3028 1573 cura.
3065 1519 3129 1573 Et
3159 1519 3279 1588 quia
3300 1518 3418 1591 (‘55)
3449 1519 3702 1574 suasione
3728 1534 3828 1590 per

2222 1626 2407 1667 aurem
2436 1612 2688 1681 irrepens
2714 1611 2981 1677 diabolus,
3011 1610 3179 1666 Evam
3208 1611 3500 1667 vulnerans
3529 1611 3827 1668 intereme-

2222 1713 2344 1770 rat;
2390 1703 2488 1774 per
2542 1719 2727 1758 aurem
2779 1704 2986 1758 intrans
3030 1702 3280 1758 Christus
3332 1705 3385 1758 in
3430 1704 3673 1771 Mariam,
3708 1705 3830 1759 uni-

525 1799 694 1863 moni,
740 1812 902 1866 super
928 1811 1085 1865 quem
1114 1794 1397 1850 aediIiCavit
1445 1793 1762 1855 Ecclesiam,
1796 1793 1981 1847 Petrus
2028 1809 2121 1849 no-
2153 1794 2202 1855 B
2228 1812 2379 1852 versa
2403 1797 2584 1851 cordis
2616 1797 2835 1852 desetat
2871 1797 2999 1851 vitia
3026 1814 3040 1850 :
3074 1797 3373 1867 vulnusque
3405 1797 3671 1857 mulieris.
3698 1796 3826 1851 dum

529 1906 651 1946 men
680 1889 968 1963 imposuit(
981 1888 1147 1943 Marc.
1193 1904 1249 1943 ιιι
1268 1929 1282 1953 ,
1315 1886 1402 1959 16)
1436 1887 1485 1941 id
1509 1895 1594 1941 est
1613 1901 1706 1941 sua
1732 1885 1979 1941 doctrina
2007 1887 2124 1960 (52)

532 1982 817 2048 formatos,
861 1991 914 2036 et
938 1982 1172 2051 Spiritus
1201 1981 1373 2035 sancti
1407 1981 1536 2034 lima
1568 1981 1903 2034 acuminatas
1923 1981 2129 2035 consti-

530 2078 632 2132 tuit
680 2076 825 2131 viros
865 2074 1142 2144 apostolos
1189 2088 1486 2142 omnesque
1532 2071 1825 2142 discipulos
1857 2090 1871 2127 :
1900 2087 2127 2143 quorum

531 2167 789 2226 salutaria
841 2167 1043 2221 monita
1090 2164 1410 2221 canentibus
1455 2164 1669 2233 linguis,
1711 2163 1866 2233 quasi
1911 2164 2167 2239 quibus—_

532 2264 656 2317 dam
687 2259 1022 2330 Spiritalibus
1051 2258 1241 2315 cultris
1290 2259 1620 2315 credentium
1652 2257 1994 2327 populorum,
2041 2270 2127 2314 se'-

529 2355 764 2411 cundum
797 2352 997 2426 Moysis
1027 2352 1226 2408 dictum
1258 2350 1439 2424 (Deut.
1467 2368 1597 2417 xxx,
1631 2350 1709 2419 6),
1742 2366 1846 2407 non
1898 2352 1951 2406 in
1980 2351 2131 2407 dam-

531 2461 660 2501 num
695 2445 929 2501 hominis
974 2444 1133 2518 106
1165 2444 1481 2516 panttlium
1525 2446 1724 2513 carnis,
1773 2446 1868 2501 sed
1900 2446 1953 2501 itt
2001 2462 2132 2517 aug-

533 2548 774 2595 mentum
820 2538 1054 2594 hominis
1099 2539 1420 2609 prmputium
1470 2536 1763 2595 facinorosi
1816 2539 1997 2595 cordis
2050 2542 2131 2596 in-

527 2631 677 2687 εῖδει.
965 2614 975 2625 ’

606 2722 699 2779 IX.
748 2724 817 2777 At
860 2721 1090 2777 fortasse
1136 2720 1313 2777 adlmc
1352 2722 1617 2793 quiSpiam
1670 2722 1814 2778 dicat
1876 2737 1973 2778 cur
2014 2724 2129 2794 ipse

532 2834 747 2890 quoque
771 2817 1104 2888 signaculum
1132 2816 1312 2871 carnis
1335 2817 1567 2887 accepit,
1609 2817 1654 2871 si
1683 2817 1730 2871 ci
1764 2818 2127 2872 necessarium

536 2925 643 2965 non
677 2909 810 2964 fuit?
841 2908 1009 2979 Hujus
1047 2908 1431 2979 prepositionis
1466 2924 1587 2979 qua:
1616 2909 1683 2962 sit
1709 2910 1867 2973 ratio,
1904 2909 2120 2975 fratres,

534 3002 784 3070 accipite.
814 2999 980 3071 Igitur
1009 3000 1097 3070 qui
1143 3010 1364 3054 venerat
1390 3001 1660 3054 hominem
1706 3002 1995 3067 viviticare,
2032 3018 2127 3072 per

534 3093 808 3149 hominem
843 3078 1064 3149 necesse
1111 3093 1317 3159 habuit,
1362 3109 1428 3149 ne
1466 3094 1781 3163 phantasma
1827 3106 2123 3165 putaretur,

2233 1891 2299 1946 de
2322 1890 2526 1960 virgine
2558 1890 2817 1955 nascitur,
2862 1899 3038 1944 curat.
3071 1889 3295 1959 Signum
3344 1889 3536 1945 salutis
3574 1890 3825 1957 accipite.

2230 1984 2606 2054 Corruptelatn
2640 1984 2944 2054 integritas,
2976 1992 3187 2053 partum
3211 1992 3295 2039 est
3314 1993 3496 2039 secuta
3522 1983 3825 2054 virginitas.

2232 2077 2403 2133 Adam
2460 2076 2712 2132 similiter
2765 2075 3037 2131 dominica
3090 2075 3499 2131 circumciditur
3545 2090 3727 2140 cruce,
3774 2084 3833 2130 et

2232 2171 2357 2240 quia
2387 2184 2482 2241 per
2502 2169 2807 2233 mulierem,
2841 2184 2961 2239 quae
2991 2170 3103 2224 sola
3127 2170 3326 2240 lignum
3360 2167 3558 2226 lethale
3582 2168 3830 2236 contige-

2233 2271 2337 2330 rat,
2381 2272 2669 2332 exceperat
2715 2272 2940 2331 uterque
2984 2277 3148 2317 sexus
3199 2261 3506 2329 interitum;
3553 2276 3585 2317 e
3613 2259 3832 2316 diverso

2234 2372 2331 2427 per
2356 2357 2528 2411 virum
2554 2356 2698 2426 ligno
2726 2370 3048 2427 srmpensum
3082 2353 3406 2409 vivificatum
3440 2363 3525 2409 est
3553 2368 3716 2408 omne
3740 2369 3833 2424 ge-

2234 2463 2335 2503 nus
2363 2448 2677 2503 humanum.
2698 2448 2776 2503 Ac
2802 2463 2869 2503 ne
2901 2462 3006 2501 non
3038 2462 3103 2502 ex
3144 2448 3354 2515 integro
3381 2446 3703 2516 principium
3732 2461 3846 2501 suo-

2234 2542 2396 2597 statui
2424 2540 2689 2595 redditum
2720 2539 3019 2605 videretur,
3041 2539 3191 2609 prior
3217 2539 3301 2594 vir
3337 2546 3747 2594 consummatur
3775 2538 3829 2592 in

2233 2649 2395 2690 cruce
2426 2652 2437 2687 :
2468 2644 2628 2703 atque
2657 2647 2723 2687 eo
2748 2631 2977 2687 feliciter
3003 2638 3279 2699 soporato,
3324 2629 3574 2684 similiter
3602 2629 3670 2684 de
3711 2626 3832 2697 ejus

2234 2729 2405 2784 latere
2452 2728 2561 2782 ictu
2614 2726 2819 2781 lanceae
2868 2739 2976 2780 non
3019 2732 3166 2779 costa
3221 2722 3533 2789 divellitur,
3593 2720 3687 2777 sed
3739 2736 3837 2789 per

2233 2835 2427 2892 aquam
2457 2830 2511 2875 et
2537 2819 2875 2890 sanguinem,
2905 2817 3047 2888 quod
3066 2826 3149 2872 est
3174 2816 3499 2884 baptismum
3528 2823 3689 2885 atque
3713 2812 3831 2885 (36)

2236 2912 2574 2985 martyrium,
2607 2911 2851 2982 spiritale
2878 2925 3076 2980 corpus
3104 2907 3363 2976 Spiritalis
3392 2906 3610 2962 feminm
3659 2904 3833 2960 effun-

2231 3006 2396 3070 ditur,
2444 3015 2503 3058 ut
2529 3003 2764 3073 legitime
2793 3001 2964 3057 Adam
3000 3016 3095 3071 per
3123 2998 3419 3065 Christum,
3456 2999 3566 3054 Eva
3605 3014 3700 3068 per
3729 2996 3835 3052 Ec.

2232 3099 2456 3154 clcsiam
2488 3104 2857 3152 renovaretur.

533 3186 708 3241 edicta
746 3185 879 3261 legis
910 3184 1157 3241 universa
1205 3186 1480 3256 complere
1515 3205 1527 3241 :
1562 3204 1667 3244 non
1695 3189 1837 3243 enim
1867 3198 1959 3245 aut
2003 3189 2125 3245 ﬁnis
2150 3187 2196 3251 C
2307 3191 2461 3264 107
2509 3189 2602 3246 XI.
2637 3189 2750 3244 Hoc
2790 3203 2910 3256 nos,
2944 3187 3160 3255 fratres,
3192 3176 3535 3242 sacramento
3566 3193 3670 3237 tam
3702 3181 3833 3247 viri,

531 3278 690 3349 legis,
724 3289 816 3334 aut
846 3293 1011 3333 verus
1037 3277 1284 3333 Christus
1314 3294 1433 3335 esse
1458 3280 1738 3348 potuisset,
1767 3281 1811 3335 si
1840 3282 1964 3351 quid
1990 3298 2127 3349 prte-

531 3371 871 3437 tertuitteret,
905 3370 1047 3440 quod
1087 3371 1156 3424 ab
1207 3372 1313 3425 alio
1359 3371 1518 3425 saluti
1559 3370 1836 3427 hominum
1876 3374 2121 3443 praestari

530 3520 584 3565 et
635 3517 908 3579 peractam
961 3509 1178 3581 quidem
1229 3518 1562 3579 agnoscunt;
1619 3520 1903 3579 postquam
1956 3511 2008 3565 hi
2057 3528 2123 3566 cx

531 3596 716 3634 eremo
747 3583 798 3634 in
831 3593 1026 3635 terram
1057 3581 1459 3651 pollicitationis
1494 3596 1822 3647 pervenere;
1850 3597 1972 3636 cum
2017 3583 2124 3637 lle-

530 3651 709 3707 bra-os
757 3654 809 3707 in
868 3650 1069 3707 eremo
1107 3650 1572 3707 circumcisiouetn
1635 3667 1741 3706 nou
1792 3652 2123 3719 adhibuisse,

531 3722 870 3787 exploratum
902 3725 969 3778 sit
996 3740 1060 3779 ex
1089 3725 1174 3785 iis,
1207 3737 1328 3793 qute
1351 3721 1540 3775 codem
1567 3721 1730 3778 Iosue
1751 3726 1926 3792 capite
1955 3725 2122 3789 subji-

533 3795 769 3860 ciuntur,
805 3810 945 3849 vers.
970 3799 1003 3849 6
1032 3805 1087 3851 et
1112 3795 1165 3848 7.
1198 3795 1305 3849 Cur
1331 3793 1679 3848 nihilominus
1705 3795 1902 3850 dictum
1925 3795 1996 3853 sit
2023 3796 2127 3849 cir-

533 3867 765 3919 cumcide
794 3868 1037 3929 secundo,
1062 3881 1181 3921 cum
1210 3880 1295 3927 ea,
1339 3879 1458 3933 qua:
1489 3865 1921 3934 praecipiebatur,
1958 3867 2125 3934 prima

532 3936 875 3991 circumcisio
926 3936 1120 3999 fuerit,
1170 3935 1549 4005 percommode
1593 3938 1823 4006 explicat
1869 3940 2127 3994 Andrrras

535 4006 731 4062 Masius
760 4008 814 4062 in
860 4010 1000 4063 hunc
1036 4009 1232 4065 locum.
1268 4022 1429 4078 quem
1449 4007 1654 4073 videre,
1680 4008 1868 4073 lector,
1903 4010 2123 4078 poteris.

534 4079 799 4134 (latterum
827 4079 1057 4133 Zenonis
1104 4077 1474 4147 interpretatio
1524 4079 1814 4134 secundam
1849 4077 1986 4136 hanc
2016 4081 2122 4134 cir-

533 4151 914 4206 cutucisionem
949 4150 1014 4205 ad
1040 4150 1507 4204 circumcisionem
1537 4150 1718 4205 cordis
1746 4152 1946 4205 idcirco
1976 4160 2126 4206 retu-

536 4219 624 4292 lit,
645 4236 750 4274 non
774 4222 914 4292 quod
936 4223 1161 4290 primam
1191 4221 1310 4276 illos
1333 4221 1441 4288 jam
1464 4232 1590 4276 ante
1629 4223 1860 4278 subiisse
1890 4231 2123 4290 putaret,

531 4290 627 4364 sed
648 4290 806 4361 quod
823 4293 874 4348 in
906 4293 1013 4356 illa,
1033 4308 1151 4364 qua:
1182 4294 1349 4361 prima
1374 4307 1500 4364 vere
1524 4302 1661 4361 erat,
1686 4294 1975 4348 secundam
2002 4309 2123 4347 cor-

535 4361 617 4433 dis
643 4361 1110 4419 cirCumt-isione'm
1139 4361 1602 4433 praesigniﬁcatatu
1635 4365 1893 4419 solemnis
1923 4365 2128 4421 ferebat

538 4432 756 4489 Patrum
788 4432 1456 4503 antiquorumsententia,
1485 4449 1547 4489 ac
1577 4438 1873 4503 przesertim
1903 4435 2120 4501 Justini,

531 4504 809 4576 Cypriani,
841 4516 895 4563 et
916 4507 1177 4561 Lactantii
1204 4547 1218 4570 ,
1262 4521 1399 4576 quos
1440 4504 1710 4561 Zenonem
1744 4519 1989 4563 secutum
2047 4506 2129 4561 ni—

539 4573 619 4656 hil
647 4578 987 4660 ambigli‘nms.
1031 4580 1200 4660 Quin“
1216 4573 1378 4660 etis.
1419 4577 1802 4660 Hieronytntts,
1836 4580 1887 4633 in
1918 4592 2127 4660 czip:_ttt

2235 3302 2393 3355 quam
2441 3285 2675 3340 fosminae
2705 3283 3184 3339 circumcidimur:
3222 3281 3325 3336 hoc
3372 3281 3605 3349 Spiritus
3652 3279 3837 3336 Sancti

2231 3391 2338 3432 non
2367 3376 2483 3449 (ὅτ)
2514 3377 2815 3447 signaculo,
2847 3376 2941 3431 sed
2972 3377 3449 3447 signocensemnr.
3470 3374 3577 3429 llac
3599 3374 3837 3429 circum-

2232 3513 2376 3568 clare
2400 3513 2846 3582 interpretantem
2872 3511 3216 3566 Franciscum
3242 3510 3644 3582 Sparaverium,
3661 3507 3712 3562 in
3734 3508 3835 3563 οι).

2235 3586 2657 3649 servationihus,
2690 3600 2824 3646 quas
2851 3591 2973 3650 post
2996 3588 3033 3635 A
3046 3582 3360 3650 ppendicem
3390 3581 3671 3641 addemus.

2306 3655 2421 3727 (52)
2455 3656 2551 3709 Ms.
2579 3655 2757 3727 Rem,
2790 3649 3045 3727 formatur
3066 3654 3297 3720 Spiritus
3325 3654 3523 3727 sancti;
3546 3665 3675 3705 mss.
3709 3649 3831 3727 Tol.

2234 3736 2290 3781 et
2315 3723 2445 3781 Zeti.
2476 3742 2595 3795 cum
2626 3723 2863 3780 editione
2893 3725 3052 3789 Ven.,
3086 3729 3337 3794 formatus
3367 3723 3597 3792 Spiritus
3643 3724 3830 3777 sancti.

2338 3798 2430 3863 55)
2466 3797 2789 3867 Oportuisset
2821 3798 2871 3851 in
2911 3795 3042 3867 edit.
3081 3795 3214 3867 Ven.

2333 3868 2429 3938 5i)
2470 3864 2730 3922 Nitttirutn
2782 3883 2810 3920 a
2863 3867 2931 3920 M.
2976 3865 3236 3936 Virgine,
3282 3866 3540 3938 genitrice
3566 3864 3703 3935 ejus,
3745 3864 3839 3934 qui

2235 3937 2473 3994 uniuersa
2505 3940 2673 3992 cordis
2698 3938 2897 3993 desecat
2920 3938 3064 4003 uitia,
3091 3949 3144 3989 Ill
3179 3940 3230 3990 in
3263 3937 3614 4007 sequentibus
3642 3945 3837 4007 auctor

2234 4013 2490 4078 explicat.
2531 4010 2787 4064 Solenme
2816 4019 2995 4062 autem
3027 4018 3108 4061 est
3135 4006 3386 4067 Patriluts
3409 4008 3477 4062 Μ.
3518 4006 3720 4077 Virgini
3744 4021 3837 4060 sa-

2234 4077 2362 4136 lutis
2389 4081 2671 4135 eXordium
2692 4080 2953 4144 tribuere,
2983 4080 3142 4133 sicuti
3169 4079 3237 4132 ab
3262 4079 3369 4133 Eva
3391 4077 3708 4146 perditionis
3732 4078 3842 4130 ini-

2235 4153 2367 4207 tittm
2401 4153 2697 4224 profectum
2734 4159 3054 4224 agnoscunt.
3088 4150 3226 4206 Vide
3248 4150 3529 4224 Irerna'um,
3562 4147 3839 4224 inter_ca:-

2233 4218 2408 4287 teres,
2430 4224 2523 4285 lib.
2561 4218 2636 4286 ui,
2667 4238 2716 4275 c.
2748 4222 2837 4287 55,
2874 4233 2930 4274 et
2958 4221 3055 4276 lib.
3088 4238 3141 4282 v.
3163 4236 3282 4289 cap.
3320 4221 3405 4287 19,
3435 4234 3533 4276 nec
3560 4235 3668 4274 non
3694 4218 3841 4274 Ter-

2233 4295 2514 4349 tulliauum
2549 4294 2614 4347 de
2640 4292 2813 4346 Carne
2842 4291 3045 4346 Christi
3068 4307 3187 4360 cap.
3224 4292 3311 4346 i7.

2302 4366 2420 4434 (55)
2469 4364 2611 4419 Edit.
2641 4363 2797 4427 Ven,
2826 4364 3117 4434 suasionem
3142 4380 3160 4417 :
3188 4363 3380 4417 melior
3405 4372 3583 4418 autem
3610 4361 3722 4416 visa
3753 4369 3845 4416 est

2230 4451 2363 4492 mss.
2404 4438 2589 4502 Pomp.
2624 4435 2759 4489 Zeu.
2789 4446 2843 4489 et
2869 4434 2997 4489 edit.
3029 4433 3251 4489 Venetae
3279 4434 3456 4489 lectio.

2312 4507 2431 4579 ('56)
2467 4507 2778 4578 Martytium
2822 4506 3162 4579 baptismatis
3196 4506 3371 4579 vicem
3403 4504 3675 4574 supplere.
3708 4519 3843 4579 cum

2234 4574 2500 4647 baptisma
2532 4574 2683 4648 aqua:
2730 4577 2985 4646 consequi
3036 4575 3300 4646 quispiam
3347 4584 3599 4648 nequeat.
3643 4585 3698 4631 et
3727 4574 3842 4631 hoc

535 4647 696 4719 epist.
722 4643 936 4704 athal.
970 4664 1090 4719 pag.
1129 4648 1259 4705 ΗΔ.
1296 4657 1427 4701 tom.
1454 4663 1525 4701 vtt
1554 4643 1685 4702 edit.
1715 4647 1866 4719 Ver”
1895 4643 2000 4703 et~i
2027 4650 2122 4702 lle-
2158 4643 2210 4703 D
2234 4643 2450 4719 quidem
2483 4643 2635 4717 aqua:
2664 4643 3296 4719 baptismaper'aquam.
3350 4643 3482 4701 illud
3511 4655 3695 4719 autem
3718 4660 3845 4719 per

540 4717 714 4771 bra-os
742 4717 981 4775 antehac,
1002 4717 1058 4774 in
1096 4735 1281 4774 eremo
1311 4719 1719 4773 incircnmcisos
1741 4718 1991 4785 fateatur,
2021 4720 2128 4772 cir-

534 4791 919 4845 cuntcisiuncm
973 4801 1148 4846 tamen
1196 4789 1418 4844 secundo
1461 4800 1782 4859 praeceptam
1833 4791 2124 4856 spiritalem

535 4859 716 4928 co'rdis
737 4861 1203 4916 circumcisionem
1227 4869 1501 4928 Spectas~e
1524 4860 1801 4926 perstiicue
1824 4861 2124 4915 confirmat.

539 4927 766 4996 Denique
793 4950 883 5004 per
903 4932 1244 5004 quadraginta
1264 4946 1436 5004 annos
1455 4932 1700 5004 ingerente
1720 4933 1905 5004 nullus
1930 4943 2000 5004 est
2020 4933 2128 5004 cir-

537 5002 834 5072 cumcisus:
861 5004 958 5055 soli
1002 5002 1190 5072 quippe
1228 5002 1339 5055 sine
1385 5002 1550 5071 gentis
1579 5003 1788 5056 alterius
1816 5002 2131 5056 admixtione

537 5020 793 5055 cumctsus
816 5020 834 5056 :
861 5020 958 5055 sou
1002 5020 1125 5072 qutp
1164 5020 1190 5054 e
1228 5020 1339 5055 sine
1385 5020 1550 5071 genus
1579 5020 1788 5056 auertus
1816 5020 2129 5056 aamta'uone

537 5069 786 5143 vivebant.
813 5073 1001 5143 Statim
1021 5083 1075 5125 ut
1106 5020 1352 5126 jbrdanis
1380 5074 1545 5140 ripam
1575 5084 1920 5143 transgressus
1948 5083 2019 5128 est
2038 5090 2129 5142 po-

539 5142 708 5212 pulus,
744 5154 792 5197 ct
817 5145 871 5196 in
914 5142 1208 5198 Paltestinte
1232 5152 1419 5198 terram
1444 5143 1689 5199 Judazum
1722 5142 1778 5198 se
1807 5161 2018 5199 examen
2048 5147 2157 5202 in—.

538 5211 695 5281 fudit,
738 5216 1060 5269 circumcisio
1109 5217 1394 5269 necessaria
1433 5217 1608 5285 futuro
1653 5231 1716 5270 ea:
1767 5216 2127 5270 commixtione

539 5285 765 5353 gentium
794 5287 1013 5356 providit
1057 5288 1241 5341 errari.
1277 5287 1427 5351 Quod
1456 5297 1625 5340 autem
1670 5304 1700 5339 a
1726 5285 1852 5341 Iesu
1892 5289 2020 5339 duce
2050 5303 2130 5340 sc—

538 5356 707 5409 cundo
753 5357 993 5411 scribitur
1034 5363 1253 5428 populus
1293 5360 1656 5423 circumcisus,
1688 5358 1957 5429 significat-
1990 5367 2037 5412 et
2074 5359 2128 5411 in

535 5443 711 5481 eremo
736 5444 961 5484 cessasse
990 5430 1444 5494 circumcisionem,
1488 5432 1678 5500 quwiin
1706 5427 1941 5500 [Egypto
1970 5430 2129 5482 ratio-

535 5500 775 5568 nabiliter
803 5504 1154 5564 exercebatur,
1198 5511 1243 5555 et
1281 5519 1314 5555 a
1342 5500 1561 5554 Domino
1585 5499 1713 5554 Iesu
1739 5498 1945 5553 Christo
1969 5499 2127 5569 spiri-

538 5571 668 5625 tuali
693 5571 1080 5625 circumcisione
1104 5572 1363 5627 credentes
1392 5588 1500 5625 esse
1526 5571 1869 5626 mandandos.

610 5642 727 5725 (51)
760 5642 900 5723 fidit.
932 5640 1069 5725 Ven.
1100 5684 1114 5708 ,
1159 5643 1562 5725 circumcisione.
1583 5641 1681 5696 Ms.
1717 5640 1874 5725 ‘Ze‘uq
1907 5641 2126 5695 circum-

529 5712 657 5767 cisio
682 5712 1128 5769 recircumciditur
1157 5730 1381 5769 rursum.
1420 5714 1549 5768 Dein
1579 5730 1682 5766 non
1710 5713 1858 5767 habet
1886 5727 1983 5782 pro
2019 5730 2121 5767 non

526 5783 725 5837 habent.
753 5784 827 5842 De
852 5786 1023 5855 hujus
1047 5785 1150 5842 loci
1178 5787 1454 5843 intellectu
1475 5786 1521 5841 si
1553 5784 1801 5855 ambigis,
1834 5784 1954 5839 vide
1984 5798 2121 5852 prse-

2235 4716 2575 4791 sattgttineui,
2605 4720 2691 4791 qui
2722 4718 2789 4773 de
2816 4716 3014 4791 Christi
3045 4720 3211 4791 latere
3238 4717 3530 4791 illuxerunt,
3560 4716 3837 4791 significag

2237 4787 2361 4845 ttttn'
2402 4792 2584 4853 fuisse,
2642 4790 2745 4843 hoc
2790 4788 3100 4842 testimonio
3149 4788 3456 4845 confirmari
3519 4796 3741 4859 potest:
3780 4787 3837 4842 il

2237 4862 2379 4931 quod
2411 4861 2663 4915 similiter
2690 4861 2780 4913 alii
2806 4859 2996 4931 Patres
3034 4869 3317 4931 testantur,
3345 4875 3408 4913 ex
3439 4862 3840 4931 quihusriunum

2238 4924 2560 4987 Tertulliani
2587 4933 2760 4986 locum
2791 4924 3017 4985 recitzfrc
3049 4931 3225 4999 piat-ct
3250 4924 3314 4985 ex
3350 4924 3488 4986 libro
3528 4932 3597 4985 de
3624 4930 3835 4997 Baptis.

2239 5018 2358 5070 cap.
2394 5002 2497 5059 16:
2531 5000 2622 5056 Est
2644 5003 2849 5072 quidem
2878 5000 3023 5055 nobis
3051 5003 3207 5055 etiam
3238 5001 3518 5072 secundum
3546 5002 3836 5072 lauacrum,

2242 5086 2284 5156 et
2312 5069 2483 5157 ipsum
2512 5069 2783 5157 sanguinis
2809 5073 3021 5157 scilicet,
3052 5073 3116 5155 de
3154 5088 3254 5155 quo
3288 5069 3544 5156 Dominus
3575 5088 3593 5126 :
3628 5070 3835 5157 H'qbeo,

2236 5141 2423 5216 inquit,
2450 5141 2704 5205 baittismo
2741 5146 2890 5212 tingi,
2926 5160 3038 5197 cum
3057 5145 3173 5212 jam
3204 5144 3394 5197 tinctus
3423 5146 3620 5216 fuisset.
3660 5141 3832 5216 Vene—

2235 5214 2318 5270 rat
2340 5218 2477 5271 enim
2502 5233 2591 5283 per
2611 5232 2799 5285 aquam
2828 5224 2875 5268 et
2902 5216 3228 5285 sanguinem,
3257 5216 3390 5276 sicut
3413 5214 3644 5268 Joannes
3669 5215 3839 5285 scrip-

2236 5288 2324 5353 sit,
2351 5298 2406 5342 ut
2426 5293 2559 5353 aqua
2585 5289 2887 5358 tingeretur,
2912 5286 3164 5355 sanguine
3189 5285 3841 5358 gloriﬁqcareturiproinde

2238 5375 2334 5414 nos
2359 5363 2549 5429 faceret
2588 5354 2725 5429 aqua
2770 5354 3281 5429 uocutos,rsangu‘ine
3323 5356 3525 5429 electos.
3564 5354 3673 5410 Hos
3701 5356 3838 5409 duos

2239 5426 2517 5501 baptismos
2547 5431 2610 5482 de
2636 5426 2849 5501 uulnere
2877 5426 3093 5501 perfossi
3127 5427 3306 5482 lateris
3348 5428 3534 5501 emisit.
3576 5436 3835 5501 quatenus

2234 5498 2321 5570 qui
2348 5504 2401 5555 in
2429 5501 2733 5569 sanguinem
2758 5500 2870 5570 ejus
2914 5498 3200 5557 crederent,
3224 5514 3357 5567 aqua
3394 5498 3719 5570 lavarentur;
3746 5500 3837 5565 qui

2231 5567 2365 5640 aqua
2395 5567 2657 5628 favissent.
2688 5567 2838 5623 etiam
2866 5570 3168 5640 sanguinem
3191 5577 3445 5640 potarent.
3482 5567 3580 5621 Hic
3603 5579 3677 5624 est
3701 5567 3837 5633 bap-

2230 5645 2427 5707 tismus,
2458 5644 2545 5709 qui
2586 5643 2851 5695 latinorum
2887 5650 3060 5694 etnon
3095 5649 3359 5708 acceptum
3389 5647 3755 5711 repraesentat,
3784 5647 3834 5692 et

2232 5717 2494 5786 perditum
2532 5713 2725 5786 reddit.
2827 5782 2840 5786 _
2929 5782 2940 5786 _
3137 5783 3146 5786 _
3186 5782 3196 5786 Α
3564 5780 3597 5786 ῃ
3634 5780 3667 5786 η
3705 5736 3729 5786 ι.

2303 5785 2419 5856 (57)
2450 5782 2787 5853 Siguaculum
2809 5782 2880 5839 de
2896 5782 3309 5839 circumcisione
3332 5780 3599 5852 corporali
3616 5780 3836 5843 dicitur,
