4216 6178
565 265 675 330 555

1919 271 1998 328 SA
2007 270 2165 329 NCT!
2204 260 2494 329 ZENONIS

3769 266 3874 323 356

566 389 669 442 tius
708 401 1009 462 synagogas
1053 385 1339 450 :rdilicent,
1372 336 1571 443 cultius
1599 386 1809 459 erigant
1849 386 1927 461 (5)
1966 389 2170 461 capito-
2196 399 2247 461 Α
2276 387 2368 442 lies
2396 385 2535 442 volui
2564 383 2808 456 colligere
2832 382 2969 454 filios
2994 389 3127 448 tuos,
3155 381 3288 437 sicut
3330 381 3527 454 gallina
3556 380 3725 453 pullas
3757 398 3876 436 suos

563 479 669 548 lia;
713 480 809 538 sed
858 481 912 536 in
958 478 1044 535 his
1073 479 1324 535 omnibus
1353 480 1606 552 operibus
1632 496 1767 538 vero
1791 480 1999 553 judicio
2023 493 2167 538 stru-

565 583 744 631 ctores
797 575 964 645 magis
1016 581 1247 645 possunt
1302 573 1556 644 placere.
1609 589 1772 646 quam
1826 574 2161 631 sacerdotes.

564 664 724 734 Quid,
749 663 893 733 quod
923 676 1014 719 aut
1040 664 1268 732 nullum,
1297 672 1388 720 aut
1411 680 1686 736 perrarum
1710 676 1792 721 est
1822 680 1919 738 per
1948 681 2164 725 omnem

567 757 860 813 Ecclesiam
910 754 1006 812 Dei
1048 755 1313 813 orationis
1355 755 1434 832 (4)
1484 758 1588 814 loci
1635 759 1799 834 uo
1838 757 2164 825 membrum,

558 840 711 918 quod
764 848 937 918 possit
966 849 1156 920 quavis
1190 849 1269 921 (5)
1299 850 1451 905 ruina
1485 850 1537 905 in
1566 865 1625 906 se
1653 851 2019 924 mergentibus
2050 850 2169 906 ido—

564 942 798 998 lolatrize
824 942 1032 999 aedibus
1059 958 1204 999 nunc
1242 960 1411 1016 usque
1456 944 1795 1016 aliquatenus
1824 943 2169 1018 comparari?

568 1031 701 1087 Nam
751 1045 805 1088 et
858 1034 1166 1091 Salomonis
1211 1037 1523 1107 accepimus
1578 1037 2169 1114 templum‘luculento

565 1140 732 1194 Opere
761 1125 932 1183 fuisse
972 1136 1365 1193 constructum,
1393 1139 1554 1202 atque
1593 1130 1663 1185 ita
1707 1131 2079 1203 elaboratum,
2112 1140 2170 1186 ut

566 1221 800 1277 nesciret
829 1220 1126 1293 inspector,
1156 1222 1208 1278 in
1235 1236 1301 1279 eo
1326 1222 1454 1295 quid
1487 1223 1825 1294 potissimum
1859 1224 2165 1289 miraretur,

568 1315 1017 1386 magnitudinem,
1046 1330 1205 1385 Opus,
1238 1324 1518 1380 ornatum.
1550 1332 1618 1372 an
1649 1332 1716 1371 ne
1745 1316 2024 1372 materiam
2051 1334 2064 1368 :
2093 1316 2169 1371 ita

564 1408 709 1462 enim
739 1408 790 1461 in
832 1422 1002 1462 unum
1030 1406 1282 1463 decorem
1311 1409 1560 1464 universa
1586 1418 1971 1475 convenerant,
1999 1417 2057 1463 ιιι
2085 1405 2167 1465 le-

563 1501 750 1571 gitima
797 1499 993 1556 domus
1048 1500 1141 1555 Dei
1192 1500 1394 1556 caduca
1442 1501 1529 1557 illa
1581 1501 1807 1557 ambitio
1861 1506 2165 1572 putaretur.

564 1591 720 1659 Quod
749 1593 794 1647 si
826 1591 899 1648 ita
930 1600 1111 1661 esset,
1142 1591 1286 1650 inter
1313 1602 1609 1652 memorata
1640 1594 1814 1666 impar
1845 1594 1993 1650 cultu
2025 1608 2171 1650 sem-

565 1699 664 1757 per
687 1683 1043 1743 inveniretur.
1124 1718 1139 1725 ι

2271 477 2365 532 sub
2408 478 2543 543 alus,
2583 486 2631 531 et
2680 473 2933 531 uoluisti?
2983 473 3119 529 Ecce
3165 474 3456 529 remittetur
3503 473 3641 529 vobis
3694 474 3877 530 domus

2270 580 2435 628 vestra
2461 569 2704 644 (ΜαιιΙι.,
2737 584 2885 637 uin,
2916 567 3007 635 '57,
3035 568 3149 640 38).
3183 568 3251 624 Et
3280 568 3475 625 iterum
3506 587 3518 622 :
3554 567 3678 623 Non
3714 570 3875 625 relin-

2268 672 2450 735 quetur
2470 664 2524 717 in
2550 662 2739 732 templo
2764 662 2898 731 lapis
2923 677 3078 730 super
3098 661 3347 731 lapidem,
3375 661 3466 732 qui
3495 678 3594 715 non
3619 662 3879 718 dissolva-

2270 766 2354 813 tur
2385 753 2642 831 (Matth,
2678 743 2832 821 xitv,
2859 754 2924 820 2;
2979 752 3173 822 Mora,
3207 768 3324 817 xm,
3365 754 3433 821 2;
3481 751 3633 826 Luc.,
3681 772 3748 825 tt,
3791 754 3874 825 5).

2272 847 2546 918 Reprobat
2585 861 2723 916 ergo,
2760 856 2867 902 tam
2909 847 3273 914 immensum,
3317 848 3426 902 tam
3476 846 3684 919 insigne
3709 890 3725 915 ,
3768 857 3875 903 tam

2271 939 2500 1013 opulens
2530 940 2816 1010 templum,
2853 940 2974 1004 quia
3016 939 3069 995 in
3100 954 3168 996 eo
3195 954 3383 995 verum
3433 955 3537 995 non
3578 951 3695 997 erat
3730 948 3879 998 tem-

2271 1032 2453 1103 plum;
2500 1032 2700 1087 etenim
2732 1030 3014 1087 hominum
3048 1030 3127 1104 (6)
3162 1030 3581 1088 conciliabulum
3624 1041 3708 1089 est
3748 1048 3879 1089 con-

2216 1114 2219 1126 ’
2272 1122 2440 1179 tcxtio
2487 1124 2587 1179 ista
2636 1123 2937 1195 parietum;
2992 1122 3166 1179 lidells
3213 1134 3392 1180 autem
3448 1125 3675 1195 populus
3719 1127 3875 1199 ιιι

2272 1215 2367 1272 Dei
2412 1216 2491 1290 (7)
2540 1217 2825 1288 templum,
2856 1216 3119 1287 Apostolo
3148 1215 3408 1274 dicente:
3450 1216 3553 1274 Vos
3595 1219 3713 1275 estis
3753 1229 3881 1274 tem-

2273 1318 2416 1391 plum
2450 1315 2563 1386 Dei,
2588 1326 2637 1376 et
2663 1318 2876 1391 spiritus
2919 1317 3016 1375 Dei
3045 1317 3242 1401 habitat
3268 1319 3323 1374 in
3354 1320 3492 1375 vobis
3522 1319 3589 1395 (ll
3619 1318 3768 1383 Con,
3799 1337 3876 1387 vt,

2277 1421 2386 1491 1-6).
2416 1421 2483 1479 Ει
2505 1436 2691 1477 verum
2719 1430 2834 1491 est;
2868 1436 2991 1479 nam
3019 1420 3157 1477 sicut
3186 1420 3346 1477 idolis
3369 1420 3660 1479 inscn~atis
3682 1420 3878 1477 similia

2275 1522 2476 1594 templa
2504 1521 2855 1589 conveniunt,
2884 1521 2959 1579 ita
2990 1521 3188 1577 viventi
3218 1521 3344 1587 Deo
3368 1520 3487 1577 viva
3518 1521 3716 1591 templa
3754 1530 3883 1577 sunt

2272 1622 2622 1689 necessaria;
2666 1621 2721 1677 iu
2771 1620 2855 1677 his
2896 1621 3040 1678 enim
3070 1620 3205 1676 solis
3241 1620 3582 1677 sacerdotum
3612 1620 3711 1677 Dei
3739 1630 3884 1677 stru-

2275 1734 2427 1781 ctura
2458 1732 2516 1781 et
2562 1722 2777 1794 propria
2824 1730 2910 1781 est
2952 1730 3007 1778 et
3052 1720 3341 1793 perennis;
3368 1735 3472 1792 qua
3498 1720 3795 1780 etJudzeos
3825 1729 3885 1780 et

639 1778 703 1833 ﬂ.
735 1777 842 1836 sed
869 1778 1294 1891 hic.sm.umria
1326 1781 1444 1836 Sine
1474 1780 1715 1891 legitimi)
1743 1794 1806 1836 ac
1833 1778 2032 1883 dinam
2053 1777 2167 1834 cui-
2197 1793 2247 1857 Β
2497 1777 2866 1880 ιθῖςειὶιεωέ
2890 1777 3282 1877 antecedimus.
3312 1777 3883 1891 incomparabilisﬁau-

565 1882 685 1928 tore
715 1887 817 1929 nec
840 1873 1183 1935 sufﬁcientia,
1214 1890 1311 1928 nec
1340 1874 1646 1929 necessaria
1684 1872 1876 1928 honori
1905 1886 2004 1927 suo
2037 1887 2164 1942 pro-

568 1972 797 2019 testatur
838 1964 977 2019 Deus
1006 1964 1264 2022 hactenus
1291 1965 1479 2022 dicens
1509 1978 1521 2019 :
1553 1964 1746 2023 Calui:
1774 1966 1901 2018 milii
1924 1964 2164 2030 thronus,

566 2070 612 2113 et
642 2068 779 2112 terra
804 2058 1190 2132 suppedaneum
1210 2060 1399 2133 pedum
1421 2075 1668 2115 meorum.
1698 2058 1867 2127 Quam
1888 2058 2016 2113 mihi
2044 2057 2170 2113 cedi-

564 2150 787 2221 ﬁcabitis
813 2151 1061 2207 domum?
1087 2161 1178 2206 aut
1205 2154 1320 2224 quis
1347 2153 1491 2208 locus
1508 2153 1576 2208 ad
1591 2153 1817 2224 requiem
1844 2152 2013 2226 mihi?
2044 2150 2171 2208 0m-

564 2246 652 2300 niu
695 2246 829 2300 enim
867 2247 966 2301 ista
1011 2247 1131 2318 fecit
1172 2264 1356 2303 manus
1397 2264 1508 2302 mea
1538 2245 1698 2321 (Isa.,
1732 2263 1883 2313 LXVI,
1917 2248 1966 2311 1,
1995 2246 2075 2320 2).
2112 2246 2171 2303 In

567 2335 871 2403 EVaugelio
894 2353 1113 2409 quoque
1136 2337 1214 2395 sic
1242 2338 1374 2395 dicit
1406 2357 1420 2396 :
1444 2337 1791 2407 Hierusalem,
1818 2338 2167 2406 Hierusalem,

563 2445 680 2502 qua:
707 2430 956 2499 interficis
978 2430 1276 2504 praphetas,
1311 2440 1356 2486 et
1395 2428 1600 2503 lepidas
1627 2431 1809 2485 missos
1834 2430 1904 2485 ad
1940 2440 2006 2496 te,
2040 2447 2171 2501 quo-

635 2566 714 2637 (ὅ)
764 2567 1106 2638 Capitolium,
1143 2570 1201 2624 id
1242 2579 1316 2625 est
1359 2571 1505 2625 curia
1550 2567 1801 2634 Deorum,
1829 2577 1888 2623 ut
1928 2568 2169 2638 explicat

560 2636 946 2711 Tertullianus,
982 2642 1034 2695 in
1071 2641 1452 2711 Apolog.’_'cap.
1483 2641 1535 2707 6,
1588 2656 1685 2708 pro
1723 2636 2165 2697 idolorum‘fano

564 2711 647 2782 vel
670 2711 882 2782 templo
911 2710 1220 2781 frequenter
1251 2710 1563 2782 usurpatum
1590 2713 1833 2782 legimus.
1870 2712 2163 2767 Eumenius

568 2780 619 2835 in
670 2780 1309 2865 PallegyriCAl;ApOIlllti§.
1341 2780 1587 2865 templum
1634 2780 1681 2836 et
1716 2784 2021 2865 capitolium
2045 2782 2159 2865 ltu-

567 2852 865 2921 gustoduni
886 2852 1102 2908 condita
1133 2852 1372 2923 appellat
1396 2852 1524 2923 (uita
1549 2855 1700 2923 longe
1727 2852 1955 2908 omnium
1985 2855 2036 2908 in
2065 2855 2163 2909 hac

563 2924 685 2996 urbe
711 2923 1341 2996 pulcherrima.Synmius
1372 2923 1728 2996 Eliberituua,
1759 2939 1882 2981 can.
1903 2924 1997 2989 59,
2029 2940 2158 2994 prn-

566 2992 718 3065 ltibet
770 3009 837 3049 tte
865 2996 987 3064 quis
1014 2992 1353 3051 Christianus
1384 2997 1450 3049 ad
1475 2995 1671 3049 idolum
1698 2996 1928 3065 capitolii
1953 2992 2161 3050 sacrifi-

563 3063 720 3140 candi
743 3063 903 3140 causa
932 3068 1204 3140 ascendat.
1242 3066 1743 3140 Vide_Cypria_mim,
1764 3063 1844 3122 de
1868 3065 2081 3137 Lapsis,
2105 3079 2162 3123 et

563 3136 1043 3204 Lactantium,lib.
1095 3155 1135 3204 ι,
1177 3153 1299 3207 cap.
1329 3138 1398 3194 12
1435 3136 1491 3193 et
1538 3137 1639 3204 21,
1686 3152 1894 3195 necnon
1942 3136 2034 3194 lib.
2078 3154 2159 3204 ιιι,

561 3225 684 3278 cap.
716 3208 782 3263 17
832 3209 917 3264 ubi
947 3209 1225 3293 Ciceronis
1256 3212 1429 3292 locum
1461 3209 1677 3278 allegat.

637 3279 719 3349 (ι)
762 3250 901 3335 ioca
962 3292 1211 3336 orationis
1265 3281 1370 3336 dict
1390 3332 1402 3341 ,
1433 3281 1677 3336 solebant

637 3280 719 3353 (ι)
762 3280 901 3335 Loca
962 3282 1211 3336 orationis
1265 3281 1402 3341 dici.
1433 3281 1683 3336 solebant
1728 3280 2161 3336 Christianorum

558 3351 787 3420 templa,
815 3350 955 3406 unde
980 3354 1186 3406 oratorii
1220 3368 1413 3407 nomen
1444 3351 1673 3408 subinde
1720 3352 1976 3416 inolevit;
2006 3361 2062 3406 et
2084 3354 2162 3408 si—

560 3421 767 3478 militer
794 3427 897 3477 sub
924 3434 1182 3477 tractatus
1208 3423 1371 3478 linem
1402 3437 1565 3477 sacra:
1587 3424 1835 3477 orationis
1872 3423 1968 3477 iste
1995 3423 2158 3478 locus.

565 3490 854 3548 Ecclesium
886 3493 1234 3549 nihilominus
1274 3494 1332 3549 S.
1362 3493 1509 3548 Zeno
1536 3508 1643 3546 non
1672 3493 1839 3548 semel
1884 3495 2159 3562 appellat:

566 3564 1037 3636 t_emplum.autem
1088 3565 1244 3636 ipsos
1282 3564 1620 3636 Christianos
1665 3564 1840 3618 solum
1884 3579 1949 3620 ex
1994 3564 2164 3622 Paulo

565 3632 830 3703 Apostolo
858 3634 1208 3704 appellandos
1237 3635 1290 3690 in
1312 3635 1541 3691 decursu
1566 3636 1833 3691 sermonis
1856 3636 2159 3691 contendit.

573 3706 705 3761 Vide
733 3706 804 3763 de
830 3706 937 3761 hoc
965 3707 1149 3762 adnot.
1178 3705 1269 3771 26,
1306 3708 1356 3761 iu
1388 3713 1544 3761 tract.
1574 3722 1624 3758 v.
1661 3705 1794 3761 Hinc
1826 3722 1983 3775 pom)
2008 3707 2162 3763 intel—

566 3776 753 3848 ligitur
780 3793 939 3847 quam
972 3779 1163 3848 pusilla
1192 3788 1248 3832 et
1273 3779 1510 3848 minume
1532 3778 1664 3833 artis
1689 3777 1739 3831 id
1770 3777 2027 3847 temporis
2048 3779 2164 3836 fere

569 3846 769 3902 fuerint
800 3846 1226 3904 ’cliristianarutn
1273 3847 1640 3905 Ecclesiarnm
1687 3846 1910 3903 aedilicia
1937 3891 1952 3913 ,
1990 3848 2063 3904 ita
2104 3862 2164 3906 ut

567 3919 720 3973 nulla
744 3920 824 3974 vel
864 3936 985 3975 rara
1024 3929 1266 3991 possent,
1296 3934 1366 3977 ne
1405 3920 1531 3991 dum
1559 3936 1681 3974 cum
1710 3920 2003 3977 Gentilium
2024 3932 2165 3978 tem-

571 3992 695 4059 plis,
727 3991 822 4047 sed
856 4007 922 4046 ne
961 3990 1083 4046 cum
1123 3992 1360 4062 ipsorum
1405 3990 1648 4062 quidem,
1678 4006 1822 4060 quae.
1845 4001 2166 4060 supererant

568 4064 891 4131 templorum
922 4065 1089 4117 ruinis
1111 4063 1431 4131 comparari.
1458 4063 1594 4120 Cum
1618 4065 1871 4119 nimirum
1894 4065 1995 4117 sub
2020 4062 2165 4119 Con-

568 4133 807 4188 8tantino
831 4136 1059 4203 primum
1095 4133 1364 4190 Ecclesias
1391 4135 1634 4203 publicas
1660 4134 1874 4204 aperire
1903 4134 2163 4191 ChriSIia—

569 4205 652 4258 nis
682 4204 865 4267 licuit;
898 4205 1001 4260 illis
1029 4206 1195 4260 initiis
1223 4206 1302 4260 vel
1331 4205 1569 4276 privatas
1597 4206 1789 4260 domus
1819 4207 1871 4261 in
1904 4205 2161 4263 Ecclesia:

568 4290 722 4329 nsum
757 4276 1101 4340 transtulere,
1138 4278 1244 4343 vel,
1275 4277 1320 4334 si
1356 4277 1692 4333 aediﬁcarunt
1734 4277 1847 4331 loca
1874 4277 2160 4344 orationis,

565 4348 818 4419 prmsenti
871 4345 1184 4404 necessitati
1227 4348 1661 4418 prospicientes,
1696 4347 1997 4405 mdilicasse
2039 4363 2165 4404 cre-

567 4418 727 4472 dendi
759 4428 882 4473 sunt
907 4433 1090 4474 sacras
1119 4420 1262 4474 mdes
1291 4420 1430 4487 rudi,
1460 4430 1515 4475 ut
1540 4420 1713 4484 aiunt,
1737 4420 1976 4475 minerva
2001 4461 2014 4485 ,
2040 4434 2166 4489 qum

567 4489 699 4543 satis
724 4496 910 4545 essent
937 4490 1332 4546 Ecclesiasticis
1355 4492 1731 4556 conventibus,
1759 4507 1829 4546 ne
1852 4505 1976 4547 eum
2008 4507 2162 4547 sum-

569 4560 777 4628 ptuosis
801 4558 1070 4618 idolorum
1096 4561 1311 4633 templis
1334 4563 1409 4618 de
1436 4562 1831 4633 inaguiﬁcentia
1857 4562 2162 4619 comendo—

563 4641 708 4687 rent.

635 4700 714 4772 (5)
745 4700 917 4759 Ruina
946 4704 1132 4774 qumvis
1157 4703 1469 4760 idololatriae
1487 4703 1675 4757 mdium
1699 4702 1932 4759 luceluce
1952 4717 2164 4758 mento-

566 4784 679 4847 rata
708 4774 849 4830 haud
880 4776 1102 4847 intelligi
1133 4785 1310 4847 potest
1331 4776 1440 4838 illa,
1467 4789 1625 4847 qustu
1650 4775 2010 4847 imperatores
2028 4776 2164 4844 legi—

565 4844 667 4899 bus
713 4847 965 4909 intulere,
996 4844 1428 4902 cu‘tn’idolornm
1460 4844 1656 4912 templa
1687 4844 1856 4901 deleri
1881 4846 2162 4914 juSserunt

567 4914 644 4988 (id
673 4920 815 4972 enim
848 4916 1022 4973 serius
1047 4916 1275 4983 accidit,
1300 4931 1464 4988 quam
1503 4915 1645 4985 qwid
1674 4917 1740 4971 ad
1766 4915 2006 4973 Zenonis
2033 4928 2155 4972 aeta-
2196 4949 2204 4955 -

568 4985 673 5059 tem
704 4988 893 5043 referri
932 4987 1137 5059 queat),
1168 4987 1265 5043 sed
1297 4985 1408 5053 illa,
1432 5001 1593 5057 quam
1619 4988 1822 5059 eaedem
1848 4988 1997 5044 aedes
2021 5006 2158 5058 quo-

564 5057 650 5110 vis
674 5073 802 5113 casu
847 5057 1232 5115 aut’vetustate
1262 5072 1498 5115 corrosae
1530 5058 1908 5127 minabantur;
1940 5069 1995 5116 et
2032 5057 2163 5115 sen-

564 5127 734 5201 tentia
780 5138 898 5194 est,
935 5129 1073 5185 adeo
1122 5128 1320 5199 pusilla
1365 5144 1486 5187 esse
1533 5134 1649 5187 loca
1698 5131 1961 5192 oratimiis
2014 5130 2163 5201 apud

568 5197 929 5266 ChriStiauos,
960 5211 1018 5257 ut
1045 5215 1111 5255 ue
1128 5197 1268 5257 dum
1290 5216 1411 5257 cum
1438 5202 1707 5258 stamibus
1729 5203 1995 5259 idolorum
2024 5197 2165 5257 tein»

566 5268 932 5346 plis,_sed_ne
973 5287 1096 5328 cum
1137 5272 1370 5346 ruinosis
1408 5274 1835 5345 quibuscumque
1879 5273 1981 5346 (sic
2010 5273 2161 5329 enim

569 5342 885 5416 esplicanda
905 5354 1151 5412 putamus
1174 5343 1263 5398 illa
1280 5342 1441 5416 ruina
1456 5346 1635 5412 quavis
1653 5345 1709 5398 in
1726 5342 1781 5399 se
1801 5342 2163 5416 mergentibus,

564 5409 622 5466 id
643 5409 733 5483 est
763 5409 1274 5483 collabescentibus)
1304 5409 1539 5470 conferri
1567 5418 1786 5483 queant.

641 5481 722 5556 (6)
749 5483 883 5543 Hine
909 5494 1095 5557 aperte
1114 5481 1511 5557 conciliabulum
1528 5481 1705 5541 dictus
1720 5496 1869 5555 patet
1904 5486 2076 5551 locus,
2111 5486 2167 5544 in

568 5570 676 5626 quo
714 5557 853 5610 sacri
897 5555 1197 5613 conventus
1228 5555 1602 5620 habebatur.
1628 5557 2083 5626 qumndmodum
2112 5568 2170 5614 et

565 5625 958 5709 apudlivium,
974 5640 1069 5692 vti,
1084 5627 1142 5694 5,
1158 5625 1497 5685 conciliabula
1507 5625 1667 5683 obire.
1686 5629 2084 5754 Αιιθιιιτεεειςὶι
2099 5629 2170 5687 de

570 5697 830 5754 Mortibus
870 5708 1309 5754 persecuturum.
1338 5713 1461 5754 can.
1496 5700 1587 5754 15.
1630 5709 1892 5754 conventu:
2025 5715 2169 5754 tusus

570 5697 830 5771 Mortibus
869 5708 1309 5771 persecuturum,
1338 5713 1461 5770 cap.
1496 5700 1587 5766 15,
1630 5697 1981 5754 conventicula
2024 5700 2169 5770 ipsos

560 5769 775 5839 parietes
805 5769 1176 5832 Ecclesiarum
1201 5787 1323 5830 cum
1366 5769 1625 5838 Aruobio,
1654 5771 1755 5828 sub
1783 5771 1945 5827 linem
1968 5771 2061 5827 lib.
2094 5788 2170 5843 tv,

2266 5568 2524 5628 perstare
2547 5559 2852 5615 facultatem
2890 5561 2976 5629 ips

2278 1935 2387 1980 tem
2424 1923 2616 1993 gloria,
2646 1937 2710 1978 ac
2740 1937 2866 1979 vere
2912 1921 3027 1981 Deo
3066 1919 3247 1993 digna,
3279 1934 3403 1977 cum
3434 1935 3544 1977 uno
3581 1935 3877 1989 consensu,

2279 2039 2383 2078 una
2419 2023 2543 2090 lide,
2570 2021 2709 2078 alter
2730 2021 2960 2076 alterum
2987 2020 3401 2088 commendans,
3432 2018 3719 2075 devotione
3746 2034 3881 2076 con-

2276 2123 2439 2180 simili
2468 2128 2862 2180 convertuntur
2886 2121 2951 2176 ad
2972 2121 3142 2177 Deum
3162 2128 3218 2177 et
3237 2120 3496 2177 sacerdos
3511 2131 3567 2177 et
3590 2122 3877 2193 templum-

2276 2228 2558 2305 Exsultate
2604 2228 2788 2298 igitur,
2831 2226 3049 2293 fratres,
3082 2225 3601 2298 aedificationemlue
3637 2236 3879 2282 vestram

2273 2332 2391 2387 tede
2419 2330 2520 2386 ista
2549 2330 2616 2385 de
2650 2330 2859 2385 novella
2885 2331 3219 2400 cognoscite,
3244 2327 3403 2400 cujus
3423 2343 3636 2400 quoque
3663 2325 3883 2398 capaci-

2274 2443 2439 2488 tatem
2495 2430 2638 2491 felici
2690 2446 2915 2489 numero
2947 2429 3152 2488 fecistis
3201 2431 3284 2502 (8)
3325 2440 3606 2507 angustam
3642 2448 3655 2484 :
3690 2445 3757 2486 ex
3808 2446 3879 2487 eo

2265 2578 2475 2639 aperte,
2506 2578 2682 2624 vocat.
2730 2567 2931 2625 Confer
2975 2567 3327 2639 Prudentium
3377 2566 3576 2637 Apotb.
3622 2584 3692 2633 ν,
3745 2556 3874 2626 778.

2272 2641 2407 2697 Cum
2435 2657 2564 2712 ergo
2587 2640 2773 2697 Patres
2795 2638 3003 2712 antiqui
3031 2639 3352 2697 Christianis
3394 2640 3592 2712 templa
3624 2656 3744 2697 esse
3776 2658 3880 2697 ne-

2268 2713 2487 2781 gabant,
2508 2711 2624 2765 non
2654 2711 2919 2782 negabant
2960 2711 3044 2766 bis
3071 2726 3191 2766 esse
3219 2719 3364 2766 certa
3411 2711 3551 2777 locu,
3584 2711 3636 2765 in
3680 2713 3881 2781 quibus

2269 2798 2460 2837 sacros
2497 2792 2671 2841 castus
2718 2781 2946 2853 agerent
2992 2782 3140 2853 (nam
3189 2782 3377 2841 iisdem
3420 2781 3473 2837 in
3514 2782 3792 2854 operibus,
3822 2785 3879 2838 iu

2266 2854 2465 2923 quibus
2490 2862 2756 2924 negarunt
2778 2856 2879 2909 sibi
2907 2868 3029 2909 esse
3061 2853 3280 2922 templa,
3308 2868 3493 2911 sacros
3519 2865 3692 2910 castus
3714 2856 3878 2911 statis

2266 2927 2460 2980 diebus
2487 2941 2519 2982 a
2547 2942 2606 2979 se
2650 2925 2862 2981 habitos
2906 2925 3106 2995 diserte
3147 2924 3477 2990 afﬁmarunt,
3507 2936 3563 2995 ut
3610 2925 3775 2995 liquet
3804 2942 3880 2982 ex

2269 2995 2466 3052 Justini
2495 2997 2718 3067 Apolog.
2750 2995 2907 3068 etc.),
2929 3008 2979 3048 at
3013 2994 3131 3068 hmo
3162 2995 3300 3060 loca,
3330 2996 3382 3051 in
3412 2984 3607 3068 quibus
3637 2984 3886 3068 collecta:

2273 3072 2508 3133 tierent,
2552 3082 2650 3136 pro
2698 3066 2916 3136 templis
2957 3083 3064 3121 non
3111 3067 3399 3128 habebant.
3446 3066 3642 3138 quibus
3687 3066 3834 3123 Deus
3862 3108 3880 3132 ,

2274 3139 2501 3212 perinde
2541 3154 2607 3212 ac
2654 3140 2797 3212 idola
2809 3138 3126 3212 Gentium,
3166 3137 3445 3212 indigeret,
3470 3137 3570 3194 sed
3604 3147 3882 3212 tamquam

2274 3226 2421 3281 mera
2450 3211 2568 3265 loca
2598 3209 2906 3265 hominibus
2931 3208 3323 3281 congregandis
3346 3212 3538 3281 idonea
3556 3208 3887 3281 consident-

809 3296 918 3356 oca_
962 3282 1211 3356 orationis
1265 3281 1402 3341 dici.
1433 3281 1683 3356 solebant
1721 3278 2161 3356 Δ(Ζιιιίειιὶιιιιοτιιιιι
2193 3291 2240 3356 C
2276 3280 2426 3343 bant.
2461 3280 2992 3356 unde__couciliabula_
3008 3278 3160 3356 {non
3209 3280 3399 3356 templa
3445 3280 3508 3356 S.
3554 3278 3701 3356 Zeno
3744 3283 3884 3339 satis

2269 3354 2557 3408 commode
2581 3354 2667 3407 illa
2698 3355 2930 3408 vocavit.
2960 3352 3112 3419 Quod
3137 3360 3318 3407 autem
3342 3353 3418 3406 ait
3441 3354 3493 3407 in
3522 3367 3589 3407 eo
3616 3351 3888 3407 Hieroso-

2270 3422 2540 3496 lymorum
2575 3426 2776 3494 templo
2805 3440 2978 3479 verum
3004 3424 3251 3496 templum
3279 3440 3379 3496 non
3401 3423 3600 3496 fuisse,
3632 3421 3771 3496 forte
3800 3426 3887 3477 al-

2270 3494 2406 3548 ludit
2428 3496 2496 3551 ad
2527 3496 2611 3550 illa
2642 3493 2809 3562 Apoc.
2836 3511 2951 3560 ut,
2979 3493 3123 3552 vers.
3153 3494 3246 3558 22,
3277 3494 3365 3549 ubi
3389 3493 3625 3549 Joannes
3648 3494 3887 3563 loquens

2268 3565 2339 3640 de
2361 3582 2494 3631 nova
2522 3567 2854 3623 Hierusalem
2880 3565 3061 3640 (quam
3088 3564 3333 3640 Ezechiel
3353 3563 3605 3640 similiter
3626 3582 3889 3634 praenun-

2270 3638 2519 3701 tiaverat,
2545 3653 2665 3692 cum
2712 3637 2903 3694 novam
2935 3639 3057 3693 novi
3084 3637 3267 3707 templi
3300 3637 3712 3693 aedificationem
3744 3654 3884 3707 pro-

2270 3708 2478 3780 Spexit)
2505 3709 2679 3780 inquit
2707 3726 2720 3763 :
2752 3708 3021 3776 Templum
3061 3724 3165 3763 non
3192 3708 3296 3763 uidi
3322 3707 3376 3762 in
3400 3725 3478 3780 ea.

2346 3778 2427 3851 (7)
2457 3777 2732 3843 Sole—mne,
2760 3786 2821 3835 ut
2848 3795 2968 3835 mox
3002 3780 3278 3837 innuimus
3303 3820 3318 3844 ,
3348 3779 3585 3850 antiquis
3626 3777 3889 3851 Patribus

2273 3849 2372 3905 fuit
2410 3849 2728 3919 ‘protestari,
2777 3852 2889 3907 Deo
2933 3851 3056 3906 vivo
3100 3865 3239 3920 opus
3269 3866 3376 3904 non
3426 3849 3549 3909 esSe
3591 3849 3813 3920 templis
3850 3866 3891 3907 e

2273 3925 2497 3977 materia
2528 3923 2882 3986 construc:is.
2912 3923 3007 3979 sed
3040 3923 3210 3988 ipsius
3239 3920 3495 3990 templum
3545 3922 3721 3975 vivum
3754 3936 3894 3978 esse

2272 3993 2625 4048 christianum
2674 3993 2930 4063 pupulum
2962 4004 3014 4049 et
3048 3994 3342 4049 Ecclesium
3374 3991 3557 4061 ipsam
3607 3991 3891 4049 ﬁdelium.

2274 4064 2430 4132 Vide,
2461 4067 2600 4119 inter
2626 4076 2877 4131 eteteros,
2902 4064 3265 4125 Laetantium,
3287 4063 3414 4119 lib.t
3442 4063 3609 4116 lnstit.
3633 4078 3755 4133 cap.
3785 4064 3891 4134 10,

2271 4144 2326 4188 et
2354 4136 2451 4190 lib.
2485 4151 2558 4202 tv,
2592 4150 2714 4207 cap.
2740 4137 2841 4203 15;
2876 4147 3148 4207 unctorem
3200 4136 3318 4189 libri
3355 4134 3716 4207 deVMortibus
3746 4150 3890 4202 per-

2272 4216 2619 4272 secutorum,
2658 4204 2799 4276 'cap.
2860 4206 2965 4273 15,
3022 4206 3297 4261 Minutium
3354 4204 3629 4272 Felicem,
3690 4205 3893 4260 Aruo-

2272 4276 2441 4341 bium,
2487 4286 2591 4333 etc.
2630 4276 2749 4334 Hoc
2774 4280 2952 4334 vivum
3003 4278 3265 4347 templum
3301 4277 3541 4347 profecto
3567 4276 3896 4347 significare

2272 4348 2441 4404 voluit
2465 4348 2525 4405 S.
2552 4347 2722 4414 Zeno,
2750 4365 2874 4405 cum
2907 4349 3069 4419 paulo
3095 4346 3219 4418 post
3248 4346 3323 4402 ait
3347 4367 3360 4401 :
3395 4346 3676 4402 Devotioue
3698 4351 3899 4402 consi-

2273 4419 2385 4473 mili
2435 4430 2799 4476 convertuntur
2840 4418 2917 4475 ad
2960 4418 3129 4475 Deum
3173 4429 3221 4475 et
3259 4420 3499 4474 sacerdos
3525 4429 3572 4472 et
3604 4420 3892 4489 templum,

2275 4491 2326 4543 id
2345 4504 2429 4563 est
2456 4491 2574 4546 vivo
2600 4490 2839 4551 fidelium
2861 4492 3126 4563 Ecclesia,
3155 4506 3273 4563 qua;
3304 4506 3409 4563 una
3441 4504 3561 4546 cum
3579 4489 3906 4548 sacerdoti—

2275 4562 2375 4617 bus
2402 4560 2514 4617 Deo
2545 4565 2731 4621 laudes
2757 4572 2810 4619 et
2836 4560 3471 4620 sacriﬁcinm'oll'crebat.

2351 4631 2432 4703 (8)
2462 4633 2577 4691 Non
2610 4635 2769 4690 rudes
2800 4635 2971 4690 solum
3003 4633 3084 4705 (ut
3120 4633 3350 4705 vidimus
3374 4633 3561 4688 adnot.
3582 4632 3670 4705 _4),
3694 4632 3792 4688 sed
3828 4644 3906 4692 et

2270 4702 2527 4777 anguStas
2566 4707 2717 4761 initio
2764 4707 2940 4777 quarti
2969 4702 3149 4760 sz’eculi
3192 4703 3306 4761 fere
3332 4706 3510 4777 fuisse
3543 4702 3907 4777 christiano?

2272 4791 2390 4848 rum
2423 4776 2715 4842 ecclesias,
2746 4775 2996 4848 cumpro
3043 4777 3309 4848 paucitate
3354 4776 3445 4830 illa
3485 4775 3746 4848 fidelium,
3779 4780 3895 4845 qui

2271 4847 2372 4900 sub
2402 4848 2806 4919 persecutiones
2828 4844 2993 4919 fiderit"
3019 4844 3341 4901 catholicam
3369 4846 3601 4915 amplexi
3634 4844 3900 4919 fuerant,

2271 4932 2379 4972 non
2406 4918 2562 4972 valde
2588 4919 2782 4986 amplis
2813 4918 3051 4973 basilicis
3080 4933 3215 4987 opus
3247 4927 3427 4983 esset;
3465 4927 3519 4972 et
3571 4918 3750 4971 solum
3779 4934 3911 4973 an-

2264 4999 2360 5065 .cto
2410 4988 2642 5045 subinde
2695 4999 2818 5060 post
2861 4990 3124 5065 redditam
3170 4988 3429 5065 Ecclesia;
3492 5002 3679 5065 pacem
3740 4988 3910 5065 ﬁde-

2274 5061 2401 5115 lium
2428 5075 2654 5115 numero
2674 5059 2887 5131 {novas
2917 5061 3208 5128 ampliores
3235 5059 3495 5116 ecclesias
3522 5059 3905 5131 mdilicand-s

2269 5131 2457 5197 fuisse,
2481 5147 2546 5188 ex
2580 5129 2878 5188 Athanasio
2908 5131 3096 5198 liquet,
3129 5133 3218 5201 qui
3252 5133 3306 5186 in
3334 5132 3598 5201 Apologia
3627 5130 3699 5201 ad
3725 5129 3905 5188 Cim-

2270 5206 2525 5258 stantium
2558 5204 2899 5259 Alexandria:
2934 5204 2987 5257 in
3015 5200 3159 5274 urbe,
3182 5204 3346 5258 totius
3369 5200 3592 5274 Egypti
3618 5200 3905 5274 principe

2269 5276 2681 5344 angustissimas
2723 5275 2889 5331 fuisse
2941 5271 3103 5328 tradit
3146 5274 3408 5333 ecclesias
3448 5271 3620 5344 usque
3663 5273 3734 5327 ad
3775 5271 3912 5333 an.

2272 5343 2402 5417 556,
2426 5362 2548 5417 quze
2576 5361 2699 5401 cum
2725 5345 3002 5416 capiendis
3044 5344 3294 5401 ﬁdelibus
3336 5346 3393 5400 in
3432 5343 3550 5403 dies
3572 5348 3861 5417 crescenti
3878 5376 3908 5389 ο

2274 5416 2375 5472 bus
2397 5413 2556 5487 pares
2588 5433 2693 5471 non
2719 5413 2922 5483 essent,
2955 5430 3090 5471 nova
3116 5417 3352 5483 aiuplior
3376 5422 3650 5487 exstructa
3691 5413 3913 5487 facta;

2272 5484 2523 5551 ecclesia,
2556 5491 2606 5542 in
2632 5505 2760 5559 qua,
2787 5490 2986 5559 populo
3008 5496 3256 5557 rogante.
3281 5497 3409 5559 ante
3428 5486 3650 5555 petitam
3673 5487 3747 5559 ab
3768 5485 3919 5546 inl-

2978 5573 3011 5613 o
3049 5559 3137 5614 die
3160 5557 3434 5627 paschalis
3459 5558 3752 5614 convenire
3774 5574 3920 5616 ne-

2272 5646 2428 5687 cesse
2481 5629 2768 5685 fuit:vide
2804 5647 2859 5685 ιι.
2902 5628 2992 5696 ﬂ,
3035 5644 3168 5701 page
3210 5631 3341 5687 505.
3386 5629 3614 5686 Verona!
3655 5643 3923 5701 quoque

2273 5702 2450 5757 eiiniie
2498 5701 2775 5772 quidpiam
2826 5702 3092 5758 accidisse
3113 5699 3529 5770 cognoscimus.
3576 5699 3720 5772 Quin
3750 5701 3923 5760 beic

2277 5784 2485 5832 tantum
2515 5770 2822 5830 excrevisse
2869 5779 3017 5843 patet
3065 5772 3302 5827 lidelium
3346 5770 3766 5833 multitudinem,
3832 5785 3927 5834 ιιι
