4216 6178
528 300 638 359 565

1906 277 2153 342 SANCTI
2189 277 2479 339 ZENONIS

3725 266 3831 331 564

529 423 591 470 ιιι
628 411 908 469 edicerent
944 408 1123 475 nobis,
1163 406 1379 477 quinam
1428 402 1570 459 Deus
1596 402 1697 457 iste
1725 401 1796 457 sit
1830 400 1921 472 qui
1961 399 2130 455 dicit:
2160 397 2215 457 A
2238 399 2380 455 diata
2401 397 2732 469 cognoscite,
2762 393 2998 465 quidicit
3027 392 3091 449 ad
3116 406 3214 449 eos
3237 391 3290 447 in
3317 391 3472 448 isaire
3501 391 3641 448 libro
3674 408 3688 443 :
3719 394 3835 460 Quo

530 508 666 564 Audi
685 507 903 582 populus
922 510 1147 568 meus,et
1162 503 1365 569 loquar,
1391 499 1579 567 Israel,
1604 508 1650 553 et
1672 496 1977 566 testiﬁcabor
1993 496 2083 550 tibi
2111 512 2131 549 :

528 603 771 675 quoniam
799 599 936 655 Deus
962 596 1104 653 Deus
1117 607 1233 651 tuus
1261 610 1354 667 ego
1370 611 1483 650 sum
1511 592 1632 665 (Ps.
1663 589 1838 659 ms).
1865 591 1931 646 Et
1953 590 2087 645 infra
2115 607 2129 643 :

536 698 696 770 118
718 693 866 748 Meus
897 702 970 747 est
997 690 1132 746 orbis
1157 699 1307 745 terra:
1324 699 1373 744 et
1402 686 1667 759 plenitudo
1693 689 1824 759 ejus.
1862 682 2132 754 Numquid

529 785 850 844 manducabo
865 799 1043 840 carnes
1055 793 1336 847 taurorum,
1355 790 1443 834 aut
1454 778 1755 850 sanguinem
1768 776 2024 831 hircorum
2039 791 2133 846 po-

532 880 693 937 tabo?
721 877 947 934 lmmola
977 875 1088 931 Deo
1109 874 1425 943 sacriﬁcium
1448 870 1639 937 laudis,
1672 881 1719 925 et
1746 870 1902 923 redde
1927 867 2133 923 Altissi-

529 990 614 1029 mo
638 980 754 1027 uota
782 982 891 1026 tua.
922 968 990 1024 Et
1018 970 1202 1044 invoca
1234 981 1314 1020 me
1345 964 1423 1037 (4)
1444 965 1499 1017 in
1525 963 1607 1016 die
1634 959 1977 1016 tribulationis
2007 969 2129 1023 tute,

528 1076 575 1121 et
618 1064 837 1137 eripiam
879 1072 947 1127 te,
975 1072 1024 1116 et
1072 1058 1427 1131 magniﬁcabis
1460 1073 1539 1110 me
1584 1054 1701 1128 (Ps.
1744 1069 1901 1120 xux,
1952 1052 2042 1119 1‘2,
2085 1059 2133 1106 et

528 1158 685 1228 seq.).
726 1156 783 1212 Si
831 1162 983 1226 pater
1027 1153 1286 1223 loquitur,
1338 1148 1555 1214 fratres,
1587 1148 1707 1217 quis
1750 1155 1837 1202 est
1872 1147 1995 1212 iste,
2044 1144 2131 1200 cui

530 1260 736 1307 tantum
764 1248 974 1305 defert?
1002 1246 1138 1316 Quis
1161 1253 1265 1309 est,
1296 1258 1456 1314 quem
1487 1242 1807 1297 Altissimum
1832 1240 1983 1306 dicit,
2008 1253 2131 1293 cum

527 1344 643 1415 ipse
682 1344 755 1398 sit
782 1341 955 1407 solus,
993 1355 1022 1393 a
1055 1352 1163 1409 quo
1191 1337 1331 1391 alius
1377 1334 1537 1391 altior
1568 1349 1673 1389 non
1717 1333 1828 1388 sit?
1875 1331 1971 1389 Sin
2003 1344 2133 1387 vero

526 1436 677 1493 omni
706 1432 1118 1491 honorificentia
1149 1428 1441 1485 deferentis
1467 1427 1612 1482 Patri
1642 1427 1803 1481 verba
1835 1433 1960 1479 sunt
1984 1422 2130 1491 Filii,

524 1529 733 1586 debetis
760 1538 1052 1597 agnoscere
1099 1521 1318 1593 quantis
1346 1520 1552 1576 catenis
1578 1517 1756 1572 vincta
1785 1516 2132 1572 tenebrarum

526 1634 680 1677 utens
708 1617 918 1674 laboret
945 1606 1368 1670 incredulorum.

597 1713 659 1768 ll.
693 1711 937 1775 lmmola,
969 1707 1160 1779 inquit,
1194 1704 1306 1759 Deo
1349 1702 1666 1773 sacriﬁcium
1716 1700 1904 1755 laudis.
1949 1698 2131 1755 Primo

2236 493 2361 547 mihi
2375 491 2753 546 multitudinem
2779 488 3154 558 sacriﬁciorum
3176 495 3459 541 vestrorum
3475 487 3502 541 ?
3518 489 3701 559 plenus
3721 502 3837 540 sum

2234 584 2687 641 holocaustomatis
2709 584 2929 637 arietum
2952 591 2999 637 et
3020 580 3351 655 pinguaminc
3366 596 3641 655 agnorum.
3680 581 3838 654 119

2237 677 2551 748 Sanguinem
2574 686 2837 731 taurorum
2863 683 2910 729 et
2940 674 3200 729 hircorum
3239 675 3361 728 nolo
3392 689 3411 728 :
3439 673 3563 744 quis.
3585 673 3722 727 enim
3748 689 3839 728 ea:-

2233 771 2435 842 quisioit
2474 770 2574 824 ista
2605 771 2669 825 dc
2694 767 2929 822 manibus
2969 767 3146 821 vestris
3197 764 3325 839 (Is.,
3353 782 3393 834 ι,
3444 767 3532 834 Η,
3567 765 3695 837 12)?
3740 764 3841 821 Per

2233 866 2396 921 alium
2428 864 2653 936 adaeque
2684 864 3005 936 Prophetam
3028 862 3263 935 Spiritus
3291 872 3511 920 sanctus
3539 862 3759 928 clamat,
3787 870 3842 919 et

2233 959 2405 1014 dicit:
2449 956 2756 1030 Prtccingitc
2797 972 2911 1025 nos,
2960 966 3006 1012 et
3037 956 3285 1029 plangite,
3314 956 3624 1023 sacerdotes,
3673 955 3842 1025 lugete

2233 1067 2429 1117 omnes,
2478 1052 2565 1121 qui
2612 1050 2874 1107 deservitis
2920 1050 3076 1105 altari
3111 1066 3131 1104 :
3180 1048 3423 1120 quoniam
3466 1046 3639 1102 ablata
3667 1056 3743 1101 est
3779 1047 3844 1103 dc

2235 1146 2385 1198 domo
2410 1142 2487 1216 (7)
2501 1140 2711 1197 Domini
2734 1142 2885 1197 uestri
2905 1142 3072 1196 hostia
3088 1149 3135 1196 et
3154 1139 3439 1195 immolatio
3460 1136 3619 1212 (Joel.
3664 1154 3704 1205 ι,
3724 1138 3839 1209 l3).

2234 1239 2395 1294 Multa
2425 1246 2571 1304 sunt,
2604 1253 2724 1309 (tuae
2753 1235 2861 1292 dici
2894 1242 3123 1306 possunt
3149 1252 3163 1290 :
3194 1233 3289 1291 sed
3322 1231 3455 1289 satis
3481 1233 3718 1287 otiosum
3757 1239 3842 1288 est

2234 1332 2290 1389 in
2330 1334 2413 1388 his
2442 1332 2737 1398 demorari,
2765 1324 2887 1402 (μιαί
2914 1332 2967 1386 in
3008 1339 3121 1386 toto
3144 1330 3256 1402 jam
3286 1329 3365 1403 (8)
3389 1343 3495 1385 non
3520 1337 3674 1385 sunt.

2306 1426 2391 1483 iV.
2429 1426 2603 1483 Unum
2637 1441 2767 1481 sane
2801 1426 3111 1482 necessario
3140 1421 3479 1495 proferemus
3504 1421 3838 1493 exemplum,

2233 1521 2378 1594 quod
2422 1529 2481 1577 et
2525 1519 2696 1576 Judaei
2738 1519 3008 1585 odiosum,
3058 1527 3113 1573 et
3172 1514 3465 1571 Gbristiani
3514 1514 3841 1570 sacriﬁcium

2235 1614 2501 1685 approbet
2528 1614 2639 1670 Deo
2662 1620 2899 1683 gratum.
2934 1609 3092 1681 Apud
3123 1608 3443 1665 Malacltiam
3473 1607 3793 1680 prophetam
3821 1623 3839 1660 :

2237 1705 2361 1761 Non
2387 1713 2459 1761 est
2490 1704 2615 1760 mihi
2646 1703 2885 1759 uoluntas
2926 1704 3068 1758 circa
3116 1719 3227 1768 vos,
3279 1701 3409 1755 dicit
3445 1698 3743 1755 Dominus:
3791 1705 3840 1755 et

524 1802 1192 1874 omnium,sacriliciorum
1216 1799 1317 1855 tria
1345 1813 1467 1854 esse
1490 1811 1692 1869 genera
1721 1794 1930 1851 novelle
1957 1792 2129 1860 disce,
2163 1789 2211 1850 B
2237 1798 2547 1870 sacriﬁcium
2590 1806 2858 1868 acceptum
2888 1811 2989 1850 non
3031 1796 3198 1850 habeo
3247 1810 3312 1849 ea:
3354 1792 3590 1848 manibus
3617 1791 3799 1848 vestris
3820 1804 3844 1846 :

527 1898 859 1965 Christiane,
890 1911 957 1952 ne
978 1910 1085 1966 quo
1114 1893 1395 1949 seducaris
1415 1906 1624 1946 errore.
1661 1889 1836 1946 Unum
1880 1897 1963 1943 est
1991 1889 2135 1942 enim

524 1991 867 2056 detestabile,
921 1989 1147 2043 alterum
1199 1984 1512 2055 reprobum,
1574 1980 1790 2036 tertium
1850 1978 2133 2034 mundum.

527 2081 853 2140 Detestabile
881 2090 961 2136 est
986 2078 1262 2141 Gentium,
1288 2072 1920 2143 reprobumJudteorum,
1954 2069 2136 2141 populi

526 2176 809 2251 christiani
830 2173 1109 2229 mundum.
1140 2170 1309 2241 igitur
1330 2167 1585 2225 Gentium
1616 2162 1939 2221 sacrificium
1972 2178 2133 2233 quam

524 2267 861 2327 exsecrabile
886 2275 988 2333 est,
1024 2275 1132 2319 tam
1157 2265 1236 2335 (5)
1268 2264 1427 2339 inane
1451 2280 1463 2315 :
1487 2259 1830 2317 coluotenim
1849 2259 1972 2312 vani
1998 2271 2136 2312 vana

523 2362 778 2431 figmenta
808 2358 860 2412 in
888 2354 1155 2426 quaslibet
1182 2352 1403 2419 formas,
1437 2352 1617 2407 vultus
1638 2396 1654 2423 ,
1684 2364 1869 2415 sexus,
1922 2358 2133 2416 aetates,

522 2455 643 2509 auri
686 2450 1005 2523 argentique
1047 2447 1373 2504 detrimento
1423 2445 1611 2501 matris
1658 2445 1802 2499 limae
1852 2441 2137 2498 moderato

522 2545 685 2601 dente
715 2544 962 2614 ﬁgurata.
995 2540 1126 2608 Qua:
1147 2546 1232 2594 est
1256 2552 1387 2607 ergo
1432 2537 1535 2591 ista
1578 2534 1888 2591 dementia?
1926 2533 2138 2588 sacriﬁ-

519 2636 661 2692 cium
693 2630 1060 2689 nescientibus
1102 2643 1418 2700 procurare,
1468 2628 1649 2681 lumen
1703 2626 1862 2681 caecis
1910 2625 2133 2694 inferre,

521 2729 685 2785 thura
713 2743 819 2783 non
861 2724 1196 2796 spirantibus
1245 2737 1621 2791 concremare,
1679 2722 1918 2792 allegare
1944 2730 2134 2791 preces

523 2820 704 2877 surdis
732 2839 747 2873 :
778 2819 849 2875 ab
877 2818 965 2874 his
985 2815 1288 2873 custodiam
1320 2823 1528 2885 petere,
1562 2830 1698 2885 quos
1729 2814 1813 2868 fur
1843 2829 1950 2869 non
1982 2814 2135 2870 timet

527 2915 790 2970 involare.
818 2911 1027 2979 Quibus
1051 2918 1202 2964 recte
1231 2908 1372 2962 Deus
1395 2907 1648 2962 irascitur
1675 2906 1863 2962 dicens
1895 2923 1908 2958 :
1959 2904 2138 2961 Nolite

522 3004 787 3060 ambulare
815 3010 927 3072 post
958 3003 1079 3055 deos
1103 2999 1320 3065 alienos,
1352 3009 1405 3053 ut
1431 2999 1663 3054 servietis
1690 2999 1795 3065 eis;
1823 3008 1872 3053 et
1909 3016 1971 3053 ne
2005 2998 2132 3053 ado-

520 3096 757 3154 ruveritis
798 3108 920 3150 eos:
959 3082 1264 3163 nequando
1297 3091 1516 3145 incitetis
1555 3107 1635 3145 me
1662 3090 1717 3145 in
1743 3091 1979 3158 operibus
2021 3106 2134 3144 ma—

2236 1890 2485 1964 quoniam
2528 1908 2561 1944 a
2608 1889 2733 1945 solis
2778 1897 2893 1943 ortu
2938 1904 3098 1951 usque
3142 1887 3194 1941 in
3234 1902 3472 1941 occasum
3492 1884 3839 1955 clariﬁcatum

2236 1995 2313 2041 cst
2338 2001 2523 2040 nomen
2550 2001 2719 2039 meum
2741 1983 2882 2056 apud
2907 1981 3112 2047 Gentes,
3143 1990 3188 2035 et
3211 1980 3264 2034 in
3309 1980 3452 2035 omni
3494 1980 3606 2033 loco
3656 1978 3843 2033 odores

2236 2080 2428 2134 incensi
2457 2078 2745 2146 offeruntur
2768 2077 2963 2131 nomini
2982 2092 3114 2140 meo,
3139 2084 3185 2129 et
3213 2073 3533 2142 sacrificium
3550 2070 3799 2126 mundum
3820 2085 3844 2126 :

2237 2172 2477 2243 quoniam
2508 2187 2751 2243 magnum
2772 2178 2846 2224 est
2874 2185 3058 2223 nomen
3083 2183 3252 2222 meum
3274 2165 3417 2236 apud
3457 2164 3661 2231 Gentes,
3714 2163 3845 2218 dicit

2238 2265 2492 2321 Dominus
2520 2263 2742 2339 (Malae.
2775 2280 2815 2331 ι,
2849 2265 2962 2335 10).
2993 2260 3219 2316 Immola
3250 2259 3361 2315 Deo
3391 2259 3702 2329 sacriﬁcium
3725 2257 3845 2312 lau-

2239 2358 2317 2412 dis
2348 2356 2468 2429 (Ps.
2515 2373 2664 2423 xm,
2722 2354 2837 2427 id).
2892 2353 3138 2420 lmmola,
3189 2352 3383 2423 inquit,
3430 2350 3563 2419 Deo,
3591 2347 3672 2423 (9)
3734 2363 3846 2405 non

2237 2450 2545 2516 dremoniis,
2596 2448 2910 2519 sacriﬁcium
2938 2446 3134 2512 laudis,
3166 2460 3274 2500 non
3301 2443 3739 2514 vituperationis,
3788 2449 3846 2497 et

2237 2544 2396 2599 redde
2417 2544 2682 2598 Altissime
2711 2552 2828 2596 vota
2854 2549 2962 2595 tua.
2991 2538 3264 2594 Honorem
3309 2546 3480 2592 totum
3504 2532 3743 2592 refundit
3789 2534 3844 2589 in

2239 2647 2472 2710 patrem,
2505 2652 2570 2693 ex
2599 2650 2706 2706 quo
2732 2635 2933 2690 omnia.
2965 2634 3032 2689 Et
3068 2633 3253 2687 invoca
3293 2648 3373 2686 me
3414 2632 3467 2685 in
3514 2629 3847 2685 tribulatione

2239 2738 2349 2796 tua,
2379 2739 2425 2785 et
2453 2729 2667 2801 eripiant
2697 2737 2743 2783 lc
2772 2726 3026 2792 dicendo,
3055 2724 3318 2788 ostendit,
3360 2724 3616 2796 quoniam
3663 2737 3759 2793 per
3784 2736 3847 2781 se

2238 2828 2421 2879 Omnia
2467 2831 2791 2892 prosecutus
2837 2830 2940 2877 est.
2997 2818 3061 2874 Et
3109 2819 3466 2891 magniﬁcabis
3506 2834 3586 2872 me
3633 2834 3648 2874 :
3698 2814 3847 2887 quod

2239 2917 2468 2982 dictum,
2515 2913 2736 2981 fratres,
2789 2928 2895 2987 non
2924 2912 3004 2968 sic
3046 2910 3256 2967 debetis
3283 2911 3553 2984 accipere,
3578 2917 3639 2964 ut
3663 2906 3848 2979 operis

2239 3009 2320 3065 sui
2361 3005 2574 3063 tandem
2620 3004 2839 3062 sibimet
2868 3003 2973 3060 soli
3015 3002 3209 3059 deberi
3257 3011 3486 3057 testatus
3527 3002 3621 3066 sit,
3648 3000 3737 3071 qui
3785 3000 3844 3055 in

2242 3100 2532 3170 Evangelio
2562 3099 2736 3155 dicit:
2771 3097 2833 3155 Si
2861 3114 2961 3152 non
3002 3097 3137 3168 facio
3176 3099 3315 3168 facta
3341 3096 3502 3167 patris
3526 3094 3647 3161 mei,
3682 3092 3847 3148 nolite

520 3207 682 3247 unum
724 3197 1037 3251 uestrarum,
1078 3195 1127 3239 et
1167 3184 1460 3253 dispertiunt
1508 3200 1598 3240 uos
1650 3182 1847 3256 (Hier.,
1889 3199 2016 3249 xxv,
2045 3183 2125 3255 6).

2247 3192 2373 3247 mihi
2397 3168 2625 3248 credere
2656 3207 2674 3245 :
2716 3193 2805 3245 sed
2834 3190 2879 3244 si
2906 3188 3030 3244 mihi
3078 3189 3284 3244 credere
3320 3203 3431 3242 non
3474 3186 3650 3250 vultis,
3693 3184 3851 3256 factis

522 3285 654 3355 Quae
689 3290 868 3338 autem
897 3281 1007 3335 sint
1034 3278 1135 3333 ista
1176 3292 1344 3348 opera
1374 3292 1565 3332 manus
1593 3276 1866 3344 humanae,
1898 3276 2132 3346 Spiritus

523 3384 748 3433 sanctus
798 3373 851 3427 in
910 3369 1117 3441 psalmo
1166 3369 1519 3439 nonagesimo
1557 3369 1747 3439 quinto
1785 3368 2023 3423 declarat
2050 3368 2135 3425 di-

524 3482 655 3523 cens
689 3482 702 3519 :
738 3462 927 3517 Omnes
961 3459 1033 3513 dii
1066 3457 1304 3513 Gentium
1332 3459 1617 3534 daemonia;
1666 3457 1915 3514 Dominus
1960 3468 2131 3514 autem

528 3558 682 3614 caelos
714 3554 852 3626 fecit.
886 3551 1037 3617 Etin
1066 3550 1485 3606 Deuteronomio
1511 3550 1709 3621 (χχχιι,
1738 3551 1829 3624 17)
1868 3569 1881 3605 :
1916 3551 2135 3622 Sacriﬁ-

528 3654 775 3705 cauerunt
802 3643 1090 3708 dwmoniis,
1123 3655 1171 3697 et
1217 3658 1317 3697 non
1361 3641 1493 3698 Deo.
1522 3646 1600 3699 Ac
1642 3658 1710 3700 ne
1751 3645 1872 3715 quis
1911 3644 2136 3703 sacrile-

529 3743 677 3812 gium
708 3737 1044 3793 esiStimaret
1085 3733 1186 3789 sibi
1230 3733 1450 3803 impune
1491 3749 1614 3789 esse
1658 3749 1959 3803 cessurum,
1992 3736 2139 3794 Scri-

534 3842 692 3905 ptura
733 3828 931 3885 iterum
963 3824 1162 3882 ibidem
1198 3824 1327 3880 dicit
1359 3842 1372 3877 :
1419 3825 1735 3895 Sacriﬁcans
1774 3827 1874 3882 diis
1907 3829 2139 3885 eradica-

530 3926 690 3988 bitur,
718 3921 819 3976 nisi
842 3917 1065 3974 Domino
1086 3918 1184 3972 soli
1212 3916 1406 3986 (Exod.
1432 3933 1565 3982 xm,
1593 3917 1709 3988 20).
1737 3917 1862 3975 Hinc
1885 3918 1964 3992 (6)
1991 3920 2139 3977 Gen-

537 4017 701 4081 tibus,
754 4013 857 4068 nisi
913 4019 1319 4076 convertantur,
1370 4019 1553 4065 manet
1602 4010 1781 4066 divina
1828 4014 2138 4072 sententia:

532 4124 655 4180 quae
682 4121 783 4163 nec
802 4106 997 4171 Deum,
1021 4116 1121 4157 nec
1146 4100 1647 4159 sacriliciumctiam
1670 4102 2144 4176 ipstecognoseunt

535 4216 596 4261 se
626 4200 828 4256 habere
852 4196 1171 4267 legitimum.

609 4291 700 4349 lll.
733 4290 887 4348 Nunc
908 4287 1218 4345 Judaeorum
1242 4302 1455 4359 quoque
1480 4290 1742 4348 sacriﬁcia
1773 4308 1803 4349 a
1836 4294 1946 4350 Deo
1979 4311 2141 4367 repu-

542 4432 773 4509 Apolog.
827 4439 891 4492 de
940 4433 1091 4509 Fuga
1135 4450 1227 4487 sua
1266 4449 1470 4509 _pr0pe_
1491 4434 1677 4509 linem.
1723 4438 1811 4494 ubi
1844 4439 2131 4497 scribitur;

543 4505 790 4566 Residens
814 4510 883 4582 Ain
909 4505 1039 4561 sede
1058 4506 1320 4582 prtcccpit,
1348 4518 1401 4582 ut
1432 4505 1691 4582 Diaconus
1718 4512 1971 4578 psalmum
1998 4518 2134 4582 lege-

538 4592 633 4648 ret,
667 4580 844 4651 populi
881 4576 1244 4651 responderent
1280 4593 1303 4651 1:
1348 4577 1603 4651 Quoniam
1631 4580 1683 4631 in
1708 4576 1953 4635 internum
1982 4576 2136 4639 mise-

537 4649 761 4708 ricordia
789 4653 920 4719 ejus.
953 4649 1107 4721 Quod
1131 4650 1175 4701 si
1203 4649 1322 4718 quis
1349 4650 1497 4721 velit,
1530 4649 1628 4701 hac
1658 4665 1870 4720 quoque
1904 4662 2139 4721 tcmpes-
2168 4654 2221 4714 D

542 4735 651 4779 tate
687 4718 955 4777 inductam
980 4718 1156 4793 fuisse
1176 4719 1642 4793 consuetudinem,
1673 4718 1831 4789 quain
1862 4718 2142 4793 Augustini

512 4812 660 4857 mm
687 4796 738 4849 in
766 4793 943 4848 Africa
974 4790 1082 4860 jam
1112 4790 1377 4860 vigentem
1403 4790 1642 4860 pluribus
1668 4790 1987 4846 testimoniis
2008 4812 2141 4850 cou—

546 4869 720 4921 lirmat
740 4859 1011 4936 piissimus
1039 4876 1191 4936 aeque
1213 4876 1275 4936 ac
1297 4859 1641 4936 doctissimus
1670 4861 1958 4918 cardinalis
1988 4866 2145 4925 Tho-,

550 4931 752 4992 mosius
778 4938 828 4990 in
860 4931 1177 5006 praefatione
1200 4932 1264 4984 ad
1294 4931 1548 5006 psalmos,
1585 4946 1702 5006 pag.
1742 4936 1824 5001 lt),
1852 4942 1909 4988 ut
1930 4937 2140 4994 scilicet

543 5010 783 5080 psalmos
832 5002 1171 5080 membratim
1223 5002 1773 5080 praelegcretulector,
1811 5006 2139 5080 eosdemque

546 5071 779 5150 populus
804 5071 1181 5150 respondendo
1211 5071 1634 5150 caritaretnnibil
1655 5074 2022 5150 laborabimus
2052 5071 2067 5134 ξ
2092 5078 2142 5137 id

546 5141 690 5206 enim
719 5148 785 5203 ad
812 5143 1190 5207 exiilicandnm
1223 5141 1454 5197 Zenonis
1486 5143 1659 5199 locum
1697 5145 1828 5201 satis
1855 5160 1957 5205 est.

619 5221 700 5292 (4)
732 5218 861 5292 Mss.
880 5213 1016 5292 Z_en.
1043 5220 1097 5268 et
1118 5213 1399 5292 [:omp.,in
1429 5215 1757 5273 tribulatione
1785 5228 1894 5288 tua,
1927 5227 1987 5274 ut
2014 5235 2147 5278 sane

547 5286 744 5359 legitur
769 5286 1015 5353 inferius,
1045 5302 1100 5359 ιιἶ
1132 5286 1184 5359 5.

618 5356 698 5433 (5)
731 5358 893 5433 lnane
918 5366 991 5433 ea
1017 5356 1144 5433 editi
1180 5371 1301 5411 cum
1339 5356 1543 5433 aliquot
1589 5373 1716 5433 mss.
1753 5360 1821 5414 At
1861 5359 2148 5433 SIIbStanti-

547 5428 688 5485 vut'n'
720 5438 826 5500 est_
860 5428 1160 5483 delevimus
1217 5428 1540 5484 auctoritate
1588 5430 1835 5485 codicum
1905 5432 2147 5500 'l‘olent.,

544 5500 759 5572 Pomp.,
791 5498 923 5572 Zen.

617 5569 696 5644 (6)
722 5570 911 5644 secuti
938 5584 1126 5644 sumus
1155 5569 1441 5625 lectionem
1468 5570 1825 5641 antiquissimi
1856 5587 1956 5627 ms.
1988 5573 2146 5631 Rem.

545 5641 665 5699 cum
708 5642 836 5696 alibi
870 5641 1056 5697 Gentes
1081 5641 1321 5711 legatur;
1356 5658 1477 5696 nam
1507 5658 1685 5697 maneo
1718 5652 1864 5699 recte
1898 5659 2020 5700 cum
2052 5647 2149 5703 da-

537 5715 664 5781 tivo,
714 5727 822 5768 non
866 5715 1048 5769 minus
1078 5728 1233 5780 quam
1266 5727 1386 5768 cum
1434 5714 1743 5769 accusativo
1787 5718 2140 5775 construitur.

530 5784 785 5860 Virgilius
812 5783 1063 5849 liuent,
1109 5799 1145 5850 ι,
1179 5800 1228 5839 v.
1258 5784 1366 5842 257
1396 5799 1408 5837 :
1451 5783 1664 5842 Manent
1690 5786 1899 5842 immota
1939 5799 2143 5846 tuorum

2242 3286 2469 3352 credite;
2510 3293 2557 3339 et
2582 3282 2887 3355 cognoscite,
2922 3282 3171 3354 quoniam
3197 3281 3252 3335 in
3277 3296 3359 3334 me
3384 3290 3456 3339 est
3487 3285 3653 3350 pater,
3683 3285 3728 3330 et
3754 3291 3848 3347 ego

2238 3377 2294 3431 in
2324 3378 2416 3431 illo
2449 3375 2626 3447 (Joan.
2658 3391 2714 3440 ι,
2746 3375 2838 3442 '57,
2869 3372 2962 3444 58)
2989 3391 3003 3428 :
3036 3372 3241 3430 dictum
3269 3371 3667 3443 significatione
3690 3368 3852 3423 unica

2244 3468 2567 3539 maiestatis,
2610 3476 2667 3524 et
2708 3465 2908 3523 affectu
2957 3463 3237 3521 individuo
3278 3462 3530 3533 pietatis;
3557 3462 3683 3532 quia
3728 3460 3851 3515 laus

2245 3560 2339 3616 filii
2372 3571 2455 3616 est
2481 3560 2671 3631 patris,
2704 3569 2758 3614 et
2780 3559 2898 3613 laus
2924 3557 3093 3627 patris
3118 3555 3423 3612 amborum.

2321 3653 2386 3709 V.
2430 3653 2586 3710 Nunc
2623 3650 2879 3709 sacriﬁcii
2907 3650 3081 3707 nostri
3111 3647 3497 3720 proprietatem
3529 3661 3627 3702 nos
3648 3660 3854 3703 conve-

2247 3744 2325 3799 nit
2355 3759 2536 3810 nosse,
2566 3759 2688 3815 qua:
2720 3742 2879 3798 facile
2922 3757 2991 3797 ex
3037 3740 3268 3796 adverso
3304 3738 3687 3810 cognoscitur:
3718 3750 3854 3793 nam

2248 3836 2293 3891 si
2338 3837 2444 3892 diis
2489 3835 2867 3906 corporalibus
2896 3833 3217 3889 sacriﬁcium
3248 3833 3502 3887 convenit
3539 3829 3852 3900 corporale,

2248 3931 2430 4001 utique
2477 3939 2529 3984 et
2578 3928 2809 3999 spiritali
2848 3927 2961 3983 Deo
2989 3925 3320 3983 sacrificium
3364 3934 3447 3981 est
3476 3922 3856 3981 necessarium

2246 4022 2525 4092 Spiritale:
2554 4020 2695 4091 quod
2725 4036 2832 4075 non
2862 4034 2926 4075 ex
2961 4018 3198 4084 sacculo,
3228 4016 3322 4072 sed
3351 4032 3417 4073 ex
3442 4014 3605 4072 corde
3632 4011 3855 4085 profer—

2248 4122 2368 4179 tur;
2400 4113 2542 4184 quod
2571 4128 2679 4168 non
2708 4112 2824 4183 (10)
2856 4110 3129 4167 bromosis
3158 4108 3476 4182 pecudibus,
3507 4108 3601 4164 sed
3640 4107 3859 4163 suavis-

2248 4207 2401 4264 simis
2426 4205 2669 4262 moribus
2694 4214 3077 4275 comparatur;
3110 4202 3253 4275 quod
3287 4218 3393 4259 non
3440 4201 3680 4257 cruentis
3724 4213 3857 4254 ma-

2252 4301 2430 4366 nibus,
2474 4297 2569 4354 sed
2622 4298 2874 4356 sensibus
2928 4295 3151 4355 mundis
3197 4294 3419 4352 oﬁ'ertur
3459 4311 3474 4362 ;
3531 4292 3675 4365 quod
3734 4308 3859 4361 non

2241 4442 2499 4568 ἕζετοιᾶςέ
2524 4450 2580 4498 et
2608 4441 2866 4511 Velleius,
2901 4458 2941 4511 ι,
2968 4443 3024 4505 4,
3056 4441 3130 4498 2ε
3161 4443 3293 4499 Aliis
3317 4441 3631 4513 ritus
3653 4440 3860 4497 mansit

2242 4524 2494 4569 custodia.

2319 4586 2396 4728 (7)
2440 4584 2564 4641 Mss.
2593 4583 2807 4641 Tolent.
2838 4584 3031 4654 Pomp.
3064 4582 3182 4640 Dei.

2341 4658 2396 4715 8)
2441 4657 2591 4728 Quia
2623 4657 2835 4711 scilicet
2880 4657 3182 4728 llierosolyt

2341 4658 2396 4715 8)
2441 4657 2593 4729 Quia
2623 4657 2835 4711 scilicet
2880 4656 3426 4729 llierosolymitanum
3469 4654 3704 4729 deletum
3754 4661 3854 4729 est.

2253 4726 2507 4797 templum
2531 4744 2544 4793 ;
2583 4726 2684 4782 hoc
2723 4736 2901 4783 autem
2930 4728 3112 4783 deleto
3132 4726 3342 4784 )lndteis
3370 4727 3598 4798 amplius
3626 4726 3849 4781 sacrifi-

2251 4812 2376 4854 care
2403 4814 2523 4922 milia
2540 4797 2685 4866 licet,
2733 4799 2801 4855 de
2844 4815 2948 4871 qua
2979 4815 3038 4855 re
3065 4801 3257 4856 iterum
3289 4797 3441 4855 Zeno
3467 4797 3621 4854 tract.
3654 4812 3727 4852 ιι
3785 4806 3850 4853 et

2251 4883 2431 4922 seuo..
2472 4885 2483 4921 l
2531 4907 2542 4920 .
2575 4885 2632 4922 ll.

2250 4883 2432 4937 seqq.,
2450 4883 2542 4922 lit).
2575 4885 2632 4923 ll.

2325 4938 2402 5012 (9)
2446 4938 2586 4993 Editi
2610 4956 2678 5012 ac
2719 4956 2848 4997 mss.
2890 4942 3094 5012 aliquot
3139 4952 3185 4995 et
3227 4957 3371 4996 non:
3402 4940 3850 5011 coniunctionem

2250 5020 2295 5064 et
2319 5012 2499 5085 tribus
2523 5011 2800 5085 endicibns
2828 5011 3062 5085 ignOtam
3093 5011 3407 5085 abjecimus.

2323 5080 2436 5154 (ιο)
2480 5081 2537 5135 In
2565 5082 2692 5154 edit.
2726 5080 3185 5154 Vengbrumosis‘;
3219 5085 3272 5138 in
3301 5084 3526 5141 edition.
3559 5082 3687 5139 Ver.
3716 5082 3849 5137 bra-

2250 5151 2444 5215 mosis’;
2489 5151 2584 5207 sed
2634 5155 2793 5211 male.
2839 5153 3102 5209 Brontosis
3141 5164 3321 5209 autem
3367 5170 3434 5210 ex
3479 5171 3607 5211 mss.
3638 5169 3856 5223 suppo-

2249 5225 2477 5289 suimus,
2527 5239 2851 5349 quattiquam
2897 5235 2951 5282 et
2998 5228 3294 5282 bruntosum
3340 5228 3644 5296 promiscue
3692 5225 3854 5295 apud

2252 5304 2499 5349 auctores
2567 5304 2772 5349 cuntur.
2803 5295 3082 5349 Bromusus
3120 5312 3269 5349 vero.
3314 5312 3413 5349 seu
3446 5300 3714 5349 brumosus
3760 5305 3854 5349 est

2252 5304 2499 5350 auctores
2546 5295 2772 5368 legatur.
2803 5295 3082 5353 Bromusus
3120 5312 3269 5363 vero,
3314 5295 3714 5368 seuibrumosus
3760 5305 3856 5354 est

2254 5380 2418 5435 grave
2451 5368 2649 5446 ‘oleus,
2676 5368 3093 5446 ‘injucundutn,
3119 5382 3152 5446 ιι
3210 5383 3342 5446 v_o_ce
3398 5367 3612 5446 Graeca
3633 5368 3857 5446 βρῶμρί-

2256 5439 2620 5518 graveolentia.
2663 5438 3213 5518 ﬁ‘owuﬁtino‘fmiidm.
3237 5438 3304 5518 ld_
3328 5455 3524 5518 nomen
3538 5438 3651 5518 ,διὸ
3668 5438 3858 5495 'aeci-

2260 5509 2507 5575 piendum
2557 5508 2709 5578 patet
2746 5508 2809 5566 ex
2861 5509 3057 5564 Rufino
3089 5511 3125 5564 Ι.
3160 5525 3238 5574 Ill,
3272 5509 3339 5565 de
3365 5509 3506 5566 Vitis
3537 5508 3755 5564 Patrum
3783 5525 3851 5566 η.

2254 5578 2324 5635 59
2354 5598 2366 5633 :
2401 5579 2468 5633 Et
2494 5596 2608 5634 cum
2652 5583 2843 5649 [aleret
2870 5581 3111 5639 brumosa
3128 5598 3268 5651 aqua
3296 5580 3474 5646 odore,
3500 5598 3605 5637 non
3631 5580 3861 5652 permit-

2254 5652 2406 5723 lebat,
2426 5721 2433 5723 ξ
2440 5660 2503 5723 _ut
2531 5651 2687 5723 aliam
2718 5668 2904 5723 aquam
2946 5663 3218 5708 mutarent.
3269 5652 3473 5709 leius
3515 5651 3861 5712 Aurelianus

2252 5722 2288 5778 l.
2322 5738 2380 5776 ιιι
2423 5721 2584 5802 'l‘ard.
2637 5721 2780 5792 pass.
2814 5738 2870 5785 .c.
3029 5723 3308 5802 Got'ruptio
3356 5733 3680 5802 acceptorum
3725 5738 3860 5778 cuin

2250 5810 2396 5849 acere
2427 5794 2478 5846 in
2504 5792 2816 5864 bromosam,
2847 5795 2924 5850 vel
2954 5795 3007 5850 in
3038 5792 3294 5867 fumosam
3320 5792 3694 5851 transeuntium
3720 5807 3859 5865 qua-
