4230 6168
527 274 624 334 371

1845 272 2088 331 SANCTI
2128 271 2423 331 ZENUNIS

3721 265 3824 321 ὄτὶ

526 406 804 470 sequemet
827 396 905 473 (2)
924 398 1039 468 ipse
1058 396 1383 452 condemnat
1411 411 1424 449 :
1461 408 1556 449 cur
1581 395 1726 449 enim
1747 403 2018 449 mereatur
2042 391 2120 448 l‘e-
2150 394 2202 454 A
2229 391 2438 447 dubitet
2462 388 2827 454 Christianus,
2876 388 2967 457 qui
3020 384 3474 441 resurrectionem
3512 381 3741 438 futuram
3770 392 3826 436 et

527 490 786 546 licitatem
812 488 979 544 l‘uturi
1012 487 1274 558 temporis
1298 500 1544 560 cernere,
1564 501 1725 557 quem
1751 485 1934 540 videas
1955 483 2127 541 sacri-

527 584 646 656 lega
692 581 1071 638 incredulitate
1100 581 1191 635 Dei
1235 580 1491 650 potentias
1518 575 1829 649 derogare?
1867 576 1975 633 Sed
2022 577 2125 653 hoc

526 691 713 733 amore
764 674 1049 729 criminum
1096 674 1318 740 iaciunt,
1369 680 1428 728 ut
1472 680 1659 743 putent
1689 669 1951 740 impunita
1983 666 2121 735 fore,

524 782 648 839 quas
674 766 921 822 clanculo
938 776 1130 837 gerunt
1149 784 1161 819 :
1181 780 1305 820 nam
1336 767 1378 819 si
1407 760 2122 834 judiciidiei(3)appr0pin-

526 875 694 933 quare
720 862 833 930 jam
856 874 1050 915 cursus
1079 858 1457 924 adverterent,
1487 856 1646 929 126
1673 855 1854 926 procul
1878 853 2044 910 dubio
2070 861 2126 909 et

528 953 820 1025 praesentia
851 952 1112 1017 odissent,
1135 961 1189 1007 et
1220 950 1393 1009 futura
1412 951 1789 1016 credidissent,
1818 949 2127 1020 pariterque

524 1048 884 1102 metuissent:
921 1060 1081 1100 nemo
1113 1052 1198 1099 cst
1222 1045 1365 1099 enim
1400 1054 1505 1097 tam
1531 1044 1616 1098 vel
1645 1043 1713 1099 ab
1748 1042 1904 1098 istius
1937 1041 2123 1096 mundi

526 1139 809 1209 sapientiae
836 1148 994 1209 gustu
1042 1137 1285 1208 jejunus,
1315 1137 1405 1207 qui
1440 1136 1636 1191 audeat
1680 1132 1862 1191 dicere
1916 1136 2126 1190 animas

525 1246 649 1287 cum
678 1232 998 1301 corporibus
1042 1231 1265 1286 interire
1289 1271 1303 1296 ,
1343 1229 1586 1285 cmicstia
1616 1245 1736 1284 cum
1770 1228 2003 1284 terrenis
2032 1227 2126 1283 ab-

522 1327 698 1393 sumi;
733 1326 1029 1396 praesertim
1060 1342 1181 1380 cum
1209 1323 1526 1380 earumdem
1560 1321 1638 1395 (4)
1670 1323 1763 1378 ille
1789 1321 2127 1392 sapientissi-

522 1433 644 1473 mus
681 1417 855 1483 dicat,
889 1415 1028 1471 hanc
1057 1432 1179 1472 esse
1214 1423 1445 1471 mortem
1465 1457 1480 1482 ,
1504 1429 1625 1469 cum
1650 1429 1883 1484 corpore
1911 1414 2124 1468 animus

523 1519 795 1581 tamquam
821 1522 1041 1565 carcere
1075 1511 1291 1565 clausus
1317 1517 1569 1574 tenetur;
1602 1506 1750 1563 illam
1785 1521 1909 1563 esse
1939 1522 2123 1563 veram

522 1601 602 1676 (5)
631 1604 816 1669 vitam,
851 1620 973 1659 cum
1006 1603 1147 1658 idem
1191 1604 1403 1658 animus
1433 1602 1679 1671 custgdi‘a
1721 1600 1956 1657 carceris
1988 1600 2134 1657 libo?

518 1707 669 1752 ratus
695 1696 760 1751 ad
792 1712 916 1753 eum
951 1696 1150 1764 locum,
1178 1696 1323 1752 unde
1346 1692 1427 1767 (6)
1454 1695 1685 1759 venerit,
1706 1704 2034 1749 revertatur.
2064 1693 2121 1750 Si

2234 484 2314 556 (7)
2345 482 2515 551 audit,
2544 491 2599 538 et
2642 488 2843 553 sperat,
2884 488 2941 536 et
2973 478 3264 550 repositam
3304 477 3407 533 sibi
3444 474 3722 547 praesumit
3756 473 3826 530 de

2229 575 2486 631 Christo?

2300 676 2366 732 ll.
2406 674 2573 746 Igitur
2602 673 2832 743 primum
2867 669 3107 726 omnium
3141 666 3479 739 probandum
3510 674 3668 737 puto,
3703 665 3823 720 ani-

2229 793 2346 837 mas
2370 790 2583 834 nostras
2606 790 2831 832 suorum
2857 788 3148 843 corporum
3182 770 3410 832 exuviis.
3437 783 3536 824 nec
3555 782 3678 823 cum
3706 767 3827 823 labe

2228 880 2461 937 carnalis
2495 877 2719 946 hujusce
2746 872 3010 930 domicilii
3030 874 3130 928 ista
3161 871 3329 943 prima
3360 880 3537 926 morte
3568 867 3822 935 dissolvi;

2229 981 2323 1037 sed
2354 995 2450 1051 pro
2480 979 2738 1050 qualitate
2765 977 3029 1031 factorum
3065 974 3328 1043 quasdam
3354 972 3490 1027 locis
3521 970 3827 1041 poenalibus

2229 1079 2492 1152 relegari,
2522 1077 2782 1150 quasdam
2826 1076 3054 1148 placidis
3084 1075 3163 1147 (8)
3196 1071 3418 1129 Sedibus
3465 1072 3692 1128 refoveri
3722 1089 3738 1126 :
3769 1078 3830 1126 ut

2229 1188 2359 1236 tunc
2396 1177 2615 1234 demum
2658 1175 2806 1233 credi
2857 1175 3026 1247 possit
3056 1189 3363 1245 resurgere,
3405 1173 3547 1245 quod
3577 1173 3828 1229 omnibus

2229 1281 2407 1351 palam
2438 1280 2507 1335 sit
2536 1295 2640 1334 non
2666 1280 2883 1350 penitus
2914 1275 3324 1347 interire.127
3339 1275 3701 1345 Gentes,qu:e
3725 1274 3827 1328 ista

2228 1390 2335 1438 non’
2350 1380 2780 1448 credunt,tamen
2797 1395 2919 1435 cum
2941 1375 3019 1451 (9)
3043 1376 3295 1432 libamine
3317 1369 3551 1430 inl'ahsto
3567 1373 3631 1429 ad
3646 1372 3828 1444 sepul-
3918 1417 3931 1426 .

2212 1480 2316 1542 "cra
2347 1491 2693 1548 concurrunt,
2727 1489 2785 1539 et
2802 1479 2917 1554 (10)
2939 1496 2969 1535 a
2993 1478 3243 1544 mortuis,
3261 1490 3397 1549 quos
3426 1479 3479 1533 in
3495 1477 3678 1550 quiete
3699 1476 3830 1532 taci-

2231 1597 2296 1643 ta:
2321 1586 2495 1643 noctis
2514 1585 2864 1657 agnoverint,
2883 1583 3061 1654 expeti
3080 1597 3111 1636 a
3133 1597 3192 1638 se
3222 1580 3547 1652 aliquotiens
3575 1580 3829 1639 alimenta

2225 1687 2606 1746 contendunt:
2635 1702 2698 1741 ac
2727 1686 2808 1742 sic
2836 1684 2999 1740 iidem
3047 1683 3145 1747 rei,
3181 1697 3343 1754 quam
3378 1684 3708 1755 reprobant,
3748 1683 3828 1738 fa-

519 1804 649 1860 ergo
683 1788 784 1844 hoc
814 1788 903 1844 ille
933 1787 1122 1855 sensit,
1155 1789 1245 1860 qui
1285 1802 1391 1843 non
1439 1796 1663 1842 noverat
1691 1786 1996 1853 Christum;
2028 1801 2126 1842 cur
2152 1783 2202 1844 B
2232 1791 2402 1847 ciunt.
2436 1787 2556 1861 (ll)
2589 1784 2905 1857 Philosophi
2934 1785 3000 1842 de
3022 1784 3203 1840 anima
3239 1787 3387 1840 varia
3418 1785 3706 1841 dixerunt:
3734 1784 3828 1842 sed

517 1927 696 1982 conati
729 1930 874 1980 'sunt.
908 1924 1048 1980 Nihil
1076 1928 1255 1996 itaque
1284 1924 1477 1979 mirum
1510 1924 1553 1978 si
1585 1925 1823 1996 episcopi
1853 1923 2109 1996 frequen-

520 2007 602 2053 tes
647 1996 714 2053 de
759 1997 1164 2052 resurrectione
1204 2010 1485 2051 sermones
1518 1995 1758 2049 habuere
1781 2036 1795 2060 ,
1826 2003 1886 2050 ut
1912 1995 2011 2050 hos
2043 1997 2111 2052 ad

515 2083 705 2123 sanum
734 2069 1019 2122 consilium
1050 2075 1399 2139 revocarent;
1417 2066 1873 2139 quemadmodum
1892 2068 2110 2136 quidem

514 2142 638 2211 post
664 2139 936 2194 Zenonem
963 2139 1112 2211 hisce
1141 2138 1197 2211 in
1240 2135 1480 2211 partibus
1510 2136 1719 2211 fecitS.
1751 2135 2068 2211 Ambrosius
2095 2180 2110 2203 ,

519 2208 575 2266 et
625 2212 749 2265 alibi
802 2211 913 2264 alii.
968 2211 1020 2264 ln
1069 2208 1215 2263 Italia
1248 2223 1380 2263 sane
1413 2208 1597 2276 plures
1645 2208 1988 2263 Marcionitas
2015 2223 2110 2264 sua

518 2288 680 2337 :etate
712 2280 879 2336 fuisse
925 2280 1128 2335 Zenoni
1160 2294 1374 2351 coieras
1404 2278 1569 2351 tradit
1601 2279 1938 2347 Epiphanius
1966 2280 2110 2334 llaer.

516 2351 588 2425 d2
620 2372 632 2407 :
661 2351 1120 2425 Ejttsrlllarcionis
1174 2350 1411 2425 haeresis
1430 2350 1602 2425 adhuc
1650 2351 1806 2403 etiam
1856 2366 1992 2404 nunc
2037 2357 2114 2425 est

492 2421 712 2478 .Iiomaa'
726 2433 773 2477 et
796 2424 851 2477 in
883 2421 1078 2487 Italia;
1108 2422 1249 2492 quod
1274 2422 1583 2492 conﬁrmari
1616 2427 1797 2489 potest
1826 2436 1890 2476 ex
1911 2421 2115 2476 consti-

520 2496 746 2557 tutione,
798 2495 956 2562 paulo
1001 2493 1127 2548 licet
1181 2492 1493 2564 antiqttiori,
1520 2491 1857 2564 Constantini
1898 2492 2109 2564 Magni,

558 2581 676 2620 nam
709 2561 976 2621 Eusebius
1002 2566 1168 2619 relert
1195 2562 1289 2617 lib.
1324 2561 1381 2616 tu
1415 2561 1546 2618 Vitae
1572 2562 1838 2631 ejusdem,
1872 2561 2110 2633 capiat}.

568 2637 959 2693 riscillianistas
982 2650 1110 2691 vero
1136 2678 1150 2702 ,
1179 2633 1272 2705 qui
1301 2636 1756 2689 resurrectionem
1789 2651 1897 2689 non
1920 2635 2111 2691 crede-

520 2707 672 2775 bant,
697 2723 727 2763 a
752 2719 937 2763 nostro
966 2716 1188 2761 auctore
1212 2707 1375 2776 pungi
1410 2707 1651 2776 potuisse
1671 2745 1685 2766 ,
1712 2720 1941 2775 quorum
1980 2708 2111 2761 reli-

519 2773 664 2850 quiae
682 2781 857 2834 adhuc
888 2785 1050 2834 erant
1071 2777 1123 2831 in
1151 2773 1505 2850 Hispanias.
1526 2773 1931 2850 Leonis—Magni
1960 2784 2120 2834 aetate

520 2847 586 2904 ex
619 2850 780 2920 epist.
815 2866 903 2915 xv,
929 2864 1047 2919 cap.
1083 2850 1135 2911 7,
1174 2847 1314 2920 haud
1342 2848 1605 2920 credibile
1626 2854 1729 2901 est.

593 2918 671 2993 (2)
712 2922 768 2976 ln
791 2921 951 2993 editis
982 2918 1229 2993 suammet
1253 2919 1382 2987 ipse.
1418 2932 1546 2993 mss.
1575 2918 1932 2993 liem.,"l‘ol.,
1969 2935 2117 2975 suam

516 2988 802 3062 scmetipse.
837 2990 1189 3046 Correximus
1238 3004 1302 3046 es
1354 3006 1456 3044 ms.
1506 2988 1696 3060 Pomp.
1733 2989 1821 3064 ubi
1863 3001 2117 3062 scquemet

514 3080 617 3135 pro
648 3073 693 3135 et
717 3074 894 3135 semet.

589 3134 677 3207 (3),
707 3134 824 3190 Non
878 3133 1067 3189 media!
1089 3133 1289 3207 Lsolum
1309 3175 1323 3199 ,
1353 3132 1474 3207 sed
1493 3132 1726 3202 antiqua:
1746 3133 1909 3187 etiam
1934 3134 2109 3187 artatis

512 3199 765 3261 Pa'trihus
818 3210 868 3261 in
902 3220 1051 3261 more
1082 3204 1180 3260 fuit
1199 3205 1382 3275 judicii
1422 3204 1565 3259 diem
1610 3199 1881 3274 tamquam
1927 3207 2106 3273 proxi-

516 3293 661 3331 mum
692 3279 1073 3346 prmuutttiare,
1098 3286 1155 3330 ut
1185 3274 1435 3330 omnibus
1466 3287 1650 3329 uotum
1682 3286 1785 3330 est.
1816 3274 1912 3331 Ms.
1938 3275 2104 3331 Urb.:

518 3347 656 3401 Nunt
705 3349 749 3401 si
788 3349 944 3402 lucidi
968 3348 1069 3401 diei
1114 3346 1479 3414 proculdubio
1531 3348 1946 3418 appropinquare
1999 3351 2108 3418 iam

514 3434 696 3472 cursus
727 3419 1063 3479 adverterent,
1118 3426 1165 3471 et
1215 3418 1505 3488 prwsentia,
1532 3428 1636 3471 etc.
1671 3416 1835 3470 Paulo
1865 3416 2004 3486 post
2033 3418 2108 3473 vel

516 3488 570 3542 in
602 3500 701 3544 ms.
739 3489 853 3542 Vat.
888 3491 1039 3543 abest
1066 3492 1132 3541 ab
1165 3487 1269 3542 illis
1300 3499 1402 3540 tam
1432 3490 1509 3541 vel
1539 3488 1601 3539 ab
1630 3487 1798 3541 istius.

590 3558 670 3629 (4)
712 3559 990 3615 Platonem
1025 3559 1295 3627 intelligit,
1327 3558 1435 3628 qui,
1470 3568 1526 3629 ut
1555 3559 1629 3611 ait
1650 3557 1841 3613 Cicero
1866 3557 1934 3613 de
1959 3560 2105 3614 Attii-

516 3628 665 3695 citia,
720 3631 976 3698 Apollinis
1017 3630 1222 3684 oraculo
1276 3628 1681 3701 sapientissimus
1719 3637 1790 3681 est
1811 3630 2102 3701 judicatus.

517 3701 672 3755 Hunc
702 3700 880 3756 autem
930 3700 997 3756 de
1050 3700 1451 3753 immortalitate
1500 3700 2107 3766 animorum’praeclare

515 3773 825 3841 loquentem
859 3772 1042 3842 plures
1072 3771 1261 3842 Patres
1283 3772 1606 3840 allegarunt.
1643 3769 1773 3825 Vide
1814 3769 2105 3825 Tertullia-

517 3856 648 3911 ::ttm
669 3843 736 3897 de
758 3841 1068 3898 Resurrect.
1097 3841 1276 3897 carnis
1302 3856 1421 3910 cap.
1446 3842 1500 3907 5;
1529 3842 1865 3896 Laetautium
1896 3842 1987 3896 lih.
2009 3858 2102 3906 vn,

516 3929 639 3983 cap.
673 3914 740 3977 9;
766 3915 823 3969 S.
859 3913 1209 3969 Athanasium
1252 3914 1302 3983 i_n
1332 3921 1491 3983 orat.‘
1515 3913 1773 3967 adversus
1799 3912 2020 3974 Gentes.
2051 3923 2108 3968 et

517 3981 877 4054 Augustinum
906 3999 1072 4041 serm.
1100 3986 1228 4047 240,
1257 3981 1385 4046 241,
1414 3982 1543 4038 242.
1573 3984 1824 4038 Pluribus
1845 3994 2022 4040 autem
2050 3986 2105 4040 in

516 4056 651 4110 locis
699 4057 1003 4111 animorum
1050 4054 1516 4110 immortalitatem
1570 4056 1719 4109 Plato
1766 4057 1991 4122 statuit,
2041 4070 2106 4111 ac

516 4126 789 4198 praecipue
820 4127 873 4181 in
906 4127 1179 4182 Phaedone
1232 4132 1294 4198 et
1346 4126 1401 4180 in
1453 4125 1711 4198 dialng.x
1762 4125 1831 4180 de
1879 4126 2019 4198 Rep.
2052 4129 2105 4183 in

513 4196 707 4268 quibus
752 4198 1031 4253 sentcntiae
1058 4198 1144 4253 ltic
1191 4213 1220 4251 a
1259 4196 1477 4268 Zenone.
1510 4196 1759 4253 indicata:
1787 4196 2101 4255 occurrunt.

515 4267 792 4341 Leguntur
817 4269 1035 4341 quidem
1063 4271 1169 4324 illa:
1211 4268 1351 4341 apud
1378 4267 1610 4341 Tullium
1643 4268 1835 4339 partim
1864 4269 1914 4323 in
1947 4270 2104 4325 Som-

516 4340 607 4394 nio
654 4339 920 4410 Scipionis
949 4382 965 4408 ,
1017 4342 1210 4411 partim
1243 4342 1293 4395 in
1316 4339 1533 4411 dialogo
1559 4342 1627 4397 de
1652 4341 1945 4396 Senecmte
1968 4352 2021 4396 et
2048 4343 2103 4397 in

513 4411 776 4467 alterode
807 4413 1075 4467 Amicitia.
1102 4412 1173 4467 At
1192 4413 1509 4467 Ciceronem
1535 4426 1627 4467 eas
1649 4428 1676 4466 a
1705 4411 1929 4466 Platone
1955 4427 2105 4469 sum-

516 4483 708 4553 psisse,
734 4491 789 4537 et
816 4494 922 4538 non
970 4494 1261 4553 numquam
1287 4482 1450 4539 etiam
1481 4483 1700 4538 totidem
1732 4478 1911 4553 verbis
1940 4484 2102 4540 latine

2223 1941 2340 1981 rum
2370 1924 2591 1995 vinculis
2622 1931 2879 1995 tamquam
2906 1938 2970 1995 etc
2989 1941 3194 1980 carcere
3210 1921 3508 1995 evolarunt,
3535 1927 3640 1995 etc.
3670 1921 3831 1979 Simi-

2221 1997 2291 2052 lia
2344 2012 2411 2050 ex
2456 1993 2651 2051 eodem
2704 1993 2853 2049 fonte
2890 1994 3160 2052 derivavit
3201 1994 3524 2050 Lactantius
3580 1993 3675 2050 lib.
3704 2004 3828 2064 vn,‘

2222 2083 2342 2138 cap.
2376 2066 2441 2138 9.;

2295 2135 2373 2205 l6)
2413 2135 2547 2192 Cod.
2585 2136 2774 2205 Pomp.
2810 2135 3085 2192 devenerit.

2294 2204 2377 2283 (7)
2426 2207 2567 2283 Vidit
2592 2204 2868 2283 legebatur
2891 2208 2942 2262 in
2975 2210 3219 2283 editiset
3246 2206 3456 2278 aliquot
3475 2220 3607 2283 mss.
3636 2207 3833 2266 Melior

2224 2278 2338 2336 visa
2360 2278 2449 2335 est
2482 2278 2642 2334 lectio
2686 2295 2785 2351 uis.
2836 2279 3026 2351 Pomp.
3067 2282 3195 2336 Dein
3243 2279 3507 2349 prazsutnit
3543 2291 3639 2351 pro
3683 2292 3834 2335 ante-

2222 2353 2398 2415 sumit,
2427 2364 2521 2406 seu
2547 2390 2561 2405 .
2606 2360 2662 2405 ut
2690 2348 2944 2404 Barthius
2968 2348 3254 2420 exposuit,
3285 2357 3581 2420 prwgustat.
3609 2350 3835 2421 SpeCIat

2223 2430 2402 2478 autem
2431 2422 2487 2476 S.
2530 2421 2677 2476 Zeno
2707 2421 2883 2475 locum
2916 2421 3088 2491 Pauli,
3119 2424 3135 2476 l
3162 2421 3291 2477 Cor.
3319 2436 3438 2491 cap.
3465 2421 3570 2488 25,
3608 2423 3699 2477 ubi
3739 2438 3832 2478 re-

2223 2493 2575 2549 surrectionis
2599 2492 2755 2547 fidem
2780 2508 2845 2546 ex
2870 2491 3070 2548 ChriSti
3097 2492 3498 2549 resurrectione
3519 2494 3830 2549 conﬁrmat.

2296 2565 2378 2636 (8)
2419 2564 2695 2636 Nollemus
2739 2561 2826 2636 hic
2871 2580 3197 2636 quemquam
3242 2563 3513 2636 suspicari
3539 2565 3831 2621 Auctorem

2222 2634 2365 2692 inter
2394 2648 2489 2691 eos
2517 2634 2824 2706 l'uisse,qni
2845 2634 3113 2706 justorum
3144 2636 3352 2690 animas
3375 2636 3426 2688 in
3453 2635 3683 2691 Abraha:
3705 2636 3830 2693 sinu

2226 2709 2447 2791 proprie
2464 2706 2627 2791 .dicto
2654 2705 3220 2791 atllit_t_c;requ.iescer'e
3244 2748 3258 2773 ,
3299 2720 3401 2791 nec
3426 2712 3568 2791 ante.
3599 2710 3831 2764 extremi

2220 2771 2413 2848 judi'cii
2445 2776 2588 2833 diem
2620 2777 2853 2849 paradisi
2882 2771 3234 2849 beatitudine,
3246 2771 3317 2832 et
3348 2776 3439 2849 Dei
3472 2776 3679 2834 visione
3706 2794 3833 2849 per-

2224 2845 2481 2905 lruituras
2524 2845 2932 2903 exiStimarunt.
2990 2848 3119 2920 Ejus
3149 2847 3294 2905 enim
3325 2845 3646 2903 catholicam
3696 2845 3831 2906 sen-

2225 2923 2443 2975 tentiam
2477 2922 2658 2974 multis
2685 2921 2972 2975 statuimus
2994 2920 3212 2976 dissert.
3238 2932 3313 2986 tt,
3357 2936 3406 2976 c.
3437 2921 3526 2986 10,
3551 2921 3639 2976 ubi
3685 2921 3833 2989 hunc

2222 3008 2442 3063 quoque
2469 2992 2642 3063 locum
2677 3006 2739 3045 ex
2770 2992 2888 3063 aliis
2918 2991 3050 3063 locis
3078 2991 3491 3062 esplicavimus.

2292 3061 2368 3136 (9)
2413 3063 2488 3118 De
2508 3061 3174 3136 (Gentiumlibationibus,
3210 3062 3328 3136 qlia:
3375 3063 3440 3136 ad
3488 3070 3823 3136 mortuorum

2219 3131 2463 3207 sepulcra
2485 3134 2713 3207 ﬁebant,
2739 3135 2860 3188 vide
2890 3131 3536 3207 liardinalem'ﬂoriSitttn
3567 3135 3618 3188 in
3648 3133 3830 3191 Ceno-

2217 3203 2413 3275 taphiis
2440 3205 2647 3259 Pisanis
2665 3203 2987 3276 disserunt,
3013 3221 3131 3276 cap.
3160 3208 3212 3260 5.
3243 3205 3352 3259 Hoc
3377 3206 3515 3276 idem
3542 3220 3830 3276 argumen-

2216 3287 2325 3331 tum
2360 3292 2455 3346 pro
2486 3275 2888 3346 immortalitate
2919 3275 3246 3331 adstruenda
3282 3287 3432 3346 urget
3462 3275 3603 3332 idettt
3630 3278 3824 3333 Cicero

2213 3350 2265 3403 in
2300 3345 2503 3417 Diaiug.
2537 3346 2605 3401 de
2639 3345 2807 3419 Amic.
2847 3347 2934 3401 ubi
2965 3347 3077 3401 ait:
3112 3347 3238 3403 Plus
3278 3345 3420 3419 apud
3466 3363 3544 3402 me
3580 3349 3826 3419 antiquo-

2212 3435 2327 3473 rum
2353 3418 2633 3491 auctoritas
2660 3417 2813 3491 valet,
2847 3419 2924 3471 vel
2946 3428 3241 3491 nostrorum
3267 3417 3540 3491 majorum,
3573 3418 3661 3491 qui
3688 3417 3828 3474 mor-

2212 3492 2315 3544 tuis
2344 3505 2447 3545 tam
2476 3490 2718 3561 religiosa
2734 3490 2862 3561 jura
2892 3489 3197 3555 tribuerunt,
3248 3489 3386 3561 quod
3428 3507 3529 3545 non
3581 3490 3824 3561 fecissent

2213 3564 2441 3631 profecto
2467 3602 2481 3625 ,
2512 3561 2554 3614 si
2582 3558 2713 3612 nihil
2736 3558 2810 3613 ad
2835 3576 2931 3631 eos
2943 3562 3193 3629 pertinere
3222 3558 3618 3615 arbitrarentur.
3672 3560 3820 3618 ltlnm

2211 3630 2585 3703 argumentum
2617 3631 2877 3703 adversus
2897 3630 3097 3685 Gentes
3122 3632 3458 3686 inculcarunt
3486 3632 3574 3686 alii
3598 3632 3823 3703 Pati-vs,

2212 3699 2573 3758 Te'rtttllianus
2599 3700 2669 3755 de
2709 3699 2931 3756 Resurr.
2965 3704 3147 3756 carnis
3172 3717 3289 3770 cap.
3320 3718 3362 3765 ι.
3405 3712 3460 3757 et
3487 3699 3821 3760 de'l‘estim.

2216 3774 2419 3830 Anitnze
2468 3788 2585 3843 cap.
2633 3772 2688 3836 4,
2729 3772 3063 3842 Epiphanius
3105 3774 3160 3828 in
3201 3774 3473 3829 Ancorato
3499 3780 3552 3828 et
3590 3776 3704 3829 alii.
3745 3777 3823 3833 De

2214 3847 2315 3901 hoc
2366 3860 2514 3900 more
2572 3859 2699 3916 sua_
2724 3858 2938 3914 quoque
2998 3854 3156 3899 aetate
3211 3844 3390 3916 adhuc
3437 3846 3649 3916 vigente
3706 3860 3817 3903 non

2210 3918 2343 3973 nihil
2373 3918 2547 3985 attigit
2574 3915 2632 3970 S.
2665 3913 2811 3969 Zeno
2840 3913 3077 3970 tractatu
3099 3915 3388 3985 superiori,
3426 3917 3477 3971 itt
3497 3913 3659 3987 quem
3691 3919 3818 3975 vide

2212 3999 2398 4043 annot.
2442 3990 2528 4042 l7.

2286 4060 2401 4132 (l0)
2455 4056 2773 4132 Pi'tepositio
2824 4073 2857 4132 ᾳ
2901 4056 3055 4132 deest
3104 4059 3158 4113 in
3205 4073 3309 4132 ms.
3348 4056 3511 4132 Rem.
3570 4068 3625 4113 et
3677 4058 3823 4117 forte

2211 4126 2426 4197 melius,
2452 4139 2508 4184 ut
2539 4128 2775 4198 fugiatur
2803 4126 3049 4195 ejusdem
3082 4129 3487 4200 praepositionis
3516 4132 3772 4200 repetitio
3801 4149 3819 4197 ;

2210 4217 2333 4256 nam
2375 4201 2562 4256 eadem
2605 4202 2658 4254 in
2704 4200 2971 4271 sententia
2999 4215 3031 4253 a
3058 4216 3112 4254 se
3153 4199 3455 4271 subjicitur.
3499 4199 3668 4255 Paulo
3696 4214 3822 4271 post

2211 4288 2309 4342 pro
2340 4274 2393 4328 in
2422 4273 2586 4344 quiete
2611 4282 2712 4326 ms.
2740 4270 2926 4341 Pomp.
2962 4270 3131 4327 habet
3148 4270 3383 4342 inquieta:
3406 4282 3474 4340 et,
3497 4273 3590 4327 sed
3621 4270 3819 4344 perpe-

2210 4358 2351 4399 ram.

2312 4423 2400 4496 ll)
2441 4420 2555 4478 Non
2585 4421 2741 4496 Plato
2770 4421 2969 4487 solum,
3001 4421 3094 4477 sed
3126 4430 3187 4496 et
3205 4422 3356 4478 Zeno
3401 4431 3455 4478 et
3482 4421 3820 4496 Pherecides

2208 4507 2261 4552 et
2290 4494 2887 4569 Pythagoras-animam
2921 4495 3281 4569 immortalem
3314 4508 3447 4569 esse
3462 4494 3718 4569 docuere.
3758 4508 3819 4553 ut

517 4551 839 4634 reddidisse,
878 4564 1079 4634 praster
1105 4551 1445 4634 Lactantium
1469 4553 1606 4634 lib._t
1634 4552 1865 4634 lhnstitut
1895 4556 2099 4634 cap._5,

2215 4551 2373 4622 tradit
2401 4551 2709 4621 Lactantius
2737 4562 2831 4617 lib.
2863 4578 2974 4627 vttt,
3008 4577 3127 4634 Cap.
3176 4565 3229 4629 7,
3288 4566 3379 4620 ubi
3420 4551 3731 4620 Pherecidis
3760 4551 3817 4623 et

513 4622 716 4678 diserte
749 4622 975 4680 testatur
1005 4626 1305 4680 Macrobius
1337 4624 1428 4679 lib.
1462 4637 1503 4694 tt
1543 4626 1609 4679 de
1638 4624 1860 4680 Somnio
1894 4622 2102 4694 Scipio-

512 4694 601 4749 nis
633 4710 751 4764 pag.
784 4697 869 4751 82.
908 4695 1217 4751 Laclantius
1257 4708 1420 4765 porro
1451 4693 1543 4748 lib.
1578 4709 1701 4765 vu
1746 4693 1951 4765 cap._8,
1988 4693 2101 4751 tunc

513 4779 581 4819 ex
634 4763 856 4822 Platone
895 4772 1083 4822 recitat
1113 4808 1129 4834 ,
1184 4763 1274 4822 es
1304 4766 1499 4834 quibus
1554 4766 1611 4820 S.
1669 4763 1818 4819 Zeno
1868 4763 2102 4822 fortasse

512 4841 777 4911 sumpsit:
814 4837 950 4911 Quia
974 4840 1117 4911 origo
1142 4837 1325 4911 animi,
1359 4835 1446 4904 qui
1475 4844 1616 4890 tanta
1630 4836 1825 4911 capiat,
1868 4841 1916 4888 et
1959 4845 2102 4892 tanta

510 4910 787 4972 contineat,
817 4908 961 4961 nulla
986 4906 1271 4974 reperiatur
1295 4906 1349 4959 in
1374 4915 1511 4960 terra
1542 4921 1561 4960 :
1597 4906 1848 4977 siquidem
1881 4923 1944 4962 ea:
1981 4923 2103 4963 con-

511 4977 733 5030 cretione
759 4988 960 5032 terrena
984 4978 1116 5033 nihil
1132 4978 1310 5033 habeat
1324 4978 1609 5031 adntixtum
1626 4994 1645 5032 :
1665 4977 1753 5032 sed
1774 4994 1973 5033 necesse
1992 4995 2102 5035 esse

509 5045 729 5119 interra
752 5049 959 5114 resolvi,
983 5051 1120 5119 quod
1146 5050 1287 5102 estin
1324 5049 1528 5103 homine
1552 5049 1895 5117 ponderosum
1916 5060 1963 5103 et
1991 5051 2098 5105 dts-

510 5116 730 5191 solubile
744 5136 765 5185 ;
795 5120 934 5189 quod
963 5116 1131 5174 autem
1159 5128 1307 5174 tenue
1332 5128 1483 5191 atque
1510 5116 1743 5188 sublime,
1777 5121 1831 5174 id
1854 5135 1970 5175 vero
1992 5134 2100 5177 esse

508 5187 847 5263 individuum,
879 5206 939 5243 uc
972 5191 1233 5247 domicilio
1270 5187 1499 5263 corporis
1526 5193 1659 5246 velut
1687 5187 1890 5263 carcere
1915 5192 2098 5247 libera-

510 5265 637 5335 tum,
664 5262 733 5335 ad
752 5262 935 5335 ctutum
960 5273 1003 5317 et
1025 5265 1092 5316 ad
1106 5274 1340 5317 naturam
1360 5261 1509 5316 suam
1531 5261 1972 5333 perpotare:ch
1991 5269 2099 5335 fere

509 5326 748 5387 Platonis
776 5332 991 5388 collecta
1018 5335 1252 5404 breviter,
1283 5348 1397 5403 qua:
1421 5326 1565 5404 apud
1592 5336 1763 5404 ipsum
1793 5336 1893 5387 late
1921 5326 2097 5403 copio-

507 5416 658 5476 sgque
688 5405 1030 5476 eajplicantur.
1063 5403 1347 5474 Legendus
1372 5403 1526 5476 Plato
1552 5408 1657 5476 (in;
1680 5405 1950 5459 Phaedone
1973 5420 2091 5476 pag.

508 5470 599 5540 55,
626 5473 680 5528 in
708 5470 935 5530 Metione
962 5486 1081 5547 pag.
1107 5470 1213 5531 H5
1253 5487 1305 5531 et
1346 5475 1441 5530 lib.
1477 5492 1507 5529 χ
1531 5475 1600 5531 de
1630 5474 1766 5545 Rep.
1799 5484 1919 5545 pag.
1965 5470 2089 5531 757.

578 5550 660 5677 (ﬁt?
715 5552 1027 5608 Reddamns
1085 5552 1317 5609 similem
1383 5570 1446 5608 ex
1502 5553 1727 5609 Platone
1782 5555 2101 5609 sententiain

579 5638 607 5677 u
674 5622 907 5677 Tullium
964 5626 1020 5677 in
1066 5625 1290 5677 Somnio
1336 5624 1627 5677 Scipionis.
1678 5625 1765 5677 ubi
1789 5626 1856 5677 de
1884 5624 2101 5677 optimis

506 5622 648 5696 apud
674 5622 907 5696 Tullium
964 5626 1020 5679 in
1066 5625 1290 5696 Somnio
1336 5624 1627 5696 Scipionis,
1678 5625 1765 5679 ubi
1789 5626 1856 5678 de
1884 5624 2102 5692 optimis

499 5694 649 5768 viris,
685 5695 776 5762 qui
808 5711 929 5768 eum
960 5710 1027 5749 ex
1060 5695 1160 5754 hac
1192 5700 1299 5753 vita
1328 5694 1690 5752 excessissent
1714 5737 1730 5762 ,
1780 5698 1973 5750 mortui
2002 5712 2096 5768 pu-

494 5763 763 5833 tabantur,
798 5764 911 5823 loto
940 5776 1083 5851 vero,
1114 5769 1307 5851 inquit,
1357 5768 1410 5861 hi
1430 5770 1619 5839 vivunt,
1679 5769 1767 5843 qui
1817 5783 1881 5825 ea:
1918 5763 2096 5849 corpo-

2206 4639 2435 4694 Zenonis
2465 4634 2681 4709 Citiici,
2711 4648 2809 4709 nec
2833 4650 2937 4688 non
2966 4636 3103 4709 c.78,
3133 4636 3219 4692 ubi
3253 4637 3570 4709 Pythagora:
3618 4640 3817 4693 memi-

2208 4712 2286 4765 nit
2320 4729 2333 4768 :
2372 4706 2702 4763 Plierecidem
2732 4706 2926 4776 Syrum
2954 4708 3178 4777 primum
3205 4706 3398 4763 dixisse
3418 4708 3613 4762 animos
3641 4709 3810 4764 horni-

2207 4798 2327 4836 aum
2378 4794 2485 4834 esse
2535 4779 2868 4845 sempiternos
2920 4779 3097 4845 prodit
3140 4778 3335 4834 Cicero
3379 4779 3812 4837 Tusculanarum

2204 4855 2564 4923 quieStionum
2589 4847 2681 4901 lib.
2706 4861 2744 4909 ι,
2776 4862 2895 4923 cap.
2929 4848 3024 4923 16.Δ
3044 4848 3143 4923 Hic
3162 4849 3485 4923 Pythagora:
3514 4860 3817 4923 prteceptor

2207 4917 2370 4978 fuisse
2428 4918 2657 4974 traditur
2711 4931 2740 4972 a
2783 4917 3063 4973 Lactantio
3120 4917 3228 4975 lib.‘
3258 4917 3365 4986 vn;
3401 4917 3529 4988 cap.
3564 4920 3617 4985 8,
3667 4917 3815 4980 unde

2210 4994 2456 5049 eamdem
2490 4991 2770 5058 utriusque
2813 4989 2883 5044 de
2941 4991 3134 5044 animae
3189 4992 3594 5046 immortalitate
3647 4992 3816 5050 fuisse

2210 5064 2536 5119 sententiam
2569 5060 2699 5114 nihil
2729 5062 2877 5116 dubii
2904 5072 3006 5115 est.
3042 5062 3115 5116 Dc
3146 5061 3365 5118 Zenone
3406 5076 3533 5116 vero
3568 5062 3817 5120 Philoso-

2208 5134 2317 5204 pho
2346 5150 2408 5189 ac
2436 5132 2653 5198 Stoicis,
2682 5131 2773 5204 qui
2801 5131 2961 5204 abeo
2990 5132 3254 5203 originem
3287 5135 3556 5188 duxerunt
3575 5174 3588 5195 ,
3623 5138 3815 5204 explo-

2207 5202 2383 5260 ratum
2413 5213 2516 5269 est,
2540 5204 2680 5273 quod
2709 5202 3291 5260 Tct°tullianusscribit
3316 5206 3365 5259 in
3400 5205 3541 5258 libro
3568 5205 3637 5259 de
3677 5202 3813 5261 Ani-

2206 5291 2290 5331 ma
2315 5292 2434 5346 cap.
2466 5277 2572 5330 54:
2605 5274 2769 5328 Stoici
2788 5275 3075 5346 sapientum
3107 5276 3382 5329 animasin
3397 5277 3634 5346 supernis
3657 5292 3813 5331 mltu-

2202 5342 2431 5403 sionibus
2459 5346 2731 5419 collocant.
2778 5342 2914 5419 Quid
2942 5360 3071 5419 vero
3102 5346 3174 5401 sit
3223 5346 3389 5412 illud,
3419 5342 3561 5417 quod
3592 5347 3649 5403 S.
3684 5349 3815 5419 Epi-

2203 5432 2398 5491 scopus
2423 5420 2518 5483 ait,
2547 5415 2712 5491 hosce
2742 5416 3092 5491 philosophos
3100 5420 3179 5491 de
3206 5419 3378 5491 anima
3407 5415 3547 5491 uaria
3578 5415 3773 5474 dixisse
3790 5436 3813 5483 ,-

2210 5486 2516 5561 explicatnr
2565 5486 2758 5561 insigni
2812 5486 3057 5561 ejusdem
3099 5488 3417 5543 Tertulliani
3465 5488 3585 5543 loco
3613 5490 3810 5559 eodem

2211 5555 2351 5616 libro
2377 5569 2432 5617 et
2461 5555 2871 5631 capitejApud
2897 5555 3187 5621 Plateam,
3231 5562 3423 5630 inquit,
3473 5562 3527 5613 in
3568 5555 3813 5616 tellurem

2204 5628 3181 5701 sublimat:turganimtesapientes,apud
3197 5628 3378 5686 Arium
3390 5633 3444 5686 in
3458 5644 3645 5696 aerem,
3662 5633 3811 5701 apud

2203 5703 2405 5759 Stoicos
2431 5700 2524 5776 sub
2540 5699 2758 5755 Lunam.
2796 5702 2869 5756 De
2900 5699 3362 5775 Pythagoreorum
3389 5705 3640 5776 opinione
3668 5699 3804 5763 nihil

2200 5776 2393 5837 attinet
2421 5774 2624 5847 dicere,
2658 5788 2779 5839 cum
2830 5774 3198 5859 vulgatissima
3248 5779 3338 5859 sit.
3393 5774 3648 5855 Mittimus
3695 5782 3803 5859 alia
