4230 6168
565 262 671 318 379

1893 261 2142 320 SANCTI
2182 259 2478 321 ZENONIS

3768 263 3873 318 580

565 379 694 435 iacit
724 378 930 436 crebris
982 380 1181 436 osculis
1226 380 1374 436 labra
1403 397 1417 446 ;
1449 387 1618 436 totum
1656 393 1858 450 corpus
1904 379 2168 437 imbribus
2196 384 2248 449 Δ
2273 381 2549 449 adserere,
2577 397 2642 438 ex
2668 396 2860 454 coque,
2896 381 3039 454 quod
3061 395 3166 438 non
3195 388 3309 450 est,
3340 380 3520 437 facere
3539 423 3556 450 ,
3582 380 3728 452 quod
3755 390 3868 449 est,

567 475 772 533 relavat
802 475 1181 548 lacrymarum,
1224 476 1453 532 crinium
1489 491 1708 533 suorum
1739 476 1940 532 damno
1976 491 2174 548 coope-

567 569 754 635 riens;
781 569 1107 625 miserandis
1134 568 1388 625 affatibus
1415 570 1469 626 in
1495 570 1775 628 uberiores
1805 568 1964 625 ﬂetus
1988 569 2177 626 incen-

567 660 648 716 dit
679 661 840 717 etiam
870 676 966 718 eos
988 704 1003 729 ,
1034 677 1172 733 quos
1210 678 1373 719 causa
1432 678 1537 719 non
1579 662 1783 735 tangit,
1818 672 1967 719 tanto
1997 662 2193 741 ambi-.

570 753 761 808 tiosior
791 751 846 810 in
874 753 1082 822 dolore,
1115 754 1230 829 (37)
1264 766 1465 826 quanto
1516 756 1701 823 ditior,
1732 771 1862 812 sane
1892 764 2015 828 post
2059 771 2176 811 mo-

567 854 814 900 mentum
844 846 1039 902 misera
1073 845 1257 919 (atque
1289 849 1492 902 utinam
1525 847 1641 921 (58)
1674 846 1866 919 semel)
1892 848 2059 902 nimio
2079 846 2177 903 do-

565 938 684 994 lore
711 948 966 1009 nuptura.
994 938 1114 1006 Hic,
1153 938 1239 994 hic
1260 938 1712 1010 quemadmodum
1741 954 1802 996 se
1835 940 1967 1011 quis
2008 939 2178 1010 possit

566 1050 830 1091 excusare
856 1050 961 1091 non
988 1036 1143 1091 video
1168 1052 1182 1101 ;
1216 1052 1323 1091 non
1347 1036 1501 1093 deest
1520 1036 1663 1093 enim
1680 1080 1694 1103 ,
1720 1038 1809 1108 qui
1846 1036 2030 1094 dicere
2051 1051 2178 1109 pos-

567 1129 642 1184 sit
676 1147 688 1183 :
717 1128 774 1185 Si
803 1138 887 1185 est
915 1128 1243 1184 resurrectio
1264 1170 1278 1195 ,
1308 1144 1474 1201 quare
1502 1129 1754 1200 plangis?
1782 1130 1827 1184 si
1857 1143 2039 1183 amore
2062 1144 2178 1185 ma-

574 1224 665 1279 riti
701 1222 867 1290 facis,
919 1238 1016 1278 cur
1060 1222 1401 1292 postmodum
1448 1222 1648 1278 nubis?
1687 1222 2037 1278 exsecrabilis
2086 1236 2175 1278 res

568 1324 686 1383 est,
735 1315 962 1383 fratres,
1001 1330 1101 1373 nec
1146 1316 1399 1387 ceujugio
1438 1330 1660 1372 servare
1688 1316 2035 1381 charitatem,
2075 1329 2178 1372 nec

510 1438 515 1443 -
570 1409 889 1481 Deofidem.
924 1409 1049 1465 Hinc
1074 1408 1240 1465 etiam
1269 1411 1415 1466 viros
1442 1410 1797 1481 reprehensio
1827 1418 2031 1465 manet.

649 1501 760 1557 Vll.
801 1500 1147 1557 Christianus
1172 1516 1302 1573 ergo
1325 1502 1378 1557 in
1409 1510 1521 1558 toto
1549 1501 1799 1557 dubitare
1832 1516 1937 1556 non
1970 1500 2173 1567 debet,

576 1593 631 1648 in
655 1602 851 1649 statum
886 1594 1173 1665 pristinum
1199 1606 1442 1650 mortuos
1474 1595 1697 1650 excitari
1730 1612 1743 1647 :
1778 1595 2016 1665 talesque
2041 1594 2176 1665 legi-

574 1687 702 1741 tima
732 1686 821 1744 die
844 1696 968 1742 ante
992 1697 1342 1758 conspectum
1373 1686 1468 1742 Dei
1499 1703 1564 1743 ex
1594 1687 1687 1742 illo
1716 1696 1924 1742 natura:
1949 1685 2067 1757 (59)
2091 1701 2178 1741 se-

2279 484 2523 532 naturam
2545 490 2731 532 creare
2749 474 2865 547 (ιε)
2898 485 3051 531 extra
3077 473 3492 542 naturam,nihil
3523 487 3743 542 prorsus
3769 470 3868 541 ba:

2278 569 2408 625 bere
2423 567 2661 633 difficile.
2677 568 2961 641 solumque
2980 569 3028 624 ei
3052 567 3154 624 hoc
3173 567 3382 633 deesse,
3401 565 3544 638 quod
3570 566 3705 622 nolit
3724 581 3866 633 esse;

2278 660 2396 718 base
2427 670 2511 718 est
2538 662 2684 717 enim
2723 660 3025 733 proprietas
3052 661 3143 718 Dei
3181 661 3233 716 id
3275 661 3529 731 operari,
3573 661 3715 729 quod
3761 673 3869 716 non

2279 764 2457 826 potest
2485 754 2652 810 credi.

2356 845 2485 902 \‘lll.
2532 846 2696 918 Igitur
2719 860 2826 902 non
2854 845 3101 901 homines
3135 852 3364 913 tantum,
3395 843 3489 900 sed
3519 857 3660 914 pene
3689 843 3870 898 omnia

2279 939 2394 994 suis
2424 937 2688 993 mortibus
2732 937 2941 992 vivunt.
2976 934 3132 993 Unde
3178 949 3346 1007 pauca
3378 933 3446 990 de
3492 933 3678 990 multis
3706 935 3875 990 attin-

2278 1047 2399 1103 gam
2420 1072 2435 1099 ,
2468 1040 2526 1087 ιιι
2551 1030 2790 1086 οιιιιιίιιιιι
2825 1031 3200 1102 probationem
3230 1028 3369 1085 haud
3398 1027 3559 1084 dubie
3601 1029 3653 1084 iu
3687 1028 3873 1100 paucis

2280 1124 2584 1195 expediam.
2606 1122 2721 1198 (45)
2748 1124 2930 1180 Stellae
2960 1123 3264 1194 praecipites
3294 1121 3546 1177 labuntur
3570 1137 3602 1178 e
3628 1122 3788 1190 caelo,
3821 1130 3878 1177 et

2278 1232 2309 1272 a
2337 1228 2489 1287 tergo
2535 1217 2696 1288 longo
2728 1216 3065 1271 flammarum
3098 1215 3489 1272 albescentium
3522 1223 3693 1271 tractu
3727 1210 3883 1270 fune-

2282 1324 2389 1365 rea:
2436 1306 2568 1364 facis
2613 1309 2962 1365 solemnitate
3006 1309 3056 1363 in
3090 1323 3318 1365 occasus
3358 1322 3525 1377 suos,
3576 1308 3729 1379 quasi
3759 1305 3880 1379 qui-
3956 1314 3963 1321 '

2279 1402 2507 1459 busdam
2551 1403 2896 1461 deducuntur
2925 1404 3201 1475 exsequiis
3229 1422 3241 1458 :
3270 1418 3407 1474 quas
3433 1404 3477 1458 si
3516 1418 3613 1474 per
3656 1402 3841 1474 plagas
3863 1444 3880 1469 ,

2280 1498 2427 1554 unde
2447 1499 2630 1555 relisa:
2659 1509 2816 1564 sunt,
2847 1514 3083 1571 quartas,
3106 1498 3333 1554 redivivi
3368 1497 3586 1552 luminis
3616 1495 3732 1567 lege
3764 1496 3882 1552 suis

2278 1590 2498 1647 sedibus
2547 1592 2912 1648 resurrexisse
2959 1605 3241 1663 agnoscas.
3295 1588 3385 1647 Sol
3418 1588 3660 1661 quotidie
3703 1588 3883 1644 nasci-

2283 1692 2388 1751 tur,
2420 1684 2722 1755 eademque
2750 1684 2872 1753 die,
2903 1699 3004 1757 qua
3033 1683 3275 1739 nascitur
3300 1724 3314 1750 ,
3362 1682 3623 1748 moritur;
3658 1695 3756 1737 nec
3787 1690 3872 1735 ta-

573 1787 727 1835 creto
776 1778 1035 1850 produci,
1067 1779 1255 1851 quales
1284 1779 1481 1835 iuerint
1511 1794 1608 1850 pro
1647 1794 1744 1834 sua
1784 1780 1980 1851 quique
2006 1778 2178 1850 quali—
2207 1774 2255 1835 B
2282 1792 2407 1833 men
2438 1778 2685 1832 instantis
2716 1776 2838 1833 finis
2868 1786 3015 1833 sorte
3046 1785 3301 1844 terretur,
3338 1773 3494 1848 135
3522 1791 3647 1830 suos
3671 1784 3728 1830 ut
3754 1772 3876 1847 (44)

572 1883 687 1929 tale
725 1874 999 1944 suscepti,
1040 1872 1308 1943 Apostolo
1349 1873 1611 1934 dicente:
1646 1872 1835 1929 Omnes
1876 1890 1969 1928 nos
2011 1875 2179 1927 mani-

570 1966 755 2040 festari
782 1975 980 2039 oportet
1008 1975 1127 2020 ante
1167 1964 1326 2039 135
1353 1965 1577 2021 tribunal
1619 1965 1846 2033 Christi;
1872 1974 1930 2020 ut
1965 1964 2177 2035 recipiat

570 2059 913 2130 unusquisque
936 2060 1166 2129 corporis
1187 2060 1267 2113 sui
1294 2062 1476 2113 merita
1496 2058 1773 2114 secundant
1797 2076 1857 2114 ea
1889 2074 2004 2127 qua:
2057 2074 2174 2129 ges-

571 2153 672 2217 sit,
700 2153 804 2206 sive
829 2151 962 2205 bona
987 2192 1001 2217 ,
1035 2152 1141 2205 sive
1175 2150 1315 2205 mala
1346 2149 1425 2223 (ll
1470 2150 1589 2206 Cor.
1637 2166 1721 2219 Vi,
1760 2149 1882 2225 10).
1917 2150 2130 2206 Etenim
2159 2191 2173 2215 ,

579 2246 795 2311 fratres,
825 2242 1036 2300 facilius
1060 2250 1144 2299 est
1172 2242 1288 2317 (40)
1316 2243 1597 2313 reformari
1639 2241 1781 2313 quod
1805 2241 1986 2310 fuerit,
2011 2256 2174 2312 quam

578 2334 786 2392 institui
826 2335 968 2408 quod
1023 2347 1150 2392 ante
1196 2351 1305 2391 non
1353 2334 1454 2391 fuit
1483 2353 1497 2390 :
1529 2336 1668 2405 quod
1701 2337 1747 2391 si
1789 2350 1895 2391 non
1940 2334 2075 2402 fuit,
2124 2345 2178 2392 et

576 2437 702 2496 est,
752 2429 920 2484 multo
972 2429 1142 2499 magis
1189 2429 1387 2499 poterit
1429 2443 1552 2485 esse
1585 2429 1728 2499 quod
1773 2427 1917 2494 fuit;
1964 2428 2165 2500 quippe

575 2535 699 2577 cum
730 2522 875 2577 illius
906 2521 1263 2591 potentissimi
1301 2518 1523 2577 artilicis
1561 2536 1743 2575 rerum
1773 2520 2013 2577 omnium
2040 2535 2178 2575 cou-

573 2612 769 2670 ditoris
790 2613 909 2684 ipse
928 2613 1001 2668 sit
1026 2626 1176 2678 usus,
1195 2611 1607 2682 impossibilium
1632 2611 1747 2685 (Η)
1767 2612 2179 2682 possibilitatem

575 2780 795 2846 deﬂetus
821 2787 867 2833 et
891 2775 1238 2834 conclamatus
1262 2794 1340 2844 es,
1371 2786 1424 2832 et
1442 2776 1533 2832 lib.
1563 2792 1600 2831 ιι
1626 2793 1638 2828 :
1667 2773 1798 2829 Ecce
1809 2774 1922 2847 jam
1943 2773 2180 2847 ultimum

575 2844 794 2921 deﬂetus
819 2858 971 2921 atque
988 2848 1344 2921 conclamatus
1368 2858 1683 2921 processerat
1706 2844 1958 2921 mortuus.
1992 2844 2178 2921 Itaque

576 2917 956 2977 conclamatum
997 2920 1140 2990 apud
1170 2919 1442 2975 Zenonem
1487 2919 1733 2990 ultimam
1781 2917 2175 2990 conclamatio-

577 3008 713 3119 nené
733 2985 1126 3119 siggilicat,'uti
1149 2989 1400 3047 similiter
1426 2988 1564 3062 apud
1590 2988 1906 3046 Terentium
1930 2985 2176 3044 Eunuch.

578 3079 648 3119 ιι.
721 3105 735 3119 .
878 3082 891 3117 :

578 3079 648 3132 ιι,
677 3064 735 3129 3,
776 3064 891 3119 56:

828 3168 1016 3219 Desine
1033 3167 1156 3232 jam,
1183 3164 1538 3218 conclamatum
1562 3170 1657 3216 est.

678 3253 768 3323 57)
788 3253 883 3309 Ms.
911 3253 1068 3309 Rem.
1101 3270 1272 3323 quant.

677 3320 769 3395 ⁸58)
809 3324 981 3381 Semel
1008 3320 1158 3389 dicit,
1195 3335 1474 3394 propterea
1504 3323 1644 3395 quod
1676 3322 1939 3395 mulieres
1980 3320 2173 3394 aliqum

581 3394 688 3460 bis.
717 3394 802 3453 ter
823 3408 876 3450 et
906 3395 1106 3465 pluries
1128 3395 1290 3450 etiam
1318 3394 1600 3451 nuberent.
1650 3394 2127 3465 Zenonemnutem
2149 3430 2164 3460 ,

580 3467 805 3540 perinde
831 3483 892 3522 ac
910 3464 1133 3523 veteres
1160 3467 1450 3540 plerosque
1490 3468 1675 3521 Patres
1696 3506 1710 3532 ,
1741 3464 1992 3540 secundis
2023 3481 2172 3540 nup-

584 3535 670 3595 iiis
699 3538 987 3603 infensum,
1021 3551 1085 3591 ae
1117 3537 1287 3592 multo
1313 3535 1559 3592 acerbius
1585 3546 1773 3596 contra
1808 3535 2022 3604 nuptias
2054 3538 2172 3607 plu-

584 3613 691 3667 ries
737 3612 993 3677 repetitas
1032 3608 1387 3664 disserentem
1438 3610 1746 3662 notavimus
1787 3613 1943 3677 tract.
1999 3621 2067 3667 ν.
2121 3616 2175 3663 et

582 3681 755 3738 fusius
781 3676 997 3736 dissert.
1028 3694 1099 3744 tt,
1129 3695 1246 3748 cap.
1280 3680 1333 3741 7.
1370 3678 1459 3733 ubi
1497 3683 1613 3748 ejus
1666 3676 1987 3733 sententiam
2018 3679 2177 3735 uber-

524 3802 525 3807 η
584 3756 722 3808 rime
744 3750 1045 3806 vindicasse
1072 3750 1226 3805 nobis
1248 3751 1511 3806 videmur.
1542 3750 1669 3805 Post
1700 3763 1864 3819 pauca
1899 3764 1994 3818 pro
2017 3751 2175 3805 nimio

584 3824 763 3878 dolore
793 3823 1038 3877 Barthius
1072 3822 1353 3893 legendum
1400 3831 1551 3893 putat
1577 3821 1780 3875 mimico
1822 3820 2000 3893 dolore
2027 3835 2045 3875 :
2074 3824 2173 3876 mi-

585 3896 783 3950 micum
811 3894 957 3950 enim
1002 3890 1190 3949 omnes
1229 3902 1479 3947 auctores
1507 3892 1560 3948 id
1586 3893 1806 3958 dicunt,
1838 3890 1981 3961 quod
2008 3893 2178 3947 simu-

581 3967 749 4021 latum
779 3975 858 4019 est
881 4006 896 4031 ,
929 3973 984 4020 et
1020 3966 1164 4019 inani
1193 3966 1439 4034 quapiam
1474 3979 1669 4034 pompa
1698 3965 1984 4020 veritatem
2026 3979 2177 4019 meu-

585 4039 737 4092 titur.
762 4036 869 4092 Sed
900 4038 1061 4091 nimia
1089 4048 1275 4091 auctor
1304 4038 1486 4092 dicere
1538 4034 1710 4103 potuit
1751 4036 1990 4099 ironice;
2020 4050 2176 4089 enm-

583 4122 690 4180 que
721 4108 1023 4180 mssalibri
1069 4105 1487 4180 nihilsuﬂ'ragii
1528 4106 1737 4175 ferant,
1790 4104 1919 4160 nihil
1971 4105 2176 4177 pariter

584 4179 973 4236 immutandum
994 4179 1371 4249 iudicauimus.

656 4252 775 4324 (59)
815 4251 1078 4309 Secretum
1103 4262 1302 4307 natura:
1338 4261 1495 4309 vocat
1532 4253 1856 4324 sepulcrum,
1884 4249 2182 4324 sicutitlte-

582 4320 799 4453 35min
846 4332 1043 4381 natura:
1085 4324 1334 4395 superius
1399 4320 1714 4397 appellavit.
1798 4320 1930 4379 Vide
1990 4321 2173 4378 adnot.

656 4467 782 4543 (40)Δ
805 4467 981 4543 Siccx
1024 4482 1126 4524 ms.
1157 4470 1344 4543 Pomp.
1375 4469 1518 4541 quod
1538 4467 1760 4525 mirifice
1789 4466 2025 4524 concinit
2054 4480 2178 4522 cum

582 4539 783 4613 institui
802 4539 976 4613 _:_alibi
1007 4549 1185 4613 autem
1211 4539 1489 4612 legebatur
1510 4544 1814 4613 reformare.

660 4609 912 4683 (4|)Non
962 4611 1105 4683 quod
1133 4629 1217 4680 ea,
1268 4609 1385 4682 qua:
1432 4609 1578 4683 vere:
1605 4609 1963 4682 impossibilia.
2003 4616 2172 4683 sunt,

584 4679 730 4737 Deus
755 4679 1028 4751 possibilia
1057 4679 1296 4751 elliciat,
1313 4684 1406 4739 sed
1429 4681 1569 4752 quod
1595 4679 1693 4749 ipsi
1717 4691 1842 4735 sunt
1873 4679 2170 4752 possibilia,

583 4768 705 4824 quin
728 4749 1036 4809 hominibus
1080 4749 1328 4810 videntur
1374 4762 1430 4810 et
1448 4749 1747 4809 creduntur
1778 4749 2135 4821 impossibilia
2158 4791 2174 4815 ,

582 4826 659 4879 uti
690 4835 774 4881 est
805 4834 1046 4880 mortuos
1094 4825 1160 4880 ad
1195 4828 1357 4879 vitam
1405 4838 1663 4880 revocare
1694 4840 1706 4875 :
1742 4824 1794 4877 in
1837 4834 1998 4892 quam
2049 4832 2175 4875 sen-

583 4897 808 4950 tentiam
838 4906 959 4965 post
987 4910 1154 4963 pauca
1185 4896 1334 4952 Zeno
1362 4896 1579 4965 subiicit
1608 4911 1623 4952 :
1656 4892 1785 4949 "(BC
1804 4903 1877 4949 est
1900 4893 2034 4965 enim
2058 4907 2173 4965 prof

583 4967 773 5039 prietes
803 4962 899 5021 Dei
924 4967 980 5020 id
991 4962 1203 5039 operari
1222 5010 1235 5030 ,
1260 4968 1397 5039 quod
1426 4962 1528 5039 non
1560 4975 1725 5039 potest
1753 4965 1926 5039 credi;
1943 4963 2009 5039 ‘id
2034 4962 2177 5039 quod

582 5034 843 5108 disertius
904 5036 1200 5108 explicavit
1238 5034 1436 5095 Marius
1478 5034 1783 5103 Victorinus
1807 5037 1847 5093 l.
1879 5053 1893 5092 ι
1925 5034 1994 5092 de
2043 5035 2177 5107 Opi-

583 5104 711 5161 flcio
738 5107 923 5164 Mundi
968 5124 981 5163 :

1050 5198 1169 5251 Plus
1185 5203 1249 5251 sit
1272 5203 1358 5253 tibi
1380 5201 1590 5265 credere
1611 5212 1813 5265 semper

676 5259 829 5313 Posse
850 5263 1014 5315 Deum
1032 5265 1264 5330 quidquid
1289 5262 1397 5316 ﬁeri
1422 5278 1517 5315 non
1542 5277 1687 5329 posse
1717 5259 1935 5329 putatur.

661 5367 724 5423 Et
752 5367 1028 5427 Arnobius
1082 5372 1175 5429 lib.
1223 5388 1309 5429 tt:
1353 5373 1506 5441 Quod
1555 5371 1872 5441 impossibile
1913 5370 2060 5427 nobis
2110 5378 2185 5425 est

581 5439 722 5511 {actu
743 5482 758 5506 ,
784 5441 863 5496 illi
904 5443 1143 5515 possibile
1166 5455 1315 5515 atque
1349 5439 1638 5499 admodum
1666 5443 1980 5515 exsecutioni
2023 5459 2180 5515 para-

583 5522 731 5585 tum;
770 5522 831 5585 et
862 5514 1126 5569 rationem
1170 5513 1422 5571 adferens
1454 5534 1467 5569 :
1501 5515 1793 5585 Numquid,
1838 5514 1945 5577 ait,
1984 5513 2177 5585 nostris

578 5599 646 5638 ea:
674 5582 1008 5658 divisionibus
1030 5585 1353 5658 colligemus
1376 5628 1390 5652 ,
1419 5588 1545 5658 quid
1583 5582 1672 5641 aut
1715 5586 1829 5656 ﬁeri
1856 5584 2048 5653 possit,
2074 5592 2182 5658 μαι

578 5670 681 5717 non
707 5656 916 5723 possit?
939 5656 1040 5714 Uhi
1073 5655 1190 5711 non
1212 5658 1343 5714 illud
1387 5655 1625 5714 insinuat
1667 5655 1824 5727 pesse
1859 5669 1989 5710 vere
2015 5671 2043 5710 a
2074 5655 2183 5711 Deo

574 5733 728 5810 ﬁeri.
761 5734 902 5810 quod
937 5750 1139 5810 revera
1171 5736 1505 5810 impossibile
1534 5738 1639 5803 sit,
1668 5732 1762 5787 sed
1811 5730 1861 5785 id
1901 5743 2065 5810 unum
2097 5743 2183 5783 re~

586 5800 908 5883 prehendit,
943 5806 1095 5872 credi
1124 5800 1478 5899 impossibilia
1508 5800 1651 5881 Deo,
1698 5817 1818 5882 quae
1849 5800 2005 5867 nobis
2044 5801 2180 5864 factu

2203 4589 2257 4651 D

2285 1872 2520 1942 repigret
2551 1886 2771 1936 cursus,
2804 1881 2861 1925 ut
2900 1872 3063 1926 horas
3086 1886 3150 1925 ac
3193 1880 3466 1926 momenta
3494 1869 3792 1941 producat,
3828 1878 3890 1924 ut

2282 1962 2479 2018 saltem
2534 1963 2695 2033 paulo
2725 1962 2930 2018 diutius
2960 1963 3067 2019 diei
3089 1962 3172 2017 sui
3195 1961 3508 2018 demoretur
3534 1960 3585 2017 iu
3610 1961 3753 2025 vita;
3786 1961 3886 2017 sed

2286 2054 2462 2111 fidelis
2511 2071 2762 2126 semper,
2817 2071 3034 2126 semper
3085 2054 3424 2127 intrepidus,
3471 2054 3537 2111 ad
3572 2056 3885 2125 sepulcrum

2285 2149 2463 2203 noctis
2488 2157 2731 2218 cognatae
2759 2146 3077 2214 contendit,
3109 2149 3254 2202 scius
3295 2147 3348 2201 in
3395 2146 3512 2217 ipso
3551 2161 3610 2202 se
3642 2144 3886 2214 habere;

2280 2240 2425 2311 quod
2459 2240 2589 2295 vivit
2630 2257 2642 2293 :
2673 2241 2906 2312 denique
2936 2239 3190 2295 adimitur
3219 2240 3268 2296 ei
3296 2249 3467 2304 ortus,
3491 2240 3537 2295 si
3561 2238 3611 2294 ei
3639 2237 3756 2310 (45)
3786 2256 3891 2292 an-

2281 2334 2487 2392 feratur
2514 2350 2762 2391 occasus.
2796 2335 2942 2390 Luna
2966 2350 3201 2406 quoque,
3228 2350 3346 2404 quin
3370 2348 3496 2390 vere
3521 2330 3633 2406 (46)
3655 2332 3890 2388 rationis

2284 2428 2540 2484 humanae
2572 2427 2750 2482 omnia
2784 2428 2834 2482 in
2861 2443 2921 2484 se
2956 2427 3280 2483 lineamenta
3312 2424 3572 2495 depingit,
3608 2432 3732 2480 nata
3763 2424 3893 2496 (l7)

2284 2522 2599 2592 sanguinea:
2647 2520 3055 2585 teneritudinis,
3112 2520 3275 2577 dubio
3302 2535 3471 2574 cornu
3501 2518 3677 2589 primo
3719 2518 3878 2589 quasi

2285 2612 2354 2670 de
2403 2615 2557 2670 cuuis
2636 2619 2895 2684 apparet,
2955 2612 3321 2683 paulatimque
3405 2609 3702 2668 crescendo
3762 2609 3881 2681 jam

2288 2772 2642 2845 impossibilia
2690 2784 2846 2837 sunt.
2874 2782 2929 2830 et
2972 2772 3276 2845 rationibus
3318 2770 3566 2845 humanis
3618 2766 3754 2845 velle
3785 2790 3892 2831 nos

2288 2843 2467 2901 metiri
2490 2860 2552 2900 ac
2573 2845 2848 2913 decidere,
2872 2860 2992 2916 quin
3016 2843 3127 2900 Deo
3155 2844 3262 2899 sint
3291 2844 3513 2916 velnon
3543 2845 3651 2898 sint
3678 2844 3897 2914 impos-

2288 2916 2486 2971 sibilia.
2517 2916 2688 2972 Simili
2714 2914 2905 2986 itaque
2925 2931 3090 2972 sensu
3122 2914 3516 2985 accipiendum,
3547 2915 3689 2986 quod
3715 2919 3892 2974 veteri

2290 2988 2614 3043 inculcatum
2642 2987 2936 3059 proverbio
2978 2996 3097 3054 est,
3139 2988 3293 3059 cujus
3334 2987 3579 3059 meminit
3619 2986 3890 3059 Syuesius

2288 3058 2448 3130 epist.
2487 3060 2542 3113 Η
2585 3078 2596 3112 :
2628 3058 2740 3113 Deo
2772 3060 2944 3113 omnia
2973 3058 3247 3130 possibilia
3271 3067 3428 3130 sunt,
3464 3058 3619 3111 etiam
3645 3059 3890 3130 impossi-

2289 3128 2432 3185 bilia.
2473 3130 2629 3198 Quod
2673 3130 2847 3200 ipsum
2893 3130 3186 3189 aflirmanti
3226 3128 3435 3200 Platoni
3479 3128 3728 3184 concedit
3778 3135 3896 3186 Au-

2209 3190 2255 3253 C
2285 3190 2532 3271 gustintrs
2553 3190 2718 3257 serm'.
2748 3201 2879 3267 242,
2904 3218 2957 3256 ιι.
2989 3201 3043 3256 7.
3069 3200 3168 3255 Ms.
3202 3199 3331 3256 Urb.
3361 3215 3457 3269 pro
3484 3199 3890 3269 impossibilium

2280 3273 2668 3342 possibilitatem
2705 3275 2942 3326 adserere
2987 3271 3151 3326 habet
3196 3272 3591 3341 impossibiliunt
3621 3273 3894 3342 possibili-

2278 3352 2378 3400 tate
2420 3362 2473 3399 se
2517 3346 2788 3411 adserere,
2838 3343 2887 3397 id
2914 3351 2998 3398 est
3026 3358 3177 3397 suam
3217 3344 3508 3413 potentiam
3540 3344 3829 3413 ostendere
3869 3364 3887 3400 :

2277 3431 2397 3486 quin.
2423 3416 2579 3486 lectio
2610 3413 2799 3469 eodem
2827 3413 3070 3469 recidens
3099 3412 3436 3483 nequaquam
3464 3412 3737 3483 displicet.

2351 3486 2462 3557 (4‘2)
2496 3484 2656 3541 Extra
2678 3498 2910 3541 naturam
2941 3500 3147 3557 crepare,
3164 3490 3249 3557 est
3274 3497 3426 3539 extra
3451 3500 3642 3557 omnes
3667 3495 3887 3541 natura:

2277 3554 2423 3614 vires
2446 3554 2668 3621 creare,
2717 3570 2839 3628 cuin
2868 3572 2933 3612 ex
2971 3555 3137 3611 nihilo
3182 3556 3383 3626 aliquid
3425 3554 3656 3628 educere
3706 3557 3892 3628 pullat:

2280 3639 2486 3684 natura:
2515 3631 2656 3685 vires
2684 3626 2909 3697 possint.
2940 3628 3125 3683 Potest
3152 3628 3315 3682 etiam
3345 3627 3567 3698 intelligi
3599 3626 3741 3682 extra
3776 3642 3879 3683 na-

2280 3710 2471 3762 turam,
2504 3700 2646 3771 quod
2683 3698 2921 3760 scilicet,
2950 3714 3071 3771 quae
3110 3708 3396 3762 creantur,
3429 3699 3628 3753 nullam
3667 3715 3887 3766 praees-

2280 3770 2561 3827 siStentem
2619 3781 2866 3827 naturam
2895 3770 3160 3833 habeant,
3210 3784 3276 3824 ex
3319 3784 3422 3841 qua
3482 3782 3753 3840 tamquam
3813 3787 3890 3827 ex

2281 3843 2503 3966 mqtqria
2557 3842 2703 3910 sint;
2739 3841 2871 3897 nihil
2901 3841 3045 3897 enim
3090 3850 3242 3896 erant
3269 3883 3285 3910 ,
3317 3857 3438 3912 qua:
3490 3847 3745 3897 creantur
3799 3857 3875 3897 ex

2281 3928 2335 3966 nl
2360 3930 2390 3966 ll
2420 3931 2470 3966 0.

2280 3913 2470 3969 nihilo.

2355 3984 2471 4057 (43)
2497 3982 2722 4041 Easdem
2766 3984 2878 4057 fere
2903 3981 3285 4057 similitudines
3312 3980 3377 4037 ad
3419 3983 3886 4057 resurrectionem

2282 4053 2620 4112 statuendam
2644 4098 2657 4121 ,
2697 4055 2781 4110 vel
2810 4054 3185 4126 explicandam
3220 4064 3409 4123 urgent
3442 4053 3623 4126 plures
3663 4056 3887 4119 antiqui

2284 4126 2498 4197 Patres,
2532 4123 2907 4197 Tertullianus:
2932 4126 2997 4197 de
3020 4123 3331 4197 Besurrcct.
3358 4123 3486 4197 cap.
3522 4125 3589 4180 1‘2
3617 4127 3794 4197 etl5.
3827 4130 3895 4183 et

2284 4199 2337 4256 in
2383 4194 2664 4270 Apologet.
2718 4213 2840 4270 cap.
2885 4196 3312 4270 48_,_Minucius
3346 4194 3508 4270 Felix
3558 4196 3609 4251 in
3658 4196 3898 4270 Oetavio

2283 4266 2514 4335 numIS.
2544 4266 2873 4341 Theophilus
2901 4268 2966 4324 ad
2998 4267 3299 4341 Aetolicum
3325 4266 3414 4324 lib.
3445 4283 3498 4341 Διι
3518 4268 3899 4341 ,_A_mbrosius

2282 4340 2376 4399 lib.
2413 4359 2441 4396 v
2474 4337 2761 4398 llexamer.
2791 4356 2839 4397 c.
2869 4341 2970 4405 22,
3000 4338 3072 4395 ‘23
3098 4381 3113 4406 ,
3143 4347 3199 4396 et
3224 4338 3317 4395 lib.
3350 4354 3387 4395 ιι
3428 4337 3497 4395 de
3528 4338 3660 4394 Fide
3700 4353 3900 4396 resur-

2286 4423 2422 4470 rect.
2449 4431 2499 4472 c.
2534 4414 2623 4479 53,
2658 4422 2765 4469 etc.

2358 4482 2477 4558 (4i)
2509 4484 2793 4558 Apuleius
2817 4481 3100 4558 Metamor.
3132 4480 3186 4553 8,
3218 4483 3548 4558 repigratur“
3561 4482 3800 4558 impetus,
3834 4481 3896 4539 id

2284 4551 2373 4614 est
2393 4551 2635 4621 remittit,
2661 4567 2715 4611 et
2744 4551 3190 4639 lih.nt,.repigrato
3209 4551 3349 4639 Leth
3376 4552 3473 4607 Ms.
3505 4551 3659 4639 Urbi,
3693 4568 3893 4609 currus

2281 4646 2380 4701 pro
2416 4645 2630 4701 cursus,
2673 4638 2728 4685 et
2778 4623 3149 4701 inferiué__ips.
3209 4623 3356 4701 ’l‘ol.,
3394 4627 3615 4701 cognita:
3654 4639 3755 4694 pro
3790 4641 3896 4678 cos

2278 4694 2485 4776 Quane;
2498 4699 2657 4776 idem
2685 4715 2806 4776 cum
2849 4712 2951 4753 ms.
2970 4694 3121 4776 _Urb.
3152 4694 3315 4776 sciens
3334 4694 3630 4776 spro'scitts.

2353 4764 2472 4844 (45)
2495 4772 2584 4828 Sic
2604 4769 2938 4844 mss._Rcm..
2970 4766 3117 4844 Tol.,
3152 4764 3362 4837 l’omp.,
3386 4764 3534 4833 Vat.,
3574 4764 3702 4822 Urb.
3738 4764 3897 4823 Editi

2278 4841 2412 4901 vero
2441 4841 2561 4899 cum
2596 4857 2697 4898 lllS.
2732 4841 2865 4897 Zeti.
2887 4883 2905 4912 ,ν
2933 4842 3192 4912 aufertur.

2359 4913 2479 4988 (46)
2514 4917 2860 4988 Appouemus
2897 4911 2984 4966 hic
3005 4907 3187 4988 notam
3207 4907 3497 4988 Barthiiex
3525 4908 3560 4962 Ι.
3588 4920 3742 4988 xuii,
3764 4922 3898 4988 cap.

2359 4928 2479 4988 Ub")
2514 4928 2593 4983 Ap
2633 4928 2860 4969 Ouemus
2897 4928 2984 4966 mc
3008 4928 3187 4964 Itotam
3210 4928 3497 4964 bartnuex
3527 4928 3560 4962 I.
3588 4928 3742 4974 xu",
3764 4928 3898 4980 cap.

2284 4984 2354 5043 {0
2384 5007 2396 5041 :
2423 4984 2562 5052 Quid
2598 4928 2734 5040 lima:
2762 4998 2880 5038 cum
2917 4984 3138 5053 ratione
3158 4979 3429 5034 humana?
3459 4994 3572 5033 vere
3609 4980 3899 5053 legendum

2289 5050 2524 5114 nationis
2552 5073 2582 5108 a
2610 5056 2894 5119 nascendo,
2928 5064 3015 5108 aut
3044 5050 3266 5107 sationis
3297 5069 3327 5104 a
3353 5050 3677 5106 successione
3697 5054 3896 5106 huma-

2292 5146 2474 5185 narum
2516 5128 2775 5198 stirpium.
2816 5125 2922 5182 Sed
2958 5122 3094 5180 ratio
3131 5137 3230 5195 pro
3256 5120 3534 5188 metbu'du,
3567 5137 3664 5178 seu
3693 5122 3901 5180 ordine

2290 5208 2496 5256 natura:
2524 5199 2692 5269 accipi
2726 5199 2914 5269 potuit.

2365 5296 2481 5367 (47)
2518 5293 2631 5349 Alia
2664 5290 2905 5367 ejusdem
2934 5287 3137 5367 Barthii
3178 5282 3488 5355 observatio
3524 5282 3899 5367 subiicienda.

2294 5356 2593 5440 Sanguinea
2628 5356 2912 5440 teneritudo
2944 5361 3178 5440 primum
3205 5368 3404 5440 tempus
3429 5374 3461 5411 u
3490 5356 3754 5438 notioitate
3789 5356 3899 5439 de-

2290 5425 2479 5511 signat.
2533 5438 2624 5493 Sic
2676 5425 3181 5511 sanguinolentinin
3228 5425 3433 5511 Codice
3463 5425 3696 5511 primum
3751 5428 3901 5511 uati.

2295 5496 2681 5566 Constantinus
2724 5496 3016 5574 imperator
3054 5500 3156 5574 lib.
3211 5516 3249 5574 ιι
3301 5498 3369 5554 de
3395 5496 3668 5574 Pa’tribus,
3698 5496 3789 5569 qui
3825 5497 3900 5552 li-

2289 5583 2389 5638 lios
2427 5596 2554 5636 suos
2592 5569 2957 5633 destruxerint
2990 5591 3002 5627 :
3036 5573 3095 5630 Si
3140 5573 3252 5643 quis
3280 5569 3737 5643 prepterunimiam
3758 5585 3907 5641 pau-

2292 5663 2545 5730 pertatem
2578 5658 2950 5730 egestatemque
3005 5639 3191 5730 victus
3227 5639 3388 5725 causa
3438 5641 3605 5730 ﬁlium
3662 5639 3911 5730 ﬁliumve

2293 5710 3099 5801 inriguiitoleiitos.destruxeijtli
3144 5723 3199 5801 et
3230 5716 3292 5801 in
3322 5710 3670 5801 ipscriptione
3699 5710 3765 5767 de
3809 5712 3909 5767 im

2300 5780 2538 5863 laudibus
2561 5791 2823 5875 expositis
2852 5789 2978 5868 Leg.
2997 5789 3031 5849 8
3221 5780 3591 5873 lustinianiti.
