4230 6168
570 253 676 310 585

1930 244 2179 306 SANCTI
2221 241 2513 301 ZENONIS

3761 234 3869 293 384

573 368 756 425 habitu
786 378 1110 443 regnaturus
1136 369 1207 425 sit
1233 368 1397 423 homo
1427 369 1528 423 iste
1556 375 1760 435 noster,
1783 366 1873 437 qui
1902 366 2073 421 tendit
2097 366 2163 419 ad
2194 369 2249 430 Α
2272 361 2481 417 scilicet
2503 358 2737 429 Spiritus
2764 357 2935 413 sancti
2975 357 3330 429 conceptione
3371 356 3529 414 insita
3556 354 3615 411 lit
3638 364 3764 412 ante
3791 359 3869 411 te-

569 463 765 520 eteium
793 481 807 519 :
839 480 908 520 ne
938 463 1075 519 forte
1100 456 1227 535 cum
1258 476 1423 517 carne
1450 460 1709 531 depereat
1740 476 1874 517 vana
1903 460 2021 532 (56)
2049 474 2165 531 spe,

570 555 617 611 si
645 565 834 627 captus
863 554 1026 611 fuerit
1046 554 1246 610 caduca
1268 562 1428 623 atque
1448 554 1678 620 carnali,
1710 554 1779 611 de
1804 569 1907 627 qua
1940 560 2171 623 Aposto-

571 643 655 701 lus
694 646 826 701 dicit
855 664 867 701 :
893 645 1028 700 Caro
1070 656 1117 701 et
1146 646 1357 717 sanguis
1391 663 1608 718 regnum
1633 644 1731 700 Dei
1771 647 2034 717 possidere
2066 661 2171 701 non

571 748 789 806 possunt
848 736 866 807 (
891 736 911 792 l
940 734 1061 791 Cor.
1091 752 1182 801 xv,
1226 737 1358 808 50).
1387 738 1458 792 At
1482 752 1515 792 e
1544 738 1761 794 diverso
1812 738 2001 794 videor
2038 739 2171 795 mihi

570 828 764 884 audire
794 829 1214 898 proclamantem
1250 847 1263 883 :
1298 828 1354 885 Si
1382 828 1498 884 hmc
1544 838 1626 885 est
1663 829 1903 886 conditio
1946 831 2126 886 carnis
2153 872 2168 897 ,

570 918 700 992 quid
720 929 802 976 est
821 936 951 994 ergo
986 921 1130 993 quod
1144 921 1415 980 credimus
1433 922 1483 976 iu
1499 920 1739 978 Ecclesia
1756 920 1873 994 (57)
1889 922 2168 978 remissam

571 1022 919 1085 peccatorum
934 1029 995 1069 ac
1007 1014 1464 1070 resurrectionem
1486 1015 1702 1071 carnis?
1725 1014 1930 1081 Facile,
1953 1014 2168 1081 lratrcs,

574 1122 750 1179 pugna
776 1107 877 1163 ista
903 1108 1217 1185 concordat,
1248 1115 1529 1179 statusque
1548 1108 1707 1163 futuri
1735 1108 1966 1179 qualitas
1987 1109 2170 1180 aperi-

575 1206 688 1265 tur,
720 1199 853 1256 ﬁdes
882 1200 925 1256 si
958 1200 1161 1255 illibata
1188 1207 1457 1257 teneatur.
1481 1200 1635 1258 Unde
1662 1216 1777 1258 rem
1804 1204 1987 1270 paucis
2007 1216 2174 1272 expe-

577 1292 746 1349 diam.
774 1294 963 1350 Omnis
988 1309 1136 1361 caro,
1164 1295 1421 1366 quamdiu
1456 1294 1739 1367 ﬂagitiosis
1767 1296 2039 1352 illecebris
2068 1299 2171 1351 hu-

572 1384 665 1455 jus
692 1386 898 1453 mundi,
918 1401 981 1441 ac
1006 1386 1243 1442 tenebris
1266 1388 1523 1443 feralibus
1544 1390 1792 1457 agitatur,
1805 1386 2171 1460 prolecto(58)

580 1477 806 1546 pecuina
837 1490 940 1541 est.
972 1494 1036 1534 ac
1063 1479 1909 1552 misero,l‘ragilidetestabilique
1925 1490 2175 1537 versatur

580 1568 633 1625 in
669 1569 786 1640 (59)
828 1571 969 1640 jure.
1005 1571 1165 1644 138
1193 1576 1259 1626 At
1288 1587 1410 1628 cum
1440 1570 1554 1644 (60)
1583 1588 1730 1627 mera
1762 1571 1868 1628 ﬁde
1902 1572 2176 1628 credentis
2215 1584 2226 1596 '

578 1660 803 1717 salutari
831 1663 990 1719 fuerit
1013 1675 1201 1719 necata
1227 1664 1547 1733 baptismate
1568 1707 1584 1732 ,
1619 1681 1753 1721 nova
1787 1665 1994 1732 paterni
2020 1679 2176 1721 sacro

2274 451 2472 516 cnnda,
2500 460 2560 507 ut
2586 467 2709 508 cum
2735 449 3105 507 dissolutionis
3130 450 3249 521 ejus
3278 464 3341 507 ac
3370 450 3624 521 legitima:
3648 454 3887 521 repara-'

2246 598 2251 603 .
2275 545 2441 600 tionis
2466 552 2677 614 tempus
2702 543 3004 609 advenerit,
3032 559 3131 601 suo
3157 544 3350 599 semini
3390 522 3727 615 respondens
3748 543 3873 614 jure

2276 639 2693 710 possitgmereri
2737 638 2881 708 quod
2924 638 3215 694 credimus.
3258 636 3367 693 Nec
3407 653 3496 693 res
3536 637 3587 692 in
3619 637 3874 707 ambiguo

2276 743 2394 799 est;
2432 732 2884 801 quemadmodum
2916 734 3116 789 etenim
3160 733 3253 787 ille
3285 733 3533 802 princeps
3573 730 3876 803 iniquitatis

2278 840 2378 880 suo
2420 827 2627 881 semine
2658 840 2753 895 per
2779 824 3031 879 invidiam
3063 822 3555 895 protoplastos(62)
3582 837 3647 878 ex
3670 822 3876 893 angelis
3912 822 3923 831 '

2279 918 2330 973 in
2362 919 2607 974 homines
2626 918 2929 985 derivavit;
2972 919 3041 972 ita
3074 917 3335 972 Dominus
3366 930 3553 971 omnes
3582 917 3633 970 in
3664 930 3723 971 se
3746 930 3874 972 cre-

2278 1013 2471 1068 dentes
2503 1011 2683 1068 Sancti
2713 1012 2934 1082 s'piritus
2960 1011 3168 1066 semine
3207 1024 3235 1062 a
3274 1008 3501 1064 mortuis
3531 1023 3720 1063 rursus
3744 1008 3864 1080 glo-

2279 1106 2454 1163 rio‘sos
2484 1108 2536 1161 in
2563 1105 2785 1176 angelos
2814 1102 3072 1159 excitabit
3094 1102 3310 1175 (Matth.
3342 1116 3490 1168 χχιιι,
3514 1102 3586 1159 50
3610 1098 3656 1172 ).

2356 1218 2513 1291 139
2539 1217 2677 1273 xut.
2702 1217 2786 1273 Ad
2816 1217 2918 1272 hoc
2950 1231 3115 1271 unum
3155 1216 3377 1272 evidens
3403 1216 3578 1272 adlmc
3603 1200 3879 1289 (65)·ρτο-

2279 1311 2516 1367 feramus
2561 1309 2889 1379 exemplum,
2931 1309 3177 1378 quamvis
3226 1325 3333 1364 non
3368 1311 3535 1377 possit
3574 1309 3877 1365 verisimile

2282 1415 2482 1460 tantam
2512 1404 2618 1460 vim
2654 1403 2871 1469 habere,
2905 1419 3065 1475 quam
3089 1404 3309 1458 veritas.
3339 1401 3584 1459 Oleaster
3613 1418 3708 1458 sua
3738 1401 3880 1459 inie-

2282 1498 2354 1555 lix
2386 1507 2442 1553 et
2491 1514 2704 1554 amarus
2736 1508 2820 1553 est
2848 1498 2899 1552 in
2944 1506 3165 1563 natura;
3196 1496 3293 1552 sed
3321 1512 3442 1552 cum
3473 1496 3635 1553 fuerit
3662 1498 3885 1566 peritis—

2282 1590 2404 1645 simi
2452 1589 2702 1660 agricolte
2750 1588 2971 1644 artiﬁcis
3020 1604 3184 1643 manu
3214 1590 3516 1645 necessaria
3565 1589 3884 1659 provisione

2286 1693 2584 1749 truncatus,
2611 1682 2891 1738 nobilitate
2916 1683 3076 1737 alieni
3104 1683 3326 1737 seminis
3352 1682 3686 1754 gravidatur,
3709 1683 3887 1738 nutri-

578 1754 810 1824 resurgit
838 1754 1000 1810 fontis
1023 1770 1089 1810 ex
1110 1755 1344 1826 gurgite,
1364 1755 1473 1827 jam
1492 1772 1647 1825 pura,
1672 1756 1783 1825 jam
1808 1755 2000 1820 libera,
2016 1756 2127 1827 jam
2145 1770 2174 1810 a

2291 1785 2478 1847 tuique
2507 1778 2574 1831 ab
2601 1790 2668 1830 eo
2711 1776 2847 1847 ipso,
2881 1774 3024 1846 quod
3057 1776 3254 1843 nutrit,
3287 1774 3461 1831 donec
3493 1775 3721 1846 hospitis
3759 1790 3891 1846 ger-

580 1847 995 1902 convcrsatione
1009 1848 1197 1902 mundi
1226 1848 1389 1917 hujus
1402 1859 1682 1912 extranea,
1697 1848 1803 1919 jam
1824 1856 1998 1903 morte
2020 1862 2180 1917 supe-

582 1935 715 2001 rior,
729 1937 840 2007 jam
854 1938 1092 1994 coelestia
1111 1939 1414 2008 adspirans,
1434 1939 1569 2009 jam,
1584 1953 1690 1994 non
1708 1938 1882 1994 dicam
1905 1939 2085 1994 saeculi
2101 1940 2180 1993 lu-

582 2028 780 2097 dibria,
803 2031 897 2086 sed
922 2041 979 2086 ut
1001 2032 1071 2085 sit
1085 2030 1419 2098 honoratior,
1438 2034 1666 2104 seipsam
1681 2043 2054 2099 contemnens,
2064 2031 2178 2102 jam

582 2122 886 2189 veritatem,
904 2138 1008 2179 non
1038 2124 1324 2195 imaginem
1351 2126 1746 2197 quaerens,jam
1764 2125 2049 2195 spiritalia,
2071 2140 2176 2181 non

583 2229 679 2269 sua
710 2214 1043 2282 desiderans,
1075 2215 1142 2271 de
1167 2232 1270 2287 qua
1312 2216 1512 2273 Paulus
1547 2218 1623 2273 ait
1654 2236 1667 2273 :
1704 2216 1827 2272 Non
1856 2219 2023 2272 omnis
2056 2233 2179 2273 caro

584 2306 767 2361 eadem
790 2316 865 2360 est
886 2323 1008 2363 caro
1035 2322 1055 2362 :
1077 2308 1185 2363 alia
1199 2317 1272 2364 est
1297 2308 1540 2374 hominis,
1558 2308 1675 2382 (61)
1696 2310 1801 2363 alia
1806 2309 2033 2381 jumenti
2041 2349 2054 2371 ,
2077 2309 2182 2362 alia

586 2414 706 2453 caro
735 2400 1024 2468 volnerum,
1053 2401 1159 2455 alia
1187 2402 1425 2474 piscium.
1460 2400 1530 2472 Et
1547 2418 1767 2473 corpora
1788 2411 1908 2471 sunt
1936 2401 2181 2466 ccclestin,

586 2501 711 2546 sunt
737 2502 782 2545 et
808 2494 1072 2549 terrestria
1113 2494 1155 2567 (Ι
1183 2494 1306 2550 Cor.
1335 2510 1422 2558 sv,
1453 2494 1543 2560 59,
1579 2493 1695 2565 40).
1729 2493 1916 2561 Itaque
1958 2494 2179 2549 immorv

590 2585 811 2640 talitatis
852 2586 1081 2651 semine,
1113 2587 1181 2643 de
1205 2604 1312 2659 quo
1336 2589 1503 2644 etiam
1546 2586 1712 2644 Poeta
1751 2586 2185 2659 sapientissimus

589 2678 903 2750 przesagivit
930 2679 1114 2735 dicens
1151 2698 1163 2734 :

682 2768 970 2836 [gneusest
985 2770 1098 2829 ollis
1116 2772 1275 2836 vigor,
1304 2780 1357 2823 et
1378 2772 1597 2824 caelestis
1619 2773 1760 2836 origo

682 2832 967 2883 Seminibus
985 2847 996 2881 ε

665 3008 780 3082 (56)
807 3007 902 3063 llic
927 3008 1189 3082 adnotare
1209 3008 1425 3082 videtur
1446 3009 1589 3075 illos,
1612 3008 1701 3079 qui
1733 3007 1789 3082 in
1815 3008 1918 3063 alia
1947 3008 2050 3063 vita
2072 3022 2193 3062 car-

592 3078 683 3136 nis
715 3078 1018 3148 voluptates
1054 3080 1160 3135 sibi
1203 3078 1715 3149 pollicebantur,’et
1778 3078 1877 3134 hac
1916 3096 2050 3134 vana
2095 3096 2191 3149 spe

592 3152 732 3233 ducti
759 3152 1025 3233 peribant.
1051 3152 1304 3233 Barthius
1327 3152 1419 3233 lib.
1453 3168 1598 3207 λιιιι.
1624 3166 1742 3221 cap.
1773 3152 2191 3233 10,_snspicatnr

2284 1870 2445 1925 minis
2462 1869 2713 1940 adoptiva
2736 1868 3060 1939 pinguedine
3084 1877 3414 1938 assumptus,
3463 1868 3570 1923 imo
3615 1868 3890 1937 pinguedo

2282 1964 2399 2034 ipse
2415 1961 2864 2033 l'actns,totusquc
2884 1961 3000 2034 (64)
3018 1969 3298 2032 acceptum
3332 1962 3622 2016 translatus
3638 1961 3691 2015 in
3718 1960 3895 2018 hono-

2282 2071 2396 2111 rem
2426 2070 2584 2111 nova)
2602 2054 2805 2110 frondis
2831 2055 3167 2124 promotione
3199 2055 3364 2109 ramis
3391 2055 3893 2126 resurgescentibns

2282 2158 2527 2215 ornatus,
2541 2149 2649 2218 jam
2667 2164 2772 2203 non
2792 2148 3029 2203 oleaster
3041 2148 3133 2214 sit,
3152 2147 3247 2202 sed
3264 2147 3427 2214 oliva;
3442 2162 3563 2202 cum
3578 2157 3633 2203 et
3651 2148 3895 2204 oleaster

2286 2243 2629 2309 sit,ettamen
2647 2243 2938 2298 oleastrum
2956 2242 3072 2313 (65)
3088 2256 3147 2297 se
3176 2256 3282 2297 non
3303 2256 3426 2299 esse
3464 2240 3698 2313 quodam
3724 2240 3894 2298 modo

2289 2336 2451 2390 etiam
2478 2337 2591 2405 ipse
2606 2334 2849 2390 miretur.
2868 2334 3034 2406 Igitur
3072 2335 3115 2389 si
3141 2334 3304 2389 homo
3324 2344 3500 2405 poteSt
3543 2332 3722 2390 facere
3744 2344 3803 2388 ut
3818 2335 3894 2390 sit

2291 2426 2620 2499 arbor,quod
2642 2443 2745 2481 non
2763 2426 2881 2492 fuit,
2898 2428 3048 2481 salvo
3059 2426 3201 2498 quod
3221 2425 3315 2481 fuit
3327 2469 3342 2492 ,
3356 2434 3558 2498 quanto
3573 2425 3894 2497 magisDeus

2294 2520 2566 2576 hominem
2597 2522 2793 2590 poterit
2844 2519 2962 2592 (66)
2988 2522 3247 2585 excitare,
3281 2512 3566 2591 antequam
3608 2530 3895 2592 peccasset

2292 2612 2348 2667 in
2374 2612 2648 2683 paradiso,
2668 2613 2788 2668 intid
2808 2614 2948 2684 quod
2978 2611 3111 2667 fuit?
3131 2611 3304 2680 Quam
3333 2612 3595 2670 rationem
3618 2613 3895 2668 seminum

2295 2708 2456 2763 etiam
2488 2707 2832 2764 beatissimus
2860 2706 3057 2763 Paulus
3084 2706 3354 2763 subtiliter
3383 2706 3617 2778 prodidit
3657 2706 3846 2762 dicens
3877 2726 3893 2761 :

2298 2805 2401 2874 Qui
2450 2806 2664 2861 seminat
2706 2805 2982 2860 secundum
3033 2819 3261 2872 carnem,
3294 2802 3359 2859 de
3406 2819 3560 2858 carne
3607 2820 3704 2859 sua
3741 2806 3932 2858 metel'

2284 3006 2607 3080 angelorum
2631 3007 2856 3077 gloriam
2880 3006 3233 3074 accedebant,
3262 3007 3333 3063 de
3355 3008 3548 3074 quibus
3571 3007 3778 3064 dictum
3810 3020 3904 3067 est.

2297 3096 2392 3153 per
2414 3080 2747 3153 l’saltnistam
2775 3098 2788 3131 :
2823 3080 3059 3153 Minnisti
3088 3096 3204 3153 eum
3232 3080 3385 3149 paulo
3409 3082 3580 3133 minus
3596 3081 3659 3135 ab
3684 3082 3904 3153 Angelis

2296 3149 2461 3225 (unde
2490 3159 2705 3225 tractat.
2749 3166 2893 3206 xxvn
2924 3151 3019 3225 lib_.
3055 3166 3112 3217 ιι,
3136 3152 3187 3204 in
3220 3152 3347 3225 line,
3382 3149 3902 3225 martyremex'ho-

593 3219 874 3292 legendum
903 3240 1035 3278 uana
1071 3224 1262 3301 specie,
1296 3223 1379 3278 vel
1406 3239 1538 3279 vana
1566 3219 1703 3293 spes,
1729 3226 1898 3294 specie
1920 3223 1964 3277 si
1984 3219 2190 3294 captus
2217 3219 2263 3283 C
2296 3219 2431 3301 mine
2457 3225 2512 3276 in
2538 3221 3146 3301 angelumntransfusum
3186 3219 3649 3301 similitendisit),
3684 3222 3753 3278 ita
3796 3224 3900 3277 ho-

591 3304 687 3355 est.
717 3306 823 3350 etc.

665 3364 781 3437 (ii?)
815 3364 1073 3438 Ms._Reut
1098 3366 1260 3421 habet
1287 3366 1497 3421 remissa
1512 3374 1837 3438 peccatorum
1864 3373 2189 3438 etgresurrec-

595 3438 665 3491 tio
678 3436 873 3490 carnis.
896 3436 1413 3501 Remissa,remisste,
1449 3436 1544 3503 pro
1570 3437 1823 3499 remissio,
1841 3436 1973 3501 onis,
1991 3436 2188 3505 passim

597 3507 741 3575 apud
755 3507 1150 3562 Tertullianum
1174 3507 1590 3578 etCyprianum.
1617 3507 1752 3562 Vide
1772 3507 1930 3576 hujus
1951 3506 2112 3575 epist.
2139 3522 2189 3561 v1

595 3578 661 3632 ad
695 3579 963 3648 Magnum,
985 3587 1040 3632 et
1059 3580 1218 3648 epist.
1238 3576 1378 3633 tx‘ad
1399 3576 1738 3640 Ianuarium,
1767 3593 1866 3648 nec
1892 3592 1996 3630 non
2026 3578 2189 3648 υριηη

600 3659 708 3703 tum
754 3647 847 3705 lib.
882 3665 920 3705 ι.
955 3653 1024 3703 At
1058 3647 1406 3704 remissionem
1432 3649 1633 3711 habent
1663 3662 1791 3703 mss.
1824 3647 1943 3703 Vat.
1979 3659 2033 3701 et
2056 3647 2187 3703 ch.

599 3720 887 3775 Iiemissam
916 3728 1093 3775 tamen
1126 3722 1316 3775 iterum
1348 3719 1492 3776 Zeno
1522 3728 1679 3775 tract.
1709 3736 1767 3782 ι,
1791 3719 1883 3774 lib.
1915 3734 1972 3773 ιι.

671 3792 786 3864 (58)
824 3792 1052 3864 l’ecuina
1082 3808 1377 3864 caro,.qu:e
1402 3792 1697 3861 pecudibus
1738 3792 1900 3846 inest.
1932 3790 2193 3847 Similiter

600 3861 856 3935 Apuleius
892 3863 984 3916 lib.
1020 3879 1112 3917 vttt
1143 3861 1499 3935 Metamorpb.
1526 3865 1746 3935 pecuina
1776 3878 1913 3935 ossa.

673 3933 789 4005 (59)
819 3932 917 3987 Jus
950 3936 1049 3988 hoc
1082 3938 1199 3988 loco
1230 3952 1324 4004 pro
1350 3932 1624 3999 stattt,'vcl
1644 3934 1973 4005 conditione,
2002 3948 2191 4005 quem-

600 4003 889 4060 admodum
937 4006 1076 4075 apud
1131 4005 1450 4060 Ciceroneni
1510 4004 1703 4073 Agrat'.
1752 4021 1829 4067 ιιι,
1858 4003 1939 4058 2:
1988 4003 2196 4074 Optimo

601 4077 737 4130 enim
757 4079 872 4148 iure
892 4086 1013 4130 sunt
1040 4079 1271 4148 prafeelo
1293 4076 1511 4146 prcedt'a,
1541 4093 1655 4146 qua:
1681 4078 1874 4147 aptium
1904 4078 2198 4148 conditione

600 4158 737 4219 sunt.
779 4146 965 4219 Libera
996 4146 1202 4219 meliore
1232 4148 1353 4219 jure
1374 4158 1512 4212 sunt,
1544 4146 1905 4212 quam'serva.
1934 4148 2025 4201 .Et
2067 4163 2102 4200 ιι
2142 4146 2193 4198 in

606 4218 729 4272 Ver.
772 4235 829 4273 ιι.
860 4218 930 4273 27
960 4238 974 4273 :
1010 4217 1120 4273 Hoc
1148 4217 1260 4283 iure
1288 4230 1408 4273 sunt
1447 4221 1573 4273 socii
1598 4261 1614 4285 ,
1647 4230 1699 4273 ut
1730 4219 1791 4273 iis
1837 4234 1899 4272 ne
1927 4219 2198 4287 deplorare

600 4290 807 4363 quidem
832 4292 896 4345 de
916 4291 1024 4345 suis
1054 4288 1391 4345 inconnnodis
1412 4292 1580 4345 liceat.
1616 4340 1619 4341 ν

673 4380 789 4453 (60)
820 4380 947 4437 Mss.
984 4381 1141 4435 Rem.
1174 4392 1227 4437 et
1257 4380 1418 4450 Urb.,
1440 4396 1615 4436 macra
1646 4382 1750 4451 [ide
1775 4381 2072 4446 credentes;
2096 4380 2190 4453 alii

599 4452 855 4519 codices,
904 4468 1048 4507 mera
1095 4453 1200 4520 ﬁde
1228 4452 1496 4520 credentis,
1526 4464 1582 4508 et
1611 4455 1752 4509 idem
1800 4452 1998 4508 habent
2043 4452 2195 4508 editi.

605 4522 769 4578 Forte
800 4534 980 4579 tamen
1007 4524 1288 4592 legendum
1321 4540 1437 4578 vera
1464 4539 1558 4594 pro
1584 4542 1746 4592 mera,
1783 4536 1876 4578 aut
1919 4540 2069 4578 sacra
2102 4540 2198 4591 pro

2296 3294 2459 3347 mines
2479 3309 2579 3364 pro
2602 3293 2924 3349 mortalibus
2945 3303 3000 3347 et
3019 3295 3417 3364 peccatoribus,
3441 3294 3492 3346 in
3511 3309 3672 3364 quem
3694 3304 3903 3352 statum

2295 3380 2393 3435 per
2420 3362 2631 3434 culpam
2659 3365 2965 3423 miserrime
2990 3362 3343 3427 transierunt,
3369 3362 3679 3434 appellavit.
3710 3365 3905 3432 Itaque

2295 3450 2489 3491 sensus
2537 3445 2649 3493 est.
2703 3436 2987 3505 principem
3036 3436 3320 3505 iniquitatis
3367 3436 3642 3491 diabolum
3694 3436 3903 3492 invidia

2293 3507 2697 3562 exstimulatum
2749 3522 2841 3561 suo
2870 3508 3084 3571 semine,
3117 3508 3259 3576 quod
3287 3507 3544 3562 tentando
3583 3509 3902 3575 seminavit,

2295 3578 2674 3650 prolaplastos,
2696 3576 2749 3631 id
2777 3588 2864 3633 est
2890 3580 3093 3650 primos
3120 3587 3393 3645 parentes,
3419 3596 3481 3634 ex
3507 3581 3708 3650 angelis
3740 3579 3911 3633 inno-

2294 3652 2544 3704 centibus
2573 3658 2627 3703 et
2666 3649 3062 3705 immortalibus
3108 3651 3163 3703 in
3207 3650 3435 3704 homines
3486 3649 3805 3719 peccatores
3847 3662 3909 3707 et

2298 3720 2555 3775 mortales
2613 3720 2907 3789 deriraase,
2957 3735 3052 3775 seu
3106 3721 3485 3776 convertisse:
3528 3722 3703 3775 derivo
3753 3723 3907 3777 enim

2298 3793 2555 3846 translate
2583 3803 2667 3846 est
2710 3791 2966 3846 aliorsum
2999 3791 3302 3856 traducere,
3334 3792 3417 3846 vel
3458 3792 3777 3850 deﬂectere.
3812 3794 3910 3849 Sic

2296 3863 2518 3927 Cicero,
2543 3878 2599 3917 ιιι
2632 3864 2682 3917 in
2712 3861 2839 3916 Ver.
2873 3879 3022 3918 num.
3058 3862 3159 3929 56,
3209 3864 3441 3917 derivare
3469 3865 3577 3917 alio
3607 3866 3914 3930 responsio-

2298 3950 2409 3987 nem
2436 3950 2604 3994 suam,
2654 3945 2709 3987 et
2734 3948 2785 3987 tv
2815 3933 2866 4006 in
2898 3934 3176 4006 eumdem,
3210 3950 3359 3989 nunt.
3392 3935 3483 3997 20,
3527 3938 3732 4006 culpam
3768 3937 3915 3988 deri-

2297 4021 2418 4059 vare
2444 4006 2496 4058 in
2520 4006 2743 4075 aliquem
2765 4004 2928 4076 dixit.
2962 4005 3036 4058 Es
3088 4004 3173 4059 his
3201 4022 3285 4072 ea,
3313 4021 3435 4076 qua:
3462 4004 3788 4074 sequuntur,
3827 4006 3915 4059 [τι-

2298 4077 2401 4131 cule
2433 4072 2720 4142 intelliges.
2758 4072 3118 4147 Pl'otoplnslos
3150 4092 3249 4130 vox
3269 4119 3282 4139 ,
3330 4072 3452 4147 qua!
3501 4072 3672 4144 prima
3702 4088 3916 4132 creatas

2299 4148 2588 4215 signiﬁcat,
2618 4146 2756 4210 apud
2783 4144 3404 4217 Tertullianumquoqne
3426 4149 3476 4201 in
3505 4147 3915 4204 Exhortatione

2298 4217 2446 4273 Cast.
2475 4232 2594 4284 cap.
2631 4217 2688 4283 9,
2739 4225 2794 4271 et
2819 4218 2960 4288 apud
2985 4218 3122 4288 alios
3152 4220 3339 4272 Patres
3367 4234 3462 4288 pro
3495 4220 3684 4287 primis
3710 4234 3920 4286 paren-

2301 4289 2443 4344 tibus
2468 4289 2625 4358 vnlgo
2699 4287 2979 4358 accipitur.
3030 4287 3210 4343 Primo
3248 4290 3442 4359 plastas
3469 4289 3607 4345 dixit
3655 4289 3919 4345 Pruden-

2302 4361 2407 4416 tius
2438 4359 2492 4414 in
2519 4360 2732 4431 Hymuo
2775 4361 2953 4431 omnis
3002 4359 3148 4415 hora:
3180 4377 3232 4416 v.
3267 4360 3353 4414 l7.
3407 4360 3506 4415 Ms.
3539 4360 3661 4415 Tol.
3696 4377 3917 4416 sursum

2304 4446 2401 4502 pro
2426 4430 2609 4503 rursus
2659 4451 2676 4487 :
2706 4431 2757 4486 in
2786 4430 2920 4488 Urb.
2953 4442 3133 4487 autem
3161 4448 3341 4485 sursus
3363 4432 3416 4485 in
3442 4431 3676 4503 angelos.

2376 4503 2491 4572 (65)
2532 4502 2875 4558 Przrtulimns
2921 4504 3410 4573 manuscriptorum
3443 4502 3736 4559 lectionem
3788 4522 3802 4557 :
3856 4506 3917 4561 in

611 4572 1440 4664 ;..1.'.';.',"';'.;i"sira;i;i"gin;iia
1465 4572 1746 4650 iiuna}?
1776 4572 2199 4651 magna}...
2230 4604 2281 4662 ι)
2306 4572 2464 4629 editis
2492 4590 2858 4647 ιποροηαπιαε·

610 4664 896 4719 lectioncm
943 4665 1263 4736 retinuitnus
1320 4666 1372 4720 in
1423 4677 1591 4731 textu,
1642 4666 1864 4736 haecque
1903 4665 2060 4719 lectio
2091 4680 2198 4719 non

602 4736 747 4791 aliud
789 4735 1074 4806 signiﬁcat,
1102 4753 1260 4806 quam
1287 4738 1550 4805 baptisma
1576 4738 1708 4792 utile
1733 4735 1853 4792 esse
1880 4752 1975 4806 per
2002 4736 2158 4806 {idem
2181 4777 2196 4802 ,

602 4821 701 4878 per
719 4805 863 4873 eam,
887 4805 1130 4876 inquam,
1151 4807 1484 4875 iidemqnam
1510 4809 1845 4933 llOttnlSiSel‘
1876 4805 2197 4862 cltar’itatem

604 4880 819 4933 onerari
876 4877 1080 4933 Auctor
1132 4880 1262 4933 alibi
1308 4878 1507 4933 docet.
1561 4888 1619 4931 ut
1684 4880 1733 4931 vi
1778 4881 1915 4932 imus
1949 4877 2197 4933 pluribus

604 4880 819 4946 operari
876 4877 1080 4934 Auctor
1132 4880 1262 4933 alibi
1308 4878 1507 4942 docet,
1561 4888 1619 4931 ut
1684 4877 1915 4933 vidimus
1949 4877 2198 4945 pluribus

604 4949 822 5004 dissert.
856 4949 915 5014 2,
941 4964 1061 5019 cap.
1091 4949 1144 5005 6.
1190 4947 1393 5004 Necata
1440 4964 1602 5016 porro
1630 4949 1862 5004 traditur
1890 4951 1941 5003 in
1990 4950 2197 5017 baptis-

606 5030 750 5075 tnate
778 5035 907 5075 caro
938 5021 1136 5075 veteris
1165 5022 1418 5084 hominis,
1444 5031 1502 5073 ut
1532 5038 1663 5075 nova
1689 5022 1741 5075 iu
1765 5021 1983 5076 Christo
2012 5035 2194 5075 resur-

605 5102 729 5162 gat;
758 5092 826 5146 de
855 5107 961 5160 quo
990 5094 1040 5145 in
1070 5093 1425 5162 sequentibus
1452 5092 1626 5162 plura.

677 5160 794 5235 (61)
826 5164 954 5217 Mss.
986 5160 1312 5229 'l‘o|.,'Vat.,
1342 5160 1543 5217 aliaest
1563 5164 1807 5235 jumettti.

676 5257 978 5331 (62)7Putat
999 5258 1245 5331 Barthius
1285 5259 1379 5313 lib.
1414 5274 1543 5324 xui,
1587 5273 1707 5328 cap.
1741 5257 1808 5313 10
1836 5275 1847 5311 :
1878 5258 2073 5331 Adludi
2105 5257 2201 5311 hoc

607 5328 717 5382 loco
748 5330 818 5383 ad
843 5345 956 5383 eam
984 5348 1084 5384 non
1116 5330 1377 5385 nullorum
1397 5331 1720 5395 sententiam,
1749 5331 1836 5397 qui
1856 5330 2198 5392 tradiderunt,

607 5400 854 5466 homines,
888 5417 1003 5455 cum
1037 5402 1177 5473 lapsi
1208 5411 1375 5456 essent
1422 5402 1613 5473 angeli,
1653 5402 1708 5453 in
1755 5402 1999 5473 ipsorum_
2034 5401 2200 5473 locum

606 5473 909 5527 constitutos
937 5470 1115 5542 fuisse.
1153 5472 1224 5528 At
1269 5489 1375 5527 non
1417 5473 1468 5527 id
1498 5470 1657 5526 'l‘crre
1685 5470 1936 5542 videntur
1965 5470 2199 5525 Zenonis

609 5543 773 5599 verba
808 5561 821 5597 :
857 5541 1095 5612 loquitur
1122 5544 1190 5600 de
1235 5545 1471 5611 priorum
1519 5551 1801 5610 parentum
1844 5541 2020 5609 lapsu,
2064 5556 2200 5611 quos

604 5613 855 5671 diabolus
887 5630 982 5685 per
1025 5615 1275 5670 invidiam
1309 5616 1469 5671 traxit
1498 5616 1547 5666 in
1575 5612 1789 5681 culpam
1814 5628 1828 5677 ;
1854 5619 1907 5663 ct
1936 5613 2076 5685 sicut
2106 5628 2202 5665 an-

601 5687 754 5758 gelos
773 5679 956 5754 procul
989 5685 1155 5742 dubio
1183 5688 1301 5758 illos
1331 5686 1545 5758 vocavit
1572 5685 1625 5758 in
1658 5679 1742 5758 eo
1761 5689 1902 5758 statu
1937 5679 2200 5758 innocen;

600 5752 711 5821 iiut,
742 5752 793 5813 in
821 5773 925 5827 qua
958 5756 1382 5814 immortalitatis
1410 5766 1465 5814 et
1488 5753 1677 5827 gratia
1712 5753 1870 5810 dOnis
1899 5752 2198 5840 preditioad

2383 4665 2499 4739 (64)
2522 4667 2661 4722 Editi
2688 4684 2809 4723 cum
2845 4667 3113 4737 plerisque
3139 4682 3296 4733 mss.,
3321 4669 3376 4722 in
3396 4679 3664 4739 acceptum
3684 4671 3923 4724 transla-

2309 4747 2391 4811 tus
2420 4738 2492 4811 in;
2505 4740 2697 4793 honore
2738 4754 2880 4811 novre
2907 4738 3106 4807 frondis
3141 4744 3476 4811 promotione.
3508 4738 3760 4796 Barthius
3787 4756 3926 4797 cor-

2309 4809 2586 4877 rigentlttut
2616 4809 2827 4864 censuit
2852 4811 2903 4862 in
2916 4809 3180 4878 acceptum
3210 4812 3507 4877 translatus,
3533 4811 3790 4866 inhonora
3817 4830 3924 4867 no-

2308 4894 2382 4953 tia:
2402 4880 2604 4950 frondis
2628 4882 2959 4953 promotione.
2979 4883 3046 4934 At
3068 4897 3169 4936 ms.
3202 4882 3355 4936 Rem.
3383 4884 3796 4952 antiquissimus
3817 4900 3923 4939 co-

2307 4951 2410 5024 dex
2453 4966 2767 5020 aequiorem,
2798 4962 2859 5024 ut
2898 4952 3006 5006 visa
3036 4961 3151 5017 est,
3185 4954 3471 5024 lectionem
3510 4951 3919 5024 suppeditavit,

2307 5022 2483 5076 deleta
2529 5022 2902 5094 tantummodo
2937 5024 3119 5094 prima
3176 5023 3437 5093 particula
3486 5026 3561 5089 in,
3612 5022 3738 5094 qua:
3777 5027 3924 5082 item

2306 5093 2459 5147 abest
2485 5108 2518 5164 a
2546 5108 2675 5149 mss.
2703 5093 2826 5148 Vat.
2854 5101 2912 5149 et
2933 5092 3064 5149 Urb.
3098 5092 3410 5164 mutatoque
3431 5092 3705 5150 Itonore‘in
3743 5094 3925 5151 Itono-

2304 5179 2432 5218 rem.
2464 5162 2810 5220 Promotionis
2825 5179 2986 5235 porro
3009 5167 3226 5220 nomine
3249 5162 3470 5221 utuntur
3489 5167 3835 5235 Lampridius
3859 5170 3925 5223 in

2294 5237 2507 5293 .Anton.
2552 5235 2706 5291 Diad.
2751 5252 2871 5306 cap.
2898 5239 2951 5298 δὲ,
2977 5235 3150 5290 Julius
3183 5236 3446 5291 Firmicus
3478 5238 3544 5292 de
3571 5236 3722 5293 Cert.
3769 5239 3912 5293 stel.

2306 5309 2467 5374 posit.
2523 5309 2577 5369 5,
2602 5307 2633 5360 7
2656 5319 2709 5363 et
2738 5312 2792 5369 5.
2825 5314 2929 5361 etc.
2964 5307 3041 5361 Ex
3080 5309 3270 5362 eodem
3309 5309 3496 5363 codice
3538 5309 3796 5365 Reincusi
3821 5327 3918 5364 re-

2305 5380 2711 5451 surgescentibus
2740 5393 2837 5448 pro
2863 5378 3238 5451 resurgentibns
3259 5379 3596 5446 scripsimus.

2382 5449 2607 5574 (35);!‘5.
2645 5449 2789 5515 Vat.,
2822 5464 2874 5503 se
2890 5449 3133 5519 jam'non
3157 5466 3283 5505 esse.
3307 5451 3436 5505 Dein
3465 5451 3622 5520 Urb.,
3653 5452 3924 5525 quodam-

2382 5542 2386 5565 ι
2426 5539 2456 5574 o
2549 5537 2681 5574 inse.

2305 5524 2456 5576 modo
2478 5533 2524 5575 et
2549 5524 2681 5590 ipse.

2379 5611 2499 5679 (66)
2522 5611 2660 5666 Rara
2690 5611 2931 5681 syntaxis
2961 5612 3320 5667 construenda
3350 5614 3430 5668 sic
3460 5631 3473 5667 :
3505 5615 3728 5669 excitare
3746 5616 3799 5669 in
3824 5617 3919 5681 id,

2305 5681 2441 5754 quod
2468 5682 2588 5755 fuit,
2616 5693 2884 5755 antequam
2911 5692 3167 5755 peccasset
3192 5682 3243 5737 in
3270 5682 3533 5755 paradiso,
3559 5684 3613 5741 id
3632 5695 3719 5744 est
3756 5688 3922 5743 excio

2309 5750 2423 5809 (are
2451 5750 2504 5810 in
2532 5750 2697 5808 vitam
2724 5750 3105 5809 immortalem.
