4230 6168
313 299 392 354 585

367 299 395 352 5
1518 290 1733 347 LIBER
1774 293 1841 350 ll.
1884 291 2305 351 'I'RACTATUS
2336 293 2378 347 I.

3566 294 3672 360 58'6

313 413 402 485 (67)
432 413 728 477 interitum;
756 410 847 482 qui
873 416 1049 463 autem
1071 406 1287 462 seminat
1314 407 1369 461 in
1396 405 1609 474 spiritu,
1642 408 1711 461 de
1736 410 1923 478 spiritu
1948 410 1999 471 Α
2025 408 2168 462 dicta
2200 417 2349 463 terra
2376 406 2475 461 erit
2496 404 2553 461 in
2576 408 2817 463 omnibus
2843 410 3093 478 operibus
3116 413 3239 480 tuis,
3263 415 3315 467 iu
3344 415 3570 471 tristitia:
3584 433 3672 489 ge-

314 513 439 560 metet
458 505 618 558 vitam
640 513 899 558 teternam
932 499 950 562 ί
976 498 1098 555 Gal.
1133 514 1206 563 VI,
1237 496 1328 569 8).
1358 497 1435 551 At
1481 511 1613 552 vero
1647 498 1918 555 Dominus

314 597 567 654 evidenter
595 597 701 649 hoc
730 594 975 649 edocens
1002 592 1083 647 sic
1111 589 1179 646 ad
1220 588 1522 659 discipulos
1551 591 1629 643 ait
1683 609 1697 646 :
1734 591 1920 647 Simile

316 700 374 746 est
405 705 615 762 regnum
652 688 902 742 caelorum
941 684 1161 751 homini,
1186 684 1272 754 qui
1299 684 1575 737 seminavit
1601 684 1800 740 bonum
1841 703 1922 741 se-

315 799 407 837 men
429 783 482 836 in
509 797 638 852 agro
676 796 777 835 suo
804 795 823 834 :
854 778 1227 833 dormientibus
1252 784 1426 830 autem
1454 777 1759 834 hominibus
1790 780 1922 834 venit

313 877 525 931 inimicus
569 879 715 949 ejus,
767 884 815 928 et
863 870 1292 944 superseminavit
1329 871 1541 925 zizania
1584 872 1644 926 in
1691 874 1921 928 triticum

314 969 527 1041 (Matth.
552 984 670 1036 xm,
697 966 798 1031 24,
831 966 906 1023 25
928 965 969 1038 ).

370 1061 497 1117 XIV.
540 1065 610 1116 At
654 1060 898 1116 fortasse
940 1057 1120 1113 adhuc
1146 1055 1415 1126 quispiam
1460 1054 1604 1110 dicat
1652 1056 1763 1113 :Si
1791 1071 1921 1113 caro

316 1154 447 1223 perit,
478 1150 621 1207 unde
650 1150 1015 1221 cognoscitur
1062 1147 1153 1202 ille
1175 1148 1265 1217 qui
1298 1148 1580 1217 resurgit?
1611 1148 1787 1214 Caro,
1811 1146 1923 1202 fra-

315 1255 424 1311 tres,
453 1246 606 1317 quasi
634 1243 912 1313 quoddam
942 1253 1028 1298 est
1063 1240 1344 1311 speculum
1374 1242 1642 1297 intuentis
1677 1242 1917 1311 plenitu-

315 1337 420 1393 dine
440 1336 554 1408 (ιι8)
580 1336 952 1408 gravidatum,
982 1333 1127 1405 quod
1152 1347 1256 1387 non
1283 1343 1390 1388 tam
1433 1333 1739 1404 imaginem
1765 1348 1917 1390 suam

311 1446 449 1500 quam
478 1428 598 1500 (69)
625 1430 762 1498 ejus,
785 1427 952 1497 cujus
973 1434 1058 1481 est
1082 1425 1133 1478 in
1166 1424 1356 1480 usibus
1372 1426 1534 1496 gerit.
1559 1426 1813 1497 Denique
1841 1436 1920 1483 tot

314 1522 456 1578 eilicit
482 1523 682 1585 vultus,
717 1527 855 1591 quot
881 1520 979 1574 ille
1007 1518 1330 1573 intrinsecus
1354 1519 1559 1585 tristes,
1584 1533 1685 1573 seu
1719 1519 1919 1576 hilares

309 1616 621 1673 suoslecerit
641 1626 842 1681 motus,
865 1614 1014 1669 hanc
1041 1610 1303 1667 rationem
1327 1612 1564 1668 docente
1584 1625 1689 1666 nos
1715 1612 1914 1667 Paulo:

316 1709 564 1774 Videmus,
580 1708 767 1778 inquit,
800 1717 985 1760 autent
1007 1703 1156 1758 modo
1178 1721 1266 1775 per
1285 1706 1554 1776 speculum
1579 1705 1634 1759 in
1657 1705 1917 1775 (enigma-

2024 500 2147 552 mitu
2180 499 2312 553 edes
2345 514 2411 552 ea:
2453 515 2515 553 ea
2562 500 2802 556 omnibus
2854 501 3036 559 diebus
3078 506 3193 560 vitae
3221 514 3321 561 tua:
3364 508 3584 580 :spinas
3624 519 3672 565 et

2025 591 2248 647 tribulos
2288 591 2468 660 ejiciet
2519 593 2632 659 tibi,
2667 604 2712 648 et
2739 594 2866 649 edes
2897 597 3139 667 pabulum
3185 598 3302 667 agri
3333 614 3353 652 :
3396 599 3449 652 in
3477 600 3668 657 sudore

2022 683 2189 738 vultus
2218 682 2317 736 tui
2339 683 2462 738 edes
2484 702 2668 756 panem
2707 696 2883 754 tuum,
2912 688 3068 744 donec
3106 690 3376 744 revertaris
3402 690 3453 745 in
3476 702 3663 747 terram

2023 776 2178 852 (Gen.
2212 789 2330 841 ιιι,
2353 776 2422 832 17
2442 788 2493 834 et
2521 782 2675 853 seq.).
2693 779 2801 838 Sed
2820 791 2878 837 et
2902 783 3155 838 Dominus
3175 782 3288 851 (7t)
3315 798 3379 837 ex
3423 799 3655 853 persona

2025 869 2313 933 hominis,
2343 884 2505 941 quem
2549 887 2940 947 assumpserat,
2990 874 3065 929 ait
3108 891 3122 927 :
3156 872 3339 928 Tristis
3363 884 3436 929 est
3477 877 3655 930 anima

2012 966 2136 1017 'mea
2160 964 2439 1030 usquead
2466 975 2676 1020 mortem
2701 965 2721 1038 (
2742 964 2934 1021 ilattlt.
2956 980 3099 1030 xxvr,
3132 962 3252 1036 58).
3279 964 3429 1032 Quod
3442 965 3648 1023 dictum

2025 1072 2130 1111 non
2164 1065 2287 1111 tam
2324 1056 2581 1124 timentis,
2615 1075 2775 1130 quam
2823 1057 3146 1114 exsultantis
3173 1072 3235 1111 ac
3262 1057 3510 1116 docentis
3535 1069 3644 1116 est.

1961 1157 1969 1164 “
2026 1148 2224 1218 Utique
2278 1164 2439 1205 :non
2489 1152 2633 1207 enim
2675 1150 2966 1221 quidquam
3022 1150 3212 1204 timere
3263 1159 3492 1219 poterat,
3550 1155 3647 1219 qui

2024 1249 2277 1297 mortuos
2322 1243 2611 1312 excitabat,
2646 1244 2735 1314 qui
2788 1248 3107 1310 potestatem
3157 1240 3347 1297 habuit
3401 1242 3642 1312 ponendi

2024 1349 2166 1403 eam,
2208 1344 2266 1393 et
2295 1336 2494 1393 iterum
2528 1334 2841 1392 resumendi
2876 1348 2997 1389 eam
3028 1332 3160 1404 (Ja.
3188 1351 3243 1401 x,
3283 1335 3348 1391 18
3373 1334 3425 1407 );
3453 1335 3549 1391 scd
3581 1344 3646 1391 ut

2023 1427 2269 1495 doceret,
2295 1432 2551 1501 quoniam
2573 1447 2696 1488 cum
2727 1428 2941 1491 vivit,in
2971 1426 3075 1483 hoc
3100 1429 3323 1495 mundo,
3347 1446 3564 1499 semper
3587 1430 3645 1484 in

2026 1521 2395 1590 tribulatione,
2427 1539 2650 1595 semper
2665 1524 2846 1593 justus
2875 1521 2926 1574 in
2958 1535 3113 1588 poena
3139 1530 3243 1576 est.
3287 1521 3426 1577 Cum
3453 1532 3642 1576 autem

2026 1628 2192 1682 mors,
2234 1630 2354 1684 quae
2383 1624 2606 1686 putatur
2648 1611 2956 1678 metuenda,
3002 1622 3281 1683 gustatnr;
3334 1622 3463 1669 tunc
3503 1613 3554 1668 ei
3586 1612 3644 1667 in

2024 1715 2287 1761 mternum
2336 1708 2611 1764 manentis
2641 1705 2832 1776 gloria:
2860 1704 3033 1761 beatis
3086 1707 3138 1761 in
3183 1706 3425 1781 sedibus,
3462 1705 3649 1761 nullas

305 1812 362 1867 te,
389 1815 506 1857 tunc
540 1813 706 1856 autem
728 1802 886 1872 facies
919 1797 994 1851 ad
1037 1796 1215 1867 faciem
1246 1798 1338 1853 erit
1365 1802 1383 1868 (
1409 1797 1431 1852 Ι
1456 1797 1579 1853 Cor.
1614 1812 1742 1863 xm,
1778 1795 1847 1850 12
1871 1796 1911 1867 ).
1949 1810 1997 1870 Β
2022 1800 2281 1872 deinceps
2309 1819 2585 1859 aerumnas
2618 1799 2801 1856 mundi
2826 1815 3075 1871 sensura,
3109 1804 3442 1876 repromissa
3468 1802 3649 1858 felici-

306 1896 440 1954 Unde
468 1898 693 1953 dubium
732 1911 834 1951 non
864 1903 955 1949 est
1007 1892 1062 1947 in
1107 1893 1425 1963 corporibus
1468 1893 1705 1957 nostris,
1753 1888 1917 1963 ιω

305 1989 415 2045 dum
447 1989 644 2045 mortis
665 1988 779 2059 lege
807 1985 1173 2051 seminantur,
1204 2001 1309 2040 non
1354 1984 1745 2051 substantiam,
1799 1999 1910 2038 non

306 2083 605 2154 imaginem,
651 2080 743 2137 sed
789 2078 922 2136 illud
977 2086 1201 2146 tantum,
1242 2077 1385 2149 quod
1418 2076 1613 2132 inutile
1641 2084 1748 2143 est,
1776 2073 1910 2131 dis-

303 2175 423 2242 cuti,
464 2173 618 2248 quod
664 2175 873 2238 teritur,
923 2170 1215 2233 demutari,
1266 2172 1405 2226 sicut
1445 2170 1713 2240 scriptum
1763 2178 1850 2224 est
1890 2184 1905 2220 :

310 2268 501 2341 Oportet
536 2268 673 2323 enim
705 2265 1054 2334 corruptivum
1076 2262 1172 2317 hoc
1190 2264 1402 2318 induere
1429 2263 1898 2333 incorruptionem,

305 2373 346 2416 et
372 2363 589 2418 mortale
606 2361 701 2415 Itoc
722 2360 932 2413 induere
952 2355 1385 2412 immortalitatem
1410 2355 1472 2430 (l
1494 2353 1621 2411 Cor.
1647 2371 1739 2421 xv,
1768 2352 1907 2425 55):

308 2451 745 2528 aliter(70)enim
777 2449 1197 2506 immortalitatis
1225 2449 1361 2504 stola
1392 2449 1482 2503 illa
1514 2464 1624 2503 non
1652 2449 1907 2515 sumitur,

2022 1900 2102 1947 tas
2149 1894 2462 1962 exhibetur,
2518 1891 2691 1949 David
2746 1905 2934 1949 sancto
2995 1892 3253 1952 dicente:
3308 1893 3641 1958 Convertere,

2017 1984 2195 2037 anima
2224 2001 2358 2054 mea,
2398 1988 2451 2041 in
2474 1983 2703 2051 requiem
2743 1993 2904 2053 tuam,
2948 1988 3071 2059 quia
3098 1985 3358 2041 Dominus
3398 1983 3649 2051 benefecit

2017 2075 2165 2138 mihi,
2193 2076 2318 2142 quia
2334 2076 2577 2132 liberavit
2600 2077 2823 2131 animum
2844 2095 3006 2133 meam
3035 2098 3067 2134 a
3089 2081 3270 2145 niorte,
3300 2078 3479 2133 oculus
3501 2090 3644 2130 meos

2013 2184 2047 2221 a
2080 2167 2351 2239 lacrumis,
2382 2169 2543 2242 pedes
2569 2170 2704 2221 meos
2732 2185 2764 2222 a
2785 2170 2935 2242 lapsu
2959 2171 3204 2246 :placebo
3230 2168 3460 2224 Domino
3487 2167 3538 2220 in
3560 2181 3644 2220 re-

2011 2261 2169 2331 gione
2191 2260 2483 2332 vivorum(
2509 2256 2603 2311 Ps.
2626 2275 2774 2331 cxrv,
2804 2263 2836 2320 7
2860 2276 2907 2323 et
2936 2282 3043 2336 seq.
3066 2265 3105 2339 ).
3134 2265 3258 2320 lltec
3282 2276 3383 2320 nos
3413 2259 3645 2316 felicitas

2024 2363 2234 2420 manet,
2280 2353 2405 2410 hoc
2437 2367 2634 2409 munus
2660 2370 2953 2428 exsriectat.
2984 2360 3076 2417 Sic
3115 2371 3246 2429 ergo
3272 2356 3540 2419 vivamus,
3587 2361 3647 2407 ut

2020 2448 2176 2502 bonis
2202 2448 2490 2515 cperibus
2523 2444 2783 2519 decorati,
2818 2467 2917 2508 nos
2961 2466 3173 2523 quoque
3200 2447 3318 2521 (72)
3350 2446 3464 2502 Deo
3495 2443 3642 2499 Patri

308 2549 397 2603 nisi
436 2549 621 2620 primo
663 2546 810 2603 istud
850 2544 1065 2602 carnale
1108 2544 1362 2613 spolium,
1402 2541 1665 2599 blandum
1714 2541 1910 2596 anima;
2016 2540 2230 2611 placere
2259 2554 2620 2611 mereamur,
2653 2543 3116 2615 Dominojuvante
3146 2558 3245 2599 nos
3272 2541 3511 2607 Christo,
3550 2536 3646 2609 qui

312 2655 593 2706 venenum,
627 2640 925 2695 secundum
952 2635 1047 2692 Dei
1077 2635 1425 2702 sententiam,
1454 2632 1602 2688 unde
1630 2640 1907 2701 sumptum

306 2745 401 2805 est,
442 2734 794 2797 retundatur,
827 2730 955 2787 dicit
995 2729 1140 2786 enim
1167 2728 1309 2786 Deus
1338 2728 1408 2784 ad
1456 2725 1637 2782 Adam
1687 2742 1701 2779 :
1736 2721 1904 2777 Mate-

374 2877 484 2949 (67)
502 2876 610 2933 Ms.
641 2874 803 2949 Rem.
831 2871 885 2949 in
896 2871 1100 2949 interitu
1123 2886 1141 2926 :
1162 2867 1499 2949 desideratur
1516 2874 1714 2949 autem.
1731 2863 1783 2917 in
1811 2862 1915 2949 hoc

309 2935 483 3004 codice
510 2949 570 3001 in
595 2946 810 3014 spiritu.
844 2943 981 2998 Edit.
1007 2940 1139 2996 Ver.
1162 2942 1339 3014 outisit
1362 2940 1425 3014 de
1449 2937 1659 3014 spiritu.
1682 2935 1912 3014 Supple-

312 3020 477 3074 vimus
522 3034 590 3073 es
626 3005 929 3086 plerisque
976 3026 1109 3067 mss.
1156 3020 1211 3086 e_t
1251 3011 1500 3086 editione
1552 3009 1740 3086 )lenet.
1783 3005 1919 3086 Post

312 3105 494 3158 pauca,
527 3104 632 3161 pro
648 3075 762 3161 'hoc
782 3075 1021 3149 edocens,
1041 3099 1143 3137 ms.
1167 3081 1313 3148 Tol.,
1344 3084 1440 3135 hoc
1460 3095 1515 3134 se
1530 3078 1719 3133 docens
1742 3094 1761 3144 ;
1783 3075 1916 3132 Urb.

308 3157 503 3229 autem,
528 3157 634 3216 'hoc
656 3170 705 3214 et
726 3157 941 3213 docens.

376 3251 491 3324 (66)
507 3253 640 3308 Mss.
670 3251 891 3324 Pump.,
911 3258 1198 3324 gravatum.
1222 3246 1470 3324 :l‘errarn
1488 3242 1808 3318 gravidatam
1828 3256 1925 3324 se-

308 3314 538 3377 minibus
568 3323 709 3379 dixit
729 3314 942 3376 Tullius
968 3320 1039 3375 de
1066 3318 1187 3374 Nat.
1222 3318 1382 3373 Deor.
1417 3314 1515 3370 lib'.
1550 3331 1611 3379 ιι,
1655 3328 1802 3367 num.
1828 3314 1919 3369 32.

375 3414 563 3485 (69)ῐά
586 3424 676 3471 est
703 3410 1293 3485 spiritus,_quic_o_rpori
1326 3409 1509 3463 unitos
1539 3419 1702 3461 carne
1733 3407 1918 3485 utitur:

307 3476 601 3556 Imaginem
632 3476 816 3540 autem
842 3476 1069 3556 spiritus
1100 3476 1302 3556 idcirco
1327 3493 1551 3534 carnem
1580 3487 1759 3556 vocat,
1778 3476 1921 3544 quod

309 3549 444 3612 varii
466 3569 654 3612 motus
679 3556 847 3610 animi
873 3549 928 3608 et
955 3554 1180 3608 allectus
1204 3554 1254 3606 in
1284 3564 1519 3615 corpore
1546 3563 1692 3617 smpe
1712 3549 1921 3602 elucea-

306 3639 450 3693 cunt,
485 3639 537 3683 ut
594 3643 665 3685 ex
710 3621 1463 3693 sequentibusliquettlloc
1517 3620 1672 3693 idem,
1702 3621 1921 3693 egregie

304 3690 677 3755 Tertullianus
696 3699 765 3753 de
784 3690 1013 3752 Resurr.
1034 3708 1153 3763 cap.
1174 3690 1269 3749 15:
1294 3691 1499 3763 Volutet
1515 3690 1710 3759 aliquid
1725 3690 1919 3763 anima,

308 3770 473 3824 nauus
522 3780 773 3840 operatur
800 3768 1076 3840 indicium,
1107 3761 1283 3840 facies
1310 3762 1651 3840 intentionum
1693 3761 1924 3840 omnium

303 3832 571 3908 speculum
595 3839 839 3898 est.V|de
867 3838 1031 3909 plura
1047 3832 1186 3909 apud
1205 3834 1433 3909 Plinium
1457 3832 1548 3886 lib.
1590 3848 1647 3899 ιι,
1668 3846 1727 3909 _c.
1748 3832 1843 3909 :51,
1868 3842 1924 3887 et

308 3903 421 3978 lege
450 3914 647 3977 etiam,
683 3912 728 3966 si
752 3903 953 3981 placet,
983 3903 1271 3981 Naiariun!
1303 3915 1355 3960 et
1386 3905 1640 3981 Pacatula
1668 3905 1718 3956 in
1746 3903 1921 3981 Pane-

304 3972 503 4051 gyrico,
540 3972 1063 4051 tle-Hieronymum
1105 3977 1156 4032 in
1188 3978 1347 4051 epist.
1394 3974 1462 4029 ad
1513 3972 1748 4029 Furiam.
1790 3972 1917 4031 Mss.

301 4049 443 4117 Tol.,
478 4053 642 4120 Vat.,
676 4049 1088 4123 Urbin,’quterit
1118 4065 1213 4118 pro
1241 4049 1391 4120 gerit.

369 4124 488 4195 (70)
535 4126 645 4180 Ms.
676 4120 1142 4193 Pomp.,'etenim.

363 4217 480 4290 (71)
525 4218 619 4274 Ea:
645 4233 870 4290 persona
901 4213 1128 4270 hominis
1157 4212 1379 4283 perinde
1422 4210 1636 4277 dicitur,
1668 4224 1732 4266 ac
1785 4217 1919 4265 tant-

2014 2641 2099 2689 est
2128 2629 2471 2689 benedictus
2500 2633 2558 2690 in
2588 2637 2789 2693 Stecula
2820 2638 3157 2695 seculorum.

2020 2875 2178 2931 quam
2206 2859 2404 2944 homo,
2452 2867 2600 2935 quod
2629 2869 2843 2926 scilicet
2870 2869 3117 2944 Christus
3144 2870 3204 2944 se
3234 2867 3287 2924 in
3334 2866 3442 2944 illis
3469 2866 3650 2944 verbis

2022 2949 2129 3013 non
2162 2934 2240 2986 uti
2274 2934 2449 2987 Deum
2476 2934 2678 3005 gerere
2705 2955 2770 2997 ac
2809 2943 3070 3012 prml'erre
3099 2940 3280 3007 vellet,
3311 2940 3406 2998 sed
3440 2948 3497 2997 ut
3545 2943 3646 2996 ho-

2025 3018 2263 3086 minem;
2295 3019 2407 3073 quo
2438 3020 2603 3086 sensu
2640 3028 2924 3080 personam
2971 3023 3181 3086 veteres
3224 3028 3369 3086 saepe
3402 3014 3648 3086 appella-

2026 3084 2175 3156 l‘llﬂl.
2207 3085 2262 3156 lll_
2297 3090 2428 3160 ⁹ιῑιιιιι
2462 3079 2652 3135 dixere
2686 3100 2966 3149 personam
3010 3085 3192 3157 patris,
3223 3079 3653 3160 [rauim-princi-

1948 3170 1993 3234 Ο
2027 3145 2944 3234 pistainicihet-cq'proh/nmquam
2970 3145 3129 3234 pater,
3179 3145 3358 3227 frater,
3388 3145 3648 3234 princeps,

2033 3217 2248 3279 amicus,
2280 3223 2389 3272 etc.
2415 3217 2604 3273 Dulnc
2631 3217 2876 3280 Zenonis
2912 3217 3189 3283 locutione
3212 3244 3317 3285 non
3347 3217 3490 3285 ιιὶιιιςι
3523 3217 3650 3286 ain;
3735 3236 3741 3241 ·

2028 3285 2715 3374 gitnus'diﬁsorl‘:2:..cap.
2768 3295 2829 3374 ξ.
2886 3298 3087 3374 Eadem
3129 3314 3352 3371 prorsus
3409 3285 3647 3358 formula

2029 3373 2158 3442 usus
2200 3357 2394 3426 legitur
2425 3357 2479 3411 S.
2514 3357 2755 3442 Hilarius
2785 3366 2840 3442 in
2873 3370 3011 3442 psal,
3043 3357 3157 3442 Liv:
3202 3386 3325 3442 pag.
3357 3374 3462 3431 “8
3491 3357 3545 3429 et

2027 3429 2614 3511 p~al.§xxxvttt,_pag.
2637 3429 3215 3511 565.‘S.'Atnbrosius'
3237 3429 3330 3499 lib.
3359 3460 3397 3499 ιι
3421 3429 3490 3501 de
3512 3429 3648 3503 Fide

2027 3513 2145 3567 cap.
2175 3497 2230 3562 8,
2266 3516 2320 3551 ιι.
2340 3498 2429 3564 61;
2455 3500 2544 3555 lib.
2566 3497 2642 3566 iv,
2675 3517 2725 3557 c.
2759 3505 2817 3569 6,
2842 3525 2897 3561 η.
2918 3510 3016 3569 69:
3047 3523 3100 3565 et
3123 3511 3159 3566 l.
3183 3528 3237 3575 v,
3258 3497 3645 3582 caidiniiﬂ:

2030 3569 2301 3658 :Similiter
2319 3568 2648 3658 Phte'bn‘diu‘s
2679 3576 2730 3658 in
2764 3577 2911 3658 libro
2938 3592 3124 3658 contra
3159 3585 3410 3658 Arianos,
3445 3604 3497 3658 p.
3542 3590 3650 3645 505

2031 3650 2069 3695 ι.
2103 3656 2153 3694 1v
2177 3639 2420 3695 biblioth.
2449 3640 2578 3726 PR,
2604 3642 3146 3726 Salomonisdictutn
3170 3639 3650 3724 quoddamrtribuit

2030 3719 2798 3799 aspersiona‘sapieatice,quod
2829 3724 3103 3799 sapientia
3131 3719 3279 3779 in'eo
3310 3727 3643 3799 loqueretur,

2027 3798 2091 3839 ac
2117 3782 2297 3864 si_ipse
2323 3782 2467 3837 esset
2490 3782 2780 3865 sapientia.
2834 3782 3023 3865 Itaque
3052 3793 3140 3848 hic
3173 3782 3395 3865 persenti
3412 3782 3673 3860 ﬂamini}-

2028 3859 2311 3943 nonineo
2336 3870 2501 3943 sensu
2532 3859 2821 3943 accipitur,
2857 3859 2966 3931 quo
3004 3859 3241 3943 humana
3272 3869 3491 3927 Christo
3522 3888 3646 3943 per-

2028 3940 2158 4014 sona
2187 3924 2588 4014 EUlllgNge§lttrl0
2619 3924 2912 4014 tribuatur,
2945 3936 3039 3991 sed
3075 3937 3126 4014 in
3159 3953 3249 4002 eo,
3283 3956 3391 4010 quo
3418 3924 3643 4014 ιρειτῐιίί

2027 4011 2159 4121 ζει-(ἴ
2187 3994 2389 4051 homini
2419 3998 2667 4055 humana:
2696 3994 2942 4060 actiones
2969 3994 3359 4080 passionesque
3383 3994 3641 4086 corngrue:

2065 4083 2130 4121 an
2165 4107 2177 4119 .

2065 4083 2177 4121 ant.

2100 4137 2216 4211 (72)
2240 4136 2349 4223 Deo
2370 4124 2668 4223 adjecininﬁs
2699 4158 2768 4223 ex
2796 4160 2928 4223 mss.
2963 4146 3161 4223 item”
3192 4149 3351 4219 Urb.,
3385 4153 3541 4223 ch.,
3587 4156 3641 4213 in

2029 4226 2138 4281 quo
2168 4220 2446 4282 postremo
2473 4228 2578 4269 vox
2613 4212 2836 4272 Domino
2862 4212 3228 4276 desideratur.

2690 4358 2699 4367 κ

295 4373 3626 4406 .—____——————-——————————————-————__—_~

1042 4497 1197 4573 ³⁸³
1281 4508 2208 4661 TRACTAT
2236 4512 2664 4659 UUM

774 4755 1786 4931 SANCTI
1926 4758 3183 4973 (ZENONIS

1209 5019 1807 5107 EPISCOPI
1917 5012 2735 5113 VERONENSIS

1488 5226 1810 5299 LIBER
1868 5224 2438 5302 SECUNDUS.

682 5396 702 5431 ε
741 5385 1164 5447 TBACTATUS
1206 5381 1485 5455 PRIMUS.

543 5489 636 5543 De
667 5484 748 5557 (l)
779 5481 986 5539 Genesi.
1027 5508 1100 5521 —
1135 5475 1332 5533 Contra
1371 5472 1626 5553 Arianos.

370 5586 413 5642 ι.
454 5578 726 5640 Carnalis
764 5574 963 5633 mentis
1002 5570 1273 5637 homines,
1327 5567 1523 5623 fratres
1564 5561 1925 5657 dilectissimi,

335 5718 551 5776 Tuscr.
566 5710 780 5784 l.-——(l)
793 5710 849 5765 lu
864 5724 993 5784 mss.
1012 5707 1041 5784 ι
1047 5706 1205 5779 ηιὶρὶι
1217 5706 1277 5760 de
1288 5704 1491 5784 Genesi.
1508 5701 1922 5784 [impcinscriptio

304 5774 1347 5863 inieci—itisrcten'ta',auobisimmutanda
1380 5792 1487 5833 non
1513 5774 1631 5832 fuit.
1663 5774 1919 5832 choau-

1953 5378 2343 5440 Dscandalum
2392 5366 2703 5449 patiuntur,
2762 5397 2873 5438 non
2923 5384 3104 5441 studio
3158 5388 3481 5460 noscendae,
3535 5395 3632 5452 sed

2031 5471 2352 5528 frustrandze
2401 5471 2662 5537 veritatis,
2704 5475 2954 5544 quotiens
3000 5477 3143 5536 Deus
3194 5481 3287 5538 Dei
3335 5482 3498 5549 illius,
3542 5489 3634 5557 qui

2030 5563 2207 5622 Patris
2234 5563 2473 5621 maxima
2502 5575 2585 5622 est
2608 5566 2811 5639 gloria,
2841 5569 3067 5640 aequalis
3102 5570 3250 5629 Patri
3279 5590 3309 5629 a
3338 5574 3633 5634 Catholieis

2030 5714 2134 5760 tem
2155 5712 2297 5760 totus
2309 5703 2398 5761 hic
2411 5713 2495 5761 est
2510 5705 2563 5761 in
2577 5704 2914 5763 defendenda
2931 5707 3121 5763 mterni
3139 5709 3305 5767 Verbi
3335 5709 3621 5769 divinitate

2027 5788 2217 5837 contra
2258 5774 2506 5853 Arianos,
2540 5777 2681 5834 sicut
2709 5786 2761 5833 ct
2803 5779 2853 5834 in
2886 5775 3096 5832 duobus
3127 5796 3252 5836 mox
3283 5780 3637 5850 subjicicudis

3736 5526 3837 5588 [ι.
