4230 6168
488 265 599 329 595

489 473 652 529 Patre
690 469 914 541 aequalis
940 467 995 523 in
1025 464 1304 533 omnibus;
1339 463 1463 535 quia
1508 463 1669 521 Pater
1692 465 1770 537 (9)
1813 466 1865 520 in
1910 468 2086 536 ipsum

491 570 657 625 alium
679 581 739 623 se
767 564 954 636 genuit
985 576 1056 618 ex
1087 575 1170 627 se,
1204 576 1269 615 ex
1299 558 1609 616 innascibili
1638 558 1845 615 scilicet
1871 574 1969 616 sua
1998 561 2089 616 illa

489 659 830 724 substantia,
880 657 933 711 in
964 670 1068 724 qua
1113 654 1304 710 beatus
1349 667 1573 707 manens
1600 652 1653 707 in
1699 642 2087 733 sempiternum

491 752 888 820 omnibus,qu:e
903 747 1086 812 habet,
1112 744 1403 801 habentem
1427 741 1620 800 Filium
1645 743 1794 813 paria
1823 743 1944 817 (10)
1970 760 2091 815 pro-

491 845 716 911 creavit,
735 843 824 914 qui
854 852 939 897 est
954 840 1095 897 Deus
1121 837 1438 895 benedictus
1455 837 1507 891 in
1522 837 1719 892 szccula
1741 838 2086 893 saeculorum.

567 962 646 1037 (8)
678 961 842 1037 Penes
878 974 1026 1037 quem
1069 964 1193 1021 erat,
1242 963 1359 1037 ante
1397 961 1876 1037 quam_na‘sceretur
1901 994 1917 1020 ,
1950 951 2085 1037 dixit

492 1022 655 1093 etiam
680 1022 936 1097 Hilarius,
969 1031 1022 1083 in
1050 1047 1100 1083 c.
1134 1043 1262 1081 xxxi
1290 1022 1418 1097 Mat.
1449 1041 1504 1079 n.
1537 1026 1590 1080 5.
1618 1022 1953 1079 Contrarium
1978 1025 2084 1079 for-

492 1109 694 1164 mulam
719 1103 902 1159 Ariani
922 1095 1305 1181 ;l-l-S_urptl|la.ltt:
1339 1095 1461 1151 Non
1490 1097 1609 1181 fui},
1658 1106 1928 1181 anteqt'a‘tm
1963 1112 2084 1150 nas-

492 1187 713 1241 ceretur,
740 1189 899 1246 quam
922 1166 1153 1246 Hilarius
1193 1166 1540 1246 impugnans,
1567 1169 1602 1221 l.
1637 1184 1707 1246 xii
1736 1169 1805 1246 de
1823 1166 1997 1246 T_riu.,
2028 1176 2085 1222 ut

493 1265 564 1306 ne
585 1238 727 1303 forte
754 1238 820 1302 ex
848 1242 1015 1316 priori
1037 1238 1304 1305 formula‘,
1337 1255 1493 1316 quam
1530 1240 1642 1308 ip<e
1668 1240 1721 1316 in
1755 1238 1912 1294 dictis
1940 1253 2087 1316 coni-

490 1318 776 1377 mentariis
801 1308 1069 1371 catholico
1099 1327 1258 1367 sensu
1285 1308 1641 1375 adhibuerat,
1672 1313 1722 1364 in
1756 1325 1969 1379 pravam
1992 1308 2086 1363 de-

490 1398 806 1462 torquerent
826 1386 1147 1462 sententiam
1174 1424 1187 1448 ,
1221 1398 1283 1437 ac
1304 1381 1351 1437 si
1377 1380 1811 1462 cngitariﬁposset
1837 1388 2082 1462 tempus,

492 1452 615 1535 quo.
650 1460 830 1535 Filius
864 1455 1106 1535 nondum
1160 1464 1353 1535 natus,
1392 1467 1573 1535 pelles.
1600 1453 1812 1507 Patrem
1843 1452 1993 1505 velut
2034 1452 2084 1532 in

492 1522 675 1591 radice
697 1528 1027 1593 exstitisset,
1056 1526 1199 1597 quod
1231 1525 1445 1597 Arianis
1472 1522 1695 1597 favisset
1720 1538 1880 1591 quam
1913 1522 2086 1597 maxi-

493 1620 613 1669 me;
671 1613 918 1656 neutrum
962 1592 1090 1653 dici'
1122 1595 1309 1660 voluit,
1341 1611 1392 1650 n.
1446 1597 1537 1660 δι,
1593 1594 1788 1657 fuisse.
1848 1592 1932 1647 vel
1980 1608 2088 1648 nou

492 1676 662 1731 fuisse
691 1672 885 1727 Filium
920 1684 1085 1740 penes
1104 1669 1367 1740 (Patrem,
1417 1680 1700 1737 antequam
1722 1673 2046 1740 nasceretur
2072 1706 2086 1730 ,

494 1762 617 1802 cum
650 1756 701 1800 et
739 1745 896 1797 Pater
912 1736 931 1803 ,’
957 1752 1010 1795 et
1038 1739 1204 1794 Filius
1235 1739 1301 1793 ab
1328 1749 1533 1793 aeterno
1568 1736 1644 1791 ita
1689 1736 1850 1791 simul
1891 1740 2089 1790 extite-

1860 258 2109 317 SANCTI
2139 257 2436 318 ZENONIS

487 390 693 444 tatem,
734 376 827 448 qui
852 382 972 433 erat
1008 374 1109 448 (8).
1148 382 1433 443 antequam
1463 382 1806 438 nasceretur,
1843 376 2002 448 150
2030 375 2085 431 in
2115 396 2167 456 Α

3698 260 3806 316 593

2725 340 3273 426 TRACTATUSIV.

2250 508 2329 563 De
2350 507 2429 580 (l)
2461 506 2670 574 Genesi,
2699 521 2796 561 seu
2824 504 2887 561 de
2908 514 3103 561 teterna
3128 504 3253 561 Filii
3287 505 3383 563 Dei
3412 509 3765 580 generatione.

2269 648 2422 706 Sicut
2459 662 2608 704 sacra
2656 646 2933 716 Scriptura
2987 654 3214 702 testatur
3239 688 3253 714 ,
3285 655 3407 703 erat
3441 657 3569 704 ante
3619 650 3802 705 omnia

2198 756 2425 798 manens
2454 742 2533 811 (2)
2568 755 2707 795 unus
2738 750 2793 796 et
2825 738 2971 795 idem
3011 736 3150 795 alter
3177 753 3245 794 ex
3295 739 3592 810 semetipso
3620 742 3673 795 in
3718 755 3813 797 se-

2200 836 2485 905 metipsum
2518 833 2671 906 151
2701 833 2861 899 Deus,
2891 830 2971 905 (5)
2992 834 3186 888 secreti
3208 832 3291 888 sui
3321 832 3469 888 solus
3512 835 3767 890 conscius
3788 876 3804 902 ,

2197 952 2432 1008 Arianos
2466 959 2754 1006 assereret.
2789 946 2925 1003 Cum
2958 965 3115 1002 unum
3158 957 3204 1002 et
3233 948 3458 1003 alterum
3491 960 3753 1004 memorat
3783 993 3800 1019 ,

2193 1023 2486 1080 discrimen
2517 1035 2867 1090 personarum
2893 1019 3134 1091 profecto
3156 1020 3393 1076 insinuat
3416 1037 3431 1083 ;
3458 1036 3590 1090 quas
3622 1028 3805 1076 tamen

2195 1112 2359 1150 unum
2396 1097 2559 1150 Deum
2609 1108 2731 1149 esse
2773 1096 2905 1149 satis
2927 1092 3153 1155 indicat,
3181 1107 3285 1148 non
3340 1091 3518 1148 solum
3567 1107 3687 1148 cum
3728 1092 3809 1147 ait

2195 1168 2362 1222 Deum
2387 1167 2529 1221 hunc
2554 1180 2675 1220 esse
2705 1182 2884 1230 unum,
2916 1174 2971 1220 et
2997 1161 3246 1218 eumdem
3274 1166 3417 1219 hunc
3443 1178 3606 1218 unum
3637 1164 3802 1219 simul

2193 1241 2410 1293 alterum
2432 1253 2573 1297 esse,
2598 1236 2741 1307 quod
2769 1237 2926 1293 aliter
2955 1238 3138 1304 nequit
3162 1235 3408 1307 intelligi,
3444 1235 3548 1291 nisi
3572 1235 3807 1307 duplicis

2195 1324 2443 1379 persona:
2483 1325 2586 1363 una
2618 1306 2816 1362 natura
2847 1308 2949 1371 sit;
2977 1307 3071 1360 sed
3115 1306 3283 1360 multo
3332 1308 3501 1379 magis
3548 1306 3806 1379 cum_hic

2195 1376 2331 1435 unus
2363 1380 2611 1447 idemque
2642 1379 2783 1434 alter
2826 1396 2890 1434 ea:
2927 1379 3197 1445 semetipso
3222 1379 3273 1432 in
3304 1378 3636 1447 semetipsum
3661 1376 3806 1432 Deus

2195 1467 2316 1508 esse
2368 1452 2618 1513 traditur,
2652 1452 2741 1520 qui
2785 1451 3038 1505 nimirum
3084 1465 3149 1503 ex
3200 1449 3392 1504 eodem
3444 1449 3553 1520 Deo
3600 1464 3705 1503 uno
3751 1451 3805 1504 in

2194 1522 2448 1579 eumdem
2497 1519 2927 1591 Deum'genitns
2981 1529 3102 1575 est:
3136 1520 3277 1590 quod
3325 1519 3523 1574 clarius
3572 1520 3809 1590 explicat

2196 1603 2424 1648 tracmtu
2458 1596 2701 1663 sequenti
2722 1590 2975 1659 inquiens
3009 1609 3021 1644 :
3060 1591 3284 1645 Laetatur
3315 1590 3475 1645 Pater
3500 1591 3551 1645 in
3579 1593 3681 1663 alio
3706 1608 3759 1645 se
3786 1633 3804 1657 ,

2194 1682 2341 1736 quem
2371 1662 2549 1737 genuit
2570 1680 2631 1718 ea:
2666 1680 2739 1737 se.
2773 1664 2870 1718 Hic
2895 1677 3024 1734 ergo
3050 1663 3185 1737 alius
3207 1663 3438 1737 ipsemet,
3466 1679 3613 1732 quem
3643 1662 3805 1716 Pater

2197 1734 2473 1804 genuit'ex
2508 1752 2582 1802 se,
2628 1734 2717 1790 ille
2737 1747 2819 1790 est
2875 1752 3006 1788 unus
3054 1750 3113 1787 ac
3162 1734 3297 1787 idem
3345 1735 3474 1788 alter
3518 1750 3580 1788 ea:
3625 1742 3835 1788 saneto.

740 1782 1059 1868 Ingemit;
1075 1782 1326 1880 umquam
1349 1812 1465 1863 sine
1498 1808 1654 1864 Patre
1680 1849 1693 1872 ,
1728 1822 1825 1861 nec
1856 1810 1976 1880 sin_c
2005 1806 2093 1861 Fi-
2123 1782 2171 1843 Β
2197 1782 2310 1880 ipso
2344 1809 2395 1862 in
2436 1782 2764 1877 seme'tipsum
2810 1805 3152 1880 Deustcujus
3194 1805 3280 1880 hic
3312 1804 3516 1880 mentio
3550 1815 3655 1880 est.
3676 1805 3810 1880 _lluc

494 1888 570 1943 lio
605 1876 765 1941 Pater
803 1883 1089 1953 aliqUando
1120 1876 1301 1935 fuerit.
1334 1881 1670 1950 Singularcm
1722 1893 1880 1953 porro
1919 1876 2096 1933 Zeno-

496 1958 641 2015 niutii
676 1957 833 2025 hujus
865 1951 1173 2025 ttEStimonii
1205 1955 1529 2025 sententiam
1559 1951 1906 2025 annotatioue
1936 1964 2097 2016 supe-

498 2031 628 2085 riori
654 2021 1005 2082 indicavimus
1033 2066 1045 2089 ,
1078 2023 1376 2090 eademque
1408 2021 1576 2075 fusius
1607 2021 1906 2086 explicatur
1934 2030 2096 2090 atque

497 2101 754 2159 statuitur
787 2096 1000 2152 laudata
1029 2094 1246 2149 dissert.
1278 2092 1335 2161 2,
1368 2108 1488 2162 cap.
1526 2096 1574 2156 l,
1608 2090 1637 2162 δ
1669 2092 1722 2145 tt.

571 2171 652 2241 (9)
682 2169 749 2224 In
779 2170 947 2239 ipsum
974 2182 1070 2235 pro
1101 2167 1149 2217 in
1181 2166 1297 2241 ipso
1314 2179 1419 2217 non
1442 2161 1723 2241 nunquam
1753 2161 1954 2217 dictum
1979 2163 2099 2217 aliis

499 2235 727 2298 aliorum
761 2235 1037 2295 auctorum
1068 2235 1331 2304 exemplis
1356 2238 1592 2306 probare
1625 2249 1909 2306 possumus
1934 2276 1947 2297 ,
1978 2251 2099 2300 qua:

501 2324 685 2369 tamen
714 2310 1072 2382 Opportunius
1095 2304 1393 2382 afferentur
1417 2306 1603 2382 adnot.
1631 2305 1684 2370 5,
1729 2304 1971 2382 inti-act.
2008 2306 2096 2371 15,

500 2385 541 2440 l.
582 2401 639 2440 ll.
672 2374 805 2439 Heio
829 2390 1006 2436 autem
1049 2378 1280 2449 mergite
1313 2392 1501 2432 caussa
1528 2377 1728 2449 dictum
1759 2374 1971 2449 videtur
1993 2418 2007 2438 ,
2044 2391 2099 2433 ut

501 2455 824 2527 significatio
854 2453 924 2506 sit
948 2493 961 2514 ,
990 2446 1233 2527 Patrem,
1263 2463 1385 2527 cum
1415 2447 1597 2527 genuit
1626 2446 1841 2527 Filium,
1863 2448 1931 2502 ob
1951 2462 2098 2502 com-

500 2518 925 2583 municationem
957 2521 1199 2591 ejusdem
1233 2520 1544 2591 substantim
1577 2534 1635 2574 se
1678 2518 1942 2591 in_ipsum
1967 2535 2100 2591 quo-

502 2599 625 2653 dam
660 2596 820 2651 modo
860 2587 1255 2655 transfudisse;
1289 2600 1345 2646 et
1386 2589 1457 2644 ita
1488 2591 1710 2660 gignens
1738 2587 1932 2643 Filium
1965 2590 2098 2645 dici-

502 2678 592 2725 tur
622 2668 781 2723 alium
811 2681 865 2720 se
888 2665 1123 2739 genuisse
1150 2678 1213 2716 ex
1256 2678 1309 2715 se
1331 2703 1346 2728 ,
1378 2663 1519 2739 quod
1554 2659 1725 2714 Deum
1770 2659 1831 2739 de
1875 2660 1983 2716 Deo
2009 2678 2074 2739 ge

502 2741 653 2805 nuit,
683 2739 847 2793 solum
888 2731 962 2789 He
1006 2736 1143 2800 solo,
1190 2740 1357 2805 totum
1404 2734 1467 2786 de
1518 2741 1654 2799 toto,
1707 2731 1990 2805 perfectum
2018 2731 2102 2788 Vde

507 2803 753 2883 perfecgo,
784 2818 916 2869 elc.,
940 2816 998 2860 ut
1019 2807 1160 2883 idem
1187 2803 1331 2859 Zeno
1358 2814 1441 2883 est
1467 2805 1624 2883 pau_lo
1648 2810 1773 2883 ante
1797 2804 2024 2859 loeutus.

546 2873 957 2955 (ιωΡέοονεατεξ
970 2892 1064 2945 ιντο
1077 2877 1282 2948 gignere
1303 2873 1550 2955 testim.
1566 2874 1774 2955 Li.‘i,"is.
1787 2885 2097 2955 “surpi‘mt

514 2944 584 3007 Εἰ
614 2944 804 3006 eodem
834 2944 1048 3017 quidem
1079 2944 1243 3001 sensu
1270 2944 1511 2999 adhiberi
1540 2948 1588 2998 in
1614 2944 1806 3017 litteris
1837 2944 2003 3001 sacris
2034 2948 2099 3001 ad

507 3024 674 3078 divini
704 3016 866 3076 Verbi
905 3016 1305 3091 generationem
1351 3016 1722 3091 explicandam
1767 3016 1950 3091 Paires
1994 3034 2100 3073 non

507 3094 662 3163 pauci
716 3087 1215 3163 animadverterunt
1261 3088 1314 3141 in
1361 3088 1448 3142 illa
1486 3087 1647 3163 Prov_.
1678 3102 1769 3163 vni
1790 3128 1803 3151 ,
1832 3087 1903 3141 22
1929 3131 1943 3153 ,
1969 3090 2103 3163 sic‘e

2201 1875 2339 1934 forte
2376 1875 2621 1949 spectant
2645 1879 2732 1932 illa
2777 1888 2933 1933 tract.
2964 1877 2998 1930 2
3032 1876 3384 1949 pr.ecedetttis
3406 1894 3432 1949 7:
3466 1876 3627 1949 Solus,
3652 1875 3811 1949 Deus

2202 1960 2274 2005 est
2322 1948 2492 2019 itaque
2538 1950 2868 2019 principium,
2895 1950 2982 2019 qui
3036 1964 3098 2002 ea:
3143 1964 3195 2001 se
3235 1948 3346 2017 ipso
3376 1948 3516 2002 dedit
3562 1948 3659 2002 sibi
3706 1948 3811 2019 ipsi

2202 2023 2537 2092 principium,
2561 2038 2680 2091 quin
2707 2037 2812 2074 non
2840 2032 2944 2075 tam
2972 2019 3208 2075 indicare
3237 2032 3461 2092 possunt
3489 2022 3654 2092 licunt
3685 2034 3811 2074 esse

2201 2090 2288 2147 ens
2314 2112 2345 2147 a
2370 2110 2442 2160 se,
2475 2104 2529 2146 ut
2561 2090 2762 2146 s'cliolm
2811 2093 3124 2161 loquuntur.
3161 2090 3302 2159 qttod
3331 2107 3359 2144 ιι
3394 2091 3543 2145 nullo
3572 2103 3807 2145 externo

2204 2164 2464 2234 principio
2496 2164 2753 2232 originem
2795 2160 2993 2227 duc-at;
3024 2162 3119 2219 sed
3166 2163 3327 2217 etiam
3366 2162 3532 2234 Deum
3584 2160 3803 2217 Patrem
3838 2204 3847 2209 .

2203 2250 2267 2290 ex
2309 2233 2406 2291 sua
2452 2235 2748 2291 substantia
2784 2234 2982 2290 Filium
3022 2233 3431 2304 genuisse,qui
3478 2249 3585 2288 non
3630 2235 3812 2288 minus

2202 2307 2523 2377 principium
2553 2316 2654 2370 est,
2682 2322 2843 2376 quam
2877 2307 3054 2362 Pater.
3092 2306 3561 2377 Prmclaraiporro
3594 2305 3710 2359 huic
3740 2304 3810 2360 de

2203 2376 2485 2434 divinitate
2517 2378 2637 2433 Filii
2675 2377 2932 2431 adversus
2975 2378 3206 2433 Arianos
3251 2376 3523 2431 Confessio
3548 2388 3671 2439 est,
3706 2392 3811 2444 qua

2202 2448 2444 2505 divinum
2473 2448 2705 2504 Verbum
2736 2448 2880 2503 Patri
2903 2453 3130 2519 mquale,
3166 2456 3221 2502 et
3241 2457 3365 2502 ante
3396 2448 3615 2512 smcula,
3645 2450 3813 2501 immo

2201 2530 2492 2591 antequam
2524 2520 2815 2591 (prioritate
2842 2519 3047 2575 scilicet
3068 2520 3311 2591 rationis)
3326 2520 3391 2572 de
3413 2521 3651 2574 creando
3680 2520 3813 2574 orbe

2203 2590 2480 2647 decretum
2514 2590 2684 2651 fieret,
2713 2602 2925 2647 secreto
2953 2590 3192 2661 genitum
3227 2591 3528 2645 ostenditur
3556 2592 3699 2661 {cui
3718 2606 3815 2644 na-

2206 2663 2398 2717 tivitati
2428 2664 2559 2718 nihil
2588 2661 2755 2716 oflicit
2785 2660 2977 2730 altera,
3010 2678 3169 2732 quam
3199 2661 3375 2716 eidem
3401 2661 3540 2716 Filio
3573 2660 3632 2717 S.
3663 2660 3815 2732 Zeno

2204 2748 2324 2789 cum
2355 2734 2476 2789 aliis
2505 2734 2753 2788 Patribns
2785 2736 2991 2799 tribuit,
3015 2731 3120 2803 qua
3152 2734 3204 2787 in
3236 2733 3456 2788 decreto
3487 2731 3808 2799 creationis,

2203 2806 2399 2861 iterum
2433 2807 2663 2874 quodam
2697 2804 2856 2858 modo
2901 2806 3135 2874 genitus,
3164 2804 3213 2858 itt
3258 2805 3371 2873 ipsa
3406 2804 3629 2860 subinde
3659 2818 3815 2858 crea-

2204 2878 2351 2932 tione
2380 2877 2611 2940 visibilis,
2637 2883 2692 2929 ttt
2713 2876 2788 2930 illi
2818 2876 2987 2942 aiunt,
3019 2878 3157 2931 foras
3181 2876 3480 2944 processit:
3506 2877 3571 2929 de
3590 2892 3692 2943 qua
3723 2890 3818 2929 ua-

2205 2949 2409 3003 tivitate
2441 2951 2494 3002 S.
2526 2947 2670 3002 Zeno
2714 2947 2934 3016 periodo
2970 2946 3137 3003 altera
3165 2947 3377 3016 plenius
3407 2947 3644 3016 loquitur
3675 2987 3690 3010 ,
3718 2960 3818 3001 nec

2204 3034 2311 3073 non
2344 3020 2494 3074 initio
2514 3026 2771 3072 tractatus
2787 3022 3080 3088 sequentis,
3106 3030 3158 3074 et
3183 3034 3279 3072 nos
3300 3020 3447 3086 plura
3466 3020 3597 3073 diss.
3619 3020 3675 3084 ἐξ,
3703 3020 3815 3074 c.l.

2209 3090 2284 3144 Ex
2310 3090 2394 3145 his
2419 3106 2578 3160 porro
2604 3091 2916 3158 intelligitur
2954 3104 3161 3143 saeram
3185 3090 3515 3158 Scripturam
3531 3130 3544 3154 ,
3566 3106 3686 3159 qua:
3710 3100 3820 3144 tes-

508 3158 700 3222 Gracco
715 3164 920 3218 reddita
949 3179 962 3213 :
991 3160 1243 3232 Dominus
1270 3163 1456 3212 creavit
1482 3158 1770 3232 meté’xnas'
1790 3175 2010 3232 nequa:
2035 3160 2104 3216 de
2134 3165 2180 3227 C
2217 3165 2312 3215 tari
2342 3158 2589 3224 traditur,
2614 3170 2721 3213 erat
2750 3171 2868 3213 ante
2890 3161 3061 3213 omnia
3085 3177 3294 3232 maqgns
3312 3177 3464 3227 unus,
3491 3170 3598 3215 etc.
3618 3201 3632 3223 ,
3672 3174 3725 3214 ut
3747 3160 3819 3216 de

509 3236 694 3291 divino
716 3234 852 3289 Filio
875 3234 1077 3304 prolata
1103 3230 1284 3304 plures
1307 3232 1543 3284 voluere.
1574 3231 1755 3304 Itaque
1779 3230 2103 3304 Sensusest:

511 3307 671 3362 Pater
697 3300 890 3376 genuit
907 3303 1099 3376 Filium
1118 3300 1384 3376 habentem
1408 3304 1556 3367 paria
1579 3344 1592 3362 ,
1623 3302 1828 3376 scilicet
1849 3301 2109 3370 omnibus,

512 3394 628 3448 quae
654 3371 770 3444 ipse
800 3376 946 3429 habet
971 3392 989 3441 ;
1016 3374 1104 3429 tibi
1133 3372 1521 3448 pariaudictum
1551 3382 1656 3448 est
1677 3371 1867 3448 eodem
1891 3387 2063 3448 sensu
2091 3415 2106 3440 ,

552 3466 619 3502 uo
648 3443 814 3519 Ftiius
841 3463 973 3519 par,
1004 3459 1096 3519 seu
1125 3443 1339 3519 atqu‘alis
1373 3443 1515 3519 l’airi
1557 3443 1771 3519 dicitur_.
1806 3443 1952 3519 licia
1981 3460 2112 3515 ergo

560 3521 683 3574 ilius
701 3513 886 3571 habere
914 3516 1111 3571 dicitur
1138 3515 1283 3580 paria
1303 3514 1534 3567 omnibus
1561 3554 1575 3576 ,
1605 3528 1720 3582 qua:
1741 3513 1889 3567 habet
1918 3513 2077 3570 Pater
2093 3557 2109 3583 ,

515 3591 669 3645 sicuti
705 3589 1010 3658 pauloante
1033 3585 1210 3658 dictus
1237 3584 1335 3658 fuit
1361 3585 1575 3658 (aqualis
1598 3585 1652 3658 in
1680 3583 1929 3658 omnibus.

588 3654 794 3722 Tutor.
831 3656 918 3713 IV.
945 3687 1015 3699 —-
1047 3657 1123 3725 (l)
1151 3654 1247 3709 Hic
1276 3656 1461 3711 titulus
1487 3664 1570 3710 est
1597 3656 1651 3709 in
1683 3657 1931 3710 omnibus
1976 3672 2106 3711 mss.

520 3743 718 3803 pra-ter
741 3729 870 3803 zen.
902 3731 953 3783 in
990 3744 1094 3803 quo
1115 3741 1235 3780 cum
1241 3726 1584 3803 _ed_itis_alter
1612 3726 1821 3803 legitur.

589 3803 670 3875 (2)
697 3801 772 3857 Ita
793 3796 1211 3875 in__ttiss:'Retn.,_
1241 3796 1543 3875 :l‘olunVat.
1567 3839 1580 3861 ,
1614 3796 1799 3875 Urbiu.
1821 3838 1834 3861 ,
1869 3797 2111 3875 Basilica:

520 3868 661 3929 Va'tf
692 3882 746 3927 et
792 3871 922 3927 edit.
960 3870 1091 3924 Ven.
1152 3869 1254 3923 Alii
1300 3868 1514 3923 codices
1549 3868 1878 3923 recentiores
1934 3869 2064 3923 Zeti.
2094 3910 2111 3936 ,

517 3945 705 4014 Pomp.
739 3953 792 3997 et
822 3943 917 4011 Sp.
962 3956 1059 4012 pro
1086 3950 1131 3993 et
1152 3939 1305 4014 idem
1331 3940 1460 3994 alter
1490 3939 1731 4014 scribunt
1759 3941 2109 4014 wternaliter;

520 4033 639 4086 qum
655 4010 825 4073 lectio
851 4010 1028 4086 minus
1060 4010 1292 4086 arridet,
1316 4020 1426 4065 tum
1462 4011 1601 4086 quod
1624 4011 1753 4086 haec
1785 4026 1889 4086 vos
1922 4011 2112 4086 Latine

519 4080 628 4143 non
661 4086 816 4140 facile
848 4080 1295 4153 reperietur,ni+i
1320 4083 1483 4153 (apud
1516 4081 1671 4135 valde
1714 4083 1983 4151 sequioris
2010 4084 2111 4137 :evi

518 4160 843 4229 scriptores,
891 4164 1000 4210 tum
1054 4152 1195 4229 quod
1248 4152 1859 4229 videtur_rediindare;_
1891 4170 1983 4221 per
2021 4155 2109 4229 illa

519 4224 661 4285 enim
690 4269 702 4291 ,
732 4238 840 4281 erat
865 4237 982 4281 ante
1002 4224 1175 4279 omnia
1201 4240 1411 4277 manens
1437 4265 1451 4287 ,
1479 4225 1526 4277 id
1560 4226 1730 4293 ipsum
1762 4225 1893 4279 satis
1932 4228 2114 4293 antpri-

521 4303 678 4355 mitur
712 4317 723 4351 :
755 4315 878 4354 cum
905 4296 1201 4372 pne_ser_tim
1240 4295 1537 4372 ea__auctor_i
1581 4298 1651 4349 sit
1677 4310 1851 4360 mens,
1887 4297 2111 4352 iunuere

520 4388 626 4427 non
659 4372 802 4425 illam
832 4367 1150 4425 aeternitatis
1173 4407 1186 4429 ,
1210 4367 1253 4421 si
1283 4368 1464 4422 dicere
1507 4367 1699 4431 liceat,
1731 4378 1960 4434 partem,
1991 4385 2111 4437 (pne

520 4454 645 4497 ante
668 4443 817 4496 orbis
841 4441 1170 4497 creationem
1217 4437 1538 4507 concipitur,
1571 4437 1664 4491 sed
1695 4440 1837 4491 illam
1870 4440 2112 4506 priorita-

522 4524 641 4579 tem,
667 4524 723 4565 ιιι
756 4510 1062 4567 scholastici
1090 4512 1381 4578 appellant,
1408 4509 1642 4581 rationis,
1667 4525 1768 4578 qua
1801 4511 1939 4563 Deus
1961 4513 2110 4581 prius

520 4588 572 4637 in
606 4602 662 4636 se
701 4584 938 4637 exi‘tens
965 4591 1084 4635 ante
1114 4581 1282 4634 omnia
1310 4579 1608 4651 cogitatur,
1634 4596 1791 4651 quam
1820 4579 2109 4649 quidquam

518 4656 589 4721 de
614 4655 966 4710 creandarum
999 4667 1176 4705 rerum
1209 4650 1397 4705 natura
1426 4650 1495 4704 ab
1524 4661 1727 4703 aeterno
1757 4650 2073 4706 decerneret
2098 4671 2114 4708 ι

519 4731 603 4780 cui
635 4726 917 4781 sententia:
955 4722 1286 4791 explicandm
1333 4722 1465 4776 satis
1498 4729 1613 4774 erat
1641 4722 1909 4785 innuisse,
1946 4723 2111 4777 Deum

516 4797 684 4850 fuisse
709 4809 835 4850 ante
862 4796 1041 4849 omnia
1067 4835 1079 4859 ,
1111 4811 1172 4846 ac
1195 4793 1491 4859 exltllCﬂSSt?
1516 4796 1637 4859 quis
1666 4791 1819 4844 fuerit
1848 4809 1861 4854 ;
1892 4802 2112 4847 attenta-

522 4868 585 4920 lis
616 4878 793 4920 autem
830 4865 1156 4927 durationis,
1190 4879 1310 4929 quae
1337 4860 1404 4913 ad
1450 4875 1749 4914 creatas-um
1784 4879 1961 4917 rerum
2014 4866 2116 4919 ini-

505 4936 648 4992 tium
700 4938 886 4994 referri
935 4937 1092 4999 solet,
1147 4933 1457 4987 meminisse
1513 4932 1642 4985 nihil
1693 4934 1968 4988 intererat.
2021 4936 2116 4993 His

516 5008 654 5062 adde
697 5024 822 5063 mss.
874 5006 1358 5060 vetustissimorum
1400 5004 1772 5057 auctoritatem
1801 5045 1815 5071 ,
1841 5022 1958 5074 qua:
2006 5014 2113 5062 tota

517 5085 701 5134 nostra
724 5088 804 5131 est
832 5094 845 5142 ;
872 5085 926 5131 et
950 5088 1204 5143 prwtcrca
1234 5075 1406 5144 cogita
1450 5074 1760 5128 credibilius
1792 5080 1958 5130 multo
1987 5094 2108 5135 esse

518 5166 583 5205 ex
628 5160 674 5204 et
724 5150 855 5203 idem
903 5148 1034 5201 alter
1060 5147 1126 5201 ab
1166 5145 1587 5215 exscriptoribus
1627 5147 1947 5202 sententiam
2002 5166 2106 5205 non

516 5221 930 5290 assequentibtts
957 5219 1211 5287 scriptum
1243 5218 1405 5272 fuisse
1433 5232 1542 5291 uno
1568 5218 1732 5273 verbo
1754 5222 2063 5291 cetei'natiter
2089 5264 2104 5291 ,

512 5308 672 5364 quam
706 5308 773 5347 ex
799 5291 1107 5364 (eternaliter
1121 5291 1386 5364 scriptum
1412 5300 1458 5340 et
1488 5290 1619 5364 idem
1648 5290 1795 5343 alter.
1826 5290 2106 5346 Veronen-

512 5358 589 5419 sis
616 5374 794 5418 autem
826 5362 991 5419 editio
1023 5363 1178 5414 nullo-
1213 5360 1397 5414 codice
1424 5358 1754 5431 suffragante
1783 5376 1848 5414 ex
1884 5369 2109 5431 utraque

511 5436 742 5489 lectione
786 5433 986 5501 aliquid
1035 5447 1279 5493 Sumens,
1313 5430 1523 5485 tertiim
1571 5432 1873 5501 composuit
1914 5439 1992 5488 sic
2016 5430 2033 5484 :7
2062 5446 2108 5488 et

508 5508 644 5560 idem
673 5505 997 5560 teternaliter.
1035 5502 1115 5556 Ad
1144 5503 1464 5556 si-ntentiam
1500 5516 1660 5570 porro
1700 5504 1936 5555 auctoris
1964 5504 2108 5573 quod

508 5586 759 5644 pertinet,
791 5591 923 5631 unus
945 5584 991 5629 ct
1012 5574 1147 5627 idem
1178 5573 1307 5627 alter
1326 5589 1388 5627 ea:
1414 5573 1685 5644 semetipso
1706 5577 1757 5625 in
1780 5574 2106 5642 semetipsum

508 5643 648 5702 Deus
675 5648 878 5702 dixisse
903 5648 1133 5711 videtur,
1158 5657 1215 5699 ut
1247 5646 1458 5698 l'atrcm
1499 5643 1802 5713 Filiumque
1831 5644 1965 5698 duas
1987 5660 2104 5715 per-

460 5734 661 5783 ,_80tt.ts
687 5720 994 5787 distinctas,
1029 5727 1084 5771 et
1121 5732 1283 5772 unum
1319 5716 1668 5773 nihilominus
1712 5717 1874 5772 Deum
1918 5727 2103 5774 contra

2214 3232 2398 3287 divino
2426 3232 2603 3289 Verbo
2634 3233 2772 3299 apud
2799 3233 2963 3286 Deum
2989 3232 3225 3285 Patren?
3234 3246 3482 3286 manente
3496 3232 3564 3285 sit
3591 3247 3775 3287 sermo
3797 3273 3813 3298 ,

2212 3319 2334 3359 esse
2361 3302 2721 3359 vel.Jo.t.vel
2755 3301 3118 3358 Ecclesiastic.
3138 3318 3174 3367 ι,
3198 3302 3248 3367 l,
3270 3304 3354 3358 vel
3384 3303 3584 3373 aliquid
3615 3304 3816 3358 simile.

2287 3373 2364 3447 (ὅ)
2410 3377 2538 3428 lleic
2559 3373 2726 3429 Filius
2755 3373 2998 3447 profecto
3041 3375 3298 3447 iunu_itur,
3329 3390 3509 3443 quem,
3538 3381 3599 3447 _ut
3621 3386 3813 3442 aperte

2211 3443 2472 3501 ait'tract.
2496 3447 2531 3500 '5
2554 3463 2567 3498 :
2595 3454 2713 3498 ante
2733 3446 2904 3498 omnia
2927 3446 3118 3499 saecula
3142 3443 3327 3499 Parter
3354 3446 3406 3499 in
3427 3445 3688 3514 profundo
3710 3460 3823 3499 sua:
3884 3456 3899 3467 '

2211 3533 2371 3571 sacra:
2400 3518 2613 3579 mentis,
2663 3532 2853 3570 arcano
2900 3516 3288 3585 insuspicabili,
3322 3534 3384 3570 ac
3424 3516 3519 3571 sibi
3546 3517 3647 3570 soli
3692 3526 3818 3570 nota

2213 3588 2527 3642 conscientia
2544 3630 2556 3652 ,
2582 3585 2710 3640 Filii
2751 3604 2852 3641 non
2876 3589 2984 3641 sine
3012 3586 3224 3654 affectu,
3253 3589 3341 3641 sed
3369 3589 3479 3642 sine
3503 3586 3815 3642 revelamine

2212 3659 2630 3729 amplectebatur.
2663 3657 2904 3712 Notanda
2929 3658 3226 3727 praesertim
3256 3660 3419 3715 verba
3444 3657 3539 3712 sibi
3568 3658 3666 3712 soli
3695 3668 3824 3713 nota

2210 3730 2521 3784 conscientia
2540 3771 2553 3793 ,
2582 3730 2774 3799 quibus
2800 3732 3091 3783 concinnat
3118 3730 3220 3782 alia
3255 3740 3411 3784 tract.
3437 3745 3550 3799 seq.
3588 3747 3737 3783 ιιιηιι.
3763 3730 3815 3796 1,

2213 3802 2382 3856 nescio
2411 3818 2512 3871 qua
2538 3817 2632 3855 sua
2661 3801 2968 3853 conscientia
3004 3801 3257 3866 velatum,
3302 3812 3357 3856 et
3386 3804 3509 3855 item
3534 3800 3639 3855 alia
3669 3805 3823 3868 ejus-

2214 3873 2335 3927 dem
2368 3874 2583 3942 geneiis
2622 3880 2775 3925 tract.
2811 3871 2863 3939 8,
2899 3872 2988 3925 lib.
3022 3886 3091 3935 tt,
3132 3888 3281 3926 num.
3314 3875 3365 3927 l.
3400 3872 3524 3927 Haec
3563 3882 3825 3927 constans

2213 3944 2467 3998 similium
2502 3944 2832 3996 locutionum
2865 3943 3143 4013 repetitio,
3182 3946 3497 4012 quibuscum
3528 3958 3659 3998 sane
3685 3958 3825 3999 con-

2212 4015 2389 4078 venit,
2425 4013 2565 4082 quod
2598 4014 2715 4067 lteic
2742 4014 3013 4075 scribitur,
3053 4016 3238 4068 secreti
3273 4017 3352 4068 sui
3376 4016 3519 4068 solus
3541 4015 3820 4080 conscius,

2214 4088 2388 4156 palam
2422 4086 2647 4139 suadent
2686 4100 2991 4139 sermonem
3027 4086 3126 4139 hoc
3153 4087 3270 4140 loco
3293 4101 3415 4141 esse
3436 4085 3505 4140 de
3535 4084 3688 4150 Filio,
3723 4088 3825 4155 qui

2213 4172 2242 4211 a
2279 4157 2433 4211 Patre
2466 4159 2517 4210 in
2559 4166 2785 4222 secreto,
2822 4172 2915 4211 seu
2948 4156 3207 4228 pro/unda
3232 4157 3411 4212 cordis
3440 4157 3635 4211 uelatus
3659 4198 3672 4221 ,
3701 4159 3826 4212 sola

2188 4229 2309 4282 sibi
2340 4237 2459 4280 nota
2508 4228 2817 4281 conscientia
2867 4228 3277 4295 cognoscabatur,
3324 4241 3609 4298 antequam
3651 4230 3822 4298 quid-

2216 4301 2353 4368 piam
2369 4298 2434 4351 de
2450 4300 2599 4365 orbe,
2619 4300 2701 4352 cui
2726 4299 3178 4367 manifestarctur,
3195 4299 3475 4354 condendo
3498 4300 3825 4354 decernere-

2215 4380 2319 4424 tur.
2350 4369 2532 4438 Neque
2556 4369 2715 4423 aliani
2747 4369 3178 4424 observatiOnem
3221 4371 3827 4440 prmteribitnus,sccre-

2214 4450 2322 4515 tum
2350 4442 2467 4495 heic
2493 4443 2669 4496 rocari
2717 4442 2887 4515 ipsam
2919 4441 3481 4515 Filiiﬂgeuerationem
3514 4441 3593 4515 (ut
3633 4442 3819 4515 palam

2220 4513 2407 4585 lict__ex
2436 4524 2588 4567 tract.
2628 4528 2743 4585 seq.
2777 4513 2958 4585 aditet.
2990 4513 3103 4585 t7),
3137 4516 3333 4583 quippe
3354 4530 3473 4582 quae
3506 4513 3819 4569 hominibus

2222 4582 2533 4649 ineffabilis,
2571 4584 2779 4652 solique
2803 4582 2916 4637 Deo
2964 4582 3083 4637 not}.
3116 4582 3424 4640 a’Patrihns
3452 4586 3700 4650 traditur,
3742 4585 3821 4640 de

2218 4669 2325 4723 quo
2357 4656 2477 4708 vide
2504 4654 2684 4708 adnot.
2737 4656 2789 4707 8.
2838 4654 3131 4710 Locutioue
3180 4656 3501 4711 Zenoniana:
3553 4656 3819 4725 persimili

2218 4726 2308 4779 alii
2338 4741 2550 4795 quoque
2576 4726 2760 4795 Patres
2794 4726 2976 4779 locuti.
3010 4727 3345 4791 Ambrosius,
3377 4728 3468 4781 lib.
3502 4744 3519 4781 ι
3558 4729 3625 4781 de
3652 4726 3815 4793 Fide,

2220 4794 2369 4850 num.
2393 4795 2463 4852 64
2497 4794 2677 4869 {Mi/ti
2708 4797 2841 4850 enim
2870 4797 3182 4869 impossibile
3206 4808 3283 4869 est
3303 4800 3645 4869 generationis
3679 4800 3817 4869 scire

2218 4877 2487 4922 secretum.
2521 4867 2840 4922 Prudentius
2869 4866 2922 4920 in
2946 4866 3239 4935 Apotheosi
3261 4866 3489 4923 Arianos'
3517 4868 3823 4938 reprehen-

2220 4938 2355 4992 dens
2386 4956 2397 4989 :
2428 4938 2659 5010 Pergunt
2698 4940 2910 5011 ulterius
2932 4951 3238 5003 scrutantes,
3277 4940 3399 5009 quid
3431 4942 3507 5011 sit
3535 4943 3700 5010 ipsum
3728 4943 3825 5011 gi-

2219 5025 2464 5079 gnere....
2521 5009 2799 5083 usquead
2858 5023 3125 5065 secretum.
3176 5012 3367 5066 Petrus
3414 5009 3807 5083 Chrysalogus,

2211 5094 2374 5133 scrm.
2408 5095 2526 5134 LXI:
2565 5079 2721 5152 Quod
2746 5090 2892 5136 natus
2920 5094 3013 5143 est,
3044 5083 3390 5150 conﬁtendum
3410 5093 3481 5136 est
3513 5079 3814 5152 {quomodo

2212 5161 2366 5204 natus
2403 5162 2511 5213 est,
2546 5151 2816 5205 tacendum
2842 5164 2948 5217 est;
2973 5155 3091 5222 quia
3126 5153 3263 5223 quod
3293 5151 3657 5219 secretum'est,
3683 5157 3811 5210 sciri

2212 5238 2316 5275 non
2355 5232 2535 5293 potest.
2586 5222 2735 5277 Adeo
2763 5238 2892 5277 vero
2923 5226 3079 5294 hujus
3106 5222 3285 5279 secreti
3325 5228 3471 5280 solus
3501 5225 3644 5280 Deus
3673 5241 3814 5281 cou-

2212 5297 2357 5384 seins
2396 5308 2427 5346 a
2468 5296 2679 5384 caneris
2712 5296 2968 5384 i’atr’ibus
3005 5296 3254 5378 traditur,
3300 5305 3564 5384 utmueque
3602 5299 3815 5384 anﬁelis

2214 5366 2369 5432 plene
2390 5368 2599 5437 cognita
2622 5366 2786 5419 divini
2813 5362 2971 5420 Verbi
3002 5367 3280 5437 generatio
3306 5362 3635 5437 alticnietur.
3667 5362 3810 5424 Cre-

2214 5437 2396 5504 gorius
2415 5436 2802 5501 Nazianzenus,
2836 5450 2975 5491 orat.
3006 5436 3114 5492 ide
3147 5438 3249 5492 lt‘il.
3276 5456 3290 5491 :
3326 5436 3437 5504 Quo
3465 5449 3637 5493 autem
3659 5440 3819 5494 modo

2214 5508 2412 5580 genitus
2438 5509 2533 5571 sit,
2560 5525 2622 5560 ne
2640 5508 2768 5574 ipsis
2799 5510 3003 5580 quidem
3053 5509 3273 5580 angelis,
3306 5509 3497 5563 nedum
3533 5510 3624 5563 tibi
3654 5511 3812 5566 intel-

2214 5577 2372 5649 ligere
2401 5580 2751 5633 concesserim.
2797 5580 2855 5633 S.
2899 5577 3243 5649 Ambrosius,
3278 5580 3369 5633 lib.
3406 5596 3419 5632 ι
3482 5580 3550 5635 de
3580 5580 3709 5634 Fide
3753 5598 3807 5634 η.

2214 5648 2304 5713 (it,
2339 5665 2508 5717 nuper
2538 5648 2765 5704 laudatis
2797 5652 2972 5704 verbis
3004 5657 3119 5705 tunc
3146 5648 3360 5721 Suhjicit
3393 5667 3403 5702 :
3439 5650 3589 5707 Mens
3617 5652 3811 5719 tle/icit,

2211 5733 2310 5775 vox
2337 5721 2470 5789 silet,
2500 5736 2600 5775 non
2630 5737 2741 5777 mea
2785 5731 3004 5792 tantum,
3048 5722 3138 5777 sed
3179 5735 3225 5777 et
3268 5725 3568 5792 angelorum
3635 5725 3811 5794 bupra
