4230 6168
534 285 640 341 407

1882 268 2129 331 SANCTI
2170 266 2464 325 ZENONIS

3709 266 3799 323 408

530 404 676 463 enim
705 399 847 456 Filio
874 396 1197 464 detraxeris,
1225 394 1294 449 ad
1320 392 1519 458 Patris,
1558 390 1717 461 cujus
1745 390 1909 445 habet
1935 397 2130 454 totum,
2160 388 2214 447 Α
2240 385 2422 440 Tertia
2449 383 2635 440 ludaea
2661 393 2745 439 est
2791 395 2920 437 vere
2945 396 3088 437 creca
3121 422 3135 448 ,
3186 395 3308 450 qum
3358 394 3481 435 cum
3510 381 3557 435 in
3588 380 3661 453 (ti)
3698 382 3802 451 lege

532 493 653 566 (ΞΒ)
676 491 925 564 injuriam
949 490 1262 563 pertinebit;
1296 502 1397 544 nec
1423 487 1585 544 estin
1612 487 1708 543 illo
1735 483 1959 555 aliquid.
1991 481 2134 553 quod

536 590 610 645 sit
628 586 877 648 inferius.
903 585 1026 655 quia
1047 583 1184 639 sicut
1207 582 1389 645 Pater.
1419 597 1520 637 nec
1543 581 1665 649 plus
1696 590 1874 651 potest
1905 578 2133 642 habere,

537 695 640 736 nec
670 679 877 741 minus;
927 676 1065 731 alter
1095 677 1238 730 enim
1278 676 1333 730 in
1374 675 1602 730 alterius
1631 672 1970 743 plenitudine
2002 673 2139 725 infn-

537 783 633 827 sus
667 778 768 836 est,
821 777 878 821 nt
918 767 988 821 sit
1036 768 1219 820 omnia
1251 767 1303 819 in
1338 764 1589 820 omnibus
1635 765 1776 821 Deus
1823 762 2138 818 benedictus

536 860 701 917 Pater
729 859 782 915 in
825 859 987 927 Filio,
1034 858 1204 914 Filius
1244 859 1297 913 iit
1336 857 1498 913 Patre
1533 873 1655 912 cum
1700 857 1906 929 Spiritu
1925 865 2133 912 sancto.

541 954 735 1007 Amen.

965 1086 1120 1161 163
1150 1083 1568 1143 TRACTA'I‘US
1612 1085 1718 1141 vn.

932 1197 1008 1253 De
1028 1196 1106 1269 (l)
1135 1196 1418 1252 Nativitate
1446 1196 1675 1251 Domini.
1700 1195 1742 1251 l.

616 1314 659 1369 l.
695 1313 845 1368 Licet
893 1323 1058 1367 secta:
1105 1314 1211 1365 sint
1241 1312 1451 1381 plures.
1484 1327 1604 1383 qua:
1650 1312 1900 1380 injuriatn
1941 1311 2141 1367 Chrisd

543 1408 772 1464 fabulari
819 1409 1058 1461 nitamur
1083 1449 1098 1469 .
1134 1414 1314 1461 tamen
1380 1417 1489 1463 tres
1542 1417 1667 1460 sunt
1706 1408 1938 1476 quodam
1980 1405 2140 1461 modo

545 1501 907 1571 principales:
937 1516 968 1555 e
996 1500 1189 1570 quibus
1216 1500 1337 1554 dua:
1382 1500 1500 1570 ejus
1535 1543 1549 1562 .
1578 1517 1737 1570 quem
1783 1501 2004 1570 cupiant
2042 1500 2139 1555 de-

546 1602 827 1665 pravatum
861 1637 876 1661 ,
929 1594 1187 1648 simulant
1213 1609 1273 1649 se
1319 1608 1440 1648 esse
1483 1593 1562 1665 (2)
1604 1594 1878 1649 cultrices.
1911 1593 1993 1666 (ἦ)
2029 1594 2142 1650 Una

550 1687 629 1759 (4)
663 1687 897 1757 denique
924 1685 1127 1741 adserit
1170 1685 1355 1742 Jesnm
1387 1686 1658 1741 Christum
1698 1686 1765 1741 ab
1790 1695 1946 1741 utero
1972 1684 2145 1757 Virgi-

2240 478 2323 551 (ut
2346 477 2530 533 dicere
2553 476 2715 542 solet)
2740 489 2836 530 sua
2865 474 3005 544 legat
3032 473 3231 545 ubique
3255 514 3270 538 .
3299 472 3433 528 duas
3461 471 3624 527 Patris
3649 482 3701 529 et
3724 473 3804 528 Fi-

2240 570 2297 626 lii
2328 570 2598 634 desianari
2632 582 2924 639 personas.
2952 578 3129 622 tamen
3174 580 3315 621 nunc
3358 580 3524 630 usque
3554 567 3809 622 contendit

2242 663 2410 716 Dennt
2442 660 2635 715 Filium
2669 674 2775 713 non
2815 658 3035 713 habere.
3058 659 3267 726 Quibus
3288 657 3535 713 omnibus
3556 660 3805 726 exempla,

2240 758 2326 813 vel
2359 757 2521 821 ratio,
2549 771 2710 825 quam
2763 756 3099 825 prosecuturi
3141 769 3329 811 smnus
3364 797 3376 817 ,
3410 757 3809 825 aigtnnetnatio-

2242 852 2327 907 nis
2359 850 2522 905 totius
2566 863 2677 906 uno
2704 850 2811 905 ictu
2861 863 3050 904 omnes
3100 861 3295 902 nervos
3342 846 3637 903 abscindet.
3684 847 3817 913 Qua-

2245 954 2465 1015 promer
2513 943 2649 999 duas
2700 957 2824 998 esse
2875 944 3188 996 nativitates
3233 938 3443 994 Domini
3490 940 3651 994 nostri
3695 938 3818 994 Jesu

2242 1037 2441 1095 Christi
2474 1036 2784 1093 necessario
2810 1035 2950 1091 scire
2981 1034 3141 1089 debet
3190 1031 3421 1102 populus
3448 1030 3776 1087 Christianus
3804 1074 3818 1096 .

2244 1146 2311 1186 ne
2335 1145 2494 1201 quem
2516 1130 2745 1199 patiatur
2770 1142 3012 1183 errorem
3036 1145 3047 1179 :
3082 1140 3264 1192 unam,
3296 1139 3400 1196 qua
3439 1134 3592 1178 natus
3615 1132 3715 1187 est.
3745 1124 3823 1178 al-

2247 1232 2440 1290 teram,
2471 1238 2573 1292 qua
2628 1228 2871 1278 renatus.
2920 1218 3026 1276 Sed
3059 1218 3200 1274 sicut
3237 1226 3322 1271 est
3366 1215 3621 1286 Spiritalis
3662 1213 3828 1287 prima

2257 1321 2376 1375 sine
2432 1328 2633 1379 matre.
2684 1318 2755 1372 ita
2789 1312 2906 1370 sine
2938 1322 3089 1382 patre
3133 1310 3369 1367 secunda
3416 1310 3667 1365 carnalis.
3713 1309 3832 1364 Πεῑο

2246 1413 2521 1473 miranda.
2547 1409 2922 1467 inenarrabilis
2958 1408 3070 1475 illa,
3102 1407 3361 1477 propheta
3388 1404 3600 1460 dicente
3640 1423 3654 1460 :
3685 1402 3837 1457 Nati-

2246 1508 2453 1561 vitatem
2479 1506 2559 1576 (7)
2591 1508 2705 1578 ejus
2741 1504 2853 1570 quis
2883 1501 3141 1555 enarrabit
3167 1498 3268 1570 (Is.
3312 1512 3435 1560 Litt,
3484 1494 3542 1567 8)
3565 1497 3587 1550 ?
3613 1494 3720 1550 Cor
3743 1510 3838 1549 au-

2249 1607 2358 1655 tem
2390 1598 2462 1653 sit
2502 1594 2893 1662 inenarrabilis,
2926 1593 3083 1648 Patre
3126 1592 3378 1662 loquente
3405 1602 3716 1643 noscamus.
3746 1588 3845 1643 Do-

2255 1692 2434 1747 minus
2462 1690 2578 1759 ipse
2617 1704 2716 1743 nos
2757 1687 2949 1741 edocet
2976 1704 2988 1738 :
3025 1684 3293 1738 Eructueit
3322 1681 3399 1752 (8)
3429 1698 3516 1737 cor
3542 1696 3709 1734 meum
3735 1696 3844 1734 ver-

546 1783 631 1835 nis
650 1779 831 1833 Mariae
852 1780 1148 1848 sumpsisse
1180 1778 1518 1855 principium,
1548 1778 1824 1849 Deumque
1855 1780 2051 1834 exinde
2079 1780 2149 1833 ob
2178 1810 2223 1869 Β
2254 1785 2372 1839 bum
2399 1783 2611 1849 bonum,
2635 1789 2740 1836 ctc.
2774 1779 2894 1850 (Ps.
2919 1794 3059 1843 xciv,
3092 1775 3173 1848 δὲ).
3210 1777 3273 1831 Et
3310 1775 3456 1847 apud
3505 1772 3849 1832 Siliimonem

541 1873 806 1944 justitiam
860 1872 1058 1927 factum
1102 1887 1242 1938 es.~e,
1274 1887 1380 1927 non
1427 1880 1631 1927 natum.
1662 1873 1740 1943 (5)
1784 1874 1897 1928 Alia
1931 1872 2147 1927 modes-

551 1966 682 2031 tius,
713 1965 810 2021 sed
843 1965 1148 2020 mordacius
1170 1979 1393 2028 nocens.
1426 1965 1557 2019 dicit
1579 1964 1793 2035 quidem
1825 1963 1921 2019 Dei
1952 1964 2146 2020 Filium

550 2057 745 2122 Deum,
776 2055 872 2113 sed
905 2071 1010 2110 non
1042 2071 1109 2111 ex
1127 2055 1287 2111 Patre
1319 2055 1614 2110 nobilitatis
1634 2055 1990 2125 perpetuitate
2019 2070 2146 2124 pro-

547 2151 819 2222 genitum;
857 2146 1015 2222 ιθε.
1045 2147 1315 2220 fuisseque
1356 2157 1600 2217 tempus,
1631 2147 1849 2219 quando
1887 2164 1993 2203 non
2026 2148 2138 2204 fuit.

626 2287 744 2361 (id)
774 2288 848 2342 lta
873 2301 975 2341 ms.
1008 2285 1196 2361 Ponip.
1229 2285 1420 2361 caeteri
1444 2286 1658 2361 injltria.
1677 2285 1758 2361 A_d
1786 2285 2034 2361 iniuriam
2057 2302 2153 2361 aus

548 2355 660 2417 tem
692 2355 867 2414 Patris
907 2360 1159 2428 pertinet.
1202 2356 1460 2427 quidquid
1507 2355 1645 2428 Filio
1690 2355 2016 2421 detrahitur,
2068 2358 2152 2411 vel

550 2435 676 2504 quia
707 2427 993 2504 degeneris
1026 2428 1145 2483 Filii
1182 2428 1349 2504 Pater
1381 2427 1725 2504 prgrdicatur,
1758 2438 1815 2504 ut
1845 2443 1990 2498 suape
2019 2430 2150 2483 insi-

553 2499 686 2559 nuat
751 2499 1021 2563 Hilarius.
1078 2508 1133 2555 et
1182 2501 1287 2553 late
1345 2499 1539 2569 probat
1589 2499 1922 2568 Augustinus
1982 2516 2148 2556 Set'lll.

557 2574 698 2636 159.
736 2589 886 2627 num.
931 2573 985 2637 5,
1036 2580 1092 2626 et
1151 2570 1490 2637 Ambrosius,
1547 2571 1641 2625 lib.
1702 2586 1717 2623 ι
1765 2569 1833 2623 de
1862 2570 1992 2626 Fide
2015 2587 2067 2626 c.
2098 2572 2152 2639 6,

556 2648 640 2702 vel
668 2646 793 2700 dum
822 2643 1112 2714 aliquando
1138 2645 1255 2698 sine
1286 2644 1449 2696 verbo
1474 2653 1529 2694 et
1556 2641 1820 2710 sapientia
1854 2640 2019 2696 fuisse
2048 2653 2159 2697 tra-

555 2719 724 2779 ditur.
744 2718 813 2770 ἱῑςι
831 2726 966 2771 utea
991 2715 1209 2769 aliunde
1222 2714 1753 2783 dehueritaccipere,
1797 2714 1941 2785 quod
1964 2723 2101 2769 orat.
2124 2714 2159 2768 2

556 2791 609 2845 in
642 2789 871 2845 Arianos
898 2787 1221 2841 Athanasius-
1247 2786 1602 2840 detnonstrat.

631 2860 837 2914 Tnacr.
858 2857 1133 2928 ηιμ-(ι)
1166 2858 1219 2911 1η
1251 2857 1412 2912 editis
1429 2866 1481 2910 et
1502 2856 1552 2909 in
1569 2871 1672 2909 ms.
1688 2855 1784 2911 Ur.
1803 2855 1879 2910 De
1898 2857 2159 2911 uativitate

561 2930 754 2986 Christi
770 2947 933 2984 sermo
946 2927 1161 3000 primus.
1177 2931 1358 2982 cmteri
1373 2943 1529 2993 mss.,
1553 2928 1616 2981 de
1642 2930 1905 2981 nativitnte
1924 2927 2156 3000 Domitii.

561 3003 807 3072 Sequens
819 2997 996 3054 anu-in
1015 3014 1125 3055 tum
1141 3001 1192 3054 in
1207 3001 1389 3068 editis,
1408 3014 1517 3055 tum
1535 3001 1585 3052 in
1611 3015 1742 3052 mss.
1759 2997 2160 3053 inscribiturDe

564 3073 829 3129 nativitate
850 3072 1061 3128 Christi.
1084 3072 1750 3129 llnncetdnns~equentes
1766 3081 2157 3125 tractatnsrutn

560 3145 1003 3214 castigatittnilms
1031 3143 1287 3213 Gztsparis
1320 3141 1879 3199 BirthiiCltristtanns
1899 3141 2160 3214 Duronius

2253 1876 2515 1931 hactenus
2545 1874 2771 1929 dicens:
2808 1871 2920 1945 Ego
2952 1888 3016 1926 ea:
3057 1886 3144 1925 ore
3190 1870 3444 1923 Altissinu'
3495 1866 3696 1939 proclivi
3740 1875 3853 1920 ante

2252 1947 2449 2032 onmem
2478 1978 2767 2021 creaturam
2799 1963 3175 2036 (Ecclesiastic.
3214 1977 3364 2027 xxnv,
3393 1960 3472 2032 5).

2326 2059 2389 2115 ll.
2407 2058 2541 2113 Cum
2569 2060 2684 2113 haec
2700 2058 2770 2111 ita
2790 2058 2920 2122 sint,
2948 2056 3257 2109 humanitas
3273 2061 3326 2110 te
3346 2062 3570 2109 versuta
3593 2065 3859 2123 cognosce

2254 2151 2339 2206 vel
2367 2167 2517 2219 sero,
2547 2160 2601 2207 et
2624 2149 2701 2222 (9)
2731 2146 3112 2218 intemperanti
3137 2146 3336 2216 lingua:
3366 2145 3573 2201 silentii
3603 2144 3721 2216 (l0)
3750 2142 3856 2198 ire-

2254 2299 2360 2358 que
2389 2287 2626 2350 mireris,
2657 2284 2917 2358 qnodhic
2960 2285 3129 2358 Filius
3178 2282 3317 2337 Deus
3347 2282 3454 2337 diei
3504 2283 3745 2358 potuerit
3772 2324 3785 2344 ,
3813 2290 3866 2337 et

2258 2354 2614 2413 nihilominus
2635 2354 2820 2427 negari
2868 2356 3011 2411 Patri
3037 2366 3343 2410 coaeternus
3371 2365 3421 2410 et
3457 2354 3688 2423 {aqualis
3707 2369 3867 2427 :-nant

2257 2430 2407 2484 illum
2442 2429 2609 2483 Deum
2639 2425 2861 2483 abusive
2883 2427 3190 2482 fatebantur
3220 2427 3408 2480 Ariani
3438 2468 3454 2489 ,
3486 2441 3598 2482 non
3628 2425 3865 2495 proprie.

2260 2512 2317 2555 ut
2355 2516 2420 2557 ex
2455 2501 2638 2555 llilarii
2672 2498 2891 2570 Fragm.
2950 2516 3005 2553 n.
3034 2498 3102 2553 26
3150 2509 3201 2553 et
3250 2498 3477 2570 aliunde
3529 2508 3722 2553 notum
3769 2505 3870 2570 est.

2258 2571 2591 2627 Veronensis
2613 2568 2864 2626 editionis
2890 2580 3159 2633 auctores,
3186 2584 3306 2624 cum
3338 2568 3626 2624 Zenonem
3676 2568 3874 2622 smcnlo

2262 2659 2319 2698 tu
2363 2644 2565 2698 vixisse
2622 2644 2995 2707 contendant,
3048 2641 3296 2696 eumdem
3343 2655 3597 2697 errorem
3649 2638 3875 2707 al‘lignnt

2260 2714 2518 2784 Origeni.
2553 2715 2641 2783 qui
2681 2726 2859 2769 tamen
2905 2715 3056 2767 illum
3105 2728 3363 2781 expresse
3411 2712 3878 2784 reprehendituin

2266 2780 2618 2853 fragmento,
2657 2786 2800 2852 quod
2825 2786 3011 2839 recitat
3046 2780 3372 2839 Athanasius
3402 2780 3751 2838 deidecretis
3786 2780 3877 2835 Ni-

2264 2860 2453 2923 cmnis,
2485 2874 2536 2912 η.
2570 2858 2670 2911 ‘27:
2710 2855 2974 2929 Itttelligat
3018 2857 3152 2909 enim
3174 2898 3187 2919 .
3217 2857 3413 2929 inquit
3450 2856 3569 2929 ille,
3597 2857 3685 2929 qui
3718 2855 3882 2929 dicere

2265 2931 2438 2987 audet.
2471 2930 2571 2986 fuit
2596 2925 2905 2999 aliquando,
2935 2944 3052 2982 cum
3073 2943 3185 2999 non
3204 2938 3332 2981 esset
3361 2925 3566 2980 Filius.
3602 2926 3741 2999 Hinc
3762 2925 3883 2995 qui-

2264 3000 2384 3055 dem
2422 2997 2696 3067 probatur.
2727 2999 3141 3067 aliosquosdam
3176 2998 3317 3052 ltunc
3364 3014 3623 3052 errorem
3662 2997 3717 3051 id
3754 3009 3887 3067 tom-

2268 3066 2718 3139 νυνίέιιοῡιιὶεεθ,
2759 3066 2916 3140 quem
2948 3070 3211 3138 Origenes
3241 3069 3719 3135 reprehenderet.
3763 3066 3890 3123 Dio-

2267 3144 2452 3213 nysius
2481 3142 3139 3213 qttoqueAlexandrinus.
3173 3141 3432 3210 Urigenis
3467 3140 3805 3211 discipulus,
3838 3140 3888 3191 in

562 3212 791 3272 inseruit
820 3219 960 3271 inter
988 3212 1240 3269 liotnilias
1268 3215 1486 3269 Patrum
1509 3259 1523 3281 ,
1576 3215 1650 3266 uti
1681 3224 1948 3267 memorat
1978 3212 2165 3267 Fabri-
2190 3212 2235 3275 C
2268 3212 2427 3284 epist.
2456 3215 2521 3267 ad
2577 3212 2991 3284 Euphranorem
3024 3222 3078 3266 et
3118 3212 3479 3267 Ammoninm
3512 3255 3526 3271 .
3560 3213 3726 3280 cujus
3753 3214 3893 3276 trag-

563 3288 671 3342 tius
707 3289 759 3340 in
795 3288 1130 3341 Bibliotheca
1181 3285 1389 3353 Latina,
1419 3290 1531 3339 vol.
1567 3300 1663 3343 Ill.
1700 3302 1751 3353 p.
1786 3287 1912 3347 πίει,
1946 3294 2000 3339 et
2047 3286 2161 3339 vol.

561 3375 658 3424 xu,
690 3372 808 3428 pag.
841 3359 968 3418 797.
1005 3358 1135 3411 hihl.
1170 3358 1373 3422 Crine,
1403 3372 1562 3420 quam
1594 3356 1934 3410 homiliarum
1966 3356 2162 3411 editio-

565 3446 688 3485 nem
727 3431 1055 3483 rarissimam
1089 3430 1269 3482 vidi-re
1314 3430 1549 3482 nonduin
1585 3428 1875 3497 potuimus.

637 3498 717 3571 (‘2)
756 3499 898 3571 Edtt.
939 3499 1096 3561 νοω,
1130 3502 1369 3554 cultores.
1812 3514 1817 3521 '

635 3572 717 3641 (5)
738 3570 846 3624 Ter
870 3574 1032 3629 sun'ra
1056 3572 1239 3626 decem
1262 3574 1534 3626 haereseos
1560 3572 1735 3639 Capita
1761 3571 1866 3624 huc
1891 3570 2166 3639 pertinen-

567 3643 639 3696 tia
670 3644 1042 3696 recensuimtts
1080 3652 1235 3697 tract.
1270 3643 1534 3712 superiori
1586 3643 1771 3697 adnot.
1804 3642 1870 3706 ὃ,
1899 3650 2165 3709 quatenus

490 3722 497 3731 '
565 3712 843 3767 Christum
869 3714 1140 3768 hominem
1184 3725 1387 3767 tantum
1430 3728 1590 3776 esse.
1634 3729 1697 3767 ac
1724 3730 1753 3766 e
1783 3712 1963 3766 Mat-ia:
2010 3722 2165 3767 utero

567 3784 892 3869 print-inium
932 3800 1230 3869 sumpsisse
1288 3784 1663 3869 prodiderunt.
1710 3785 1989 3869 Quatenus
2023 3799 2164 3869 vero

568 3855 803 3928 idetnob
821 3859 1087 3928 justitiam
1121 3858 1260 3928 Deus
1315 3855 1486 3910 factus
1517 3857 1745 3910 traditur
1772 3899 1786 3922 ,
1819 3855 1918 3909 fuit
1947 3855 2161 3920 quidem

570 3926 661 3980 hic
684 3926 917 3981 Nesiiirii
976 3927 1207 3983 ct-Iebris
1239 3943 1392 3981 error
1426 3969 1440 3989 ,
1488 3930 1661 3996 at'qui
1700 3928 1909 3994 jamdiu
1954 3937 2079 3979 ante
2133 3943 2162 3980 a

570 3997 740 4052 Paulo
759 3998 1113 4054 Satnosateno
1143 4009 1197 4053 et
1229 3999 1463 4052 Photino
1487 3999 1809 4066 [ll‘tlfdiCtllllS
1841 3998 2034 4053 luerat.
2064 3997 2165 4051 hoc

570 4070 1100 4140 tatnendiscritnine,
1134 4070 1276 4140 quod
1315 4070 1618 4132 Nestorius.
1661 4079 1882 4124 notante
1901 4067 2165 4124 Garnerio

569 4139 787 4195 dissert.
814 4143 866 4201 7.
897 4141 965 4196 tle
988 4140 1121 4196 Ortu
1150 4139 1202 4195 et
1229 4141 1583 4197 Incrementis
1614 4142 1835 4195 Ineresis
1867 4141 2164 4209 Pelagianae

574 4227 625 4266 c.
660 4211 714 4271 'l.
743 4212 945 4276 docuit.
972 4213 1245 4268 Christum
1274 4213 1546 4267 hominem
1576 4228 1681 4268 non
1706 4230 1771 4266 ex
1804 4214 2036 4269 meritis.
2068 4214 2161 4267 sed

568 4299 635 4337 ex
665 4282 843 4338 divitia
874 4286 1044 4353 gratia
1086 4286 1197 4352 jam
1242 4285 1365 4339 inde
1403 4302 1431 4339 a
1466 4287 1653 4339 matris
1682 4295 1836 4338 utero
1888 4298 1917 4336 a
1973 4283 2165 4337 Divina

569 4354 750 4410 Verbo
771 4367 1107 4424 assumptum
1144 4355 1340 4422 fuisse;
1371 4373 1492 4410 cmn
1539 4356 1738 4410 Paulus
1778 4357 2165 4411 Samosatenus

566 4434 621 4480 et
643 4425 902 4481 Photinus
931 4427 1179 4481 annulum
1201 4424 1474 4482 Christum
1503 4428 1772 4481 hominem
1799 4438 1977 4480 natum
2000 4425 2163 4482 dixe-

567 4497 710 4572 rint1
736 4499 824 4566 qui
850 4514 916 4553 ex
953 4502 1207 4572 virtutum
1251 4501 1443 4572 merito
1489 4499 1771 4572 (justitiam
1797 4498 1943 4552 Zeno
1980 4498 2160 4572 vocat)

573 4568 627 4621 in
678 4567 845 4623 Deum
910 4568 1217 4636 profecerit.
1274 4570 1402 4625 Vide
1456 4567 1960 4625 atiathematismnm
2005 4583 2062 4621 ιιι
2104 4568 2166 4622 Ιί-

571 4638 704 4693 belli
730 4639 799 4694 de
829 4642 1046 4695 nomine
1068 4640 1270 4704 Rulini,
1297 4658 1458 4711 quem
1500 4642 1690 4695 eodem
1744 4651 1986 4711 tempore
2009 4638 2166 4693 Nori-

571 4711 686 4764 sins
707 4723 761 4766 et
787 4710 1083 4767 Garnerius
1111 4710 1416 4767 ediderunt.
1454 4712 1590 4766 Huic
1620 4710 1792 4765 errori
1817 4712 2165 4782 prmcitnnsse

572 4782 786 4836 videtur
812 4782 1093 4851 Origenes.
1142 4784 1178 4838 l.
1206 4799 1244 4836 tt
1303 4785 1659 4838 Peri-at'clton
1705 4797 1753 4835 c.
1788 4780 1867 4837 σε
1912 4780 2165 4851 Virtutum

575 4867 807 4922 suarum.
835 4855 1121 4922 inquiens,
1173 4860 1352 4909 merito
1378 4855 1551 4907 anima
1590 4852 1781 4908 Christi
1830 4870 1946 4907 cum
2003 4850 2167 4904 Verbo

575 4921 674 4975 Dei
692 4940 859 4999 imum
892 4924 1123 4999 ίιῙῙὶιτριιιιοΣ
1161 4926 1515 4999 l’ltotinianns
1560 4938 1737 4999 autem
1774 4939 1906 4993 quos
1936 4924 2020 4976 alii
2052 4922 2169 4999 1Ζιξσ

574 4997 825 5065 ιωηίαηω
870 4998 1044 5047 aetatis
1098 4996 1283 5051 Patres
1314 4996 1512 5065 passim
1571 4996 1819 5050 refellunt
1862 5037 1876 5061 ,
1927 4996 2167 5048 nn~trntn

576 5062 866 5136 Auctorem
900 5067 1132 5122 voluisse
1165 5062 1526 5136 perstringere
1552 5109 1567 5133 ,
1599 5067 1752 5120 fac-ile
1780 5068 2065 5133 intelliges.

651 5134 731 5211 (4)
765 5136 993 5211 Denique
1025 5138 1143 5192 lteic
1168 5134 1255 5193 est
1294 5138 1435 5193 idem
1461 5154 1523 5194 ac
1552 5139 1750 5211 paucis,
1774 5156 1931 5208 quant
1966 5140 2018 5191 itt
2046 5152 2170 5191 sett-

574 5209 798 5279 tentiain
828 5208 920 5261 alii
959 5223 1173 5278 quoque
1220 5212 1512 5278 scriptores
1552 5208 1739 5265 eadem
1782 5212 2040 5279 particula
2089 5212 2168 5263 usi

576 5291 720 5332 sunt.
749 5277 883 5333 Vide
906 5277 1101 5333 adnot.
1132 5281 1167 5333 Ξ
1194 5281 1245 5333 in
1281 5277 1438 5335 tract.
1475 5282 1525 5344 1,
1553 5284 1587 5334 l.
1621 5296 1679 5335 tt.

644 5349 885 5432 (ὅλξιευη
912 5361 995 5403 est
1022 5351 1243 5432 haeresis
1276 5354 1619 5416 Arianorum,
1644 5353 1732 5432 qui
1764 5353 1866 5406 etsi
1891 5350 2166 5432 Christum

575 5419 674 5475 Dei
703 5419 894 5476 Filium
933 5422 1308 5490 praedicat-cut.
1340 5438 1445 5475 non
1479 5435 1654 5476 tamen
1680 5422 1747 5475 ab
1775 5435 1979 5476 aeterno
2007 5462 2021 5485 ,
2068 5421 2164 5475 sed

573 5493 629 5547 in
661 5504 902 5562 tempore
938 5494 1177 5561 genitum
1231 5493 1517 5562 prodidere
1550 5534 1565 5559 ,
1610 5494 1750 5546 unde
1781 5491 1995 5546 effatum
2033 5491 2165 5546 illud

571 5564 713 5628 apud
743 5561 889 5630 “1805
918 5566 1189 5618 siiletnne:
1220 5561 1345 5618 Fuit
1377 5578 1574 5630 tempus
1602 5604 1618 5629 ,
1645 5566 1849 5629 quando
1890 5579 1990 5616 non
2044 5564 2163 5633 fuit.

573 5633 790 5690 Videsis
823 5635 1198 5693 Athanasium.
1230 5635 1297 5689 die
1319 5637 1551 5690 decretis
1583 5636 1836 5698 NiCauiis.
1868 5651 1923 5687 tt.
1956 5634 2044 5697 18,
2079 5633 2170 5687 Hi-

570 5706 787 5777 larium,
811 5706 847 5758 l.
882 5723 932 5761 tv
961 5718 1013 5764 et
1041 5720 1090 5759 vt
1117 5707 1185 5762 de
1207 5707 1489 5767 'l‘rimtute.
1516 5707 1607 5762 ubi
1630 5711 1797 5777 ipsam
1824 5707 1937 5761 Arii
1966 5710 2169 5777 episto-

556 5772 669 5832 lam
716 5776 959 5849 allegat,
995 5777 1051 5832 in
1074 5794 1180 5849 qua
1208 5783 1399 5839 eadem
1439 5772 1669 5840 formula
1714 5772 2033 5836 inculcetur.
2061 5776 2168 5835 Ne-

2270 3293 2511 3339 ntentmn
2542 3285 2851 3355 suppeditat
2893 3284 3173 3339 Athanasii
3223 3285 3467 3347 epistola
3495 3284 3570 3337 dc
3617 3285 3895 3355 sententia

2271 3356 2532 3427 Dionysii.
2565 3352 2624 3410 tt.
2650 3355 2709 3418 4,
2738 3355 3076 3410 Sabellianos
3106 3356 3471 3424 impugnans:
3512 3355 3747 3417 Etenim,
3785 3352 3893 3427 ait,

2268 3444 2385 3481 cum
2411 3423 2475 3481 sit
2502 3445 2581 3481 res
2612 3428 2749 3495 facta
2769 3469 2782 3487 .
2829 3445 2931 3481 man
2955 3436 3092 3494 erat,
3123 3423 3402 3496 antequam
3439 3427 3619 3497 ﬁeret.
3652 3433 3723 3480 At
3744 3440 3808 3480 ea
3832 3423 3899 3497 de

2268 3514 2459 3553 caussa
2485 3499 2550 3553 ad
2582 3493 2893 3569 Diastysium
2927 3493 3229 3569 Romanum
3254 3493 3261 3496 ⁷
3286 3498 3384 3551 ille
3418 3493 3653 3553 delatus
3685 3538 3701 3557 .
3755 3507 3811 3551 et
3838 3493 3903 3569 ab

2272 3572 2464 3625 eodem
2534 3566 2935 3639 reprehensus.
2993 3567 3237 3639 apologia
3288 3583 3422 3623 sese
3478 3571 3790 3640 purgavit,
3825 3566 3901 3640 _iu

2269 3657 2429 3710 quam
2455 3637 2619 3696 multa
2652 3642 2888 3709 conjecit
2913 3683 2929 3708 ,
2983 3637 3177 3709 intibus
3204 3655 3329 3693 eum
3380 3637 3652 3696 errorem
3685 3637 3902 3708 reiicit.

2269 3729 2432 3781 quem
2457 3713 2687 3768 subinde
2712 3712 2894 3767 Ariani
2940 3727 3240 3780 excepere:
3286 3712 3445 3766 unde
3489 3729 3623 3766 eum
3681 3712 3735 3765 lii
3789 3713 3908 3778 ejns

2269 3785 2647 3839 auctoritatem
2681 3799 2780 3853 pro
2809 3797 2869 3837 se
2899 3784 3225 3852 allegarent.
3257 3783 3619 3838 Athanasius
3644 3783 3773 3837 loco
3796 3794 3906 3833 tne-

2269 3867 2483 3909 morato
2515 3873 2663 3910 nmn.
2694 3856 2750 3918 9,
2786 3854 3204 3923 primit-cessuris
3233 3854 3315 3906 stti
3371 3856 3732 3910 sententiam
3773 3854 3914 3922 opti-

2269 3941 2358 3981 me
2388 3926 2646 3988 vindicat.
2677 3928 3163 3994 auctoritatemque
3204 3941 3269 3979 ex
3310 3925 3695 3981 inimiciirnm
3741 3926 3915 3980 mani-

2274 3997 2373 4052 bus
2406 3999 2611 4053 naviter
2637 3996 2818 4066 eripit.
2853 4000 3033 4066 Itaque
3060 3998 3160 4051 etsi
3190 3996 3423 4066 quidam
3485 3999 3627 4052 olim
3674 3998 3921 4052 Διακεηέ

2271 4068 2404 4123 drim
2426 4086 2548 4124 eum
2576 4085 2817 4124 errorem
2847 4069 3131 4122 docuerint
3163 4110 3195 4139 ,ν
3222 4082 3393 4135 quem
3449 4069 3740 4139 Origenes
3798 4083 3920 4139 per-

2271 4143 2524 4211 Stringit;
2554 4156 2663 4195 non
2689 4142 2785 4193 hos
2800 4141 3105 4205 tameu.qni
3128 4138 3259 4193 nihil
3284 4139 3357 4193 ad
3388 4155 3501 4193 nos
3529 4138 3916 4211 pertinebant.

2269 4212 2365 4266 sed
2391 4209 2620 4266 Arianos
2644 4253 2659 4277 ,
2690 4213 2779 4281 qui
2810 4213 2954 4265 hisce
3006 4225 3221 4281 quoque
3251 4211 3302 4262 in
3344 4211 3498 4265 locis
3530 4209 3663 4266 eam
3715 4209 3924 4265 formu-

2271 4283 2377 4337 lant
2404 4280 2792 4354 evulgaveraut
2827 4325 2841 4349 ,
2899 4282 2955 4339 S.
2991 4281 3141 4336 Zeno
3172 4280 3337 4335 ferire
3391 4285 3659 4339 voluisse
3689 4292 3926 4353 Cognos4

2269 4365 2429 4408 Cttttt'.

2345 4428 2421 4496 (ti)
2450 4424 2560 4483 Lex
2583 4425 2743 4495 igitur
2767 4441 2831 4480 ex
2859 4424 3208 4491 chrmorum
3240 4425 3433 4494 lingua
3465 4428 3810 4481 universum
3839 4440 3930 4479 ve-

2271 4506 2357 4552 ltts
2385 4495 2764 4551 testamentum
2797 4499 3119 4560 Vocabatur,
3155 4496 3205 4549 itt
3234 4496 3391 4564 quod
3431 4497 3571 4553 vide
3634 4499 3837 4552 atlttot.
3896 4495 3917 4548 1

2271 4567 2323 4623 itt
2360 4578 2515 4622 tract.
2566 4570 2654 4625 l2.
2709 4569 2743 4621 Ι.
2796 4586 2832 4623 l.
2881 4567 3186 4623 lndiCantur
3241 4567 3369 4621 lieic
3425 4585 3611 4637 porro
3655 4585 3724 4623 ea
3767 4567 3933 4623 Vete-

2272 4640 2345 4693 ris
2377 4638 2713 4694 Testatnenti
2744 4640 2886 4708 loca,
2915 4654 2981 4694 ex
3008 4638 3204 4708 quibus
3229 4639 3334 4691 tria
3364 4655 3507 4694 mox
3537 4656 3571 4695 a
3590 4640 3833 4697 Zrnone
3853 4640 3903 4692 al
3922 4668 3935 4678 -

2272 4712 2383 4781 loga
2394 4722 2536 4764 ttlttr.

2343 4783 2420 4854 (7)
2442 4782 2549 4854 7.\ls.
2584 4782 2769 4851 Pomp.
2803 4793 2857 4837 et
2888 4780 3083 4854 duplex
3112 4780 3244 4854 den.
3281 4779 3519 4837 addunt.
3557 4794 3771 4838 autem.
3805 4782 3929 4838 Ine-

2274 4851 2549 4907 ttarrabilis
2593 4868 2753 4921 porro
2794 4854 2969 4907 Divitti
3003 4851 3164 4905 Verbi
3203 4854 3483 4909 Italivitas
3519 4856 3743 4910 dicitur
3776 4897 3793 4919 ,
3831 4870 3936 4908 non

2275 4927 2449 4991 quoad
2480 4927 2699 4998 lactmn,
2726 4926 2867 4998 quod
2895 4940 2987 4992 per
3019 4924 3175 4976 [idem
3224 4934 3430 4978 notum
3466 4936 3605 4998 est,
3636 4944 3756 4981 non
3790 4929 3940 4998 ignee

2277 5004 2415 5059 tum,
2442 5004 2500 5048 nt
2522 4995 2740 5063 quidam
2771 4997 3090 5050 Arianorum
3118 5008 3421 5066 perperam
3453 4995 3940 5066 jactaruntfscd

2279 5066 2453 5139 quoad
2486 5068 2702 5139 modum
2729 5068 3009 5130 nascendi,
3046 5074 3103 5119 ut
3134 5064 3394 5133 pluribus
3417 5064 3728 5139 explicant
3758 5068 3944 5124 Victo-

2279 5138 2427 5192 rittu~
2451 5147 2614 5205 atque
2646 5138 3009 5193 thbadins.‘

2350 5209 2427 5278 (8)
2459 5207 2623 5263 [idem
2650 5211 2865 5265 codices
2893 5225 3016 5265 cum
3040 5207 3158 5263 Vat.
3191 5218 3241 5262 et
3276 5208 3434 5264 edit.
3478 5211 3636 5268 Ven.
3661 5254 3677 5277 ,
3718 5214 3948 5268 Emta-

2278 5282 2367 5345 vit,
2397 5280 2428 5334 ἰς
2454 5282 2589 5351 quit,
2622 5293 2728 5335 etc.
2942 5292 2957 5301 ‘

2351 5352 2431 5423 (9)
2458 5349 2842 5409 Placuitlt-ctio
2867 5352 3097 5407 duorum
3128 5363 3257 5405 mss.
3307 5349 3464 5407 ch.
3499 5357 3643 5412 (διειιὶ
3677 5358 3819 5414 alibi
3865 5357 3949 5413 le-

2276 5437 2419 5491 geret
2431 5439 2492 5478 ur
2515 5425 2858 5492 intemperati.

2348 5496 2462 5577 (l0)
2497 5494 2641 5550 Lit-et
2670 5499 2871 5578 [renum
2905 5493 3245 5578 iii-singulari
3279 5508 3408 5549 non
3443 5496 3810 5578 inveniatur,
3846 5500 3950 5556 nisi

2269 5565 2785 5635 gener-isnentrius;
2829 5569 2879 5619 in
2925 5566 3115 5635 plurali
3150 5576 3340 5619 tzttnen
3396 5571 3591 5625 etiam
3651 5565 3950 5628 masCulini

2270 5640 2486 5709 generis
2515 5638 2933 5709 declinationem
2963 5638 3179 5705 patitur,
3222 5640 3487 5709 utannd
3532 5641 3866 5709 Virgilintn,
3891 5659 3949 5698 nt

2271 5708 2546 5780 (ἔδοι-δίιΣά
2567 5708 2794 5775 Livium,
2815 5710 2852 5765 l.
2883 5724 3068 5776 xxxtv,
3093 5724 3144 5765 c.
3164 5711 3225 5772 2;
3254 5705 3582 5771 Valerium
3612 5705 3951 5781 niaximum.

2273 5788 2381 5837 etc.
