4230 6168
520 262 584 321 41
604 264 622 322 I
1875 253 2122 313 SANCTI

2252 254 2464 314 1N0le
3722 254 3754 312 4
3793 256 3830 312 2

524 389 595 431 ist
631 374 769 435 Dens
799 384 993 441 noster,
1045 382 1092 428 et
1147 389 1248 428 non
1278 371 1393 445 (i9)
1426 370 1757 442 deputabitur
1799 366 1942 424 Deus
1985 366 2123 423 alius
2153 371 2198 430 Δ
2230 369 2458 423 mortuis
2489 369 2783 425 diceretur.
2819 368 2915 425 Hic
2939 376 3054 435 est,
3086 369 3335 439 inquam,
3369 367 3457 438 qui
3491 371 3543 423 in
3577 370 3833 426 omnibus
3924 430 3931 437 ,

524 471 715 539 absque
734 468 848 539 ipso
872 483 891 522 :
917 466 1004 535 qui
1023 465 1281 520 adinvenit
1307 464 1439 517 viam
1471 462 1776 532 prudentia,
1809 470 1856 515 et
1886 458 2125 515 reuelauit
2229 461 2407 518 omnia
2433 473 2517 518 est
2542 480 2557 516 :
2586 461 2843 531 quoniam
2867 462 3156 533 peripsnm
3180 470 3235 516 et
3263 463 3314 516 in
3340 463 3459 532 ipso
3478 469 3608 516 sunt
3627 465 3833 517 omnia.

524 579 638 617 eam
664 560 826 615 Iacob
855 576 1014 630 puero
1064 573 1180 624 suo,
1208 566 1257 612 et
1285 554 1451 610 Israel
1480 556 1668 610 dilecto
1703 554 1821 610 sibi.
1855 551 1982 607 Post
2015 550 2127 606 lucc
2227 553 2339 610 Nec
2367 570 2464 609 vos
2494 564 2737 619 moveat,
2791 555 3014 618 fratres,
3043 555 3319 610 saecularis
3361 570 3427 610 ac
3455 569 3587 610 vero
3612 555 3838 626 puerilis

527 656 582 709 in
609 654 756 708 terris
783 652 919 706 uisus
971 660 1078 710 est.
1106 660 1153 706 st
1181 666 1299 705 cum
1350 647 1640 703 hominibus
1684 655 2009 702 conversatus
2051 651 2128 700 est
2229 647 2747 703 inconsideratorum
2781 646 3061 702 hominum
3092 647 3434 717 disputatio:
3468 647 3585 719 (25)
3599 648 3688 719 qui
3710 646 3838 703 ideo

530 745 778 818 (Baruch.
830 758 912 808 III,
965 743 1054 805 36.
1084 743 1173 807 57,
1203 742 1319 810 58).
1377 741 1491 807 Qua
1534 742 1585 795 in
1640 741 1823 811 specie
1856 780 1871 802 ,
1926 737 2126 808 Spiritu
2226 739 2430 808 justum
2482 741 2755 807 patiuntur
2799 754 3076 805 errorem,
3123 740 3250 808 quia
3292 739 3570 796 Christum
3615 755 3724 795 non
3768 756 3839 822 ex

527 846 714 892 sancto
745 836 1021 904 loquente,
1053 849 1338 889 noscamus
1368 851 1382 886 :
1416 830 1532 903 (20)
1561 830 1623 887 Et
1641 832 1791 885 homo
1815 839 1907 895 est,
1935 828 2124 898 inquit,
2235 832 2343 885 Deo
2383 831 2732 891 considerant
2777 833 3053 891 hominem
3080 833 3280 887 factum
3302 876 3316 899 ,
3351 832 3542 888 sedex
3591 833 3836 888 homine.

526 938 575 983 et
595 928 708 996 quis
728 928 985 998 cognoscit
1009 942 1125 980 eum
1154 924 1290 995 (Jer.
1313 940 1445 989 xvu,
1472 924 1506 977 9
1533 940 1596 978 ea:
1622 920 1824 994 LXX)?
1843 921 1903 981 Si
1930 922 1998 975 ita
2024 927 2126 983 est,
2230 923 2498 980 (ςιυιριιυηι
2528 927 2573 980 si
2606 926 2921 995 spiritaliter
2951 934 3233 995 saperent,
3267 926 3320 980 in
3348 926 3487 994 ipso,
3519 925 3661 996 quod
3686 925 3843 980 inﬁr-

538 1020 815 1091 quomodo
833 1034 962 1089 ergo
986 1027 1168 1088 posset
1190 1018 1430 1088 agnosci,
1453 1015 1689 1087 prodidit
1714 1015 1879 1070 Isaias
1902 1013 1987 1069 his
2011 1028 2131 1067 ver-
2232 1018 2532 1074 missimum
2558 1027 2781 1087 putant,
2806 1019 2907 1073 hoc
2939 1018 3277 1086 putissimum
3310 1018 3689 1088 przcdicarent.
3743 1016 3841 1074 lit-

535 1113 616 1167 bis
650 1130 661 1165 :
692 1112 879 1167 Audite
908 1112 1099 1181 itaque,
1131 1111 1314 1166 domus
1342 1109 1504 1163 David
1533 1125 1550 1162 :
1583 1108 1702 1163 Non
1731 1107 1981 1179 pusillum
1995 1104 2131 1161 vobis
2232 1112 2371 1166 enim
2402 1126 2528 1165 vere
2559 1110 2828 1179 perfectus
2854 1110 2999 1165 Deus
3020 1124 3128 1165 non
3153 1120 3300 1166 esset
3323 1151 3339 1177 ,
3361 1112 3408 1165 si
3436 1120 3581 1166 esset
3605 1111 3834 1181 aliquid,

528 1214 785 1260 certamen
814 1221 930 1258 cum
958 1202 1549 1271 hominibus;quoniam
1596 1199 1734 1255 Deus
1768 1208 1975 1267 prazstat
2008 1215 2133 1267 ago-
2232 1205 2373 1275 quod
2418 1220 2539 1259 esse
2572 1205 2762 1260 volens
2806 1220 2929 1260 esse
2973 1221 3080 1261 non
3130 1217 3332 1274 posset.
3388 1206 3625 1277 Denique
3672 1208 3842 1263 vultis

529 1317 663 1356 nctn.
700 1299 925 1370 PrOpter
952 1300 1046 1353 hoc
1068 1297 1206 1352 dabit
1239 1297 1374 1352 Deus
1422 1295 1559 1350 vobis
1607 1297 1831 1369 signum.
1870 1292 2005 1347 Ecce
2032 1293 2133 1345 Itir-
2232 1300 2373 1354 scire
2419 1296 2745 1368 compendio
2780 1299 3103 1354 veritatem?
3134 1298 3329 1354 Factus
3379 1309 3495 1365 est,
3537 1299 3680 1370 quod
3731 1314 3839 1355 non

529 1414 592 1467 go
622 1397 674 1449 in
703 1406 845 1450 utero
867 1395 1105 1464 accipiet,
1138 1404 1182 1448 et
1212 1394 1375 1461 pariet
1401 1393 1594 1463 filium,
1622 1399 1670 1446 et
1712 1390 1834 1464 (21)
1865 1389 2134 1445 vocabitur
2233 1402 2351 1448 erat
2376 1411 2389 1446 :
2420 1407 2519 1447 nec
2551 1403 2728 1448 tamen
2756 1391 2870 1463 (26)
2902 1391 3062 1446 desiit
3088 1406 3236 1457 esse,
3269 1402 3396 1448 ante
3419 1393 3562 1462 quod
3587 1391 3783 1448 fuerat.
3830 1446 3845 1453 _

532 1503 715 1541 nomen
745 1490 858 1559 ejus
885 1484 1209 1543 Emmanuel.
1266 1482 1521 1555 Butyrutn
1574 1492 1621 1538 et
1669 1483 1767 1537 mel
1807 1480 2139 1535 manducabit

532 1580 675 1651 prius
697 1595 848 1650 quant
872 1587 1147 1649 cognoscat
1173 1593 1299 1646 puer
1323 1577 1509 1630 bonum
1535 1618 1548 1639 ,
1583 1585 1670 1629 aut
1708 1573 1921 1628 malum.
1978 1571 2133 1639 Quod

536 1674 746 1742 signum
774 1688 841 1727 ex
858 1669 974 1740 (22)
992 1670 1261 1739 prodromi
1291 1682 1505 1739 quoque
1528 1668 1644 1735 ejus
1665 1665 2039 1737 designatione
2052 1662 2132 1717 di-

2734 1524 3153 1583 TRACTATUS
3190 1526 3326 1582 VIII.

2649 1639 2728 1695 De
2771 1640 3051 1696 Nativitate
3090 1626 3303 1697 Domini
3342 1643 3409 1699 II.

539 1766 804 1821 lucidavit
842 1764 949 1818 alio
978 1762 1206 1827 locohis
1232 1762 1412 1817 verbis
1444 1778 1460 1817 :
1517 1758 1650 1814 Ecce
1682 1760 1830 1812 mitto
1877 1757 2130 1828 Attgclum
2160 1762 2211 1823 Β
2308 1758 2349 1814 I.
2393 1757 2797 1828 Insnspicabilis
2837 1759 2920 1831 (1)
2950 1762 3144 1816 secreti
3177 1760 3599 1832 reverendasque
3647 1762 3850 1831 majes-

538 1875 709 1913 meum
738 1872 857 1912 ante
886 1856 1072 1926 faciem
1108 1867 1274 1919 tuam,
1310 1854 1399 1921 qui
1447 1852 1758 1923 praeparabit
1784 1851 1919 1904 viam
1968 1860 2129 1904 tuam.

532 1953 663 2022 Quis
694 1966 776 2008 est
805 1953 911 2007 iste
940 1949 1199 2021 Angelus,
1224 1947 1440 2014 fratres,
1473 1946 1575 2001 nisi
1598 1945 1838 2001 Joannes
1870 1941 2135 2013 Baptista?

532 2047 687 2117 Cujus
741 2054 824 2100 est
876 2044 1243 2113 praeparatio:
1294 2040 1411 2094 Vox
1457 2039 1729 2094 clmnantis
1782 2038 1834 2090 in
1887 2036 2135 2090 deserto:

536 2139 728 2193 Parate
757 2138 889 2191 viam
920 2135 1152 2200 Domini,
1182 2143 1345 2189 rectas
1372 2133 1530 2203 facile
1549 2131 1758 2186 semitas
1786 2126 2096 2191 Deianostri.

607 2232 695 2287 IV.
738 2230 889 2285 Nunc
920 2228 1227 2293 videamus,
1256 2241 1375 2297 qua:
1403 2230 1830 2295 consequuntur.
1863 2221 1961 2275 Per
1992 2220 2135 2274 idem

537 2336 750 2395 lemptts
781 2324 897 2378 dum
948 2333 1189 2391 cognata:
1220 2320 1566 2389 concipiunt,
1601 2332 1705 2372 una
1736 2325 1921 2372 contra
1953 2331 2137 2387 spem,

534 2420 703 2473 altera
741 2417 926 2471 verbo.
964 2417 1087 2469 Ilzec
1134 2415 1361 2469 miratur
1387 2428 1447 2467 se
1479 2411 1710 2480 habere,
1741 2410 1883 2481 quod
1922 2410 2135 2464 nescit:

539 2511 1012 2582 ltetaturilla,quia
1046 2507 1164 2580 (25)
1191 2509 1366 2562 discit.
1396 2506 1671 2561 Elisabctb
1704 2505 1905 2559 sterilis
1928 2502 2138 2559 foecun-

536 2604 705 2658 ditate
748 2610 915 2657 tumet
959 2599 1193 2656 feliciter
1235 2609 1444 2666 venter,
1490 2584 1666 2653 Maria:
1709 2598 2010 2666 majestate.
2044 2596 2137 2651 Illa

537 2710 844 2765 prtcconem
888 2701 1097 2763 portat,
1134 2693 1247 2747 lucc
1284 2692 1540 2762 judicent.
1564 2689 1863 2756 Exsultate,
1894 2689 2139 2757 feminas,

540 2789 1049 2857 promotionemque
1073 2786 1238 2841 vestri
1265 2799 1429 2840 sexus
1454 2785 1746 2850 agnoscite.
1771 2784 1936 2852 Culpa
1959 2782 2142 2837 deleta

538 2882 731 2949 veteri,
769 2895 894 2936 cccc
927 2895 1020 2949 per
1050 2893 1148 2933 vos
1174 2879 1449 2949 jungimur
1477 2877 1617 2932 caelo
1650 2895 1661 2929 :
1696 2892 1831 2931 anus
1868 2875 2009 2931 enim
2044 2891 2139 2945 pe-

538 2976 677 3046 peril
706 2975 987 3044 angelum,
1032 2984 1087 3028 et
1116 2973 1265 3043 virgo
1299 2972 1486 3027 Deum.
1521 2972 1615 3027 llic
1645 2980 1728 3027 est
1765 2971 1904 3027 Deus
1936 2979 2141 3038 noster,

538 3071 627 3139 qui
659 3068 924 3137 dignitate
955 3068 1169 3122 interim
1194 3067 1429 3136 seposita
1450 3107 1465 3131 ,
1505 3082 1609 3121 non
1644 3074 1820 3121 tamen
1852 3072 2140 3135 potestate,

2239 1854 2363 1908 tatis
2393 1868 2517 1917 vera
2548 1853 2784 1923 cognitio
2814 1862 2916 1915 est,
2953 1854 3118 1908 Deum
3151 1870 3257 1909 non
3311 1868 3476 1910 nosse
3507 1854 3608 1910 nisi
3639 1854 3848 1925 Deum;

2240 1946 2482 2016 nihilque
2507 1962 2573 2001 ex
2607 1961 2673 2002 co
2717 1947 2951 2016 amplius
2989 1948 3411 2017 requirendum,
3441 1965 3599 2019 quam
3629 1959 3690 2003 ut
3725 1951 3852 2019 quis

2238 2042 2355 2112 cjus
2389 2041 2600 2095 noverit
2646 2041 3014 2111 voluntatem,
3046 2043 3167 2097 sine
3208 2057 3308 2112 qua
3358 2044 3407 2097 ei
3458 2057 3557 2097 nec
3609 2042 3851 2113 legitime

2239 2137 2445 2189 servire
2474 2136 2696 2205 poterit,
2723 2151 2823 2189 nec
2856 2136 3091 2205 placere.
3114 2135 3384 2192 Caeterum
3403 2133 3483 2208 (2)
3505 2137 3843 2206 providentis

2246 2229 2337 2283 Dci
2370 2228 2437 2283 de
2464 2228 3149 2299 Deoargumentationilms
3180 2230 3332 2283 vanis
3356 2229 3560 2300 epinari
3587 2229 3724 2285 velle
3754 2230 3840 2302 (5)

2241 2322 2583 2392 diSpositum,
2614 2341 2721 2380 non
2754 2325 2985 2392 colentis
3011 2335 3117 2392 est,
3150 2325 3244 2380 sed
3267 2326 3573 2381 dementis:
3607 2326 3850 2382 maxime

2242 2417 2286 2500 si
2315 2418 2476 2482 Deus,
2502 2428 2557 2473 ut
2579 2418 2904 2474 contentiosi
2928 2430 3139 2489 putant,
3167 2419 3329 2492 ιω
3348 2418 3689 2490 dispositioni
3719 2421 3851 2474 sub-

2237 2510 2447 2579 jaceat;
2491 2512 2714 2567 remotis
2761 2512 2907 2567 enim
2941 2512 3211 2583 paulisper
3251 2510 3563 2565 nominibus
3596 2511 3767 2565 Patris
3796 2519 3853 2567 et

2243 2602 2397 2665 Filii,
2434 2619 2538 2658 non
2587 2615 2736 2674 potes
2779 2620 2939 2660 nosse
2984 2614 3102 2659 uter
3164 2604 3397 2673 [satiatur
3426 2602 3710 2673 injuriam;
3745 2603 3853 2659 nisi

2242 2698 2385 2768 quod
2434 2697 2594 2753 ambo
2624 2699 2919 2767 patiuntur,
2966 2696 3092 2767 quia
3137 2696 3422 2751 amborum
3451 2712 3617 2751 unum
3649 2710 3854 2751 nomen

2243 2798 2327 2843 est
2358 2790 2515 2843 Deus.
2563 2789 2727 2857 Igitur
2754 2788 2891 2843 duas
2922 2789 3233 2843 nativitates
3264 2803 3386 2842 esse
3436 2788 3647 2842 Domini
3678 2788 3855 2843 nostri

2245 2882 2370 2937 Jesu
2400 2882 2600 2937 Christi
2626 2883 2792 2947 rudis,
2818 2893 2908 2937 aut
2928 2883 3208 2953 negligens
3226 2881 3397 2948 disce,
3421 2881 3749 2947 Christiane,
3781 2898 3855 2939 ne

2245 2991 2353 3047 quo
2394 2974 2682 3045 decipiaris
2731 2992 2941 3032 errore.
2974 2975 3184 3042 Unam,
3232 2990 3390 3045 quam
3441 2975 3535 3030 tibi
3574 2990 3685 3030 non
3729 2975 3862 3031 licet

2247 3081 2510 3135 qttzrt‘et'e,
2542 3069 2786 3129 alteram,
2817 3082 2980 3136 quam
3012 3066 3248 3137 legitime
3268 3107 3283 3131 ,
3316 3065 3362 3119 si
3392 3066 3597 3135 possis.
3627 3066 3860 3135 permit-

541 3176 725 3216 amorc
758 3160 989 3215 hominis
1026 3159 1186 3234 168
1214 3161 1319 3224 sui,
1350 3163 1503 3228 cujus
1536 3157 1760 3212 formam
1792 3156 1966 3213 fuerat
1999 3157 2146 3213 subi—
2173 3150 2218 3212 C
2256 3156 2385 3212 teris
2413 3158 2667 3212 edocere.
2701 3158 2880 3212 Prima
2914 3159 3093 3228 itaque
3117 3158 3410 3212 nativitatis
3440 3154 3646 3211 Domini
3682 3155 3860 3225 noSIri

541 3262 727 3319 turus,
773 3265 827 3309 et
868 3262 1195 3318 creaturam,
1231 3261 1288 3306 ut
1318 3249 1429 3322 (24)
1457 3251 1713 3322 angelus,
1747 3251 1939 3315 homo,
1990 3266 2144 3320 puer,

539 3361 801 3417 sponsus,
834 3348 1017 3418 gigas,
1053 3344 1367 3412 cruciﬁxus,
1400 3346 1665 3415 sepultus,
1697 3343 2083 3415 prinmgenilus
2110 3358 2141 3397 a

543 3513 599 3557 ut
634 3502 940 3556 observavit
991 3500 1349 3571 Hieronymus
1398 3498 1453 3552 in
1506 3499 1727 3571 prologo
1774 3498 1840 3553 ad
1880 3497 2137 3571 Jeremire

542 3572 993 3629 commentarium
1041 3581 1138 3625 :et
1182 3568 1437 3625 idcircoa
1467 3568 1683 3636 multis;
1728 3573 1817 3640 qui
1868 3586 1933 3625 ex
1992 3568 2134 3624 LXX

545 3646 931 3714 Interpretilms
960 3658 1144 3714 Sacr-os
1169 3641 1375 3714 Veteris
1400 3642 1728 3697 'I‘estamenti
1778 3641 1946 3714 libros
1981 3641 2134 3714 Valle-

543 3712 705 3785 gant.‘
730 3732 822 3782 pro
850 3732 959 3769 uno
980 3713 1277 3783 eodemque
1326 3712 1571 3768 Ieremia:
1620 3715 1755 3767 libro
1802 3713 2008 3767 Baruclt
2042 3714 2137 3785 gli-

548 3783 720 3841 bellus
752 3787 958 3842 habitus
986 3796 1088 3839 est.
1127 3786 1219 3840 His
1250 3786 1316 3839 de
1345 3787 1551 3840 caussis
1595 3784 2011 3851 Jeremizun'pro
2035 3783 2137 3837 Ba-

549 3860 679 3912 ruch
713 3859 1049 3928 appellarunt
1091 3856 1411 3927 Cyprianus,
1446 3858 1496 3910 in
1539 3866 1685 3928 orat.
1750 3857 2037 3928 Dominica
2079 3870 2133 3925 p.

546 3931 656 3984 Mli
684 3945 697 3992 ;
731 3926 982 3983 Clemens
1010 3926 1427 3992 Alexandrinus,
1456 3930 1505 3981 in
1530 3927 1830 3997 Pmdagogo
1859 3946 1910 3993 p.
1946 3926 2050 3981 429
2085 3934 2141 3981 ct

549 4001 673 4065 1'50;
702 4000 759 4053 S.
785 3999 1035 4064 Hilarius,
1053 4000 1143 4053 lib.
1170 4015 1221 4053 Iv
1243 3999 1311 4053 de
1331 3999 1506 4065 'l‘rtn.,
1528 4015 1580 4051 ιι.
1602 3998 1674 4052 42
1701 4008 1755 4052 et
1779 4000 1829 4051 in
1852 4014 1932 4066 ps.
1951 4012 2141 4063 LXVIII,

549 4087 696 4126 num.
730 4072 835 4134 t9;
870 4073 1243 4125 Auctortract.
1272 4071 1340 4125 de
1363 4069 1494 4124 Fide
1522 4070 1819 4125 crthodoxa
1850 4084 1969 4136 cap.
2005 4070 2056 4130 7,
2088 4071 2142 4122 in

548 4143 863 4213 Appendice
892 4144 1183 4207 Ambrosii;
1215 4142 1386 4197 Julius
1413 4141 1675 4195 Firmicus
1705 4143 1771 4213 de
1798 4141 1994 4213 Errare
2021 4155 2145 4213 pro-

550 4210 790 4269 fanarum
819 4215 1164 4283 religionum,
1208 4230 1327 4283 cap.
1358 4215 1468 4277 29;
1505 4211 1821 4267 Ambrosius
1844 4254 1859 4275 ,
1883 4212 2027 4283 lib_.7I
2078 4210 2148 4267 de

550 4285 681 4341 Cain
712 4297 766 4340 et
789 4281 1068 4355 Abel—Cap.
1097 4289 1151 4353 9,
1180 4300 1234 4341 et
1260 4281 1352 4340 lib.
1401 4287 1423 4341 1
1484 4284 1553 4340 de
1594 4283 1724 4339 Fide
1752 4299 1901 4339 num.
1946 4281 2038 4351 28,
2092 4289 2147 4337 et

550 4358 638 4412 alii
670 4359 891 4429 passim.

624 4429 739 4501 (tu)
782 4430 876 4483 Ms.
917 4430 1068 4484 Dem.
1101 4430 1384 4501 putabitur.

623 4497 740 4570 (20)
773 4501 869 4556 Hic
900 4502 1048 4555 locus
1080 4497 1179 4556 nec
1206 4502 1537 4569 inJeremiae,
1557 4516 1656 4556 nec
1680 4501 1731 4555 in
1755 4499 1964 4554 Baruch
1990 4497 2151 4561 libro,

2256 3251 2307 3305 in
2353 3250 2529 3304 Patris
2578 3262 2627 3304 ct
2676 3249 2794 3305 Filii
2845 3259 3052 3305 tantum
3102 3249 3434 3305 conscientia
3490 3257 3706 3316 manet,
3759 3260 3864 3304 nec

2250 3343 2539 3414 quidquam
2581 3344 2741 3399 habet
2781 3344 3145 3414 interiectum,
3198 3357 3373 3414 neque
3422 3342 3740 3407 conscium,
3775 3339 3863 3412 (Δ)

2247 3498 2340 3566 47,
2374 3501 2679 3568 prodromos
2710 3500 2919 3554 vocavit
2947 3499 3249 3571 aquilones,
3275 3500 3363 3570 qui
3395 3499 3656 3557 canicula!
3677 3510 3860 3557 ortum

2248 3583 2372 3626 octo
2414 3572 2605 3625 diehns
2659 3573 2990 3639 praecedunt.
3042 3571 3271 3625 Inferius
3318 3572 3620 3625 dilucidavit
3671 3572 3865 3628 Latine

2246 3643 2449 3697 dietuui
2483 3642 2788 3697 vindicatur
2827 3660 2893 3697 ex
2941 3653 3160 3696 auctore
3192 3642 3374 3711 operis
3416 3642 3481 3696 ad
3508 3643 3860 3712 Herennium,

2253 3716 2287 3767 I.
2322 3730 2403 3775 III,
2434 3729 2554 3781 cap.
2583 3714 2639 3773 4.
2665 3716 2755 3784 qui
2785 3716 2858 3767 rei
2884 3714 3233 3768 dilucidandaa
3256 3730 3415 3768 causa
3442 3714 3676 3784 scripsit.

2321 3784 2439 3856 (25)
2480 3784 2554 3838 Ita
2580 3802 2707 3839 mss.
2741 3785 2897 3839 Rem.
2921 3797 2971 3838 et
3003 3785 3125 3839 'I‘ol.
3158 3789 3340 3840 caueri
3388 3800 3509 3839 cum
3554 3786 3711 3841 editis
3741 3789 3863 3841 scit.

2256 3856 2389 3910 Dein
2423 3858 2689 3927 majestate
2721 3875 2815 3923 pro
2838 3857 3027 3910 deitate
3047 3897 3060 3920 ,
3092 3872 3188 3910 seu
3215 3858 3391 3910 divina
3426 3860 3611 3911 virtute
3637 3875 3651 3923 ;
3684 3858 3869 3913 νμειύ-

2255 3939 2367 3981 not.
2406 3928 2430 3981 1
2466 3930 2516 3981 ιιι
2549 3937 2706 3983 tract.
2739 3943 2813 3989 Ix.
2853 3929 2886 3980 l.
2919 3943 2977 3982 II.

2328 3996 2446 4069 (211)
2491 3998 2650 4055 Hisce
2676 3998 2984 4053 nominibus
3012 3998 3263 4053 Christus
3285 3998 3615 4069 signiﬁcatur
3642 3999 3693 4053 in
3730 4000 3870 4055 locis

2257 4069 2468 4124 Veteris
2490 4069 3103 4141 Novique'l‘estamenti.
3128 4086 3189 4124 ex
3217 4071 3412 4140 quibus
3442 4070 3706 4141 pmcipua
3729 4072 3874 4126 indi-

2255 4141 2653 4213 t'al'tbStti‘Iipizll.
2688 4139 2866 4211 Magni
2889 4141 3091 4195 consilii
3124 4139 3348 4212 Angelus
3370 4139 3471 4209 (Is.
3500 4158 3576 4203 Ix.
3608 4140 3869 4213 6),-juxta

2258 4212 2432 4284 LXX;
2487 4210 2656 4265 Homo
2696 4223 2745 4266 et
2786 4210 2921 4284 puer
2964 4210 3286 4281 sepissime.
3334 4214 3573 4283 Sponsus
3615 4210 3669 4267 et
3713 4210 3872 4284 gigas

2261 4281 2603 4355 (Ps.‘xvttl,
2655 4284 2763 4351 6);
2817 4282 3107 4355 Cruci/istnc
3166 4293 3219 4338 et
3273 4281 3499 4355 seputtns
3557 4281 3869 4355 passim'in

2260 4354 2828 4481 No;g)'l‘estamento;
2880 4354 3260 4425 Primogcnitus
3309 4354 3341 4409 α
3390 4358 3606 4410 mortuis
3635 4354 3868 4428 (Coloss.

2260 4442 2308 4481 I.
2443 4466 2455 4479 .

2257 4442 2308 4492 ι,
2344 4429 2455 4492 18).

2334 4427 2455 4570 (12%)).
2490 4497 2568 4553 Illi
2591 4497 2722 4570 heic‘
2741 4497 3193 4568 perstringuntur,
3223 4497 3293 4554 de
3321 4497 3514 4569 quibus
3542 4497 3672 4552 satis
3699 4506 3868 4556 tract.

551 4567 990 4661 quemdereinim
1021 4573 1273 4658 tributum
1308 4567 1750 4661 vitlitntts'adttot.
1783 4570 1872 4634 18,
1909 4570 2153 4661 invenire
2184 4599 2235 4661 Π
2259 4567 2293 4623 6
2326 4567 2627 4661 Ιηιλᾱὶιςιξριςὶ
2649 4568 2929 4661 ‘a’anLJS.

555 4642 680 4695 licet
709 4661 721 4695 :
754 4644 848 4696 sed
873 4645 1066 4714 legitur
1088 4659 1220 4700 sane
1249 4648 1299 4699 in
1323 4645 1514 4701 Grieco
1539 4644 1788 4701 Jcremia:
1817 4640 1957 4714 apud
1975 4640 2154 4714 inter-

556 4723 735 4781 pretes
764 4708 950 4778 LXX;
966 4725 1019 4769 et
1050 4717 1174 4770 hinc
1196 4720 1413 4786 quidem
1438 4716 1690 4786 Jeremiatf
1720 4711 1938 4786 nomine
1964 4708 2155 4786 Graece

556 4786 810 4840 recitatur
839 4790 906 4841 ab
933 4783 1293 4856 Epliiphanio,
1324 4789 1637 4845 haeres.t.tv.
1672 4784 1700 4856 §
1733 4788 1764 4856 τι
1792 4783 2002 4856 .Latinc
2025 4784 2153 4856 item

555 4858 778 4913 totidem
804 4860 1022 4914 verbisa
1046 4853 1404 4924 Tertulli-ano,
1432 4853 1693 4913 adversus
1718 4854 1936 4909 Judzeos
1965 4867 2016 4924 cf.
2052 4853 2150 4909 ult.

554 4937 608 4981 et
655 4929 745 4983 lib.
774 4945 829 4985 ιιι
861 4930 1120 4985 adversus
1168 4931 1525 4993 Marcionem,
1552 4945 1671 4996 cap.
1701 4927 1754 4988 7,
1786 4937 1836 4980 et
1882 4925 1950 4980 de
1976 4923 2155 4982 Carne

554 4999 757 5074 Christi
785 5017 903 5071 cap.
942 5003 1027 5067 15;
1061 5019 1089 5056 a
1121 5002 1415 5074 Cypriano,
1442 4998 1876 5074 contraJudioos.
1911 5012 2028 5074 cap.
2066 4998 2153 5074 Ii);

556 5086 583 5122 a
609 5069 905 5140 Lactantio,
935 5074 1028 5129 lib.
1056 5090 1106 5127 Iv
1144 5069 1315 5129 Instit.
1338 5115 1352 5138 ,
1386 5086 1505 5139 cap.
1531 5074 1619 5135 i5;
1651 5072 1718 5124 ab
1743 5069 2055 5132 Ambrosio,
2086 5071 2156 5126 de

555 5141 728 5217 Iustit.
761 5146 979 5217 virgin.,
1010 5161 1127 5213 cap.
1166 5146 1255 5217 ιϐ,
1283 5154 1336 5196 et
1363 5146 1535 5217 epist.
1560 5158 1676 5197 sLVI
1698 5184 1711 5205 ,
1750 5160 1802 5217 n_.
1841 5144 1892 5207 7,
1924 5148 2055 5217 etc,
2099 5150 2156 5217 et

560 5214 611 5265 hi
643 5213 867 5282 omnes,
923 5231 1025 5270 una
1057 5230 1175 5269 eum
1222 5215 1441 5269 Zonooe
1488 5215 1627 5268 idem
1674 5213 2039 5269 testimonium
2087 5213 2155 5267 ad

560 5283 715 5343 Verbi
741 5289 1167 5342 incarnationem
1196 5287 1466 5345 referunt;
1496 5303 1597 5355 qua
1621 5286 1685 5339 de
1709 5286 2158 5352 interpretatione

558 5358 757 5415 vidosis
787 5374 910 5427 quae
937 5360 987 5411 in
1022 5358 1162 5411 hunc
1191 5358 1365 5411 locum
1395 5356 1753 5425 Hieronvmns
1780 5365 1950 5427 nctat.

630 5429 746 5500 (21)
781 5418 907 5483 Mss.
942 5428 1577 5497 Pomp.,Vat.ctuti-ique
1604 5418 1745 5482 ’Zen.
1776 5426 1999 5481 vocabis.
2029 5426 2161 5491 Post

559 5513 722 5567 pauca
758 5515 885 5570 puer
912 5500 966 5553 in
999 5516 1097 5553 ms.
1137 5500 1323 5570 Pomp.
1360 5500 1715 5553 desideratur.

595 5578 599 5582 ’
638 5570 755 5643 (22)
799 5569 1081 5624 Prodromi
1112 5587 1207 5637 pro
1241 5568 1613 5642 praecursoria,
1635 5570 1891 5623 nimirum
1922 5568 2174 5643 SJoan.

567 5641 851 5711 Baptistae,
888 5643 957 5697 de
983 5657 1090 5713 quo
1120 5646 1171 5695 in
1220 5641 1575 5715 sequentibus
1616 5655 1798 5715 sermo
1839 5648 1955 5700 est.
1993 5642 2178 5715 Latine

579 5718 796 5778 dicitur,
831 5717 965 5773 sicut
992 5730 1045 5773 ct
1076 5713 1309 5787 Tullius,
1340 5722 1428 5777 lib.
1463 5733 1476 5770 I
1506 5718 1569 5771 ad
1596 5714 1757 5771 Attie.
1791 5730 1877 5783 cp.
1913 5729 2011 5768 xu:
2048 5713 2179 5770 Mihi

583 5788 892 5860 Pompeiani
916 5792 1191 5865 prodromi
1218 5786 1455 5849 nuntiant
1474 5801 1559 5857 ,‘cl
1589 5787 1817 5853 ΡΙίνῙυει
1846 5786 1941 5845 Ιί¹)·
1971 5802 2028 5857 1³,
2057 5802 2177 5860 caP-

2261 4711 2300 4763 Α
2331 4639 2445 4710 (~26)
2484 4642 2624 4695 Είιίιτ
2649 4639 2811 4705 Ven.,
2838 4639 3043 4694 desinit.
3069 4638 3127 4694 In
3158 4639 3265 4696 line
3295 4655 3397 4695 ms.
3429 4641 3615 4709 Pomp.
3649 4639 3874 4697 additur

2309 4727 2443 4763 men.

2309 4727 2443 4764 men.

2318 4780 3484 4853 ΤιιΑοτΝΙ11.-(1)Ιιιειιλρξσαὸὶιεερριριιιιιι
3498 4782 3874 4855 dicitur,quod

2262 4869 2435 4923 neque
2461 4870 2555 4921 per
2580 4855 2917 4921 conjecturas
2937 4855 3161 4910 scrutari
3197 4855 3318 4909 licet
3342 4896 3357 4921 ,
3385 4855 3452 4908 de
3481 4869 3587 4924 quo
3621 4856 3748 4909 vide
3778 4854 3877 4909 ad-

2261 4935 2375 4977 nm.
2418 4926 2450 4979 4
2483 4926 2534 4980 in
2567 4934 2721 4979 tract.
2757 4941 2834 4984 III.
2870 4926 2962 4979 lib.
2994 4941 3051 4979 II.
3088 4926 3407 4992 Pnnguntur
3434 4936 3611 4981 autem
3646 4927 3875 4992 Ariani,

2260 4998 2349 5064 qui
2384 4998 2813 5066 argumentando
2846 4998 2936 5052 Dei
2967 5012 3159 5051 arcana
3195 5005 3478 5064 penetrare
3507 4998 3848 5053 nitebantur.

2333 5066 2412 5139 (2)
2453 5070 2775 5138 Sparaverio
2812 5070 3053 5138 placeret
3079 5069 3243 5123 scribi
3276 5070 3615 5138 procedentis,
3647 5084 3774 5123 cum
3808 5069 3880 5125 de

2267 5139 2437 5210 Divini
2472 5139 2628 5194 Verbi
2670 5142 3019 5208 generatione
3065 5142 3116 5193 in
3158 5142 3509 5210 sequentibus
3552 5141 3623 5193 sit
3668 5156 3878 5198 sermo.

2263 5208 2437 5264 Simili
2470 5211 2689 5281 quidem
2730 5214 2994 5267 sententia
3043 5219 3198 5265 tract.
3232 5208 3287 5278 5,
3321 5213 3522 5266 dictum
3569 5220 3696 5265 est:
3735 5212 3882 5279 Quo-

2263 5283 2416 5335 modo
2445 5295 2613 5337 autem
2641 5294 2913 5351 generatus
2953 5285 3051 5347 sit,
3082 5283 3166 5351 qui
3196 5285 3460 5350 processit,
3504 5282 3759 5336 dementis
3807 5291 3885 5337 est

2263 5353 2488 5422 opinari.
2518 5353 2625 5411 Sed
2656 5356 2779 5410 huic
2823 5354 3187 5409 emendatiOni
3239 5355 3373 5409 nulli
3418 5356 3635 5409 codices
3685 5354 3886 5409 suifra-

2262 5424 2408 5494 gium
2457 5425 2664 5487 ferunt,
2713 5435 2769 5482 ct
2813 5425 3032 5480 aliunde
3068 5426 3384 5496 providentis
3416 5425 3541 5486 Dei.
3576 5441 3695 5496 qua:
3736 5427 3886 5482 iu'ns

2282 5497 2351 5550 ibi
2385 5508 2529 5561 sunt,
2559 5496 2968 5567 dispositionem
2991 5497 3264 5567 appellare
3288 5496 3437 5551 Zeno
3464 5498 3656 5563 potuit.

2356 5571 2437 5639 (5)
2482 5568 2779 5633 Dispositus
2808 5586 2866 5621 us
2913 5584 3011 5637 pro
3059 5569 3393 5632 dispositione
3443 5569 3694 5624 invenies
3740 5568 3885 5639 apud

2285 5642 2549 5703 Tacitum,
2580 5640 2700 5693 hist.
2730 5655 2766 5694 II
2785 5684 2797 5702 ,
2827 5639 2880 5695 5.
2907 5640 2963 5704 2,
2995 5641 3155 5711 paulo
3183 5650 3300 5709 post
3329 5655 3429 5694 ms.
3465 5639 3617 5694 Item.
3646 5656 3745 5710 pro
3773 5651 3887 5694 uter

2287 5712 2729 5787 patietucscribit
2754 5721 2919 5787 utrum
2941 5714 3187 5787 patiatur.

2360 5787 2439 5864 (4)
2480 5784 2609 5845 Mss.
2636 5783 2780 5852 Tol.,
2811 5781 3018 5843 Vatfet
3049 5781 3176 5842 Urb.
3201 5826 3215 5854 ,
3243 5783 3381 5853 quod
3413 5798 3512 5857 pro
3537 5784 3660 5859 quia
3688 5796 3889 5857 oppor-
