4230 6168
551 279 660 339 415

1906 278 2149 336 SANCTI
2190 278 2484 336 ZENONIS

3747 288 3853 346 illi

555 407 680 470 post
704 406 1022 468 conceptum
1048 398 1199 471 virgo
1228 397 1454 469 peperit,
1478 405 1601 469 post
1622 407 1832 470 partum
1860 399 2012 470 virgo
2035 414 2156 469 per.
2181 402 2232 461 Α
2260 398 2455 470 phetas
2475 443 2491 467 ,
2523 401 2721 459 Filium
2762 417 2918 459 suum
2965 405 3290 462 salvatorem
3316 405 3502 477 generi
3532 405 3768 464 humano
3797 422 3858 465 se

554 491 776 548 mansit.
809 491 924 567 (17)
954 488 1276 547 Obstetricis
1321 488 1614 545 incredulte
1646 491 2004 562 periclitantis
2033 490 2153 563 (18)

562 585 722 659 172
748 585 995 651 enixam,
1036 583 1089 638 in
1120 583 1486 639 testimonium
1517 597 1729 656 reperta
1759 585 2002 656 ejusdem
2034 600 2156 642 esse

556 680 911 749 virginitatis,
956 676 1262 734 incenditur
1309 694 1539 745 manus;
1586 694 1689 749 qua
1735 688 1877 734 tacto
1920 679 2154 744 infante.

556 772 739 825 statim
767 769 902 824 edax
929 769 1017 824 illa
1048 768 1262 825 ﬂamma
1300 772 1540 841 sapitnr;
1585 772 1768 841 sicque
1814 772 1904 828 illa
1949 772 2156 830 medica

556 860 789 919 feliciter
815 865 1060 929 curiosa,
1085 864 1210 919 dein
1241 863 1504 919 admirata
1545 867 1825 921 mulierem
1857 866 2155 936 virginem,

556 954 821 1012 admirata
871 956 1128 1013 infantem
1162 958 1362 1022 Deum,
1388 959 1591 1029 ingenti
1615 959 1809 1031 gaudio
1848 959 2154 1027 exsultans,

558 1064 680 1119 quae
705 1058 951 1104 curatum
981 1059 1235 1113 venerat,
1280 1061 1466 1106 curata
1498 1053 1744 1107 recessit.
1790 1051 1864 1107 Ita
1909 1049 2158 1109 Christus

558 1139 615 1195 in
640 1140 913 1197 hominem
940 1157 1000 1198 se
1026 1142 1150 1198 fecit
1180 1143 1351 1206 nasci,
1382 1143 1834 1213 quemadmodum
1868 1144 2030 1200 homo
2050 1160 2156 1200 non

558 1234 1117 1305 poteStnasci.Totum
1138 1234 1369 1305 denique
1400 1251 1494 1290 sua
1520 1235 1639 1292 luce
1664 1236 1777 1309 (19)
1809 1237 2160 1306 resplendens

558 1344 756 1399 corpus
788 1331 906 1386 sine
934 1330 1121 1386 umbra
1161 1332 1440 1401 gestabat:
1472 1331 1691 1388 humilis
1719 1336 1904 1397 carne,
1937 1334 2030 1388 sed
2060 1349 2159 1389 ex-

558 1422 740 1477 celsus
760 1423 1166 1493 omnipotentize
1189 1425 1492 1497 majestate.
1520 1425 1620 1495 Qui
1644 1442 1774 1482 sane
1797 1427 1917 1482 ideo
1936 1441 2157 1481 carnem

558 1523 646 1570 est
670 1515 921 1587 dignatus
951 1515 1175 1573 induere
1191 1559 1207 1583 ,
1238 1529 1295 1573 ut
1321 1534 1484 1575 nemo
1504 1535 1565 1575 se
1593 1520 1764 1590 possit
1789 1534 1884 1591 per
1905 1534 2122 1576 carnem
2138 1561 2154 1588 ,

557 1622 679 1665 cum
706 1606 896 1680 judicii
926 1608 1045 1665 dies
1075 1611 1308 1676 venerit,
1338 1626 1617 1668 excusare.

1084 1702 1502 1761 TRACTATUS
1540 1703 1632 1759 IX.

798 1793 879 1850 De
912 1794 1198 1852 Nativitate
1219 1797 1433 1880 pomini
1472 1809 1519 1853 et
1542 1799 1622 1871 (1)
1648 1798 1944 1875 Majestate.

629 1891 669 1949 1.
713 1886 1027 1948 Secundum
1050 1890 1194 1963 quod
1223 1893 1367 1947 Deus
1392 1906 1521 1950 suos
1546 1893 1875 1963 promiserat
1901 1908 2000 1965 per
2029 1908 2154 1967 pro-

557 2089 723 2153 atque
752 2087 1010 2135 statuere.
1039 2077 1207 2153 Certe
1244 2089 1432 2153 contra
1457 2081 1688 2151 aliquem
1707 2082 1832 2153 ejus
1858 2082 2038 2138 aetatis
2063 2097 2152 2138 er—

556 2150 737 2209 rorem
765 2162 872 2223 tam
895 2150 1117 2220 praecisa
1146 2150 1446 2214 confessio;
1468 2153 1610 2207 unde
1635 2150 1911 2208 sub'idem
1943 2162 2154 2223 tempus

556 2238 656 2295 pro
694 2222 907 2295 eodem,
938 2223 1188 2292 dogmate
1228 2232 1524 2295 pugnantes
1562 2224 1797 2295 legimus
1820 2224 1878 2279 S.
1924 2222 2153 2280 Ambro-

556 2293 696 2355 sium
720 2293 1193 2367 blediolanensem,
1230 2295 1325 2350 lib.
1357 2293 1425 2349 de
1463 2293 1637 2350 Institi
1667 2296 1863 2367 virgin.
1896 2311 1925 2350 a
1947 2312 2065 2366 cap.
2097 2297 2150 2362 5,

556 2367 688 2424 ctS.
722 2365 1085 2421 Gaudentium
1122 2367 1449 2433 Brixianam,
1481 2376 1638 2422 tract.
1671 2368 1726 2429 9,
1760 2365 1881 2437 pag.
1913 2365 2039 2431 100,
2062 2369 2149 2436 qui

561 2451 740 2497 tamen
772 2437 1032 2509 quosdam
1089 2438 1428 2509 impugnant,
1454 2440 1651 2509 quibus
1671 2438 1832 2493 Maria
1863 2441 1915 2493 in
1945 2439 2149 2495 Christi

558 2508 1361 2582 conceptionerquidem’Virgo
1382 2510 1743 2582 credebatur,
1776 2510 1872 2564 sed
1904 2526 2024 2580 qua:
2062 2511 2143 2566 vel

560 2585 614 2640 iu
637 2580 939 2654 partu,.vel
972 2590 1094 2650 post
1138 2596 1347 2646 parturn
1379 2580 1543 2651 Virgo
1572 2598 1680 2638 non
1709 2581 1890 2636 fuerit.
1925 2581 2153 2652 Episco-

600 2653 687 2709 nin
720 2653 1006 2724 quemdam
1047 2654 1369 2710 Allibl’Oa‘iUS
1392 2654 1805 2723 aperteindicat
1828 2695 1843 2717 ,
1868 2670 2027 2720 quem
2060 2654 2151 2708 alii

600 2673 687 2709 um
720 2671 1006 2724 quemnam
1047 2671 1369 2710 Attturostus
1392 2671 1581 2723 aperte.
1601 2671 1805 2707 mutcat
1828 2695 1843 2717 ,
1868 2671 2027 2720 quem
2060 2671 2151 2708 aut

558 2671 830 2784 Bonosum
866 2724 1028 2782 fuiSse
1059 2735 1319 2786 censent,
1353 2727 1507 2791 cujus
1549 2725 1810 2795 judicium
1837 2725 1902 2778 ad
1950 2726 2155 2779 vicinos

562 2798 821 2868 praesules
871 2797 1120 2866 Capuana
1162 2797 1403 2868 synodus
1444 2800 1748 2868 remiserat.
1788 2796 1920 2850 Vide
1975 2797 2157 2864 itaque

559 2866 679 2939 quae
709 2870 1012 2939 notavimus
1040 2866 1226 2922 adnot.
1251 2866 1285 2918 5
1313 2870 1364 2920 itt
1422 2877 1578 2922 tract.
1605 2866 1659 2934 5,
1688 2867 1781 2922 lib.
1815 2884 1864 2933 ι,
1896 2867 1983 2921 ubi
2012 2868 2155 2923 idem

560 2941 756 3011 dogma
787 2941 1068 3011 perspicue
1095 2941 1413 2995 inculcatur.

638 3007 755 3103 (17)
787 3007 970 3103 blagua
991 3033 1091 3088 bac
1112 3032 1236 3088 loco
1268 3007 1533 3087 mutilaiio
1562 3033 1630 3087 ab
1660 3032 1962 3088 editoribus
1989 3033 2159 3088 Vero-

564 3104 824 3161 nensibus
861 3110 997 3159 laeta
1034 3120 1064 3158 a
1093 3120 1226 3160 vore
1252 3104 1537 3159 obstetricis
1563 3120 1730 3170 usque
1769 3104 1836 3159 ad
1867 3118 2049 3160 curata
2076 3122 2157 3159 re.

563 3176 736 3233 cessit.
767 3175 993 3232 Texlum
1018 3176 1352 3231 reslituituus
1379 3192 1444 3231 ex
1469 3191 1599 3231 mss.
1626 3175 1930 3231 etetlitione
1962 3177 2153 3244 prima,

564 3264 629 3303 ex
676 3263 777 3315 qua
834 3249 1100 3315 integrum
1160 3249 1300 3302 bunc
1354 3248 1529 3302 locum
1562 3247 1806 3301 recitavit
1867 3220 2153 3309 Bar'ouins:
2185 3220 2231 3284 Ο

565 3319 770 3390 ιιιιιιιηϐ
799 3331 849 3373 et
876 3321 907 3373 7
925 3322 1227 3389 Apparatus
1254 3319 1318 3373 ad
1344 3319 1584 3374 Annales
1613 3319 1848 3384 Eccles.,
1870 3333 1923 3374 et
1946 3336 2010 3375 ex
2036 3320 2153 3390 ipso

564 3391 679 3446 alii.
712 3388 949 3445 Olfettdit
977 3388 1230 3455 editores,
1268 3402 1324 3443 ut
1347 3390 1581 3449 videtur,
1617 3390 1730 3444 huic
1755 3391 1961 3453 tabula,
1993 3388 2152 3457 quam

522 3503 525 3506 ι
566 3461 738 3533 satius
766 3459 1216 3533 detruncaudam,
1249 3478 1407 3533 quam
1441 3462 1846 3533 relinquendam
1880 3470 2150 3530 putarunt.

567 3532 638 3588 Αι
660 3532 703 3587 si
726 3531 984 3605 eaAfabnla
1006 3532 1184 3586 minus
1206 3531 1483 3605 probetur,
1506 3532 1711 3605 intacto
1728 3536 2153 3605 auctoristextu,

568 3605 620 3659 id
649 3604 700 3657 in
738 3602 1087 3658 adnotatione
1128 3602 1303 3673 aliqua
1334 3604 1763 3658 animadvertere
1791 3603 1926 3657 satis
1968 3603 2151 3659 fuerit.

568 3675 835 3729 Caetermn
867 3684 926 3730 ut
968 3675 1036 3730 de
1067 3677 1181 3741 ipsa
1226 3690 1283 3729 re
1315 3690 1410 3744 pro
1443 3675 1761 3729 vindicando
1803 3674 2019 3730 Zenone
2059 3677 2157 3731 ali-

567 3746 695 3817 quid
725 3745 1000 3811 dicamus,
1041 3747 1285 3801 solemne
1316 3745 1454 3811 apud
1481 3748 1732 3816 antiquos
1765 3747 1862 3800 fuit
1904 3748 2121 3803 eftieere
2141 3790 2155 3813 ,

570 3827 629 3871 ut
649 3817 898 3888 Virgines
928 3819 1319 3886 inspicerentur
1347 3834 1440 3889 per
1466 3818 1939 3889 Obsit'll'iCCSLQIlt)
1970 3819 2159 3882 proba-

571 3887 960 3961 retnrputrum
1006 3889 1141 3961 tales
1183 3887 1364 3944 essent
1409 3905 1599 3945 necne.
1657 3887 2154 3961 VideCyprianuut,

572 3960 731 4030 epist.
761 3960 869 4034 62;
899 3959 1443 4034 Αιιιιινιιδῇιιηιωιιὶει.
1462 3977 1514 4026 v,
1541 3978 1596 4015 ιι.
1628 3960 1821 4034 10._ad_
1839 3959 2159 4034 Syagrium;

574 4032 953 4100 Augustinum,
990 4033 1056 4087 de
1085 4032 1203 4085 Civ.
1237 4033 1327 4087 Dei
1355 4033 1426 4086 lib
1450 4048 1665 4100 ttt,cap.
1685 4032 1773 4088 18.
1803 4031 2162 4088 Ιάιὲιιι“ειιιιεῐη

574 4100 754 4156 Maria:
774 4100 976 4157 Citriin
1018 4103 1175 4157 matri
1214 4104 1479 4159 aet-idisse
1524 4105 1778 4159 traditqu
1819 4114 1905 4159 est
1955 4119 1987 4159 a
2032 4122 2164 4160 non-

574 4173 737 4227 nttllis
766 4174 906 4243 apud
926 4174 1261 4231 Clementem
1291 4175 1795 4238 Alexandrinum.l.
1817 4191 1888 4229 vn
1921 4178 2161 4230 Stroma-

575 4252 686 4319 tum
712 4262 763 4315 p.
791 4250 917 4303 889.
944 4248 1318 4319 Quidamenim
1340 4248 1541 4312 dicunt,
1565 4264 1697 4309 eam.
1721 4256 1989 4319 postquam
2014 4264 2168 4313 pepe—

573 4316 721 4371 risset
745 4359 758 4379 .
785 4318 1065 4388 inspectam
1096 4319 1159 4373 ab
1190 4318 1453 4374 obstetrice
1475 4361 1488 4381 ,
1520 4316 1771 4372 inventam
1813 4316 1971 4387 fuisse
2010 4320 2169 4389 virgi—

573 4404 707 4462 nem.
742 4389 867 4444 Haec
888 4390 1070 4445 fabula
1096 4391 1358 4462 originem
1397 4390 1583 4446 habuit
1609 4408 1672 4445 ex
1700 4390 1838 4445 libro
1864 4390 1927 4444 de
1948 4389 2009 4445 S.
2048 4390 2165 4443 Ma~

573 4460 655 4533 ria
692 4471 739 4515 et
780 4462 1079 4528 obstetrice,
1109 4460 1199 4533 qui
1245 4465 1295 4517 in
1343 4464 1564 4519 decreto
1598 4462 1886 4518 Gelasiano
1935 4463 2170 4533 refertur

576 4530 719 4605 inter
761 4539 1091 4605 apocrypha.
1127 4530 1323 4590 Simile
1352 4535 1628 4601 quidpiam
1680 4533 1877 4605 legitur
1918 4537 1969 4587 in
2006 4532 2166 4587 Prata

579 4602 862 4674 Evangelia
900 4602 1106 4671 Jacobi,
1136 4606 1276 4674 apttd
1312 4605 1639 4668 Fabricium,
1681 4602 1940 4659 inCodice
1957 4606 2167 4669 apocri-
2199 4614 2251 4674 Ι)

579 4674 793 4744 pho.-p.
825 4677 952 4742 517,
985 4677 1221 4742 n.19,in
1246 4693 1352 4746 quo
1381 4688 1591 4737 tamen,
1624 4689 1771 4729 unm.
1802 4674 1907 4736 20.,
1928 4692 2033 4729 non
2064 4675 2164 4746 ob-

579 4746 808 4818 stetrici,
842 4747 936 4802 sed
963 4748 1203 4813 Salome,
1222 4745 1344 4818 qua:
1373 4764 1472 4801 ttna
1497 4763 1616 4818 cum
1646 4747 1939 4800 obstetrice
1966 4746 2031 4818 ad
2059 4745 2171 4800 Ma-

581 4816 715 4871 riam
746 4819 986 4889 ingressa
1010 4816 1271 4878 traditur]
1311 4831 1419 4871 tum
1448 4817 1770 4885 virginitatis
1797 4816 2042 4889 probatio
2073 4833 2170 4887 per

580 4887 821 4959 metunt,
844 4898 954 4943 tum
995 4905 1186 4944 manus
1218 4890 1423 4959 punitio
1465 4897 1517 4942 et
1553 4894 1759 4959 curatio
1791 4887 2058 4942 tribuitur.
2101 4892 2172 4946 At

583 4958 636 5012 in
669 4957 946 5030 Evangelia
972 4957 1297 5030 infantiw‘ex
1330 4959 1563 5016 Arabico
1596 4958 1855 5013 latinitate
1876 4960 2075 5012 donato
2105 4963 2171 5016 ab

587 5029 1009 5102 lli-.ttrico’Sikiri.
1032 5029 1162 5102 pag.
1191 5031 1295 5087 1'70
1317 5030 1533 5085 Codicis
1551 5030 1863 5102 apocrypbi,
1892 5032 2036 5085 nulla
2052 5048 2171 5099 pru-

587 5100 735 5154 batio
760 5116 857 5172 per
879 5100 1225 5157 obstetricem
1269 5109 1601 5157 memoratur
1620 5145 1635 5169 ,
1665 5100 1757 5157 sed
1787 5102 1901 5157 sola
1940 5103 2168 5158 sanatio.

588 5172 737 5246 lianc
764 5172 998 5227 fabulam
1028 5174 1267 5244 explodit
1297 5175 1434 5229 inter
1455 5181 1684 5228 crateras
1712 5172 2091 5246 Hieronymus,
2120 5184 2176 5229 ut

585 5244 654 5297 ab
702 5247 1031 5314 apocrypbis
1085 5247 1448 5300 monumentis
1477 5246 1808 5307 derivatum,
1853 5244 1935 5297 bis
1986 5256 2173 5302 contra

588 5314 892 5369 Helvidium
932 5316 1111 5372 verbis
1145 5333 1164 5371 :
1192 5317 1358 5371 Nulla
1385 5319 1452 5370 ibi
1489 5316 1730 5371 obstetrix
1751 5358 1764 5379 ,
1794 5317 1936 5370 nulla
1969 5318 2174 5371 mulier~

586 5388 818 5441 culorum
840 5386 1091 5442 sedulitas
1111 5390 1396 5445 intervenit.
1426 5389 1549 5456 Ipsa
1581 5386 1748 5442 Maria
1770 5387 1979 5455 involvit
2004 5390 2176 5454 infan-

586 5472 709 5533 tem,
736 5463 849 5526 ipsa
869 5459 1107 5515 et-Mater
1127 5503 1142 5525 ,
1169 5471 1214 5516 et
1236 5462 1477 5516 obstetrix
1504 5462 1600 5533 fuit
1619 5475 1782 5533 ;nam
1812 5459 1923 5533 ipsa
1947 5461 2172 5515 colloca-

585 5532 655 5588 vit
674 5549 787 5607 eum
815 5534 869 5587 in
893 5535 1289 5607 prasepiojpsa
1308 5528 1795 5607 pannisinvolvebat
1821 5528 1972 5607 (Lac.
2006 5533 2169 5607 HLA),

585 5604 724 5661 unde
752 5601 1034 5660 commenta
1058 5601 1375 5676 refelluntur
1405 5601 1839 5676 apocrypltorum.
1870 5602 2013 5676 Lege
2052 5601 2174 5676 Sui-

587 5677 734 5741 dam,
749 5688 1093 5741 vaccino-aug.
1108 5673 1197 5749 qui
1215 5678 1463 5733 eamdem
1477 5674 1783 5749 ob~tetricis
1812 5673 2076 5749 fabulam,
2096 5675 2171 5730 uti

587 5750 905 5828 abilebrazp
933 5744 1198 5828 sequioris
1228 5751 1325 5805 τενί
1358 5747 1629 5828 descripta
1659 5746 1815 5828 aliter
1844 5744 2037 5828 fuerat.
2060 5747 2172 5828 lnge

590 5820 774 5879 refert.
837 5816 1118 5881 Mattltieus
1155 5823 1373 5888 Bassus,
1403 5816 1752 5883 Veronensis,
1785 5818 1943 5890 epist.
1971 5816 2165 5883 Lxxii,

2259 507 2382 549 esse
2411 495 2703 551 missurum
2732 499 3080 554 commodum
3105 509 3350 571 tempore
3377 495 3628 568 matura,
3659 501 3860 559 divini-

2262 590 2389 643 tatis
2423 590 2637 647 interim
2659 593 2922 660 dignitate
2946 593 3214 665 deposita,
3233 602 3338 651 non
3364 607 3542 651 tamen
3567 606 3856 668 potestate,

2257 681 2398 737 cutio
2412 698 2687 753 egressus,
2717 685 2800 758 (2)
2824 694 3089 742 metatura
3120 690 3374 757 praedicta
3400 691 3638 745 sacrario
3661 693 3850 763 templi

2260 776 2536 846 virginalis
2553 777 2748 847 hospes
2772 781 2999 849 pudicus
3026 781 3284 841 illabitur:
3310 782 3639 854 ibidemque,
3674 784 3854 853 qualis

2261 869 2391 923 velit
2416 883 2557 935 esse,
2576 869 2832 940 disponit.
2847 873 3004 946 173
3029 875 3217 940 Immo,
3237 875 3379 946 quod
3394 875 3503 944 jam
3526 875 3655 930 olim
3670 875 3859 946 dispo-

2261 977 2441 1020 suerat
2490 966 2898 1036 complendum,
2941 967 3275 1041 (3)1:teuter
3303 970 3572 1035 assumit;
3628 985 3862 1041 namque

2262 1060 2550 1130 requiescit
2572 1061 2748 1117 libens
2773 1061 3157 1118 florentissimo
3186 1064 3236 1116 in
3266 1061 3539 1117 domicilio
3568 1062 3859 1130 castitatis,

2261 1162 2314 1206 et
2343 1154 2393 1206 in
2427 1153 2735 1227 visceribus
2760 1170 2930 1209 sacra:
2960 1156 3180 1226 virginis
3204 1145 3485 1225 comparat
3516 1157 3620 1213 sibi
3660 1171 3861 1227 corpus

2262 1260 2361 1301 suo
2385 1245 2588 1315 judicio
2615 1247 2940 1303 na~citurns.
2972 1248 3029 1303 lu
3061 1247 3330 1303 hominem
3367 1258 3672 1318 cooptatus,
3692 1249 3748 1303 in
3779 1259 3862 1322 te-

2263 1352 2524 1412 gumenta
2552 1344 2731 1398 carnis
2760 1343 3052 1399 includitur
3081 1343 3245 1407 Deus;
3272 1342 3669 1414 humanamque
3694 1345 3861 1399 vitam

2265 1442 2538 1491 mutuatur
2585 1437 2653 1491 de
2694 1444 2969 1508 tempore,
3004 1439 3095 1508 qui
3141 1447 3361 1507 prmstat
3402 1438 3479 1512 (1)
3528 1439 3867 1510 temporibus

2264 1529 2643 1584 azternitatem.
2669 1529 2799 1584 Mira
2831 1545 2919 1585 res
2943 1547 2955 1584 ε
2979 1529 3209 1600 concipit
3235 1528 3401 1585 Maria
3434 1530 3501 1586 de
3528 1531 3670 1600 ipso,
3700 1536 3863 1602 qnc‘m

2265 1619 2441 1690 parit:
2470 1630 2639 1677 tumet
2664 1632 2853 1678 uterus
2880 1622 3176 1692 majestate,
3209 1635 3317 1677 non
3341 1624 3569 1688 semine,
3598 1624 3853 1694 capitque

2262 1713 2415 1783 virgo
2440 1755 2455 1779 ,
2487 1729 2645 1781 quem
2679 1714 2910 1770 mundus
2939 1714 3233 1786 mundique
3263 1730 3369 1770 non
3401 1716 3543 1784 capit
3574 1716 3655 1784 (5)
3688 1716 3863 1786 pleni-

2189 1818 2235 1879 Β
2266 1805 2417 1860 tudo.
2475 1806 2685 1861 Interea
2716 1815 3035 1878 promovent
3078 1822 3233 1862 suum
3281 1807 3521 1862 membra
3572 1807 3862 1875 factorem,

2264 1911 2478 1973 etopus
2506 1904 2588 1958 sui
2620 1904 2784 1974 figura
2807 1902 2970 1959 vestit
2989 1901 3276 1959 artificem.
3309 1902 3543 1959 Parturit
3568 1902 3737 1958 Maria
3757 1917 3868 1959 non

2258 2084 2352 2160 lib.
2401 2102 2451 2150 ι,
2480 2086 2546 2160 ad
2576 2086 2910 2160 Polycletum
2961 2087 3255 2160 Physicum
3285 2086 3425 2142 hanc
3454 2085 3657 2160 refellit
3686 2084 3867 2160 fabel-

2260 2157 2387 2220 lam.
2412 2157 2719 2229 cujusmodi
2745 2159 2884 2231 apud
2914 2157 3139 2216 Suidam
3164 2162 3425 2214 recitatur
3444 2176 3465 2223 ς
3483 2159 3871 2231 continebatur

2256 2239 2439 2302 autem
2467 2233 2759 2298 separatim
2785 2229 2823 2285 Va
2868 2232 3049 2287 Suida:
3088 2231 3346 2302 operibus
3377 2231 3428 2285 in
3472 2246 3573 2286 tus.
3600 2229 3869 2302 Vaticano

2257 2301 2420 2355 simili
2466 2303 2621 2368 plane
2650 2302 2726 2357 illi
2754 2346 2768 2368 ,
2814 2319 2974 2373 quem
3006 2303 3251 2357 eamdem
3279 2301 3458 2357 Suidm
3486 2301 3867 2373 narrationem

2256 2374 2549 2440 separatim
2598 2371 2964 2429 continentem
3018 2374 3069 2428 in
3145 2373 3472 2428 bibliotheca
3522 2371 3666 2443 regia
3708 2373 3864 2427 Pari-

2258 2444 2447 2512 siensi,
2470 2460 2618 2499 num.
2643 2447 2807 2507 3s57,
2838 2448 3102 2501 exsistere
3120 2445 3407 2511 Knsterus,
3424 2445 3479 2499 in
3506 2445 3727 2500 natisad
3744 2444 3872 2501 Sui-

2259 2515 2410 2581 dam,
2444 2524 2694 2571 testatur.
2723 2517 2956 2571 Matthaei
2986 2528 3165 2571 autem
3196 2516 3348 2572 Bassi
3370 2526 3612 2585 tempore
3630 2531 3691 2570 ea
3710 2514 3874 2570 fabu-

2260 2585 2373 2640 losa
2416 2588 2653 2642 narratio
2701 2589 2864 2642 latine
2896 2588 3108 2643 reddita
3154 2588 3330 2642 fuerat
3358 2603 3388 2642 a
3424 2588 3599 2643 Laure
3637 2586 3872 2655 Quirino

2260 2655 2511 2714 Cretensi
2547 2660 2773 2727 patricio
2800 2659 3033 2722 Veneto,
3060 2668 3113 2713 et
3145 2660 3289 2714 dono
3315 2659 3436 2714 dat‘a
3460 2658 3569 2728 regi
3599 2658 3815 2713 Renato
3840 2673 3873 2713 a

2264 2729 2550 2796 Marcello,
2582 2730 3095 2799 circmul‘erebatur,
3146 2731 3290 2799 quod
3335 2732 3504 2785 Basso
3545 2730 3665 2799 ejus
3700 2729 3874 2783 refel—

2263 2801 2437 2855 lendtu
2463 2802 2679 2857 occasio
2708 2802 2828 2857 fuit.
2856 2803 2962 2859 Sed
2994 2812 3051 2856 ut
3096 2803 3162 2857 ad
3194 2802 3470 2857 Zenonem
3494 2808 3871 2868 revertamur,

2263 2875 2542 2945 antiquum
2568 2872 2710 2945 hunc
2736 2874 2950 2929 Patrem
2984 2890 3047 2929 ex
3078 2875 3263 2945 aliquo
3284 2874 3597 2943 apocrypha
3623 2871 3776 2945 fonte
3802 2875 3876 2927 fa-

2264 2943 2445 3001 bulam
2490 2944 2727 3017 abibis-se
2775 2954 2960 3015 patet,
3004 2947 3148 3017 quod
3176 2943 3301 3000 aliis
3336 2959 3554 3017 quoque
3585 2943 3823 3012 antiquis
3856 2985 3872 3008 ,

2260 3017 2429 3071 ὶιιιιιιο
2470 3016 2897 3083 a'utitpiiorilms,
2934 3016 3039 3071 non
3072 3032 3195 3071 raro
3221 3016 3498 3073 accidisse
3545 3026 3735 3070 notum
3782 3025 3875 3070 est

2259 3091 2532 3147 omnibus.
2562 3089 2696 3145 Vide
2724 3088 2909 3143 adnot.
2944 3088 3034 3154 14,
3066 3089 3121 3143 iu
3148 3096 3308 3144 tract.
3340 3088 3398 3153 8,
3425 3088 3521 3141 lib.
3555 3103 3595 3141 ι.

2335 3181 2448 3256 (18)
2480 3183 2637 3256 Edit.
2673 3182 2805 3237 Ven.
2829 3190 2885 3237 et
2910 3198 3011 3256 ms.
3045 3182 3237 3251 Pomp.
3271 3182 3461 3245 enim;
3504 3180 3597 3235 sed
3623 3181 3834 3256 enixam
3860 3227 3873 3244 ,

2265 3251 2410 3323 quod
2431 3251 2532 3309 alii
2561 3255 2749 3325 legunt
2772 3269 2893 3309 cum
2921 3254 3088 3320 editi,
3118 3266 3232 3325 tum
3266 3267 3397 3307 mss.
3430 3251 3719 3307 Sententite
3752 3257 3874 3325 ma-

2258 3322 2341 3392 gis
2370 3322 2658 3395 COugruit‘.
2701 3341 2820 3381 cum
2854 3341 3037 3380 sermo
3067 3325 3137 3378 sit
3161 3324 3230 3380 de
3252 3325 3551 3395 obstetrice
3572 3364 3587 3391 ,
3615 3339 3736 3393 qua:
3763 3322 3878 3376 Ma—

2260 3397 2397 3452 riam
2420 3394 2650 3459 enixam.
2677 3397 2828 3452 idest
2852 3407 3003 3465 partu
3038 3398 3289 3457 levatam,
3320 3394 3437 3464 ipsa
3466 3410 3627 3448 malm
3655 3395 3879 3465 pericli-

2263 3472 2361 3522 tari
2392 3470 2598 3535 valuit,
2642 3474 2948 3540 nuntvirgo
2978 3475 3122 3540 esset
3171 3481 3363 3540 necne.
3419 3465 3551 3540 Post
3606 3465 3875 3521 nonnulla

2262 3555 2391 3593 mss.
2425 3541 2581 3594 Rem.
2616 3540 2734 3595 Tol.
2767 3538 2899 3595 Vat.
2919 3552 2972 3593 et
3001 3539 3132 3596 Urb.
3165 3538 3329 3592 eidem
3355 3551 3451 3609 pro
3478 3539 3734 3608 ejusdem.

2338 3612 2452 3684 (19)
2488 3613 2585 3667 Ms.
2625 3612 2777 3666 Rem.
2812 3615 3144 3684 respondens.

2335 3703 2535 3759 Tnscr.
2574 3702 2832 3774 lX.—(l)
2860 3705 2915 3760 lu
2944 3720 3075 3761 mss.
3104 3704 3219 3758 haec
3241 3704 3521 3773 inscriptio
3551 3702 3745 3759 visitur
3777 3719 3790 3755 :
3822 3703 3876 3758 in

2263 3774 2614 3830 editisauteut
2640 3776 2703 3830 de
2725 3776 3004 3830 Nativitate
3019 3776 3205 3830 Christi
3223 3787 3449 3829 tantum.
3483 3774 3731 3845 Majestas
3746 3789 3880 3829 vero

2267 3846 2389 3901 beic
2403 3863 2428 3897 a
2445 3847 2662 3901 ZenOnc
2677 3863 2773 3917 pre
2794 3847 3068 3903 Divinitate
3082 3862 3177 3900 seu
3196 3862 3294 3913 pro
3307 3847 3490 3900 virtute
3512 3845 3686 3900 divina
3706 3847 3882 3899 smni-

2268 3927 2382 3980 tur;
2408 3920 2547 3973 unde
2566 3920 2720 3981 paulo
2737 3928 2858 3988 post
2885 3939 2897 3974 :
2920 3917 3100 3973 Tumet
3116 3928 3289 3971 uterus
3302 3921 3585 3990 nutjcstate,
3603 3934 3706 3990 non
3720 3919 3882 3990 semi-

2268 4005 2350 4053 ne,
2368 3990 2417 4043 id
2447 3999 2530 4043 est
2551 3990 2752 4053 divina,
2774 4008 2876 4044 non
2894 3991 3122 4043 humana
3138 3989 3334 4043 virtute
3351 3987 3679 4058 ;etpnstalia
3702 4009 3710 4035 :
3737 3987 3879 4042 Pro-

2269 4060 2394 4115 bans
2442 4062 2828 4131 inﬁrmitatibus
2874 4078 3079 4116 carnem
3106 4071 3197 4131 ._et
3226 4061 3493 4113 virtutibus
3528 4062 3879 4127 majestatem.

2267 4130 2358 4188 Sic
2401 4129 2561 4188 etiam
2595 4134 2798 4187 virtutis
2827 4134 3088 4188 voc.tbn|o
3110 4129 3312 4187 Christi
3363 4131 3695 4185 Divinitatem
3730 4131 3882 4198 apud

2273 4204 2560 4272 plerosque
2594 4212 2705 4258 tum
2737 4204 2978 4270 Graecos,
3008 4216 3117 4259 tum
3146 4204 3364 4258 Latinos
3396 4202 3583 4274 Patres
3615 4202 3876 4274 intelligi,

2270 4290 2337 4331 ex
2368 4275 2693 4331 testiumnits
2720 4275 2891 4344 liquet
2914 4317 2929 4335 .
2960 4291 3081 4346 qua!
3112 4276 3165 4329 in
3213 4276 3416 4346 calcem
3468 4273 3664 4344 dialogi
3691 4288 3748 4328 ιιι
3786 4273 3887 4327 ad-

2270 4361 2461 4401 versus
2489 4347 2920 4414 'l‘beopascltitas
2950 4344 3185 4417 conjeclt
3213 4344 3609 4417 Tlteodnretus,
3627 4356 3880 4417 necnon

2273 4432 2337 4471 ex
2374 4418 2579 4472 Hilario
2606 4418 2918 4487 frequenter
2940 4459 2955 4480 ,
2981 4415 3136 4486 cujus
3160 4418 3273 4471 loca
3296 4416 3601 4471 considerat
3626 4415 3688 4471 P.
3723 4416 3875 4471 Cou-

2275 4490 2473 4544 tantins
2507 4490 2558 4544 in
2590 4492 2796 4557 prastat.
2830 4505 2977 4545 num.
3010 4490 3112 4546 148
3139 4531 3153 4556 ,
3178 4504 3244 4544 ex
3268 4487 3555 4543 Ambrosio
3578 4487 3674 4543 lib.
3731 4503 3771 4544 ιι
3802 4488 3875 4542 de

2280 4559 2413 4615 Fide
2445 4572 2593 4615 uuln.
2624 4562 2716 4627 56,
2747 4570 2855 4619 etc.

2348 4652 2430 4727 (2)
2471 4652 2782 4727 Metaturam
2814 4654 2942 4727 legit
2956 4661 3109 4727 vetus
3132 4651 3392 4727 Jeremiag
3403 4652 3674 4720 interpres
3694 4690 3709 4716 ,
3735 4650 3883 4727 apud

2273 4723 2625 4796 Cyprianum,
2650 4726 2742 4781 lib.
2790 4741 2806 4780 ι
2850 4723 3176 4789 Testitnou.,
3208 4738 3328 4796 cap.
3359 4724 3431 4789 '5,
3475 4737 3713 4796 necnon
3739 4723 3890 4791 apud

2278 4793 2638 4859 Lactantium,
2670 4797 2763 4851 lib.
2806 4813 2858 4852 tv
2898 4795 3071 4851 lttslil.
3101 4811 3223 4862 cap.
3273 4795 3369 4851 H.
3398 4794 3495 4848 sed
3539 4793 3645 4845 alio
3688 4809 3884 4847 sensu.

2278 4867 2409 4922 Heic
2434 4869 2577 4921 enim
2606 4884 2701 4936 pro
2727 4868 2981 4935 ltuspitto,
3006 4867 3145 4935 quod
3173 4867 3274 4921 sibi
3305 4866 3396 4919 Dei
3420 4864 3588 4936 Filius
3619 4865 3673 4918 in
3696 4864 3890 4919 Mariae

2278 4946 2436 4993 utero
2465 4934 2770 5008 praestituit,
2794 4934 3055 5008 aecipitur
3085 4938 3178 5009 (de
3198 4954 3299 5005 qua
3322 4934 3734 5009 significatione
3757 4938 3889 4992 vide.

2277 5006 2523 5065 adnot.—7
2557 5010 2609 5064 in
2664 5021 2822 5065 tract.
2869 5006 3288 5078 praecedentem)
3317 5006 3478 5076 idque
3517 5022 3619 5078 vox
3662 5009 3891 5072 hospes,

2280 5097 2400 5150 qua:
2438 5096 2560 5136 mox
2610 5077 2938 5151 subjicitur,
2974 5081 3151 5151 palam
3196 5079 3507 5135 confirmat.
3560 5077 3892 5135 Prtedictum

2280 5160 2462 5207 autem
2494 5152 2593 5206 hoc.
2622 5152 2912 5225 hospitium
2936 5161 3183 5225 vocatur,
3206 5151 3348 5220 quod
3376 5153 3428 5225 in
3458 5151 3698 5225 antiquis
3730 5151 3894 5225 pagi—

2281 5226 2366 5277 nis
2420 5223 2835 5294 praruuntiaium
2884 5225 2989 5288 sit,
3034 5224 3203 5277 Deum
3256 5223 3669 5294 concipiendum
3704 5224 3777 5275 ab
3823 5237 3892 5276 ea

2282 5294 2527 5366 Virgine,
2555 5313 2715 5367 quam
2748 5296 2846 5352 ubi
2881 5298 2936 5349 in
2961 5303 3191 5367 matrem
3216 5293 3894 5367 elegisset._fn_prtedesti-

2282 5364 2419 5423 nutri:
2451 5364 2683 5441 Virg—nis
2712 5367 2903 5441 templo
2932 5366 3027 5420 sibi
3054 5376 3227 5441 castra
3252 5374 3466 5441 metatur
3492 5364 3716 5441 laudato
3745 5374 3900 5441 [rac-

2283 5448 2399 5494 tatu
2446 5432 2569 5495 non"
2599 5432 2830 5495 absimili
2875 5438 3146 5494 sententia
3186 5435 3448 5505 sm'iplum
3477 5446 3582 5491 est.
3613 5435 3717 5490 bis.
3752 5432 3896 5491 Urb.

2280 5512 2407 5566 cmlo
2428 5513 2645 5566 emissus
2667 5520 2938 5565 metatura.

2283 5684 2306 5733 ι
2356 5605 2433 5733 (52
2580 5608 2684 5663 boc
2725 5606 2939 5661 latenter
2966 5605 3210 5677 pluribus
3248 5619 3473 5677 agemus
3518 5601 3710 5659 adnot.
3741 5600 3781 5657 2
3839 5602 3908 5661 in

2307 5693 2397 5734 HIC
2430 5719 2445 5733 .
2484 5718 2512 5732 .-
2557 5718 2569 5732 .

2307 5686 2445 5734 raet.
2477 5686 2569 5735 ἰδ-9.

2354 5749 2434 5824 (gi)
2467 5749 2567 5824 bis.
2601 5752 2812 5821 Pomp.,
2834 5750 2908 5824 de
2936 5749 3268 5824 temporibus.

2354 5753 2411 5820 (4
2467 5753 2562 5804 Ms.
2601 5753 2812 5821 Pomp.,
2846 5753 2908 5804 de
2938 5759 2993 5806 tet

2351 5753 2434 5891 (si
2475 5820 2639 5889 Ediii,
2674 5820 2993 5895 magnitudo.
