4230 6168
501 255 599 310 451
950 264 979 293 δ

1868 247 2113 306 SANCTI
2152 247 2448 305 ZLNONIS

3697 251 3801 310 iss
3865 318 3871 323 ,

500 382 548 427 et
568 372 742 426 docete
755 384 927 424 omnes
948 375 1140 438 gentes,
1166 364 1279 437 (t5)
1306 363 1611 434 intingentes
1626 376 1712 416 eos
1738 361 1792 415 in
1824 359 1984 435 189
2004 376 2096 416 no-
2122 364 2170 423 Λ
2199 361 2644 433 praedicationum
2678 359 3126 418 medicaminibus
3166 374 3341 420 curat.

500 467 637 520 mine
659 462 831 517 Patris
847 471 891 515 et
917 458 1042 513 Filii
1071 466 1120 512 et
1144 457 1372 528 Spiritus
1393 457 1577 520 sancti,
1610 454 1848 508 docentes
1877 472 1962 509 eos
1992 472 2094 509 ser-

499 573 620 612 vare
637 554 807 610 omnia
817 566 1142 623 quaecumque
1160 549 1380 622 prwcepi
1391 547 1527 602 vobis
1545 545 1763 613 (Matth.
1796 562 1982 611 xxvm,
2006 547 2096 616 19,

500 647 617 719 20).
663 646 818 701 Dabis
847 653 1026 699 autem
1059 655 1158 713 pro
1186 630 1286 696 'me
1311 648 1367 696 et
1410 654 1506 710 pro
1539 648 1593 694 te
1615 680 1628 703 ,
1662 638 1762 693 hoc
1799 647 1882 692 est
1923 654 2111 709 meam.

499 737 820 812 prmdicabis
859 749 1073 791 crucem
1101 776 1116 802 ,
1160 732 1256 789 sed
1299 744 1353 789 et
1404 742 1462 786 tu
1491 730 1668 787 crucis
1699 739 1806 786 tua:
1846 731 2098 787 similiter

500 831 761 903 dignitate
789 825 1069 898 gaudebis.

572 924 658 981 lll.
688 923 855 994 Igitur
886 921 1002 975 tunc
1038 918 1181 973 scala
1219 918 1373 988 cujus
1407 925 1554 974 esset
1601 917 1865 985 materiae,
1910 917 1965 972 in
1996 931 2100 988 qua

500 1017 765 1074 Dominus
806 1010 1169 1074 incumbebat,
1204 1026 1272 1067 ex
1314 1010 1483 1065 David
1513 1009 1658 1066 dicto
1698 1010 2098 1082 cognoscimus,

499 1112 593 1183 qui
621 1110 733 1164 ait:
777 1107 935 1179 Virga
971 1116 1060 1160 tua
1104 1114 1152 1159 et
1179 1105 1389 1160 baculus
1413 1116 1530 1161 tuus
1565 1105 1681 1175 ipsa
1724 1121 1805 1160 me
1839 1106 2102 1161 consulatu

498 1212 618 1259 sunt
647 1199 766 1271 (Ps.
796 1196 1039 1268 xxu,'4).
1074 1197 1232 1267 Virga
1268 1205 1325 1253 et
1360 1198 1584 1253 baculus
1613 1197 1720 1253 duo
1763 1206 1891 1252 sunt
1922 1197 2103 1267 utique

500 1294 872 1357 Testamenta,
893 1305 1015 1361 qua:
1046 1290 1167 1345 ideo
1197 1290 1439 1346 materia:
1454 1290 1583 1361 ligni
1614 1300 1741 1346 sunt
1766 1299 2099 1361 comparata,

505 1383 842 1457 sivequodin
872 1380 988 1452 (14)
1016 1383 1134 1451 ejus
1159 1396 1283 1451 usu,
1317 1393 1372 1437 et
1404 1391 1693 1453 perpetuo,
1717 1391 1772 1438 et
1799 1381 2104 1437 totius'ma-

502 1485 630 1535 neat
660 1476 934 1533 testatoris
956 1475 1208 1530 voluntas
1235 1476 1520 1545 inscripta,
1551 1490 1647 1530 seu
1673 1474 1820 1544 quod
1851 1474 2007 1545 quasi
2037 1490 2105 1530 ex

510 1582 821 1628 transverso
884 1571 936 1625 in
994 1584 1157 1625 unam
1214 1568 1377 1625 ﬁdem
1427 1568 1809 1625 concurrentia
1864 1567 2105 1638 cruciﬁgi

507 1664 981 1740 (15)liabuisseDei
997 1664 1163 1719 tilium
1178 1663 1517 1718 nuntiabant:
1530 1677 1692 1733 quem
1711 1661 2036 1717 contirmant
2049 1660 2103 1714 iu

2272 457 2363 512 1V.
2392 456 2547 524 Quod
2580 465 2758 511 autem
2789 457 2866 510 ait
2895 455 3128 527 Angelos
3170 457 3567 514 adscettdentes
3616 469 3673 516 et
3710 462 3805 516 de—

2203 546 2552 615 scendentes,
2578 547 2692 619 (“20)
2719 547 2882 618 aliqui
2916 558 3105 618 putant
3135 549 3532 608 adscendeutes
3558 567 3680 611 esse
3702 571 3807 623 an-

2201 638 2355 708 gelos
2396 639 2554 705 lucis,
2587 637 2982 695 descendentes
3008 656 3138 695 vero
3175 643 3398 714 angelos
3437 645 3804 701 tenebrarum.

2201 729 2307 785 Sed
2336 730 2438 786 hoc
2466 731 2599 786 satis
2621 731 2919 787 absurdum
2948 746 3072 788 esse
3090 743 3143 789 et
3170 734 3578 799 inconveniens,
3613 737 3808 795 fratres

2203 821 2492 889 carissimi,
2526 822 2788 890 adverto;
2831 823 2955 895 quia
2998 839 3176 897 neque
3206 814 3411 899 refuga:
3441 829 3554 900 (21)
3578 828 3810 888 descen-

2203 911 2384 979 dunt,
2455 914 2546 984 qui
2610 923 2734 985 post
2793 926 3069 993 peccatum
3127 919 3179 972 in
3237 919 3439 977 omium
3508 937 3807 993 numquam

2202 1005 2409 1075 recepti
2464 1016 2782 1071 noscuntur,
2824 988 3003 1078 neque
3065 1007 3200 1064 lucis
3273 988 3808 1085 adscenduntpquia

2204 1112 2499 1168 numquam
2529 1098 2580 1153 in
2621 1098 2803 1164 terris,
2834 1099 2929 1156 sed
2958 1115 3177 1171 semper
3208 1103 3258 1156 in
3289 1102 3431 1160 cmlo
3470 1115 3809 1163 manserunt.

2205 1189 2361 1246 Unde
2385 1191 2607 1262 angelos
2637 1200 2767 1261 puto
2805 1202 2955 1249 recte
2984 1192 3232 1250 homines
3269 1196 3585 1266 appellatos,
3611 1198 3812 1269 quibus

2205 1281 2465 1337 Dominus
2496 1292 2741 1338 sanctum
2771 1298 2868 1353 per
2896 1284 3157 1354 Spiritum
3185 1284 3355 1342 dicit:
3388 1285 3502 1361 Ego
3542 1290 3675 1355 dixi,
3719 1289 3813 1346 Dii

2204 1373 2344 1440 estis,
2375 1384 2423 1428 et
2459 1374 2559 1443 ﬁlii
2593 1375 2782 1430 excelsi
2822 1392 3031 1443 omnes;
3084 1393 3172 1432 uos
3214 1386 3387 1435 autem
3422 1380 3553 1435 sicut
3578 1380 3811 1438 homines

2206 1466 2497 1521 moriemini
2527 1465 2646 1540 (Ps.
2682 1483 2875 1535 Lxxxt,
2908 1472 2963 1535 6,
2998 1469 3076 1542 7).
3109 1470 3218 1527 Sed
3256 1479 3315 1527 et
3358 1472 3426 1528 de
3462 1473 3672 1529 Joanne
3712 1476 3815 1530 Ba-

2207 1555 2367 1627 ptista
2397 1560 2476 1613 sic
2492 1557 2695 1614 dictum
2727 1574 2850 1634 esse
2878 1561 3224 1618 meminimus
3250 1580 3263 1618 :
3298 1561 3433 1618 Ecce
3470 1566 3615 1621 mitto
3640 1567 3819 1638 Ange-

2208 1650 2316 1704 lum
2336 1666 2504 1706 meum
2524 1661 2642 1706 ante
2663 1652 2850 1722 [aciem
2877 1663 3040 1721 tuam,
3063 1657 3153 1727 qui
3177 1658 3492 1726 praeparabit
3507 1659 3640 1713 viam
3670 1670 3817 1714 tuam

501 1759 645 1816 scala
673 1756 977 1813 rectissime
1020 1756 1275 1824 positum,
1308 1753 1435 1825 quia
1482 1752 1711 1809 historia
1755 1753 1921 1808 totius
1966 1753 2111 1809 Scri-

2220 1742 2474 1815 (Malach.
2499 1760 2589 1811 ut;
2620 1744 2875 1821 Lucem.
2902 1747 3005 1811 27;
3040 1746 3208 1803 Marc.
3223 1765 3264 1817 ι,
3285 1749 3352 1816 2;
3386 1749 3579 1806 Matth.
3604 1752 3816 1823 11,10).

502 1861 675 1921 ptume
707 1856 765 1904 et
794 1858 1017 1919 propter
1040 1846 1217 1916 ipsum
1243 1857 1299 1902 et
1336 1857 1617 1901 auctorem
1647 1859 1744 1915 per
1775 1846 1949 1915 ipsum
2003 1845 2106 1898 im-

504 1943 651 2013 pleta
713 1952 817 1995 est.
878 1939 1119 2009 Denique
1169 1939 1248 1993 sic
1297 1938 1365 1992 ad
1413 1936 1712 2007 discipulos
1756 1937 1877 1990 ait:
1928 1935 2111 1991 Omnis

506 2035 679 2089 scriba
708 2034 889 2087 doctus
919 2032 983 2085 de
1010 2048 1166 2102 regno
1197 2031 1441 2085 cwlorum
1469 2030 1653 2085 similis
1666 2029 1870 2099 est(i6)
1885 2029 2109 2100 patrifa-

506 2127 678 2180 milias
726 2124 1007 2198 proferenti
1074 2122 1137 2176 de
1189 2123 1443 2177 thesauris
1499 2123 1608 2176 suis
1654 2136 1784 2175 noua
1847 2130 1894 2175 et
1945 2129 2114 2175 vetera

510 2217 751 2289 (Matth,
786 2232 902 2279 χιιι,
935 2213 1055 2285 52).
1109 2215 1320 2277 Scriba,
1363 2212 1582 2277 fratres,
1628 2221 1712 2268 est
1742 2211 2066 2282 prmdicator
2100 2227 2112 2263 :

508 2288 900 2379 paterfamilias
921 2307 1195 2364 Christus:
1231 2305 1471 2371 thesauri
1485 2305 1601 2376 ejus
1626 2303 1741 2377 (l7)
1762 2304 2116 2368 iudeminutat

507 2401 729 2458 deitatis
784 2411 1010 2471 paterna
1066 2399 1369 2457 substantia
1432 2407 1763 2468 paterneque
1819 2397 2114 2452 voluntas:

512 2510 653 2549 nova
696 2503 752 2550 et
794 2503 976 2549 vetera
1007 2492 1114 2547 duo
1144 2492 1516 2557 Testamenta,
1549 2504 1672 2559 qua:
1727 2486 1924 2543 videtis
1971 2496 2119 2542 recte

508 2587 699 2644 eadem
729 2586 849 2642 sine
872 2585 1223 2656 ambiguitate
1250 2598 1279 2638 a
1311 2582 1539 2639 Domino
1570 2582 1693 2637 heic
1729 2596 1947 2653 quoque
1986 2580 2122 2637 duo-

507 2696 630 2735 rum
653 2678 1006 2735 denariorum
1032 2693 1156 2734 esse
1186 2677 1353 2749 ﬁgura
1384 2676 1601 2741 vestita,
1635 2675 1737 2731 hac
1761 2675 2013 2731 videlicet
2038 2691 2122 2730 ra-

514 2775 698 2843 tione,
755 2775 882 2841 quia
937 2775 989 2829 in
1048 2773 1320 2829 thesauris
1374 2771 1487 2827 suis
1539 2770 1675 2825 duos
1732 2770 1987 2826 denarios
2040 2770 2124 2824 in-

516 2870 686 2941 telligi
757 2869 927 2923 voluit
1000 2869 1240 2923 novitate
1311 2876 1369 2922 et
1437 2864 1884 2921 vetustatc.duo
1937 2864 2124 2920 Testa-

518 2971 725 3019 menta.
797 2961 910 3016 Hos
975 2960 1112 3015 duos
1182 2958 1435 3016 denarios
1508 2974 1540 3011 a
1600 2956 1944 3011 Samaritano
2010 2964 2125 3010 sta-

517 3057 730 3114 bulario
761 3071 858 3126 pro
885 3070 971 3123 eo,
1028 3054 1117 3126 qui
1173 3068 1204 3109 a
1259 3052 1563 3107 latronibus
1596 3050 1712 3125 (18)
1739 3064 2118 3121 aggressurum

2213 1836 2358 1907 Ergo
2385 1838 2730 1893 manifestum
2762 1848 2869 1906 est,
2894 1839 3190 1912 prophetia:
3218 1854 3370 1898 more
3391 1843 3615 1914 angelos
3646 1844 3827 1899 homi-

2214 1944 2312 1985 nes
2335 1930 2512 1999 justos
2545 1944 2599 1987 et
2624 1930 2857 2002 injustas
2885 1932 3216 2003 generaliter
3236 1933 3435 1989 dictos.
3471 1934 3579 1991 Sed
3598 1934 3827 1992 adscen-

2214 2020 2408 2076 dentes
2436 2030 2492 2077 et
2533 2021 2930 2079 descendentes
2973 2026 3062 2095 qui
3099 2026 3231 2093 sint,
3262 2027 3318 2081 in
3349 2027 3614 2098 exemplis
3649 2044 3827 2100 agnu-

2216 2114 2438 2171 scimus.
2465 2117 2870 2173 Descendentes
2907 2129 3035 2174 sunt
3063 2120 3155 2189 qtti
3186 2120 3392 2176 saeculo
3422 2121 3824 2190 renuntiantes,

2218 2222 2407 2263 rursus
2432 2215 2779 2263 revertuntur
2810 2210 2877 2264 ad
2910 2212 3189 2275 saeculum,
3221 2211 3291 2267 de
3318 2213 3513 2283 quibus
3556 2212 3825 2268 Dominus

2219 2300 2295 2354 ait
2319 2316 2331 2353 :
2352 2298 2519 2355 Nemo
2547 2310 2684 2355 retro
2714 2303 3064 2365 attendens.et
3092 2303 3210 2378 (22)
3239 2323 3595 2379 sunerponens
3615 2324 3836 2362 manum

2220 2411 2367 2449 suam
2391 2412 2544 2467 super
2569 2406 2824 2464 aratrum,
2856 2408 3007 2468 aptus
3027 2408 3100 2453 est
3122 2415 3281 2472 regno
3306 2398 3399 2454 Dei
3427 2398 3582 2473 (Luc.
3609 2417 3687 2464 ιχ.
3709 2399 3831 2471 62).

2224 2488 2292 2542 Et
2338 2487 2534 2543 iterum
2571 2505 2583 2542 :
2636 2487 2946 2559 Mementote
2986 2492 3165 2546 uxoris
3218 2490 3318 2546 Lot
3361 2490 3511 2566 (Luc.
3555 2508 3684 2558 xvu,
3714 2492 3838 2566 52).

2223 2579 2330 2636 Sed
2360 2592 2416 2636 et
2435 2581 2727 2652 Apostolus
2753 2583 2833 2639 sic
2859 2602 2871 2635 :
2907 2584 3354 2649 Quemadmodum
3382 2588 3691 2641 revertimini
3710 2596 3839 2641 ’ναι-ο

2224 2692 2309 2730 sus
2340 2677 2408 2729 ad
2434 2693 2511 2742 ea,
2543 2692 2657 2747 qua:
2697 2677 2908 2747 inﬁrma
2935 2687 2983 2732 et
3026 2671 3190 2752 egena
3244 2689 3361 2734 sunt
3405 2677 3653 2734 elementa
3682 2678 3835 2750 (Gal.

2226 2785 2299 2835 tv,
2329 2769 2407 2841 9).
2440 2769 2852 2826 Adscendeutes
2876 2787 3009 2826 vero
3036 2783 3163 2827 sunt
3188 2773 3341 2842 justi,
3373 2774 3463 2844 qui
3496 2772 3682 2843 probis
3712 2787 3839 2828 mo-

2229 2864 2384 2920 ribus
2433 2879 2530 2934 per
2555 2864 2759 2936 gradus
2789 2864 3092 2920 divinorum
3135 2866 3495 2921 observantia:
3533 2876 3842 2937 prmcepto-

2227 2972 2345 3011 rutn
2375 2956 2616 3025 quotidie
2646 2956 2905 3026 spiritalis
2929 2956 3145 3013 itineris
3171 2958 3342 3028 gloria
3374 2946 3697 3013 l'erunturin
3725 2971 3843 3014 cm-

2231 3048 2361 3111 lum,
2394 3064 2531 3117 quos
2557 3046 2855 3118 Aposmlus
2883 3049 3088 3105 Paulus
3117 3049 3441 3106 exhortatur
3479 3061 3535 3105 et
3571 3059 3844 3105 monstrat

512 3165 706 3221 passus
778 3148 953 3206 fuerat
997 3189 1010 3213 ,
1076 3146 1336 3202 Dominus
1401 3144 1558 3200 datos
1613 3160 1736 3199 ease
1786 3158 2115 3200 commemo-
2149 3154 2197 3219 ο
2229 3140 2461 3197 dicens:
2508 3141 2568 3196 Si
2611 3144 3007 3199 consurrexistis
3046 3161 3161 3198 cum
3205 3144 3429 3209 Christo,
3466 3160 3582 3214 quas
3628 3161 3842 3199 sursum

512 3252 599 3299 rat
630 3241 783 3315 (Luc.
835 3257 891 3310 ι,
923 3240 1042 3310 35),
1070 3255 1191 3311 qum
1226 3237 1480 3309 parabola
1516 3236 1731 3292 sublata
1778 3234 2120 3292 dubitatione

513 3336 675 3393 scala:
695 3340 1095 3390 sacramentum
1126 3329 1451 3401 spiritaliter
1475 3328 1813 3383 intuentibus
1832 3328 2083 3398 patefecit
2103 3344 2116 3378 :

514 3430 682 3485 ltomo
713 3426 858 3480 enim
890 3437 1271 3495 aggressurum
1299 3434 1512 3489 passus,
1544 3420 1717 3475 Adam
1748 3434 1873 3475 esse
1915 3434 2121 3491 cogno-

515 3520 708 3585 scitur,
741 3516 981 3572 latrones
1001 3513 1273 3578 diabolus,
1299 3512 1409 3567 Eva
1438 3510 1904 3580 concupiscentia,
1935 3509 2125 3566 Sama-

515 3613 723 3669 ritanus
748 3596 1031 3676 Dominus,
1060 3607 1150 3663 cui
1173 3605 1346 3662 Judmi
1374 3606 1626 3661 dicebant
1664 3622 1675 3657 :
1708 3602 1809 3659 Hic
1836 3605 2123 3661 Samaritac

516 3721 614 3761 nus
639 3712 734 3772 est,
760 3712 807 3758 et
833 3701 1145 3758 daamonium
1165 3698 1315 3753 habet
1336 3697 1546 3768 (Joan.,
1574 3712 1688 3761 vni,
1716 3696 1836 3769 48).
1872 3698 2125 3755 Stabula-

519 3799 636 3855 rius
664 3797 857 3851 doctor
884 3803 969 3859 est
1015 3794 1170 3865 legis,
1209 3792 1300 3863 qui
1342 3792 1579 3863 acceptis
1624 3791 1835 3847 duobus
1864 3791 2122 3857 denariis,

522 3890 578 3947 id
604 3897 690 3945 est
714 3889 945 3945 duorum
979 3886 1095 3960 (l9)
1121 3886 1596 3942 Testamentorunt
1629 3884 1788 3957 190
1802 3884 2124 3941 salutaribus

521 3983 767 4050 monitis,
808 3994 1184 4053 aggressurum
1240 3978 1516 4034 hominem
1570 3992 1787 4047 passum
1839 3977 2126 4034 latrocinio

520 4073 728 4129 diaboli
774 4072 1201 4145 angelorumque
1233 4070 1354 4141 ejus
1394 4080 1449 4125 et
1479 4069 1638 4140 httjus
1670 4068 1879 4138 mundi,
1913 4069 1965 4124 in
2010 4077 2125 4125 sta-

521 4164 674 4232 bolo,
704 4163 756 4218 id
798 4173 880 4219 est
920 4165 974 4218 in
1023 4161 1294 4229 Ecclesia,
1339 4175 1448 4231 quo
1500 4175 1696 4231 pecora
1726 4159 1905 4215 divina
1935 4176 2127 4217 succe-

521 4256 677 4324 dunt,
711 4255 1006 4313 venerabili
1052 4263 1396 4312 sacramento
1430 4263 1765 4325 susceptum,
1798 4254 2127 4325 quotidianis

600 4380 718 4453 (13)
741 4377 961 4453 Tingere
974 4355 1340 4453 probnptizare
1364 4380 1578 4427 veteres
1603 4370 1793 4426 Patres
1816 4371 2119 4441 praisertim

529 4445 766 4507 Afiicaui
793 4445 993 4517 saEpius
1014 4445 1291 4501 dixerunt.

601 4518 716 4593 (11)
730 4513 935 4593 Lignea;
948 4525 1365 4593 testamentorum
1378 4513 1583 4593 tabula:
1603 4521 1972 4593 memorantur
1995 4514 2122 4568 item

523 4575 873 4658 ab‘Ulpiat'io,
906 4590 998 4643 lib.
1026 4603 1203 4642 xxxvu
1231 4586 1320 4650 D.,
1345 4585 1436 4658 tit.
1472 4586 1560 4649 H,
1593 4584 1656 4637 de
1679 4584 1864 4658 honor.
1898 4600 2117 4653 possess.
2148 4575 2201 4636 D

526 4654 802 4719 secundum
821 4661 1021 4715 tabulas
1048 4658 1173 4729 Leg.
1203 4661 1255 4720 1,
1271 4666 1325 4711 et
1344 4655 1485 4729 idem
1502 4669 1625 4729 esse
1643 4654 1889 4708 videntur
1904 4669 1974 4729 ac
1987 4671 2131 4729 cera-

528 4744 593 4789 ta:
639 4734 825 4788 tabulis
879 4731 1002 4785 alibi
1043 4723 1326 4783 cclbbt‘cs:
1361 4725 1792 4779 inscribebantur
1831 4727 1972 4779 enim
2014 4723 2129 4781 fere

528 4794 847 4859 testamenta
874 4815 1022 4864 cera,
1054 4814 1155 4869 qua
1185 4797 1383 4869 tabula:
1410 4796 1597 4869 lignea:
1622 4796 2128 4869 circumvenieban-

527 4884 635 4939 tur,
678 4884 737 4929 ut
785 4888 881 4944 per
919 4864 1264 4938 illatn'stylus
1295 4868 1350 4920 in
1392 4864 1680 4920 scribendo
1724 4866 1908 4921 laciles
1946 4867 2127 4923 sulcos

528 4945 768 5000 duceret.

604 5015 1062 5088 (15)Legeremus
1079 5008 1342 5088 debuisse.
1358 5006 1493 5088 bium
1515 5005 1755 5088 habuisse
1777 5023 1873 5088 pro
1894 5008 2128 5065 debuisse

531 5078 1044 5152 ’λὶίὰιιειήιίιῖἀίοιιιιιι
1076 5080 1209 5134 fuit?
1236 5078 1500 5152 Suuiliter
1525 5079 1741 5147 qutdctu
1771 5087 1928 5152 tract.
1979 5096 2120 5152 scq.,

531 5103 597 5140 'Ilt
641 5103 818 5142 Ililndt)
844 5103 1044 5138 alcutlll
1076 5103 1205 5134 lllll.’
1238 5103 1500 5135 otttttttwr
1525 5103 1741 5147 qmucttt
1773 5103 1928 5134 ll‘ilCl.
1979 5103 2115 5152 δρψ,

527 5103 700 5215 11.13.
734 5173 832 5213 ms.
867 5155 1020 5209 Rem.
1045 5151 1231 5206 habere
1259 5165 1355 5221 pro
1381 5149 1581 5219 debere,
1611 5161 1664 5203 at
1690 5151 1893 5205 nttllmn
1930 5165 2115 5219 pnue.

521 5243 614 5284 rea
658 5228 797 5298 apud
831 5234 1041 5298 veteres
1076 5221 1351 5298 ejusmodi
1392 5222 1695 5298 eXt'IDttliltlt
1735 5224 1972 5298 reperire
2001 5224 2126 5276 liac-

527 5293 880 5356 teuus'licuit.
916 5294 1239 5349 Nuntiabant
1272 5309 1369 5363 pro
1396 5293 1659 5347 nuntiabat
1689 5294 2025 5348 correximus
2055 5308 2122 5349 ex

525 5386 681 5425 tnss..
725 5371 938 5435 Pomp.,
978 5365 1124 5426 Vat.,
1168 5361 1288 5435 Sp.,
1332 5361 1654 5433 Conﬁrmant
1700 5378 1800 5433 pro
1851 5365 2123 5433 conﬁrmat

523 5441 815 5497 emendare
841 5435 1104 5493 sententia
1129 5435 1309 5504 jussit.

591 5511 712 5585 (16)
741 5511 838 5585 bis.
855 5509 1082 5585 _Pomp.‘,
1100 5504 1512 5585 patrisfamilias.

591 5513 688 5585 (16
741 5511 838 5567 Ms.
867 5511 1512 5578 Pomp.,patrisfamilias.
1803 5574 1816 5585 .

590 5511 712 5657 (l7;
742 5576 1273 5657 Hs_.Rem.,indeptre
1300 5575 1770 5657 scribitintextu;
1802 5591 1855 5630 tu
1878 5576 2119 5657 margine

516 5646 699 5713 auferri
722 5654 939 5725 antiqua
960 5664 1144 5725 manu,
1172 5646 1395 5725 indept.,
1423 5646 1637 5725 μαίνῃ,
1686 5656 1967 5712 consecut.,
2000 5646 2119 5725 qua:

511 5723 825 5798 marginalis
850 5719 1078 5781 'notatio
1124 5721 1177 5779 iu
1213 5719 1466 5779 editionis
1496 5719 1715 5777 Venetae
1763 5726 1964 5776 textum
2015 5722 2117 5779 titi-

2228 3244 2349 3290 sunt
2376 3237 2610 3305 quarrite,
2642 3236 2729 3290 ubi
2768 3235 3002 3291 Christus
3029 3248 3104 3293 est
3134 3239 3204 3292 ad
3246 3237 3511 3293 dexteram
3533 3236 3628 3291 Dei
3655 3238 3842 3293 sedens

2229 3328 2454 3400 (Coloss.
2488 3346 2567 3397 III,
2604 3330 2677 3400 1).
2702 3329 2999 3387 Possumus
3029 3341 3081 3387 et
3112 3332 3212 3397 sic,
3263 3332 3480 3398 fratres,
3531 3329 3843 3401 intelligere

2232 3423 2334 3479 hoc
2363 3424 2433 3479 de
2464 3423 2729 3479 ministris
2760 3434 2815 3480 et
2834 3425 2901 3481 de
2931 3426 3137 3497 angelis
3166 3425 3554 3495 (lictttm,,qttos
3583 3425 3840 3489 Domino,

2231 3531 2354 3570 cum
2380 3524 2527 3571 esset
2553 3516 2606 3571 in
2651 3517 2833 3582 terris,
2867 3517 3058 3573 fecisse
3087 3517 3400 3573 invenimus
3429 3516 3689 3581 ollis-ium,
3718 3517 3843 3587 ipso

2234 3606 2448 3664 dicente
2479 3625 2491 3660 :
2526 3607 2640 3679 (23)
2670 3607 2854 3676 Amen,
2886 3624 3035 3663 amen
3059 3608 3177 3679 dico
3208 3609 3371 3674 uobis,
3393 3608 3625 3664 videbitis
3645 3607 3840 3663 cwlum

2232 3708 2488 3767 apertum,
2525 3700 2678 3772 191
2706 3710 2755 3756 et
2782 3702 2991 3773 angelos
3018 3699 3116 3755 Dei
3140 3702 3504 3757 adscendentes
3540 3712 3589 3755 et
3618 3701 3838 3757 descen-

2233 3788 2409 3845 dentes
2447 3808 2599 3863 super
2628 3793 2797 3862 ﬁlium
2831 3790 3054 3848 hominis
3090 3792 3276 3864 (Joan.
3312 3811 3363 3861 γι,
3411 3792 3542 3865 52);
3594 3794 3735 3849 sicut
3781 3802 3841 3851 et

2227 3875 2430 3935 factum
2468 3890 2575 3949 est,
2608 3881 2955 3953 Evangelista
2986 3884 3242 3941 dicente:
3289 3883 3431 3940 Tunc
3473 3885 3679 3955 reliquit
3717 3902 3842 3940 eum

2229 3975 2491 4045 diabolus,
2518 3989 2569 4033 et
2597 3995 2711 4034 ecce
2746 3982 2917 4055 angeli
2941 3993 3283 4049 accesserunt,
3314 3993 3362 4038 et
3397 3983 3757 4038 ministrabant
3791 3977 3841 4040 ei

2230 4068 2448 4140 (Matth.
2500 4086 2574 4139 tv,
2612 4072 2724 4143 11).
2764 4072 2918 4129 Unde
2948 4072 3173 4129 dubium
3218 4090 3323 4130 non
3368 4086 3452 4131 est
3496 4090 3665 4130 unum
3709 4091 3840 4134 esse

2232 4162 2339 4218 iter
2367 4164 2511 4219 aerei
2540 4164 2791 4221 culminis
2819 4166 3027 4238 angelis
3053 4167 3190 4223 lucis
3222 4174 3278 4223 et
3321 4167 3631 4223 hominibus
3648 4169 3839 4239 justis.

2311 4255 2375 4310 γ.
2408 4256 2535 4313 llaec
2556 4258 2721 4330 igitur
2747 4261 2927 4315 omnia
2958 4260 3072 4332 (24)
3091 4262 3398 4318 combinata
3427 4264 3587 4319 unius
3630 4264 3844 4322 fructus

2222 4370 2397 4441 gravit
2444 4371 2561 4429 sic:
2617 4375 2951 4453 indetninuta:
2996 4376 3225 4453 deitatis,
3280 4380 3539 4451 indeptus,
3590 4381 3834 4453 adeptus,

2225 4454 2529 4516 consecutus
2558 4450 2776 4516 paterna
2795 4448 3103 4515 substantia,
3140 4462 3245 4506 etc.

2299 4515 2805 4587 (t8)_Aggressuram
2829 4520 3042 4579 iterum.
3086 4530 3153 4575 tr.
3185 4522 3251 4577 16
3273 4521 3511 4579 l.t.Vide
3532 4523 3720 4579 adnot.
3746 4525 3837 4581 i9.

2300 4583 2418 4659 (19)
2449 4583 2573 4642 Mss.
2627 4590 2811 4655 Retn.,
2845 4588 3012 4665 Τι›1.,Δ
3038 4590 3170 4647 Zen.
3202 4602 3257 4647 et
3291 4592 3481 4665 Poutp.
3533 4610 3656 4649 cum
3699 4596 3839 4652 edit.

2237 4653 2896 4732 Ven.{sacramentorum;
2921 4653 3015 4716 sed
3049 4667 3187 4718 male
3220 4680 3231 4715 :
3264 4680 3387 4718 nam
3417 4653 3632 4732 seinper
3658 4668 3712 4720 in
3744 4684 3843 4723 su-

2235 4728 2535 4801 perioribus
2557 4732 2816 4801 symbolis
2832 4733 3074 4787 binarius
3100 4750 3357 4789 numerus
3378 4735 3480 4788 duo
3505 4728 3836 4795 Testamenta

2230 4798 2559 4870 signiﬁcasse
2589 4798 2845 4866 traditur,
2869 4813 2923 4858 et
2955 4815 3215 4870 prasterea
3250 4806 3504 4860 salutaria
3543 4809 3738 4862 monita
3782 4811 3840 4865 in

2232 4866 2445 4949 duobus
2471 4869 2831 4927 Testamentis
2862 4866 3028 4930 veteri
3058 4889 3121 4930 ac
3153 4890 3294 4931 novo
3324 4879 3666 4948 apertissime
3706 4894 3844 4937 con-

2233 4947 2487 4994 tinentur.

2304 5010 2421 5091 (20)
2451 5012 2736 5091 Singulare
2759 5015 2927 5091 hocce
2950 5017 3318 5074 testimonium
3342 5028 3444 5091 est,
3479 5020 3622 5091 quod
3666 5020 3842 5078 inter-

2231 5084 2585 5161 pretationem
2615 5087 2819 5161 antiqui
2850 5089 3014 5158 ign0ti
3039 5091 3299 5157 auctoris,
3321 5084 3668 5161 cujus,'qnod
3694 5095 3843 5147 scis.

2229 5155 2607 5229 mus,aliunde
2638 5155 2954 5229 non—liqua,
2982 5161 3047 5213 ad
3073 5176 3171 5215 nos
3194 5155 3511 5229 transmisit,
3531 5155 3601 5219 ad
3627 5163 3841 5221 idcirco

2231 5228 2500 5292 pt'mcipue
2529 5228 2819 5283 notandum
2852 5245 3022 5285 Vtsum
3054 5230 3172 5286 fuit.

2257 5362 2268 5375 .
2301 5294 2417 5367 (21)
2445 5297 2569 5375 Mss.
2590 5299 2802 5375 Pittltp.,
2830 5300 2959 5375 Z_en.
2986 5300 3173 5373 etSp.,
3201 5303 3521 5359 adscendunt
3546 5324 3561 5361 :
3600 5314 3657 5373 et
3692 5306 3838 5363 infe-

2224 5369 2336 5419 rius
2361 5383 2456 5434 pro
2485 5369 2802 5425 adscendunt
2831 5371 2991 5427 iidem
3016 5369 3231 5430 codices
3250 5377 3497 5432 scribunt
3516 5369 3839 5433 descendunt

2224 5441 2499 5510 Contrario
2528 5440 2685 5510 plane
2709 5457 2894 5498 sensu.
3616 5452 3623 5457 “

2227 5507 2415 5635 δθὲἓξ)
2432 5507 2576 5566 Editi
2596 5528 2885 5584 supponeus
2917 5532 2936 5570 :
2965 5517 3397 5575 emendationem
3435 5534 3568 5575 mss.
3607 5533 3837 5591 sugges-

2301 5649 2546 5735 (gbiliss.
2563 5652 2779 5735 PD_tttp.,
2803 5656 3095 5735 Zen.,Sp.,
3113 5659 3327 5735 unicum
3351 5678 3498 5716 amen
3513 5660 3828 5735 pra:[c_runt.

2304 5723 2424 5795 (21)
2471 5723 2795 5796 Combinata,
2830 5728 2881 5785 id
2920 5723 3209 5789 c'st'sintul
3265 5732 3471 5803 juncta,
3514 5723 3572 5787 ut
3621 5731 3839 5790 Glossaz
