4230 6168
431 244 536 304 ut

1637 242 1841 298 LIBER
1887 242 1947 298 11.
1992 238 2417 298 ΤΒΑΟΤΛΤΙῈ
2456 240 2573 297 XV.

3691 260 3795 317 HQ

436 368 619 439 tisque
662 365 833 438 200
871 362 1180 417 labentibus
1209 361 1353 416 illam
1396 362 1795 417 sanctissimam
1826 361 2051 417 fratrum
2083 366 2130 425 Λ
2168 360 2284 434 Ego
2309 378 2423 415 sum
2450 363 2530 415 via
2568 371 2614 416 et
2648 363 2869 418 raritas.
2905 364 3009 420 Job
3044 369 3201 426 dives
3231 371 3343 429 luit.
3390 374 3454 430 Et
3480 377 3605 447 quid
3632 379 3794 435 ditias

434 457 721 515 cohortem
770 455 968 526 sepelit
1011 467 1138 509 ante
1177 468 1338 524 quam
1394 453 1610 523 jugulet
1654 471 1668 508 :
1711 454 1925 524 taleque
1968 464 2053 508 cst

432 560 781 608 commentus
821 549 1118 621 impietatis
1151 546 1449 613 excidium,
1485 557 1542 601 ut
1573 548 1625 602 in
1660 546 1751 603 illa
1780 547 1938 603 unius
1967 546 2053 602 fu-

434 646 585 700 neris
613 642 772 697 turba
800 640 1223 710 paternusdolor
1246 654 1352 694 non
1373 640 1899 703 sulliceretorbitati,
1925 655 2049 695 cum

433 738 633 799 nescit.
677 751 843 807 quem
878 735 1107 804 primunt
1150 734 1390 803 plangat,
1425 748 1587 804 quem
1635 734 1870 803 priorem
1903 734 2053 789 iuve-

431 831 549 885 niat
577 871 589 891 .
615 829 703 883 cui
739 828 973 897 primum
1005 824 1083 898 (6)
1104 826 1246 894 jnsta
1277 825 1435 881 crudi
1467 825 1678 881 funeris
1707 825 1906 881 801ν.ιῐ.
1931 826 2049 893 Quo

430 922 623 978 nuntio
655 928 884 989 accepto
916 917 1011 972 Dei
1038 932 1225 974 servus
1255 916 1420 972 scidit
1448 917 1773 971 vestimenta
1797 933 1915 984 sua,
1943 932 2048 972 non

429 1026 493 1072 ut
530 1016 643 1070 Deo
693 1013 777 1084 (Ἰ)
814 1013 1068 1067 invidiam
1108 1012 1332 1077 laceret,
1378 1010 1472 1067 sed
1506 1020 1565 1065 ut
1608 1011 1897 1081 expeditus
1925 1026 2047 1065 eum

428 1109 589 1165 hoste
627 1117 916 1178 pugnaret.
961 1102 1301 1173 Contempsit
1341 1103 1578 1175 denique
1612 1104 1664 1159 in
1709 1104 1934 1173 perditis
1960 1103 2049 1158 'la-

426 1201 723 1257 cultatihus
768 1197 996 1253 divitem
1038 1215 1051 1250 :
1096 1196 1457 1251 dissimulavit
1498 1197 1553 1251 in
1598 1194 1815 1251 amissis
1862 1195 2047 1250 liberis

430 1301 661 1363 patrem,
708 1292 759 1344 iu
790 1304 955 1360 poena
983 1288 1063 1342 sui
1093 1288 1335 1359 corporis
1361 1288 1592 1358 justum.
1626 1287 1870 1358 Namque
1899 1304 2047 1342 sum-

429 1399 521 1440 mo
555 1383 748 1454 capitis
792 1398 820 1434 a
853 1363 1062 1435 vertice
1091 1395 1259 1451 usque
1289 1380 1355 1434 ad
1389 1381 1528 1435 imos
1580 1395 1790 1451 ungues
1847 1381 2043 1451 pedum

428 1479 586 1549 plaga
644 1475 851 1532 inimici
922 1489 1243 1545 percussus,
1293 1476 1578 1546 populosis
1623 1476 1896 1531 ulceribus
1935 1493 2040 1531 non

428 1570 508 1643 (8)
548 1569 837 1624 distinctus
881 1578 990 1632 est,
1032 1566 1125 1621 sed
1162 1576 1309 1621 totus
1350 1584 1515 1623 untun
1563 1568 1759 1622 vulnus
1796 1567 2040 1623 cﬂ‘eCLus.

425 1662 629 1720 Verum
671 1673 847 1717 tamen
897 1660 952 1715 in
1000 1659 1084 1714 his
1119 1659 1374 1716 omnibus
1402 1660 1539 1714 nihil
1576 1659 1839 1715 adversus
1873 1660 2051 1715 Deum

2164 453 2441 510 Domino?
2468 453 2628 524 cujus
2658 466 2799 510 sunt
2827 474 3024 515 omnes
3064 462 3260 521 divites
3302 470 3441 522 servi
3476 486 3489 521 :
3529 470 3681 539 cujus
3706 482 3791 528 est

2160 543 2314 602 orbis
2339 554 2521 611 totus,
2551 546 2857 619 omnisque
2897 563 3115 623 natura,
3161 556 3473 614 beatissimo
3516 560 3682 616 David
3706 562 3787 617 di-

2157 648 2323 695 cente
2353 655 2367 692 :
2404 637 2621 694 Domini
2650 650 2731 693 est
2767 651 2910 698 terra
2945 654 2991 698 et
3026 647 3294 716 plenitudo
3328 655 3440 723 ejus
3461 693 3475 717 ,
3506 651 3645 705 orbis
3679 664 3781 708 ter-

2118 772 2126 776 ‹
2158 751 2366 801 rarum,
2400 744 2449 787 et
2491 733 2721 788 unirersi
2769 739 2859 807 qui
2905 740 3134 794 habitant
3171 742 3225 795 in
3260 758 3318 797 eo
3355 743 3473 811 (P3.
3505 760 3646 807 xx".
3682 746 3771 817 1).

2157 825 2265 881 Job
2306 825 2558 882 diabolus
2589 837 2671 883 ter
2704 830 2954 884 tentavit.
2987 831 3249 887 Similiter
3282 835 3613 905 Evangelista
3644 852 3770 906 pcr-

2159 920 2389 977 bibente
2429 920 2657 993 (Matth.
2692 938 2777 989 tv,
2805 923 2933 978 Luc.
2960 926 3072 994 tv),
3129 936 3184 980 et
3225 927 3502 981 Dominum
3549 937 3629 982 ter
3682 939 3765 984 est

2159 1025 2378 1073 tentare
2407 1026 2654 1072 conatus.
2688 1017 2790 1073 Job
2818 1017 3123 1083 facultates,
3157 1033 3291 1089 quas
3312 1018 3523 1086 habuit,
3561 1021 3759 1074 amisit.

2156 1109 2224 1164 Et
2251 1110 2512 1165 Dominus
2538 1109 2776 1165 caelestia
2802 1124 2896 1165 sua
2924 1110 3060 1163 bona
3085 1126 3274 1166 amore
3297 1122 3481 1166 nostro
3506 1112 3760 1181 neglexit,

2157 1219 2564 1275 pauperemque
2608 1220 2667 1259 se
2696 1205 2853 1270 fecit,
2894 1212 2951 1257 ut
3002 1218 3101 1258 uos
3146 1203 3347 1259 divites
3389 1202 3611 1261 faceret.
3658 1203 3762 1259 Joh'

2156 1298 2304 1353 ﬁlios
2333 1297 2517 1353 furens
2543 1297 2793 1352 diabolus
2821 1297 3118 1352 interemit.
3149 1298 3211 1352 Et
3245 1298 3452 1352 Domini
3479 1300 3613 1353 lilios
3637 1313 3760 1367 pro-

2155 1391 2354 1458 phetas
2399 1389 2625 1444 insanus
2656 1390 2887 1461 populus
2918 1389 3225 1444 Pbarisaeus
3263 1389 3482 1445 occidit.
3528 1388 3632 1446 Job
3688 1392 3759 1445 ul-

2152 1484 2374 1537 ceribus
2402 1483 2703 1538 maculatus
2732 1491 2833 1537 est.
2864 1482 2931 1537 Et
2967 1483 3227 1537 Dominus
3254 1482 3517 1537 sumendo
3540 1498 3756 1549 carnem

2152 1576 2321 1630 totius
2379 1574 2598 1629 humani
2664 1575 2879 1645 generis
2952 1582 3296 1644 peccatorum
3367 1583 3451 1630 est
3506 1574 3756 1629 sordibus

2154 1666 2204 1739 (I
2219 1671 2238 1723 I
2250 1678 2273 1738 )
2296 1668 2650 1724 obsoletatus.
2673 1667 2776 1724 Job
2798 1684 2933 1724 uan
2953 1683 3050 1723 sua
3073 1668 3315 1724 hortatur
3331 1711 3346 1735 ,
3378 1680 3436 1724 ut
3462 1679 3668 1739 peccet.
3690 1669 3757 1723 Et

426 1756 676 1827 improbe
696 1756 957 1825 loquitur.
984 1752 1098 1806 Non
1119 1753 1270 1807 uxori
1297 1752 1486 1809 illicita
1518 1752 1764 1806 suadenti
1788 1766 2042 1808 succum-
2075 1766 2120 1826 Β
2153 1763 2466 1830 Deminum,
2503 1772 2559 1817 ut
2590 1762 2954 1831 corruptelam
2988 1762 3263 1818 seniorum
3292 1771 3570 1833 sequatur,
3593 1777 3755 1834 syna-

425 1851 534 1911 bit,
576 1865 682 1904 non
727 1846 1338 1904 amicisiusultautibus
1378 1846 1554 1912 cedit;
1589 1848 1684 1902 sed
1715 1848 1888 1902 vietor
1917 1864 2042 1903 cru-

425 1941 672 1997 delitatis
691 1948 748 1995 et
765 1939 1059 2010 impietatis
1080 1940 1132 1994 in
1147 1939 1496 2009 sterquilinio
1510 1938 1696 1995 {ualido
1714 1940 2043 1997 seaturientc

428 2034 706 2089 vermibus
717 2033 892 2098 sedet,
909 2032 1062 2103 quasi
1091 2032 1225 2086 nihil
1251 2047 1469 2101 passus,
1486 2031 1583 2087 sed
1597 2035 1713 2087 solo
1729 2032 1822 2088 Dei
1850 2032 2044 2088 timore

364 2185 375 2196 ,
423 2138 740 2184 contentus.
767 2126 812 2182 Ο
841 2126 968 2183 felix
1000 2125 1110 2180 vir!
1136 2127 1225 2196 qui
1258 2127 1397 2180 mira
1431 2126 1690 2194 patientia
1724 2126 1892 2181 Deum
1920 2141 2048 2195 pro-

425 2220 647 2287 meruit,
666 2216 1119 2291 201.diaholum
1136 2217 1283 2284 vicit,
1305 2216 1599 2272 sanitatem
1626 2218 1853 2287 recepit,
1872 2214 2043 2272 facul-

428 2326 569 2371 tates
608 2314 918 2383 Iiberos'que
941 2312 1022 2384 (9)
1048 2328 1177 2368 suos
1209 2328 1317 2368 non
1362 2312 1635 2382 perdidit,
1670 2312 1764 2367 sed
1790 2314 2037 2368 mutavit.

502 2406 569 2461 Il.
613 2405 736 2469 Job,
765 2414 1028 2476 quantum
1054 2405 1278 2473 intelligi
1311 2405 1498 2470 datur,
1535 2408 1726 2459 l‘ratres
1748 2406 2035 2471 carissimi,

426 2499 633 2555 Christi
683 2499 975 2567 imaginem
1012 2499 1353 2568 praeferebat.
1385 2496 1504 2569 (ιυ)
1538 2498 1778 2568 Denique
1818 2513 2040 2569 compa-

428 2591 575 2646 ratio
597 2590 814 2645 inducat
854 2592 1158 2646 veritatem.
1191 2591 1293 2647 Job
1321 2592 1506 2661 jusms
1536 2590 1716 2644 dictus
1742 2606 1769 2643 a
1799 2590 1910 2645 Deo
1931 2601 2036 2646 est.

429 2682 553 2751 Ipse
579 2683 810 2753 justitia,
836 2682 904 2738 de
934 2682 1096 2752 cujus
1121 2682 1269 2740 fonte
1305 2697 1502 2738 omnes
1528 2723 1541 2747 .
1575 2683 1662 2752 qui
1697 2683 1840 2737 beati
1871 2693 1995 2738 sunt
2021 2726 2037 2751 ,

427 2782 649 2843 gustant
678 2792 691 2827 :
722 2789 849 2830 ecce
870 2776 1017 2830 enim
1046 2773 1116 2830 de
1145 2775 1262 2845 ipso
1287 2775 1495 2829 dictum
1523 2784 1608 2829 est
1632 2792 1645 2829 :
1674 2774 1879 2829 Orietur
1905 2777 2043 2831 vobis

426 2867 511 2920 sol
552 2865 771 2932 iustitiw
817 2865 991 2937 (Mat.
1020 2882 1103 2930 tv,
1136 2866 1228 2935 εὶ).
1262 2866 1367 2921 Job
1402 2881 1562 2919 verax
1593 2876 1680 2921 est
1721 2867 2038 2938 appellatus.

426 2960 502 3016 At
522 2970 607 3015 est
630 2975 751 3016 vera
780 2962 982 3016 veritas
1011 2959 1271 3015 Dominus
1293 3001 1307 3025 ,
1366 2961 1456 3031 qui
1495 2959 1571 3014 ait
1606 2961 1659 3015 in
1705 2961 1995 3032 Evangelia
2026 2982 2039 3020 :

2147 1869 2284 1925 goga
2307 1854 2734 1925 compellit.an
2760 1853 2918 1908 amici
2947 1857 3028 1909 sui
3060 1854 3350 1910 insultasse
3377 1853 3750 1924 perhibentur.

2152 1947 2217 2000 Et
2249 1949 2293 2002 D
2317 1949 2481 2002 nnino
2512 1946 2594 2001 sui
2634 1945 2980 2011 Sacerdotes,
3012 1947 3094 2001 sui
3134 1946 3463 2001 insultavere
3493 1945 3750 2000 cultores.

2149 2038 2255 2093 Job
2302 2039 2359 2093 in
2400 2036 2742 2108 sterquilinio
2771 2036 2937 2107 pleno
2966 2035 3246 2091 vermibus
3273 2034 3446 2091 sedet.
3492 2035 3752 2090 Dominus

2150 2146 2370 2203 quoque
2400 2133 2452 2186 in
2496 2147 2626 2187 vero
2658 2130 3023 2201 sterquilinio,
3056 2130 3107 2184 id
3130 2139 3249 2196 est,
3299 2130 3352 2182 in
3383 2128 3543 2196 hujus
3565 2126 3751 2183 nmndi

2154 2238 2314 2280 coeno
2347 2233 2593 2280 versatus
2624 2233 2708 2279 est
2748 2224 2890 2277 inter
2932 2222 3254 2278 ebullientes
3297 2218 3529 2277 diversis
3579 2219 3751 2275 scele-

2148 2317 2301 2372 ribus
2331 2334 2394 2373 ac
2424 2318 2735 2373 libidinibus
2766 2317 3046 2382 homines,
3092 2317 3180 2386 qui
3218 2316 3328 2370 veri
3356 2322 3482 2369 sunt
3514 2326 3745 2393 vermes.

2144 2410 2247 2465 Job
2276 2420 2331 2465 et
2358 2409 2647 2465 sanitatem
2672 2409 2904 2478 recepit,
2936 2419 2991 2463 et
3029 2408 3360 2463 facultatem.
3394 2407 3462 2460 At
3491 2404 3751 2459 Dominus

2145 2517 2442 2570 resurgens
2467 2517 2575 2556 tton
2599 2500 2883 2555 sanitatem
2913 2509 3142 2563 tantum,
3167 2497 3261 2551 sed
3288 2496 3746 2552 inunortalitatem

2146 2594 2198 2648 in
2227 2608 2287 2648 se
2315 2594 2661 2650 credentibus
2702 2592 2949 2662 pra-stitit
2973 2634 2986 2657 ,
3030 2590 3437 2659 dominiumquc
3471 2587 3632 2641 totius
3662 2602 3748 2640 ιιτι-

2147 2695 2283 2741 tura:
2312 2687 2673 2757 recuperavit,
2702 2685 2840 2740 sicut
2862 2694 2946 2741 est
2973 2685 3088 2755 ipse
3114 2692 3339 2737 testatus
3360 2681 3545 2736 dicens
3576 2696 3588 2732 :
3621 2678 3747 2733 0m-

2146 2782 2233 2835 nia
2264 2782 2395 2835 mihi
2443 2780 2631 2834 tradita
2674 2789 2791 2835 sunt
2836 2797 2867 2833 a
2909 2788 3053 2847 patre
3098 2793 3209 2831 meo
3242 2775 3455 2848 (Matth.
3502 2790 3556 2829 χι
3581 2817 3595 2839 ,
3637 2772 3742 2838 27;

2151 2870 2278 2927 Luc.
2308 2888 2365 2939 Χ,
2399 2871 2478 2943 2).
2512 2872 2615 2928 Job
2645 2871 2758 2942 (12)
2793 2870 3026 2925 vicarius
3059 2869 3198 2922 lilios
3241 2867 3444 2936 genuit.
3487 2864 3744 2919 Dominus

2147 2966 2310 3038 202
2341 2982 2555 3038 quoque
2581 2974 2703 3038 post
2724 2967 3011 3037 prophetas
3040 2964 3154 3035 (15)
3182 2962 3321 3017 lilios
3352 2970 3568 3016 sanctos
3600 2962 3743 3029 Apo-

424 3121 629 3192 c:tp_._7,
658 3120 743 3192 ubi
766 3128 818 3175 et
840 3120 1007 3175 alium
1042 3119 1216 3192 Plauti
1248 3120 1429 3174 locum
1460 3119 1655 3189 allegat
1681 3136 1745 3175 ex
1775 3121 1971 3190 Amph.
2012 3141 2027 3177 ι
2057 3127 2102 3189 C
2137 3125 2335 3191 factus;
2359 3125 2455 3180 sed
2490 3125 2620 3182 Urb.
2659 3125 2861 3181 codicis
2893 3125 3053 3180 lectio
3080 3123 3293 3191 e/fectus
3322 3122 3489 3192 magis
3521 3121 3737 3191 placuit.

426 3189 597 3261 1,7257
619 3207 634 3241 :
660 3189 889 3247 Numero
917 3192 971 3245 in
1017 3191 1144 3243 mihi
1172 3202 1394 3245 mentem
1429 3192 1561 3261 fuit;
1593 3192 1646 3244 in
1676 3202 1911 3251 mentem.
1944 3195 2026 3247 in-

421 3263 544 3331 quit
573 3260 793 3325 Gellius,
824 3280 952 3327 non,
985 3272 1041 3316 ut
1084 3261 1187 3315 dici
1211 3260 1437 3315 solitum
1471 3275 1563 3321 est.
1619 3263 1671 3315 in
1722 3274 1918 3329 mente;
1977 3276 2032 3320 et

421 3336 843 3408 stipo-aiaecausa
894 3334 1206 3408 _alia'_pln_ra
1262 3333 1312 3387 id
1343 3332 1563 3408 generis
1597 3334 1737 3408 dicta
1792 3350 2032 3408 comme-

423 3402 621 3457 morat.
656 3405 786 3459 Iliae
836 3406 1003 3473 igitur
1030 3406 1089 3459 S.
1129 3402 1280 3457 Zeno
1310 3404 1442 3457 satis
1471 3405 1754 3459 commode
1782 3414 1839 3460 et
1868 3407 2031 3463 latine

418 3476 479 3528 in
520 3475 701 3529 molem
740 3478 957 3546 scripsit
983 3493 1084 3543 pro
1116 3475 1172 3528 in
1202 3476 1358 3540 mole,
1389 3475 1472 3529 vel
1500 3477 1633 3546 inter
1655 3478 1872 3542 molem;
1905 3493 2026 3532 nam

419 3548 554 3600 etin
596 3562 690 3615 pro
728 3545 863 3602 inter
904 3557 1224 3613 usurpatum
1271 3561 1490 3615 quoque
1528 3545 1745 3614 legitur,
1777 3547 1880 3602 etsi
1902 3563 2025 3604 cum

418 3618 657 3672 ablativo
685 3618 1043 3689 frequentius,
1070 3627 1687 3689 7nonnunquamtamen
1711 3632 1834 3672 cum
1862 3634 2024 3675 accu-

416 3692 616 3751 sativo,
652 3690 724 3746 uti
749 3687 887 3747 forte
912 3698 999 3745 est
1024 3688 1158 3743 illud
1191 3688 1332 3742 Livii
1362 3704 1399 3752 ι,
1434 3688 1504 3743 35
1538 3687 1788 3744 :Ceutum
1819 3691 1874 3743 in
1908 3690 2023 3745 Pa-

421 3769 528 3812 tres
568 3758 704 3829 legit,
741 3760 883 3829 quod
916 3770 1100 3815 tamen
1149 3760 1310 3813 aliter
1339 3759 1509 3827 accipi
1544 3767 1739 3827 potest,
1772 3760 2023 3818 nimirum

418 3839 482 3902 ut
503 3832 664 3885 linem
686 3832 971 3902 signiticet,
991 3830 1043 3886 id
1067 3841 1151 3884 est
1180 3841 1238 3883 nt
1263 3840 1445 3885 essent
1478 3831 1624 3885 inter
1648 3831 1854 3885 Patres.
1882 3832 2022 3887 Pau-

418 3901 474 3955 Io
505 3912 627 3970 p0st
652 3902 715 3955 ad
744 3901 903 3959 verba
932 3903 1139 3970 taleque
1170 3912 1243 3954 est
1289 3911 1603 3957 commentus
1629 3902 2023 3960 substantivum

413 3973 842 4045 estinsetuimus
876 3992 942 4028 ex
998 3988 1132 4027 mss.
1165 3971 1408 4037 'l‘olent.,
1446 3973 1564 4027 Vat.
1595 3974 1684 4045 qni
1716 3986 2023 4043 postremus

412 4044 631 4115 pietatis
658 4061 752 4113 pro
780 4045 1061 4115 impietatis
1087 4046 1297 4098 scribit.
1466 4066 1473 4072 ί

493 4112 574 4189 (ti)
601 4112 1050 4189 Justajustorum
1082 4116 1224 4169 dicta
1256 4124 1410 4189 sunt,
1434 4131 1556 4184 qua:
1611 4115 1840 4189 mortuis
1876 4133 2018 4186 prae-

413 4185 703 4240 stabantur
729 4185 922 4254 cilicia,
960 4195 1247 4256 propterea
1271 4186 1412 4255 quod
1437 4189 1551 4254 iure
1575 4187 1935 4243 adhibeantur
1957 4190 2021 4244 iis

411 4255 511 4326 qui
563 4257 630 4309 de
670 4258 820 4312 nobis
841 4257 981 4313 bene
1010 4257 1191 4311 meriti
1215 4266 1359 4311 sunt.
1387 4257 1541 4311 Jmta
1571 4257 1808 4327 funebria
1838 4258 2020 4315 Livius

412 4327 658 4402 appellat
700 4344 746 4388 I.
778 4329 927 4402 2,__et
958 4330 1101 4395 iusta
1138 4327 1683 4402 [interunt_Cicct-ol.
1717 4346 1753 4384 ιι
1787 4332 1851 4383 de
1888 4330 2015 4402 Leg.

413 4413 589 4467 prope
614 4398 807 4470 linem.
838 4399 973 4454 Hinc
994 4402 1159 4470 juxta,
1176 4400 1527 4470 fucere,justa
1551 4400 1744 4470 solvere
1776 4402 1916 4455 inter
1944 4398 2021 4456 la-

414 4471 560 4523 linus
605 4469 880 4523 formulas.
931 4468 1076 4524 Idem
1107 4468 1297 4522 Cicero
1326 4484 1422 4539 pro
1454 4468 1632 4524 Flacc.
1656 4469 1809 4525 Iusta
1837 4471 2018 4527 Catili-

412 4556 499 4594 na:
538 4545 675 4609 facta
721 4550 855 4605 sunt,
901 4551 954 4593 et
1004 4554 1102 4607 pro
1150 4538 1335 4594 Itabir.’
1372 4538 1644 4595 locutione
1693 4541 2019 4599 Zenoniaua:

409 4612 582 4685 plane
608 4610 801 4685 simili:
832 4611 1219 4685 _Qt_ti_ttettdtttt_t
1248 4611 1400 4663 etiam
1430 4621 1641 4685 paterno
1674 4614 1847 4685 funeri
1874 4617 2021 4685 justo

411 4680 876 4743 solveratﬂidesis
900 4681 1131 4735 Plinium
1158 4682 1253 4735 lib.
1279 4696 1316 4735 ll
1347 4697 1467 4749 cap.
1502 4683 1595 4736 ult.
1616 4699 1630 4748 ;
1650 4680 1898 4738 Curtium
1925 4685 2017 4738 lib.

411 4768 490 4817 tv,
528 4751 615 4814 12,
649 4751 683 4804 2
707 4750 861 4823 etiL.
897 4768 933 4807 ιι
963 4753 1027 4806 de
1068 4766 1169 4823 non
1199 4753 1251 4805 in
1284 4753 1377 4823 jus
1405 4755 1654 4807 vocando.
1703 4756 1849 4811 Edit.
1881 4756 2017 4810 Ven;

408 4838 539 4877 cum
581 4838 722 4894 mss.
762 4822 974 4877 Tolcnt.
1021 4832 1077 4878 et
1108 4822 1296 4879 Urbin.
1332 4824 1591 4894 justitiam
1637 4826 1891 4891 habebat,
1923 4843 2022 4883 nec

409 4910 525 4949 nun
578 4893 768 4963 Pomp.
819 4895 1030 4962 codex,
1084 4896 1137 4949 in
1167 4909 1275 4965 quo
1319 4893 1496 4949 tamen
1549 4899 1891 4953 emendatum
1940 4908 2025 4953 est

420 4968 577 5017 iusta.

397 4986 577 5103 1mg).
596 5034 862 5090 Invidiam
907 5035 1180 5092 concinnat
1208 5036 1346 5092 dixit
1375 5035 1521 5090 Zeno
1552 5037 1644 5095 lib.
1679 5055 1697 5095 ι
1739 5050 1900 5095 tract.
1926 5034 1996 5096 ’16

413 5106 555 5162 Vide
581 5108 778 5163 ibidem
801 5109 988 5163 adnot.
1017 5106 1107 5162 54.

490 5202 575 5279 (ξι)
607 5202 748 5279 Editi
794 5204 1238 5279 distinctutanetl
1268 5220 1399 5279 mss.
1425 5204 1905 5279 distinctumidque
1929 5224 1993 5279 pe

407 5273 577 5330 finde
597 5273 799 5327 dictum
832 5288 895 5328 ac
925 5274 1065 5348 apud
1095 5273 1340 5348 Tullium
1363 5276 1414 5329 itt
1446 5275 1575 5331 Ver.
1608 5291 1682 5342 tv,
1712 5273 2020 5348 27,'poc'ula

362 5408 369 5413 ι
407 5362 479 5399 ea;
507 5359 640 5397 auro
670 5348 975 5417 gemmisque
996 5345 1262 5417 distincta,
1292 5346 1342 5400 id
1364 5354 1449 5401 est
1467 5350 1694 5417 gemmis
1720 5345 2019 5406 distributis

405 5427 469 5469 et
515 5416 782 5483 separatis
825 5417 1067 5480 variata;
1097 5426 1151 5471 et
1178 5416 1536 5486 signiﬁcatur,
1576 5435 1680 5474 non
1723 5419 1825 5474 Job
1857 5420 2018 5476 alI'ec-

406 5498 527 5541 tum
562 5487 728 5559 l'uisse
768 5486 1040 5559 ulceribus
1061 5486 1436 5557 frequentibus
1457 5488 1699 5559 quidem,
1723 5498 1780 5544 at
1802 5505 2020 5559 separa-

406 5506 527 5541 tum
562 5506 728 5542 llllSSC
768 5506 1436 5557 utcerltmsrrequenttnus
1495 5506 1699 5556 tttaem,
1723 5506 1780 5544 at
1802 5506 2018 5559 separa-

405 5560 502 5621 lis,
543 5565 599 5609 ut
640 5557 844 5625 aliquid
875 5558 990 5612 sani
1028 5569 1359 5625 superesset,
1400 5506 1493 5615 sed
1538 5561 1589 5615 in
1634 5577 1796 5615 unum
1826 5563 2018 5618 vulnus

401 5640 582 5684 totum
598 5627 717 5697 ejus
736 5643 938 5698 corpus
959 5631 1241 5698 migrasse.
1271 5631 1380 5685 Ilac
1399 5630 1467 5685 de
1488 5646 1677 5686 caussa
1710 5639 1829 5698 post
1852 5647 2016 5699 pauca

394 5710 487 5773 est
512 5702 682 5773 factus
709 5700 966 5773 libentius
993 5701 1411 5773 inseruissemus
1454 5718 1519 5757 ex
1558 5703 1840 5773 marginali
1890 5715 2013 5759 uota

393 5762 664 5828 editionis
712 5762 1038 5827 Veronensis
1083 5771 1183 5841 'p‘ro
1224 5787 1309 5842 eo,
1342 5774 1485 5843 quod
1532 5774 1659 5829 alibi
1676 5762 1935 5844 "legitur,
1970 5776 2015 5830 ei

2142 3195 2409 3259 Papulosa
2453 3197 2633 3252 ulcera
2671 3198 2809 3251 dicta
2858 3204 2985 3251 sunt
3024 3211 3119 3265 pro
3161 3196 3321 3248 multa
3349 3206 3401 3249 et
3425 3194 3735 3265 Lrequeutia,

2132 3281 2254 3339 quo,
2287 3281 2452 3339 sensu
2496 3269 2895 3339 popularitatem
2943 3263 3193 3320 luminum
3235 3265 3371 3339 digit
3425 3263 3737 3339 Fulgentius

2132 3337 2298 3407 Myth.
2336 3338 2389 3405 1,
2424 3335 2522 3407 pro
2548 3340 2801 3393 luminum
2853 3339 3255 3392 multitudinem.
3292 3335 3557 3404 Populoso
3593 3338 3733 3405 [ruc—

2132 3406 2197 3461 tu
2222 3406 2433 3481 eadem
2461 3409 2855 3481 signiﬁcatione
2895 3411 2953 3464 S.
3002 3409 3300 3478 Episcopus
3327 3408 3547 3478 scripsit.
3576 3406 3667 3461 bb.
3691 3421 3730 3473 ι,

2131 3487 2286 3533 tract.
2313 3479 2403 3547 16,
2435 3479 2584 3538 unm.
2618 3482 2706 3538 Il).

2204 3548 2285 3619 (9)
2328 3549 2467 3607 Suos
2493 3552 2645 3607 abest
2670 3570 2696 3604 a
2726 3568 2828 3607 ms.
2860 3553 2992 3607 Zen.

2202 3618 2319 3694 (10)
2358 3620 2596 3691 Denique
2617 3623 2737 3679 heie
2770 3633 2954 3692 aperte
2973 3621 3241 3692 signiﬁcat
3270 3620 3447 3694 paucis
3466 3662 3494 3694 ,_
3496 3618 3593 3694 uti
3626 3618 3730 3672 boc

2129 3691 2267 3747 ηυξ-ο
2310 3700 2466 3747 tract.
2503 3696 2555 3755 7,
2581 3695 2765 3755 adnot.
2810 3691 2880 3759 ’4,
2924 3691 3251 3749 monuimus.
3282 3691 3426 3747 Mss.
3468 3691 3681 3746 Toleni.
3711 3731 3726 3754 ,

2129 3763 2344 3833 Pomp.,
2376 3763 2579 3826 Valie..
2632 3783 2728 3835 pro
2772 3766 2983 3820 inducat
3022 3764 3267 3835 scribunt
3298 3763 3515 3816 iudicat.
3562 3759 3728 3814 Paulo

2125 3843 2251 3905 post
2281 3835 2442 3889 iidem
2476 3834 2695 3893 codices
2726 3838 2882 3891 Adest
2909 3853 3024 3890 vera
3054 3852 3149 3904 pro
3176 3834 3240 3888 At
3265 3844 3337 3888 est
3368 3849 3508 3887 vera.

2198 3906 2312 3976 (ll)
2359 3906 2598 3980 Obsoleto
2644 3909 2931 3980 inquinare
2956 3950 2969 3970 ,
2997 3902 3398 3980 counmaculare
3437 3902 3723 3980 signiﬁcat.

2125 3972 2469 4046 Quapropter
2513 3972 2878 4034 'I‘ertullianus
2934 3980 3193 4032 adversus
3242 3978 3431 4030 tinnst.
3473 3972 3591 4046 cap.
3624 3972 3721 4046 ti:

2129 4049 2230 4115 Qui
2251 4043 2500 4103 vestitum
2545 4050 2912 4105 obsoletassent
2958 4049 3261 4116 nuptialem.
3307 4046 3442 4102 Ilinc
3485 4043 3721 4111 Zenonis

2125 4120 2432 4174 obsoletant:
2460 4132 2542 4174 est
2567 4122 2864 4191 inquinatus
2891 4122 3150 4175 sordibus.

2198 4211 2522 4292 (I2)I"icarii
2550 4214 2823 4279 dicuntur,
2856 4215 3183 4285 quicumque
3210 4210 3352 4264 vices
3367 4209 3599 4292 alterius
3627 4224 3721 4277 ge-

2125 4290 2285 4343 runt,
2319 4297 2421 4337 nec
2462 4286 2493 4337 ii
2528 4296 2758 4350 tantum,
2801 4288 2890 4353 qui
2920 4289 3193 4349 negotium
3236 4286 3536 4353 suscipiunt
3568 4294 3731 4333 mau-‘

2124 4356 2286 4407 dante
2315 4355 2519 4423 aliquo,
2552 4360 2705 4423 cujus
2734 4351 2850 4411 erat
2878 4357 3109 4423 purliuuv
3143 4351 3270 4405 illud
3302 4365 3559 4423 petjsgere
3579 4389 3593 4410 ,
3614 4366 3717 4423 Δρη-

2122 4426 2316 4497 jusque
2349 4419 2441 4497 illi
2493 4419 2776 4493 personam
2819 4419 3046 4497 gerant,
3095 4439 3216 4497 qua;
3259 4420 3582 4497 significatio
3606 4419 3716 4497 jam

2048 4509 2098 4569 ι)
2125 4492 2285 4563 vulgo
2311 4495 2545 4569 obtinet;
2578 4498 2670 4551 sed
2701 4498 2775 4551 illi
2804 4492 2989 4562 etiam,
3020 4492 3219 4569 quive]
3254 4507 3351 4569 p_r_o
3380 4492 3489 4545 alio
3513 4492 3715 4569 aliquid

2127 4574 2318 4636 sponte
2340 4568 2744 4637 aggrediuntur.
2795 4580 2852 4623 ut
2882 4563 3073 4623 (liceri,
3118 4582 3169 4620 IV
3194 4565 3247 4637 in
3282 4563 3404 4617 Ver.
3431 4578 3580 4637 num.
3613 4564 3711 4637 5],

2126 4632 2613 4692 vicarium'inuneri
2641 4655 2699 4693 se
2732 4640 2967 4693 futurum
2994 4634 3514 4706 Seipionipraisenti
3556 4632 3713 4698 polli-

2126 4710 2264 4763 citus
2284 4718 2369 4764 Cal
2387 4751 2400 4772 ,
2426 4718 2478 4763 et
2506 4710 2723 4778 scripsit
2750 4711 2954 4767 Seneca
2979 4710 3043 4765 ad
3090 4705 3329 4778 Helviam
3350 4717 3510 4778 ,_qute
3531 4718 3589 4756 se
3618 4718 3715 4771 pro

2127 4781 2356 4850 conjuge
2384 4775 2628 4835 vicariam
2665 4782 2804 4835 dedit
2834 4798 2852 4836 :
2881 4782 2965 4836 vel
3000 4784 3051 4834 in
3095 4776 3327 4850 alterius?
3364 4775 3548 4850 (locum
3569 4784 3715 4850 _post

2127 4845 2246 4920 ejus
2271 4845 2497 4925 mortem
2526 4853 2851 4925 succedunt,
2887 4852 3000 4925 etsi
3018 4852 3053 4905 ii
3084 4866 3187 4925 non
3230 4848 3467 4925 nisi__late
3491 4845 3715 4925 defunc-

2129 4916 2302 4994 torum
2338 4924 2481 4978 vices
2508 4923 2735 4985 obeant;
2770 4939 2872 4994 qua
2906 4924 3112 4977 ratione
3147 4919 3289 4979 Petri
3332 4916 3521 4994 I’icarii
3567 4930 3714 4985 Stepe

2124 4992 2495 5064 appellantur,
2528 4995 2616 5063 qui
2658 4994 2714 5049 S.
2749 4989 2908 5049 Petro
2952 4994 3308 5064 Apostolo’in
3347 4989 3714 5049 eamdem'ca-

2126 5063 2762 5134 tltedraanuhrvgantur
2785 5108 2798 5131 ,
2834 5067 3043 5120 tametsi
3083 5080 3188 5120 non
3219 5068 3481 5123 minorem
3505 5101 3521 5128 ,
3551 5074 3709 5127 illm“

2122 5135 2252 5189 olim
2303 5134 2452 5204 ipse,
2486 5135 2862 5191 auctoritatem
2914 5137 3174 5202 habeant;
3227 5149 3281 5193 et
3330 5141 3381 5195 in
3415 5134 3711 5203 diplomate

2123 5205 2337 5260 Uttonis
2358 5206 2498 5277 apud
2525 5205 2811 5276 Ughcllunt
2843 5218 2974 5263 tum.
3007 5224 3058 5272 v,
3092 5224 3213 5277 pag.
3248 5211 3373 5272 ⁸746,
3409 5206 3710 5265 Hildericus

2123 5278 2412 5345 episcOpus
2441 5275 2767 5332 Veronensis
2805 5279 3043 5333 Vicarius
3074 5275 3236 5343 sancti
3262 5282 3483 5337 Zenonis
3508 5292 3711 5333 nuncu-

2126 5358 2296 5422 patur.
2356 5348 2539 5422 Itaque
2586 5349 2712 5414 lilii,
2746 5365 2882 5419 «tuos
2907 5349 3008 5406 Juh
3052 5354 3437 5422 postpriorum
3481 5361 3707 5405 mortem

2124 5419 2176 5473 in
2203 5434 2393 5491 eorum
2452 5420 2628 5473 locum
2659 5437 2687 5475 a
2722 5422 2834 5476 Deo
2878 5422 3132 5476 sulI‘ectos
3172 5419 3438 5491 suscepit,
3469 5435 3572 5491 qua
3626 5434 3711 5472 ra-

2123 5491 2271 5547 tione
2302 5489 2496 5546 Vicarii
2523 5493 2861 5562 appellentur
2882 5536 2894 5557 ,
2932 5510 2995 5547 ex
3028 5493 3285 5548 hactenus
3321 5489 3477 5549 dictis
3517 5490 3705 5562 liquet.

2195 5562 2310 5634 (15)
2352 5559 2610 5632 Spectat,
2641 5573 2696 5618 ut
2724 5566 2926 5620 videtur
2948 5606 2963 5631 ,
2993 5565 3120 5619 illud
3162 5578 3238 5631 ps.
3282 5582 3405 5620 λων
3428 5606 3442 5629 ,
3470 5564 3533 5616 17
3562 5559 3585 5614 :'
3607 5559 3711 5634 Pro

2122 5631 2365 5688 Patrt'bus
2393 5631 2493 5689 tuis
2528 5636 2636 5690 nati
2671 5646 2787 5690 sunt
2819 5636 2908 5690 tibi
2942 5636 3070 5705 lilii.
3110 5636 3417 5697 cattstitucs,
3441 5648 3534 5705 eos
3571 5633 3716 5699 prin-

2119 5707 2257 5772 cipes
2285 5722 2440 5775 super
2461 5722 2662 5761 omnem
2693 5719 2911 5771 terram;
2940 5701 3080 5774 quod
3119 5709 3188 5759 de
3235 5701 3503 5773 Apouoli.
3535 5706 3713 5775 sam-ti

2120 5771 2304 5830 Patres
2348 5771 2549 5849 "saipius
2618 5771 3064 5848 interpretantur.
3122 5771 3363 5839 Quwsiio
3419 5780 3501 5826 est
3572 5771 3716 5832 inter
