  <div class='ocr_page' id='page_1' title='image "/cluster/home/n/w/nwhite01/storage/ocr_20150623/11/hvd.32044096580402/241.png"; bbox 0 0 4230 6168; ppageno 0'>
   <div class='ocr_carea' id='block_1_1' title="bbox 531 329 638 392">
    <p class='ocr_par' dir='ltr' id='par_1_1' title="bbox 531 329 638 392">
     <span class='ocr_line' id='line_1_1' title="bbox 531 329 638 392; baseline 0.019 -2"><span class='ocrx_word' id='word_1_1' title='bbox 531 329 638 392; x_wconf 65' lang='grc'><strong>417</strong></span> 
     </span>
    </p>
   </div>
   <div class='ocr_carea' id='block_1_2' title="bbox 1905 317 2487 379">
    <p class='ocr_par' dir='ltr' id='par_1_2' title="bbox 1905 317 2487 379">
     <span class='ocr_line' id='line_1_2' title="bbox 1905 317 2487 379; baseline -0.007 0"><span class='ocrx_word' id='word_1_2' title='bbox 1905 321 2150 379; x_wconf 78' lang='lat' dir='ltr'><strong>SANCTI</strong></span> <span class='ocrx_word' id='word_1_3' title='bbox 2193 317 2487 375; x_wconf 80' lang='lat' dir='ltr'><strong>ZENllNlS</strong></span> 
     </span>
    </p>
   </div>
   <div class='ocr_carea' id='block_1_3' title="bbox 3718 314 3827 372">
    <p class='ocr_par' dir='ltr' id='par_1_3' title="bbox 3718 314 3827 372">
     <span class='ocr_line' id='line_1_3' title="bbox 3718 314 3827 372; baseline 0.009 -2"><span class='ocrx_word' id='word_1_4' title='bbox 3718 314 3827 372; x_wconf 65' lang='lat' dir='ltr'><strong>MS</strong></span> 
     </span>
    </p>
   </div>
   <div class='ocr_carea' id='block_1_4' title="bbox 531 430 3827 521">
    <p class='ocr_par' dir='ltr' id='par_1_4' title="bbox 531 430 3827 521">
     <span class='ocr_line' id='line_1_4' title="bbox 531 430 3827 521; baseline -0.004 -14"><span class='ocrx_word' id='word_1_5' title='bbox 531 467 659 508; x_wconf 90' lang='lat' dir='ltr'><strong>num</strong></span> <span class='ocrx_word' id='word_1_6' title='bbox 708 458 990 521; x_wconf 82' lang='lat' dir='ltr'><strong>augmenta</strong></span> <span class='ocrx_word' id='word_1_7' title='bbox 1017 491 1032 514; x_wconf 94' lang='lat'><strong>,</strong></span> <span class='ocrx_word' id='word_1_8' title='bbox 1090 448 1212 520; x_wconf 85' lang='lat' dir='ltr'><strong>quis</strong></span> <span class='ocrx_word' id='word_1_9' title='bbox 1274 447 1507 518; x_wconf 84' lang='lat' dir='ltr'><strong>denique</strong></span> <span class='ocrx_word' id='word_1_10' title='bbox 1559 445 1651 519; x_wconf 80' lang='lat'><strong>(9)</strong></span> <span class='ocrx_word' id='word_1_11' title='bbox 1697 444 1969 517; x_wconf 82' lang='lat' dir='ltr'><strong>opificium</strong></span> <span class='ocrx_word' id='word_1_12' title='bbox 2026 445 2129 499; x_wconf 84' lang='lat' dir='ltr'><strong>Do-</strong></span> <span class='ocrx_word' id='word_1_13' title='bbox 2158 448 2205 505; x_wconf 81' lang='grc' dir='ltr'>Λ</span> <span class='ocrx_word' id='word_1_14' title='bbox 2236 443 2350 498; x_wconf 91' lang='lat' dir='ltr'><strong>lant</strong></span> <span class='ocrx_word' id='word_1_15' title='bbox 2376 443 2565 511; x_wconf 88' lang='lat' dir='ltr'><strong>funes,</strong></span> <span class='ocrx_word' id='word_1_16' title='bbox 2612 449 2837 513; x_wconf 85' lang='lat' dir='ltr'><strong>gemunt</strong></span> <span class='ocrx_word' id='word_1_17' title='bbox 2880 438 3198 496; x_wconf 75' lang='lat' dir='ltr'><strong>cedentibus</strong></span> <span class='ocrx_word' id='word_1_18' title='bbox 3226 430 3362 495; x_wconf 83' lang='lat' dir='ltr'><strong>velis</strong></span> <span class='ocrx_word' id='word_1_19' title='bbox 3408 445 3697 505; x_wconf 59' lang='lat' dir='ltr'><strong>antennas.</strong></span> <span class='ocrx_word' id='word_1_20' title='bbox 3740 455 3827 495; x_wconf 88' lang='lat' dir='ltr'><strong>re-</strong></span> 
     </span>
    </p>
   </div>
   <div class='ocr_carea' id='block_1_5' title="bbox 472 536 2129 619">
    <p class='ocr_par' dir='ltr' id='par_1_5' title="bbox 472 536 2129 619">
     <span class='ocr_line' id='line_1_5' title="bbox 472 536 2129 619; baseline -0.007 -19"><span class='ocrx_word' id='word_1_21' title='bbox 472 548 475 551; x_wconf 78' lang='grc'><em>’</em></span> <span class='ocrx_word' id='word_1_22' title='bbox 531 544 664 619; x_wconf 79' lang='lat' dir='ltr'><strong>mini</strong></span> <span class='ocrx_word' id='word_1_23' title='bbox 693 543 895 615; x_wconf 85' lang='lat' dir='ltr'><strong>Deique</strong></span> <span class='ocrx_word' id='word_1_24' title='bbox 921 541 1209 598; x_wconf 83' lang='lat' dir='ltr'><strong>consilium</strong></span> <span class='ocrx_word' id='word_1_25' title='bbox 1231 555 1290 594; x_wconf 91' lang='lat' dir='ltr'><strong>se</strong></span> <span class='ocrx_word' id='word_1_26' title='bbox 1318 538 1744 611; x_wconf 82' lang='lat' dir='ltr'><strong>deprehendisse</strong></span> <span class='ocrx_word' id='word_1_27' title='bbox 1767 536 2129 607; x_wconf 73' lang='lat' dir='ltr'><strong>gloriabitur?</strong></span> 
     </span>
    </p>
   </div>
   <div class='ocr_carea' id='block_1_6' title="bbox 529 628 2131 706">
    <p class='ocr_par' dir='ltr' id='par_1_6' title="bbox 529 628 2131 706">
     <span class='ocr_line' id='line_1_6' title="bbox 529 628 2131 706; baseline -0.006 -14"><span class='ocrx_word' id='word_1_28' title='bbox 529 652 654 693; x_wconf 93' lang='lat' dir='ltr'><strong>cum</strong></span> <span class='ocrx_word' id='word_1_29' title='bbox 688 635 979 706; x_wconf 77' lang='lat' dir='ltr'><strong>Apostolus</strong></span> <span class='ocrx_word' id='word_1_30' title='bbox 1005 634 1186 690; x_wconf 90' lang='lat' dir='ltr'><strong>dicat:</strong></span> <span class='ocrx_word' id='word_1_31' title='bbox 1223 631 1268 688; x_wconf 90' lang='lat'><em>0</em></span> <span class='ocrx_word' id='word_1_32' title='bbox 1298 630 1514 687; x_wconf 78' lang='lat' dir='ltr'><strong>altitudo</strong></span> <span class='ocrx_word' id='word_1_33' title='bbox 1534 630 1834 685; x_wconf 79' lang='lat' dir='ltr'><strong>diuitiarum</strong></span> <span class='ocrx_word' id='word_1_34' title='bbox 1864 628 2131 700; x_wconf 70' lang='lat' dir='ltr'><strong>sapientiae</strong></span> 
     </span>
    </p>
   </div>
   <div class='ocr_carea' id='block_1_7' title="bbox 529 720 2130 797">
    <p class='ocr_par' dir='ltr' id='par_1_7' title="bbox 529 720 2130 797">
     <span class='ocr_line' id='line_1_7' title="bbox 529 720 2130 797; baseline -0.007 -12"><span class='ocrx_word' id='word_1_35' title='bbox 529 740 577 785; x_wconf 81' lang='lat' dir='ltr'><strong>et</strong></span> <span class='ocrx_word' id='word_1_36' title='bbox 616 729 839 784; x_wconf 74' lang='lat' dir='ltr'><strong>scientia:</strong></span> <span class='ocrx_word' id='word_1_37' title='bbox 885 727 1013 782; x_wconf 89' lang='lat' dir='ltr'><strong>Dei!</strong></span> <span class='ocrx_word' id='word_1_38' title='bbox 1049 743 1202 797; x_wconf 80' lang='lat' dir='ltr'><strong>quant</strong></span> <span class='ocrx_word' id='word_1_39' title='bbox 1228 724 1345 797; x_wconf 88' lang='lat' dir='ltr'><strong>(l0)</strong></span> <span class='ocrx_word' id='word_1_40' title='bbox 1381 723 1751 779; x_wconf 84' lang='lat' dir='ltr'><strong>inenarrabilia</strong></span> <span class='ocrx_word' id='word_1_41' title='bbox 1777 732 1893 776; x_wconf 84' lang='lat' dir='ltr'><strong>sunt</strong></span> <span class='ocrx_word' id='word_1_42' title='bbox 1926 720 2130 793; x_wconf 82' lang='lat' dir='ltr'><strong>judicia</strong></span> 
     </span>
    </p>
   </div>
   <div class='ocr_carea' id='block_1_8' title="bbox 531 816 2132 893">
    <p class='ocr_par' dir='ltr' id='par_1_8' title="bbox 531 816 2132 893">
     <span class='ocr_line' id='line_1_8' title="bbox 531 816 2132 893; baseline -0.006 -15"><span class='ocrx_word' id='word_1_43' title='bbox 531 823 667 893; x_wconf 77' lang='lat' dir='ltr'><strong>ejus,</strong></span> <span class='ocrx_word' id='word_1_44' title='bbox 695 831 744 875; x_wconf 88' lang='lat' dir='ltr'><strong>et</strong></span> <span class='ocrx_word' id='word_1_45' title='bbox 765 837 923 893; x_wconf 82' lang='lat' dir='ltr'><strong>quam</strong></span> <span class='ocrx_word' id='word_1_46' title='bbox 942 819 1320 890; x_wconf 73' lang='lat' dir='ltr'><strong>inuestigabilcs</strong></span> <span class='ocrx_word' id='word_1_47' title='bbox 1348 819 1445 872; x_wconf 80' lang='lat' dir='ltr'><strong>uite</strong></span> <span class='ocrx_word' id='word_1_48' title='bbox 1462 817 1605 887; x_wconf 85' lang='lat' dir='ltr'><strong>ejus!</strong></span> <span class='ocrx_word' id='word_1_49' title='bbox 1630 816 1758 884; x_wconf 82' lang='lat' dir='ltr'><strong>Quis</strong></span> <span class='ocrx_word' id='word_1_50' title='bbox 1779 816 1917 871; x_wconf 86' lang='lat' dir='ltr'><strong>enim</strong></span> <span class='ocrx_word' id='word_1_51' title='bbox 1945 830 2132 888; x_wconf 81' lang='lat' dir='ltr'><strong>cogno-</strong></span> 
     </span>
    </p>
   </div>
   <div class='ocr_carea' id='block_1_9' title="bbox 526 906 2128 981">
    <p class='ocr_par' dir='ltr' id='par_1_9' title="bbox 526 906 2128 981">
     <span class='ocr_line' id='line_1_9' title="bbox 526 906 2128 981; baseline -0.004 -14"><span class='ocrx_word' id='word_1_52' title='bbox 526 914 601 967; x_wconf 77' lang='lat' dir='ltr'><strong>uit</strong></span> <span class='ocrx_word' id='word_1_53' title='bbox 632 929 837 967; x_wconf 87' lang='lat' dir='ltr'><strong>sensum</strong></span> <span class='ocrx_word' id='word_1_54' title='bbox 878 912 1087 967; x_wconf 83' lang='lat' dir='ltr'><strong>Domini</strong></span> <span class='ocrx_word' id='word_1_55' title='bbox 1115 911 1293 981; x_wconf 86' lang='lat' dir='ltr'><strong>(Rom.</strong></span> <span class='ocrx_word' id='word_1_56' title='bbox 1328 926 1387 975; x_wconf 88' lang='grc' dir='ltr'><strong>ιι,</strong></span> <span class='ocrx_word' id='word_1_57' title='bbox 1420 912 1492 964; x_wconf 78' lang='grc'><strong>55</strong></span> <span class='ocrx_word' id='word_1_58' title='bbox 1516 951 1529 974; x_wconf 88' lang='grc'><em>,</em></span> <span class='ocrx_word' id='word_1_59' title='bbox 1560 910 1690 981; x_wconf 77' lang='lat'><strong>54)?</strong></span> <span class='ocrx_word' id='word_1_60' title='bbox 1731 909 1847 965; x_wconf 85' lang='lat' dir='ltr'><strong>Non</strong></span> <span class='ocrx_word' id='word_1_61' title='bbox 1887 907 2032 964; x_wconf 89' lang='lat' dir='ltr'><strong>enim</strong></span> <span class='ocrx_word' id='word_1_62' title='bbox 2076 906 2128 961; x_wconf 93' lang='lat' dir='ltr'><strong>in</strong></span> 
     </span>
    </p>
   </div>
   <div class='ocr_carea' id='block_1_10' title="bbox 473 993 2134 1076">
    <p class='ocr_par' dir='ltr' id='par_1_10' title="bbox 473 993 2134 1076">
     <span class='ocr_line' id='line_1_10' title="bbox 473 993 2134 1076; baseline -0.003 -16"><span class='ocrx_word' id='word_1_63' title='bbox 473 993 486 1000; x_wconf 65' lang='grc'><strong>’</strong></span> <span class='ocrx_word' id='word_1_64' title='bbox 534 1005 727 1061; x_wconf 88' lang='lat' dir='ltr'><strong>horum</strong></span> <span class='ocrx_word' id='word_1_65' title='bbox 779 1005 1122 1076; x_wconf 84' lang='lat' dir='ltr'><strong>inquisitione</strong></span> <span class='ocrx_word' id='word_1_66' title='bbox 1160 1011 1467 1058; x_wconf 64' lang='lat' dir='ltr'><strong>exaestuans</strong></span> <span class='ocrx_word' id='word_1_67' title='bbox 1508 1002 1773 1072; x_wconf 79' lang='lat' dir='ltr'><strong>Propheta</strong></span> <span class='ocrx_word' id='word_1_68' title='bbox 1823 1001 1996 1055; x_wconf 82' lang='lat' dir='ltr'><strong>dicit:</strong></span> <span class='ocrx_word' id='word_1_69' title='bbox 2054 999 2134 1055; x_wconf 85' lang='lat' dir='ltr'><strong>De</strong></span> 
     </span>
    </p>
   </div>
   <div class='ocr_carea' id='block_1_11' title="bbox 534 1091 2135 1172">
    <p class='ocr_par' dir='ltr' id='par_1_11' title="bbox 534 1091 2135 1172">
     <span class='ocr_line' id='line_1_11' title="bbox 534 1091 2135 1172; baseline -0.003 -22"><span class='ocrx_word' id='word_1_70' title='bbox 534 1097 808 1172; x_wconf 81' lang='lat' dir='ltr'><strong>profundis</strong></span> <span class='ocrx_word' id='word_1_71' title='bbox 831 1096 1051 1150; x_wconf 85' lang='lat' dir='ltr'><strong>clamavi</strong></span> <span class='ocrx_word' id='word_1_72' title='bbox 1081 1095 1150 1148; x_wconf 78' lang='lat' dir='ltr'><strong>ad</strong></span> <span class='ocrx_word' id='word_1_73' title='bbox 1178 1104 1245 1161; x_wconf 86' lang='lat' dir='ltr'><strong>te,</strong></span> <span class='ocrx_word' id='word_1_74' title='bbox 1275 1091 1493 1148; x_wconf 81' lang='lat' dir='ltr'><strong>Domine</strong></span> <span class='ocrx_word' id='word_1_75' title='bbox 1530 1091 1645 1164; x_wconf 89' lang='lat' dir='ltr'><strong>(Ps.</strong></span> <span class='ocrx_word' id='word_1_76' title='bbox 1679 1108 1861 1159; x_wconf 75' lang='lat' dir='ltr'><strong>cxxrx,</strong></span> <span class='ocrx_word' id='word_1_77' title='bbox 1893 1092 1947 1164; x_wconf 92' lang='grc'><strong>1)</strong></span> <span class='ocrx_word' id='word_1_78' title='bbox 1974 1108 1989 1158; x_wconf 90' lang='grc'><strong>;</strong></span> <span class='ocrx_word' id='word_1_79' title='bbox 2024 1091 2135 1146; x_wconf 86' lang='lat' dir='ltr'><strong>cla-</strong></span> 
     </span>
    </p>
   </div>
   <div class='ocr_carea' id='block_1_12' title="bbox 542 1183 2131 1256">
    <p class='ocr_par' dir='ltr' id='par_1_12' title="bbox 542 1183 2131 1256">
     <span class='ocr_line' id='line_1_12' title="bbox 542 1183 2131 1256; baseline -0.003 -14"><span class='ocrx_word' id='word_1_80' title='bbox 542 1198 654 1242; x_wconf 94' lang='lat' dir='ltr'><strong>mat</strong></span> <span class='ocrx_word' id='word_1_81' title='bbox 681 1203 911 1255; x_wconf 82' lang='lat' dir='ltr'><strong>namque</strong></span> <span class='ocrx_word' id='word_1_82' title='bbox 940 1186 1008 1241; x_wconf 90' lang='lat' dir='ltr'><strong>de</strong></span> <span class='ocrx_word' id='word_1_83' title='bbox 1032 1184 1334 1256; x_wconf 91' lang='lat' dir='ltr'><strong>profundis,</strong></span> <span class='ocrx_word' id='word_1_84' title='bbox 1358 1185 1408 1239; x_wconf 88' lang='lat' dir='ltr'><strong>id</strong></span> <span class='ocrx_word' id='word_1_85' title='bbox 1437 1195 1518 1239; x_wconf 90' lang='lat' dir='ltr'><strong>est</strong></span> <span class='ocrx_word' id='word_1_86' title='bbox 1539 1183 1607 1240; x_wconf 91' lang='lat' dir='ltr'><strong>de</strong></span> <span class='ocrx_word' id='word_1_87' title='bbox 1629 1184 1753 1238; x_wconf 86' lang='lat' dir='ltr'><strong>imis</strong></span> <span class='ocrx_word' id='word_1_88' title='bbox 1773 1185 2091 1255; x_wconf 73' lang='lat' dir='ltr'><strong>praecordiis</strong></span> <span class='ocrx_word' id='word_1_89' title='bbox 2117 1201 2131 1237; x_wconf 97' lang='lat'><strong>:</strong></span> 
     </span>
    </p>
   </div>
   <div class='ocr_carea' id='block_1_13' title="bbox 538 1277 2135 1348">
    <p class='ocr_par' dir='ltr' id='par_1_13' title="bbox 538 1277 2135 1348">
     <span class='ocr_line' id='line_1_13' title="bbox 538 1277 2135 1348; baseline -0.005 -12"><span class='ocrx_word' id='word_1_90' title='bbox 538 1281 742 1336; x_wconf 83' lang='lat' dir='ltr'><strong>clamat</strong></span> <span class='ocrx_word' id='word_1_91' title='bbox 766 1278 835 1334; x_wconf 90' lang='lat' dir='ltr'><strong>de</strong></span> <span class='ocrx_word' id='word_1_92' title='bbox 863 1277 1163 1348; x_wconf 84' lang='lat' dir='ltr'><strong>proluttdis,</strong></span> <span class='ocrx_word' id='word_1_93' title='bbox 1205 1278 1299 1332; x_wconf 89' lang='lat' dir='ltr'><strong>sed</strong></span> <span class='ocrx_word' id='word_1_94' title='bbox 1324 1277 1518 1346; x_wconf 78' lang='lat' dir='ltr'><strong>quibus</strong></span> <span class='ocrx_word' id='word_1_95' title='bbox 1547 1286 1735 1344; x_wconf 86' lang='lat' dir='ltr'><strong>septus</strong></span> <span class='ocrx_word' id='word_1_96' title='bbox 1763 1285 1885 1330; x_wconf 35' lang='lat' dir='ltr'><strong>erat.</strong></span> <span class='ocrx_word' id='word_1_97' title='bbox 1907 1282 2135 1330; x_wconf 74' lang='lat' dir='ltr'><strong>mecstus</strong></span> 
     </span>
    </p>
   </div>
   <div class='ocr_carea' id='block_1_14' title="bbox 538 1367 2135 1435">
    <p class='ocr_par' dir='ltr' id='par_1_14' title="bbox 538 1367 2135 1435">
     <span class='ocr_line' id='line_1_14' title="bbox 538 1367 2135 1435; baseline -0.004 -9"><span class='ocrx_word' id='word_1_98' title='bbox 538 1386 603 1426; x_wconf 88' lang='lat' dir='ltr'><strong>ac</strong></span> <span class='ocrx_word' id='word_1_99' title='bbox 630 1372 819 1435; x_wconf 84' lang='lat' dir='ltr'><strong>tristis,</strong></span> <span class='ocrx_word' id='word_1_100' title='bbox 852 1369 1247 1424; x_wconf 81' lang='lat' dir='ltr'><strong>calamitatibus</strong></span> <span class='ocrx_word' id='word_1_101' title='bbox 1281 1368 1526 1422; x_wconf 90' lang='lat' dir='ltr'><strong>humanis</strong></span> <span class='ocrx_word' id='word_1_102' title='bbox 1549 1383 1567 1420; x_wconf 92' lang='lat'><strong>:</strong></span> <span class='ocrx_word' id='word_1_103' title='bbox 1599 1376 1653 1421; x_wconf 91' lang='lat' dir='ltr'><strong>et</strong></span> <span class='ocrx_word' id='word_1_104' title='bbox 1680 1367 1880 1422; x_wconf 89' lang='lat' dir='ltr'><strong>clamat</strong></span> <span class='ocrx_word' id='word_1_105' title='bbox 1903 1383 2009 1419; x_wconf 93' lang='lat' dir='ltr'><strong>non</strong></span> <span class='ocrx_word' id='word_1_106' title='bbox 2042 1382 2135 1419; x_wconf 83' lang='lat' dir='ltr'><strong>vo-</strong></span> 
     </span>
    </p>
   </div>
   <div class='ocr_carea' id='block_1_15' title="bbox 538 1458 2138 1528">
    <p class='ocr_par' dir='ltr' id='par_1_15' title="bbox 538 1458 2138 1528">
     <span class='ocr_line' id='line_1_15' title="bbox 538 1458 2138 1528; baseline -0.004 -10"><span class='ocrx_word' id='word_1_107' title='bbox 538 1478 625 1524; x_wconf 89' lang='lat' dir='ltr'><strong>ce.</strong></span> <span class='ocrx_word' id='word_1_108' title='bbox 656 1462 751 1517; x_wconf 92' lang='lat' dir='ltr'><strong>sed</strong></span> <span class='ocrx_word' id='word_1_109' title='bbox 794 1462 997 1517; x_wconf 90' lang='lat' dir='ltr'><strong>corde:</strong></span> <span class='ocrx_word' id='word_1_110' title='bbox 1051 1477 1158 1516; x_wconf 91' lang='lat' dir='ltr'><strong>non</strong></span> <span class='ocrx_word' id='word_1_111' title='bbox 1207 1461 1467 1525; x_wconf 89' lang='lat' dir='ltr'><strong>clamore,</strong></span> <span class='ocrx_word' id='word_1_112' title='bbox 1516 1460 1612 1516; x_wconf 89' lang='lat' dir='ltr'><strong>sed</strong></span> <span class='ocrx_word' id='word_1_113' title='bbox 1663 1459 1789 1525; x_wconf 86' lang='lat' dir='ltr'><strong>fide,</strong></span> <span class='ocrx_word' id='word_1_114' title='bbox 1834 1474 1992 1528; x_wconf 87' lang='lat' dir='ltr'><strong>quam</strong></span> <span class='ocrx_word' id='word_1_115' title='bbox 2035 1458 2138 1513; x_wconf 90' lang='lat' dir='ltr'><strong>scit</strong></span> 
     </span>
    </p>
   </div>
   <div class='ocr_carea' id='block_1_16' title="bbox 542 1550 2138 1623">
    <p class='ocr_par' dir='ltr' id='par_1_16' title="bbox 542 1550 2138 1623">
     <span class='ocr_line' id='line_1_16' title="bbox 542 1550 2138 1623; baseline -0.003 -14"><span class='ocrx_word' id='word_1_116' title='bbox 542 1555 710 1610; x_wconf 90' lang='lat' dir='ltr'><strong>Demn</strong></span> <span class='ocrx_word' id='word_1_117' title='bbox 739 1554 970 1609; x_wconf 83' lang='lat' dir='ltr'><strong>libenter</strong></span> <span class='ocrx_word' id='word_1_118' title='bbox 991 1553 1197 1608; x_wconf 90' lang='lat' dir='ltr'><strong>audire.</strong></span> <span class='ocrx_word' id='word_1_119' title='bbox 1229 1552 1345 1607; x_wconf 92' lang='lat' dir='ltr'><strong>lloc</strong></span> <span class='ocrx_word' id='word_1_120' title='bbox 1369 1553 1529 1623; x_wconf 80' lang='lat' dir='ltr'><strong>igitur</strong></span> <span class='ocrx_word' id='word_1_121' title='bbox 1554 1567 1585 1607; x_wconf 92' lang='lat' dir='ltr'><strong>e</strong></span> <span class='ocrx_word' id='word_1_122' title='bbox 1609 1550 1872 1621; x_wconf 81' lang='lat' dir='ltr'><strong>profundo</strong></span> <span class='ocrx_word' id='word_1_123' title='bbox 1894 1551 2138 1605; x_wconf 89' lang='lat' dir='ltr'><strong>clamans</strong></span> 
     </span>
    </p>
   </div>
   <div class='ocr_carea' id='block_1_17' title="bbox 540 1642 2137 1714">
    <p class='ocr_par' dir='ltr' id='par_1_17' title="bbox 540 1642 2137 1714">
     <span class='ocr_line' id='line_1_17' title="bbox 540 1642 2137 1714; baseline -0.003 -13"><span class='ocrx_word' id='word_1_124' title='bbox 540 1646 789 1701; x_wconf 85' lang='lat' dir='ltr'><strong>similiter</strong></span> <span class='ocrx_word' id='word_1_125' title='bbox 831 1646 1021 1700; x_wconf 81' lang='lat' dir='ltr'><strong>Petrus</strong></span> <span class='ocrx_word' id='word_1_126' title='bbox 1061 1645 1366 1714; x_wconf 77' lang='lat' dir='ltr'><strong>impetravit</strong></span> <span class='ocrx_word' id='word_1_127' title='bbox 1410 1660 1439 1697; x_wconf 91' lang='lat' dir='ltr'><strong>a</strong></span> <span class='ocrx_word' id='word_1_128' title='bbox 1490 1644 1740 1710; x_wconf 89' lang='lat' dir='ltr'><strong>Domino,</strong></span> <span class='ocrx_word' id='word_1_129' title='bbox 1789 1654 1847 1698; x_wconf 91' lang='lat' dir='ltr'><strong>ut</strong></span> <span class='ocrx_word' id='word_1_130' title='bbox 1884 1642 2137 1714; x_wconf 83' lang='lat' dir='ltr'><strong>profundi</strong></span> 
     </span>
    </p>
   </div>
   <div class='ocr_carea' id='block_1_18' title="bbox 541 1735 2136 1807">
    <p class='ocr_par' dir='ltr' id='par_1_18' title="bbox 541 1735 2136 1807">
     <span class='ocr_line' id='line_1_18' title="bbox 541 1735 2136 1807; baseline -0.004 -11"><span class='ocrx_word' id='word_1_131' title='bbox 541 1740 710 1796; x_wconf 86' lang='lat' dir='ltr'><strong>maris</strong></span> <span class='ocrx_word' id='word_1_132' title='bbox 737 1738 976 1793; x_wconf 91' lang='lat' dir='ltr'><strong>lubricos</strong></span> <span class='ocrx_word' id='word_1_133' title='bbox 1001 1739 1153 1794; x_wconf 91' lang='lat' dir='ltr'><strong>sinus</strong></span> <span class='ocrx_word' id='word_1_134' title='bbox 1176 1737 1552 1807; x_wconf 88' lang='lat' dir='ltr'><strong>insnbditaqne</strong></span> <span class='ocrx_word' id='word_1_135' title='bbox 1578 1735 1829 1791; x_wconf 79' lang='lat' dir='ltr'><strong>humanis</strong></span> <span class='ocrx_word' id='word_1_136' title='bbox 1858 1736 2136 1806; x_wconf 82' lang='lat' dir='ltr'><strong>gressibus</strong></span> 
     </span>
    </p>
   </div>
   <div class='ocr_carea' id='block_1_19' title="bbox 2238 524 3833 606">
    <p class='ocr_par' dir='ltr' id='par_1_19' title="bbox 2238 524 3833 606">
     <span class='ocr_line' id='line_1_19' title="bbox 2238 524 3833 606; baseline -0.001 -15"><span class='ocrx_word' id='word_1_137' title='bbox 2238 547 2391 591; x_wconf 86' lang='lat' dir='ltr'><strong>tunsa</strong></span> <span class='ocrx_word' id='word_1_138' title='bbox 2445 535 2680 606; x_wconf 87' lang='lat' dir='ltr'><strong>undique</strong></span> <span class='ocrx_word' id='word_1_139' title='bbox 2729 524 2831 589; x_wconf 86' lang='lat' dir='ltr'><strong>iter</strong></span> <span class='ocrx_word' id='word_1_140' title='bbox 2876 549 2982 588; x_wconf 91' lang='lat' dir='ltr'><strong>non</strong></span> <span class='ocrx_word' id='word_1_141' title='bbox 3037 534 3241 589; x_wconf 90' lang='lat' dir='ltr'><strong>invenit</strong></span> <span class='ocrx_word' id='word_1_142' title='bbox 3296 548 3477 605; x_wconf 89' lang='lat' dir='ltr'><strong>prora.</strong></span> <span class='ocrx_word' id='word_1_143' title='bbox 3529 532 3833 604; x_wconf 86' lang='lat' dir='ltr'><strong>Trepidant</strong></span> 
     </span>
    </p>
   </div>
   <div class='ocr_carea' id='block_1_20' title="bbox 2232 627 3827 696">
    <p class='ocr_par' dir='ltr' id='par_1_20' title="bbox 2232 627 3827 696">
     <span class='ocr_line' id='line_1_20' title="bbox 2232 627 3827 696; baseline 0 -12"><span class='ocrx_word' id='word_1_144' title='bbox 2232 641 2444 696; x_wconf 58' lang='lat' dir='ltr'><strong>nautas,</strong></span> <span class='ocrx_word' id='word_1_145' title='bbox 2489 628 2744 683; x_wconf 79' lang='lat' dir='ltr'><strong>festinant</strong></span> <span class='ocrx_word' id='word_1_146' title='bbox 2776 628 3047 682; x_wconf 89' lang='lat' dir='ltr'><strong>incassum</strong></span> <span class='ocrx_word' id='word_1_147' title='bbox 3092 627 3298 696; x_wconf 80' lang='lat' dir='ltr'><strong>jactura</strong></span> <span class='ocrx_word' id='word_1_148' title='bbox 3327 641 3579 682; x_wconf 82' lang='lat' dir='ltr'><strong>vasorum</strong></span> <span class='ocrx_word' id='word_1_149' title='bbox 3628 643 3827 684; x_wconf 85' lang='lat' dir='ltr'><strong>navem</strong></span> 
     </span>
    </p>
   </div>
   <div class='ocr_carea' id='block_1_21' title="bbox 2235 718 3834 789">
    <p class='ocr_par' dir='ltr' id='par_1_21' title="bbox 2235 718 3834 789">
     <span class='ocr_line' id='line_1_21' title="bbox 2235 718 3834 789; baseline -0.002 -12"><span class='ocrx_word' id='word_1_150' title='bbox 2235 722 2414 777; x_wconf 87' lang='lat' dir='ltr'><strong>levare</strong></span> <span class='ocrx_word' id='word_1_151' title='bbox 2439 719 2803 789; x_wconf 88' lang='lat' dir='ltr'><strong>ponderibus,</strong></span> <span class='ocrx_word' id='word_1_152' title='bbox 2849 734 2969 787; x_wconf 79' lang='lat' dir='ltr'><strong>qua:</strong></span> <span class='ocrx_word' id='word_1_153' title='bbox 3011 719 3288 788; x_wconf 80' lang='lat' dir='ltr'><strong>praphetae</strong></span> <span class='ocrx_word' id='word_1_154' title='bbox 3325 718 3565 787; x_wconf 89' lang='lat' dir='ltr'><strong>pondere</strong></span> <span class='ocrx_word' id='word_1_155' title='bbox 3613 733 3834 789; x_wconf 87' lang='lat' dir='ltr'><strong>preme-</strong></span> 
     </span>
    </p>
   </div>
   <div class='ocr_carea' id='block_1_22' title="bbox 2234 807 3831 881">
    <p class='ocr_par' dir='ltr' id='par_1_22' title="bbox 2234 807 3831 881">
     <span class='ocr_line' id='line_1_22' title="bbox 2234 807 3831 881; baseline -0.001 -14"><span class='ocrx_word' id='word_1_156' title='bbox 2234 812 2409 867; x_wconf 85' lang='lat' dir='ltr'><strong>batur.</strong></span> <span class='ocrx_word' id='word_1_157' title='bbox 2438 811 2574 866; x_wconf 90' lang='lat' dir='ltr'><strong>Tum</strong></span> <span class='ocrx_word' id='word_1_158' title='bbox 2603 810 2767 866; x_wconf 88' lang='lat' dir='ltr'><strong>Jonas</strong></span> <span class='ocrx_word' id='word_1_159' title='bbox 2791 853 2806 876; x_wconf 96' lang='lat'><strong>,</strong></span> <span class='ocrx_word' id='word_1_160' title='bbox 2833 825 2991 880; x_wconf 84' lang='lat' dir='ltr'><strong>quem</strong></span> <span class='ocrx_word' id='word_1_161' title='bbox 3023 810 3198 865; x_wconf 90' lang='lat' dir='ltr'><strong>solum</strong></span> <span class='ocrx_word' id='word_1_162' title='bbox 3233 807 3347 881; x_wconf 78' lang='grc'><strong>(15)</strong></span> <span class='ocrx_word' id='word_1_163' title='bbox 3378 810 3665 880; x_wconf 78' lang='lat' dir='ltr'><strong>expetebat</strong></span> <span class='ocrx_word' id='word_1_164' title='bbox 3688 811 3831 866; x_wconf 87' lang='lat' dir='ltr'><strong>bona</strong></span> 
     </span>
    </p>
   </div>
   <div class='ocr_carea' id='block_1_23' title="bbox 2236 902 3829 974">
    <p class='ocr_par' dir='ltr' id='par_1_23' title="bbox 2236 902 3829 974">
     <span class='ocr_line' id='line_1_23' title="bbox 2236 902 3829 974; baseline 0 -15"><span class='ocrx_word' id='word_1_165' title='bbox 2236 906 2324 960; x_wconf 72' lang='lat' dir='ltr'><strong>illa</strong></span> <span class='ocrx_word' id='word_1_166' title='bbox 2375 913 2705 974; x_wconf 77' lang='lat' dir='ltr'><strong>tempestas,</strong></span> <span class='ocrx_word' id='word_1_167' title='bbox 2756 914 2903 958; x_wconf 78' lang='lat' dir='ltr'><strong>Sorte</strong></span> <span class='ocrx_word' id='word_1_168' title='bbox 2957 904 3150 958; x_wconf 91' lang='lat' dir='ltr'><strong>ductus</strong></span> <span class='ocrx_word' id='word_1_169' title='bbox 3200 902 3492 971; x_wconf 82' lang='lat' dir='ltr'><strong>naufragus</strong></span> <span class='ocrx_word' id='word_1_170' title='bbox 3540 903 3829 971; x_wconf 85' lang='lat' dir='ltr'><strong>redditur,</strong></span> 
     </span>
    </p>
   </div>
   <div class='ocr_carea' id='block_1_24' title="bbox 2235 994 3836 1066">
    <p class='ocr_par' dir='ltr' id='par_1_24' title="bbox 2235 994 3836 1066">
     <span class='ocr_line' id='line_1_24' title="bbox 2235 994 3836 1066; baseline -0.001 -15"><span class='ocrx_word' id='word_1_171' title='bbox 2235 996 2343 1051; x_wconf 85' lang='lat' dir='ltr'><strong>into</strong></span> <span class='ocrx_word' id='word_1_172' title='bbox 2400 1013 2427 1048; x_wconf 90' lang='lat' dir='ltr'><strong>a</strong></span> <span class='ocrx_word' id='word_1_173' title='bbox 2474 997 2652 1066; x_wconf 88' lang='lat' dir='ltr'><strong>ligneo</strong></span> <span class='ocrx_word' id='word_1_174' title='bbox 2689 994 2754 1048; x_wconf 89' lang='lat' dir='ltr'><strong>ad</strong></span> <span class='ocrx_word' id='word_1_175' title='bbox 2784 994 3055 1064; x_wconf 80' lang='lat' dir='ltr'><strong>navigium</strong></span> <span class='ocrx_word' id='word_1_176' title='bbox 3090 994 3252 1049; x_wconf 83' lang='lat' dir='ltr'><strong>vitale</strong></span> <span class='ocrx_word' id='word_1_177' title='bbox 3279 994 3644 1049; x_wconf 81' lang='lat' dir='ltr'><strong>transfertur:</strong></span> <span class='ocrx_word' id='word_1_178' title='bbox 3700 996 3836 1066; x_wconf 88' lang='lat' dir='ltr'><strong>qui,</strong></span> 
     </span>
    </p>
   </div>
   <div class='ocr_carea' id='block_1_25' title="bbox 2240 1082 3840 1157">
    <p class='ocr_par' dir='ltr' id='par_1_25' title="bbox 2240 1082 3840 1157">
     <span class='ocr_line' id='line_1_25' title="bbox 2240 1082 3840 1157; baseline -0.001 -15"><span class='ocrx_word' id='word_1_179' title='bbox 2240 1096 2299 1142; x_wconf 91' lang='lat' dir='ltr'><strong>ut</strong></span> <span class='ocrx_word' id='word_1_180' title='bbox 2328 1097 2405 1142; x_wconf 90' lang='lat' dir='ltr'><strong>est</strong></span> <span class='ocrx_word' id='word_1_181' title='bbox 2432 1086 2689 1140; x_wconf 81' lang='lat' dir='ltr'><strong>dimissus</strong></span> <span class='ocrx_word' id='word_1_182' title='bbox 2722 1084 3109 1157; x_wconf 73' lang='lat' dir='ltr'><strong>in(l4)altum,</strong></span> <span class='ocrx_word' id='word_1_183' title='bbox 3129 1082 3422 1154; x_wconf 64' lang='lat' dir='ltr'><strong>ferinaaqne</strong></span> <span class='ocrx_word' id='word_1_184' title='bbox 3449 1085 3719 1155; x_wconf 79' lang='lat' dir='ltr'><strong>voraginis</strong></span> <span class='ocrx_word' id='word_1_185' title='bbox 3746 1093 3840 1141; x_wconf 84' lang='lat' dir='ltr'><strong>est</strong></span> 
     </span>
    </p>
   </div>
   <div class='ocr_carea' id='block_1_26' title="bbox 2238 1177 3839 1248">
    <p class='ocr_par' dir='ltr' id='par_1_26' title="bbox 2238 1177 3839 1248">
     <span class='ocr_line' id='line_1_26' title="bbox 2238 1177 3839 1248; baseline -0.001 -13"><span class='ocrx_word' id='word_1_186' title='bbox 2238 1190 2489 1248; x_wconf 89' lang='lat' dir='ltr'><strong>receptus</strong></span> <span class='ocrx_word' id='word_1_187' title='bbox 2517 1178 2786 1248; x_wconf 87' lang='lat' dir='ltr'><strong>hospitio.</strong></span> <span class='ocrx_word' id='word_1_188' title='bbox 2823 1177 3010 1248; x_wconf 78' lang='lat' dir='ltr'><strong>vigilat</strong></span> <span class='ocrx_word' id='word_1_189' title='bbox 3057 1178 3109 1231; x_wconf 92' lang='lat' dir='ltr'><strong>in</strong></span> <span class='ocrx_word' id='word_1_190' title='bbox 3140 1189 3294 1244; x_wconf 91' lang='lat' dir='ltr'><strong>ceto,</strong></span> <span class='ocrx_word' id='word_1_191' title='bbox 3340 1178 3431 1248; x_wconf 90' lang='lat' dir='ltr'><strong>qui</strong></span> <span class='ocrx_word' id='word_1_192' title='bbox 3462 1178 3726 1233; x_wconf 85' lang='lat' dir='ltr'><strong>stertebat</strong></span> <span class='ocrx_word' id='word_1_193' title='bbox 3776 1178 3839 1235; x_wconf 79' lang='lat' dir='ltr'><strong>in</strong></span> 
     </span>
    </p>
   </div>
   <div class='ocr_carea' id='block_1_27' title="bbox 2237 1271 3840 1341">
    <p class='ocr_par' dir='ltr' id='par_1_27' title="bbox 2237 1271 3840 1341">
     <span class='ocr_line' id='line_1_27' title="bbox 2237 1271 3840 1341; baseline 0 -13"><span class='ocrx_word' id='word_1_194' title='bbox 2237 1275 2380 1328; x_wconf 86' lang='lat' dir='ltr'><strong>navi.</strong></span> <span class='ocrx_word' id='word_1_195' title='bbox 2417 1272 2543 1326; x_wconf 84' lang='lat' dir='ltr'><strong>Mira</strong></span> <span class='ocrx_word' id='word_1_196' title='bbox 2588 1274 2708 1327; x_wconf 86' lang='lat' dir='ltr'><strong>res!</strong></span> <span class='ocrx_word' id='word_1_197' title='bbox 2744 1282 2860 1340; x_wconf 90' lang='lat' dir='ltr'><strong>post</strong></span> <span class='ocrx_word' id='word_1_198' title='bbox 2902 1271 3238 1340; x_wconf 82' lang='lat' dir='ltr'><strong>naufragium</strong></span> <span class='ocrx_word' id='word_1_199' title='bbox 3264 1313 3279 1338; x_wconf 95' lang='lat'><strong>,</strong></span> <span class='ocrx_word' id='word_1_200' title='bbox 3314 1282 3438 1341; x_wconf 92' lang='lat' dir='ltr'><strong>post</strong></span> <span class='ocrx_word' id='word_1_201' title='bbox 3482 1272 3701 1325; x_wconf 88' lang='lat' dir='ltr'><strong>natatile</strong></span> <span class='ocrx_word' id='word_1_202' title='bbox 3747 1285 3840 1329; x_wconf 87' lang='lat' dir='ltr'><strong>se-</strong></span> 
     </span>
    </p>
   </div>
   <div class='ocr_carea' id='block_1_28' title="bbox 2241 1362 3840 1434">
    <p class='ocr_par' dir='ltr' id='par_1_28' title="bbox 2241 1362 3840 1434">
     <span class='ocr_line' id='line_1_28' title="bbox 2241 1362 3840 1434; baseline 0.001 -16"><span class='ocrx_word' id='word_1_203' title='bbox 2241 1367 2484 1432; x_wconf 81' lang='lat' dir='ltr'><strong>pulcntm</strong></span> <span class='ocrx_word' id='word_1_204' title='bbox 2514 1365 2801 1420; x_wconf 89' lang='lat' dir='ltr'><strong>incolumis</strong></span> <span class='ocrx_word' id='word_1_205' title='bbox 2834 1364 2993 1419; x_wconf 90' lang='lat' dir='ltr'><strong>tertio</strong></span> <span class='ocrx_word' id='word_1_206' title='bbox 3021 1372 3143 1434; x_wconf 91' lang='lat' dir='ltr'><strong>post</strong></span> <span class='ocrx_word' id='word_1_207' title='bbox 3177 1364 3263 1418; x_wconf 91' lang='lat' dir='ltr'><strong>die</strong></span> <span class='ocrx_word' id='word_1_208' title='bbox 3288 1362 3549 1418; x_wconf 83' lang='lat' dir='ltr'><strong>Ninivitas</strong></span> <span class='ocrx_word' id='word_1_209' title='bbox 3571 1363 3840 1431; x_wconf 82' lang='lat' dir='ltr'><strong>illustrat,</strong></span> 
     </span>
    </p>
   </div>
   <div class='ocr_carea' id='block_1_29' title="bbox 2250 1456 3843 1529">
    <p class='ocr_par' dir='ltr' id='par_1_29' title="bbox 2250 1456 3843 1529">
     <span class='ocr_line' id='line_1_29' title="bbox 2250 1456 3843 1529; baseline -0.003 -12"><span class='ocrx_word' id='word_1_210' title='bbox 2250 1460 2584 1517; x_wconf 82' lang='lat' dir='ltr'><strong>terribilibus</strong></span> <span class='ocrx_word' id='word_1_211' title='bbox 2617 1458 2853 1515; x_wconf 84' lang='lat' dir='ltr'><strong>oraculis</strong></span> <span class='ocrx_word' id='word_1_212' title='bbox 2907 1458 3139 1515; x_wconf 86' lang='lat' dir='ltr'><strong>salutem</strong></span> <span class='ocrx_word' id='word_1_213' title='bbox 3191 1457 3397 1513; x_wconf 84' lang='lat' dir='ltr'><strong>civitati</strong></span> <span class='ocrx_word' id='word_1_214' title='bbox 3453 1456 3566 1529; x_wconf 85' lang='grc'><strong>(15)</strong></span> <span class='ocrx_word' id='word_1_215' title='bbox 3600 1458 3843 1513; x_wconf 81' lang='lat' dir='ltr'><strong>credula:</strong></span> 
     </span>
    </p>
   </div>
   <div class='ocr_carea' id='block_1_30' title="bbox 2249 1563 3415 1635">
    <p class='ocr_par' dir='ltr' id='par_1_30' title="bbox 2249 1563 3415 1635">
     <span class='ocr_line' id='line_1_30' title="bbox 2249 1563 3415 1635; baseline -0.003 -26"><span class='ocrx_word' id='word_1_216' title='bbox 2249 1563 2622 1624; x_wconf 66' lang='lat' dir='ltr'><strong>praestaturus.</strong></span> <span class='ocrx_word' id='word_1_217' title='bbox 3389 1616 3415 1635; x_wconf 55' lang='lat'><strong>.</strong></span> 
     </span>
    </p>
   </div>
   <div class='ocr_carea' id='block_1_31' title="bbox 2313 1632 3848 1719">
    <p class='ocr_par' dir='ltr' id='par_1_31' title="bbox 2313 1632 3848 1719">
     <span class='ocr_line' id='line_1_31' title="bbox 2313 1632 3848 1719; baseline 0.001 -17"><span class='ocrx_word' id='word_1_218' title='bbox 2313 1648 2399 1703; x_wconf 86' lang='grc' dir='ltr'><strong>ΙΙΙ.</strong></span> <span class='ocrx_word' id='word_1_219' title='bbox 2442 1648 2715 1717; x_wconf 84' lang='lat' dir='ltr'><strong>Quantum</strong></span> <span class='ocrx_word' id='word_1_220' title='bbox 2747 1647 2907 1703; x_wconf 89' lang='lat' dir='ltr'><strong>datur</strong></span> <span class='ocrx_word' id='word_1_221' title='bbox 2930 1646 3154 1718; x_wconf 80' lang='lat' dir='ltr'><strong>intelligi</strong></span> <span class='ocrx_word' id='word_1_222' title='bbox 3177 1689 3191 1714; x_wconf 92' lang='lat'><strong>,</strong></span> <span class='ocrx_word' id='word_1_223' title='bbox 3236 1632 3648 1712; x_wconf 83' lang='lat' dir='ltr'><strong>fratres,navis</strong></span> <span class='ocrx_word' id='word_1_224' title='bbox 3678 1655 3848 1719; x_wconf 83' lang='lat' dir='ltr'><strong>typus</strong></span> 
     </span>
    </p>
   </div>
   <div class='ocr_carea' id='block_1_32' title="bbox 2243 1738 3848 1812">
    <p class='ocr_par' dir='ltr' id='par_1_32' title="bbox 2243 1738 3848 1812">
     <span class='ocr_line' id='line_1_32' title="bbox 2243 1738 3848 1812; baseline 0 -17"><span class='ocrx_word' id='word_1_225' title='bbox 2243 1752 2324 1796; x_wconf 88' lang='lat' dir='ltr'><strong>est</strong></span> <span class='ocrx_word' id='word_1_226' title='bbox 2351 1755 2638 1812; x_wconf 76' lang='lat' dir='ltr'><strong>synagoga:</strong></span> <span class='ocrx_word' id='word_1_227' title='bbox 2664 1758 2677 1794; x_wconf 85' lang='lat'><strong>:</strong></span> <span class='ocrx_word' id='word_1_228' title='bbox 2710 1740 2828 1809; x_wconf 87' lang='lat' dir='ltr'><strong>ejus</strong></span> <span class='ocrx_word' id='word_1_229' title='bbox 2859 1739 2972 1812; x_wconf 86' lang='grc'><strong>(16)</strong></span> <span class='ocrx_word' id='word_1_230' title='bbox 2997 1748 3265 1809; x_wconf 84' lang='lat' dir='ltr'><strong>proretam</strong></span> <span class='ocrx_word' id='word_1_231' title='bbox 3290 1738 3848 1810; x_wconf 82' lang='lat' dir='ltr'><strong>sacerdotalecorpus</strong></span> 
     </span>
    </p>
   </div>
   <div class='ocr_carea' id='block_1_33' title="bbox 547 1828 3845 1903">
    <p class='ocr_par' dir='ltr' id='par_1_33' title="bbox 547 1828 3845 1903">
     <span class='ocr_line' id='line_1_33' title="bbox 547 1828 3845 1903; baseline -0.001 -16"><span class='ocrx_word' id='word_1_232' title='bbox 547 1831 738 1903; x_wconf 88' lang='lat' dir='ltr'><strong>liquidi</strong></span> <span class='ocrx_word' id='word_1_233' title='bbox 770 1833 1003 1902; x_wconf 62' lang='lat' dir='ltr'><strong>aequoris</strong></span> <span class='ocrx_word' id='word_1_234' title='bbox 1033 1841 1178 1901; x_wconf 87' lang='lat' dir='ltr'><strong>terga</strong></span> <span class='ocrx_word' id='word_1_235' title='bbox 1205 1871 1219 1894; x_wconf 91' lang='lat'><strong>,</strong></span> <span class='ocrx_word' id='word_1_236' title='bbox 1251 1831 1445 1901; x_wconf 86' lang='lat' dir='ltr'><strong>quibus</strong></span> <span class='ocrx_word' id='word_1_237' title='bbox 1475 1829 1652 1884; x_wconf 82' lang='lat' dir='ltr'><strong>viator</strong></span> <span class='ocrx_word' id='word_1_238' title='bbox 1674 1828 1914 1896; x_wconf 88' lang='lat' dir='ltr'><strong>trepidus</strong></span> <span class='ocrx_word' id='word_1_239' title='bbox 1938 1829 2131 1883; x_wconf 82' lang='lat' dir='ltr'><strong>absor—</strong></span> <span class='ocrx_word' id='word_1_240' title='bbox 2164 1828 2210 1888; x_wconf 85' lang='lat' dir='ltr'><strong>B</strong></span> <span class='ocrx_word' id='word_1_241' title='bbox 2239 1832 2535 1901; x_wconf 89' lang='lat' dir='ltr'><strong>accipimus</strong></span> <span class='ocrx_word' id='word_1_242' title='bbox 2556 1873 2571 1900; x_wconf 94' lang='lat'><strong>,</strong></span> <span class='ocrx_word' id='word_1_243' title='bbox 2618 1841 2809 1887; x_wconf 81' lang='lat' dir='ltr'><strong>nautas</strong></span> <span class='ocrx_word' id='word_1_244' title='bbox 2848 1832 3055 1888; x_wconf 80' lang='lat' dir='ltr'><strong>scribas</strong></span> <span class='ocrx_word' id='word_1_245' title='bbox 3094 1840 3150 1887; x_wconf 91' lang='lat' dir='ltr'><strong>et</strong></span> <span class='ocrx_word' id='word_1_246' title='bbox 3199 1831 3534 1901; x_wconf 70' lang='lat' dir='ltr'><strong>phariswos,</strong></span> <span class='ocrx_word' id='word_1_247' title='bbox 3573 1832 3845 1899; x_wconf 88' lang='lat' dir='ltr'><strong>jacturam</strong></span> 
     </span>
    </p>
   </div>
   <div class='ocr_carea' id='block_1_34' title="bbox 548 1923 2135 1996">
    <p class='ocr_par' dir='ltr' id='par_1_34' title="bbox 548 1923 2135 1996">
     <span class='ocr_line' id='line_1_34' title="bbox 548 1923 2135 1996; baseline -0.002 -16"><span class='ocrx_word' id='word_1_248' title='bbox 548 1926 799 1991; x_wconf 83' lang='lat' dir='ltr'><strong>bebatur,</strong></span> <span class='ocrx_word' id='word_1_249' title='bbox 828 1934 881 1979; x_wconf 89' lang='lat' dir='ltr'><strong>et</strong></span> <span class='ocrx_word' id='word_1_250' title='bbox 913 1925 1311 1995; x_wconf 90' lang='lat' dir='ltr'><strong>perambularet</strong></span> <span class='ocrx_word' id='word_1_251' title='bbox 1338 1924 1535 1994; x_wconf 88' lang='lat' dir='ltr'><strong>pariter</strong></span> <span class='ocrx_word' id='word_1_252' title='bbox 1557 1932 1612 1979; x_wconf 90' lang='lat' dir='ltr'><strong>et</strong></span> <span class='ocrx_word' id='word_1_253' title='bbox 1631 1923 1889 1979; x_wconf 87' lang='lat' dir='ltr'><strong>evaderet</strong></span> <span class='ocrx_word' id='word_1_254' title='bbox 1921 1923 2135 1996; x_wconf 81' lang='lat' dir='ltr'><strong>(Matth.</strong></span> 
     </span>
    </p>
   </div>
   <div class='ocr_carea' id='block_1_35' title="bbox 549 2016 2142 2091">
    <p class='ocr_par' dir='ltr' id='par_1_35' title="bbox 549 2016 2142 2091">
     <span class='ocr_line' id='line_1_35' title="bbox 549 2016 2142 2091; baseline -0.002 -17"><span class='ocrx_word' id='word_1_255' title='bbox 549 2034 666 2082; x_wconf 81' lang='lat' dir='ltr'><strong>xlv.</strong></span> <span class='ocrx_word' id='word_1_256' title='bbox 698 2018 790 2084; x_wconf 78' lang='lat'><strong>‘50,</strong></span> <span class='ocrx_word' id='word_1_257' title='bbox 816 2019 930 2091; x_wconf 80' lang='grc'><strong>51).</strong></span> <span class='ocrx_word' id='word_1_258' title='bbox 960 2016 1173 2073; x_wconf 83' lang='lat' dir='ltr'><strong>Clamat</strong></span> <span class='ocrx_word' id='word_1_259' title='bbox 1193 2019 1258 2072; x_wconf 89' lang='lat' dir='ltr'><strong>de</strong></span> <span class='ocrx_word' id='word_1_260' title='bbox 1288 2016 1569 2088; x_wconf 89' lang='lat' dir='ltr'><strong>profundis</strong></span> <span class='ocrx_word' id='word_1_261' title='bbox 1615 2026 1671 2070; x_wconf 85' lang='lat' dir='ltr'><strong>et</strong></span> <span class='ocrx_word' id='word_1_262' title='bbox 1691 2017 1887 2073; x_wconf 83' lang='lat' dir='ltr'><strong>Paulus</strong></span> <span class='ocrx_word' id='word_1_263' title='bbox 1915 2018 2142 2072; x_wconf 90' lang='lat' dir='ltr'><strong>obrutus</strong></span> 
     </span>
    </p>
   </div>
   <div class='ocr_carea' id='block_1_36' title="bbox 548 2111 2140 2181">
    <p class='ocr_par' dir='ltr' id='par_1_36' title="bbox 548 2111 2140 2181">
     <span class='ocr_line' id='line_1_36' title="bbox 548 2111 2140 2181; baseline -0.001 -12"><span class='ocrx_word' id='word_1_264' title='bbox 548 2113 948 2170; x_wconf 83' lang='lat' dir='ltr'><strong>calamitatibus</strong></span> <span class='ocrx_word' id='word_1_265' title='bbox 980 2114 1149 2169; x_wconf 87' lang='lat' dir='ltr'><strong>beatis</strong></span> <span class='ocrx_word' id='word_1_266' title='bbox 1168 2155 1184 2181; x_wconf 93' lang='lat'><strong>,</strong></span> <span class='ocrx_word' id='word_1_267' title='bbox 1213 2130 1335 2169; x_wconf 90' lang='lat' dir='ltr'><strong>cum</strong></span> <span class='ocrx_word' id='word_1_268' title='bbox 1362 2129 1458 2179; x_wconf 89' lang='lat' dir='ltr'><strong>pro</strong></span> <span class='ocrx_word' id='word_1_269' title='bbox 1490 2113 1709 2167; x_wconf 88' lang='lat' dir='ltr'><strong>nomine</strong></span> <span class='ocrx_word' id='word_1_270' title='bbox 1737 2111 1946 2167; x_wconf 91' lang='lat' dir='ltr'><strong>Domini</strong></span> <span class='ocrx_word' id='word_1_271' title='bbox 1972 2112 2140 2167; x_wconf 56' lang='lat' dir='ltr'><strong>latro.</strong></span> 
     </span>
    </p>
   </div>
   <div class='ocr_carea' id='block_1_37' title="bbox 549 2205 2141 2275">
    <p class='ocr_par' dir='ltr' id='par_1_37' title="bbox 549 2205 2141 2275">
     <span class='ocr_line' id='line_1_37' title="bbox 549 2205 2141 2275; baseline -0.002 -13"><span class='ocrx_word' id='word_1_272' title='bbox 549 2221 645 2263; x_wconf 90' lang='lat' dir='ltr'><strong>nes</strong></span> <span class='ocrx_word' id='word_1_273' title='bbox 677 2206 730 2261; x_wconf 92' lang='lat' dir='ltr'><strong>in</strong></span> <span class='ocrx_word' id='word_1_274' title='bbox 756 2206 1062 2272; x_wconf 87' lang='lat' dir='ltr'><strong>itineribus,</strong></span> <span class='ocrx_word' id='word_1_275' title='bbox 1088 2206 1396 2262; x_wconf 83' lang='lat' dir='ltr'><strong>latronesjn</strong></span> <span class='ocrx_word' id='word_1_276' title='bbox 1423 2205 1730 2261; x_wconf 86' lang='lat' dir='ltr'><strong>civitatibus</strong></span> <span class='ocrx_word' id='word_1_277' title='bbox 1758 2205 1994 2275; x_wconf 87' lang='lat' dir='ltr'><strong>patitur:</strong></span> <span class='ocrx_word' id='word_1_278' title='bbox 2019 2220 2141 2260; x_wconf 91' lang='lat' dir='ltr'><strong>cum</strong></span> 
     </span>
    </p>
   </div>
   <div class='ocr_carea' id='block_1_38' title="bbox 545 2297 2142 2370">
    <p class='ocr_par' dir='ltr' id='par_1_38' title="bbox 545 2297 2142 2370">
     <span class='ocr_line' id='line_1_38' title="bbox 545 2297 2142 2370; baseline 0.001 -18"><span class='ocrx_word' id='word_1_279' title='bbox 545 2315 573 2352; x_wconf 90' lang='lat' dir='ltr'><strong>a</strong></span> <span class='ocrx_word' id='word_1_280' title='bbox 600 2297 803 2354; x_wconf 70' lang='lat' dir='ltr'><strong>Judzcis</strong></span> <span class='ocrx_word' id='word_1_281' title='bbox 840 2299 1004 2370; x_wconf 79' lang='lat' dir='ltr'><strong>virgis</strong></span> <span class='ocrx_word' id='word_1_282' title='bbox 1046 2309 1127 2356; x_wconf 87' lang='lat' dir='ltr'><strong>ter</strong></span> <span class='ocrx_word' id='word_1_283' title='bbox 1154 2313 1329 2355; x_wconf 73' lang='lat' dir='ltr'><strong>exesus</strong></span> <span class='ocrx_word' id='word_1_284' title='bbox 1375 2298 1652 2369; x_wconf 83' lang='lat' dir='ltr'><strong>naufragio</strong></span> <span class='ocrx_word' id='word_1_285' title='bbox 1690 2300 1837 2354; x_wconf 84' lang='lat' dir='ltr'><strong>trino</strong></span> <span class='ocrx_word' id='word_1_286' title='bbox 1883 2297 2142 2353; x_wconf 88' lang='lat' dir='ltr'><strong>diluitur:</strong></span> 
     </span>
    </p>
   </div>
   <div class='ocr_carea' id='block_1_39' title="bbox 544 2390 2148 2463">
    <p class='ocr_par' dir='ltr' id='par_1_39' title="bbox 544 2390 2148 2463">
     <span class='ocr_line' id='line_1_39' title="bbox 544 2390 2148 2463; baseline -0.003 -16"><span class='ocrx_word' id='word_1_287' title='bbox 544 2408 665 2447; x_wconf 92' lang='lat' dir='ltr'><strong>cum</strong></span> <span class='ocrx_word' id='word_1_288' title='bbox 701 2393 874 2447; x_wconf 87' lang='lat' dir='ltr'><strong>insani</strong></span> <span class='ocrx_word' id='word_1_289' title='bbox 916 2391 1100 2463; x_wconf 87' lang='lat' dir='ltr'><strong>populi</strong></span> <span class='ocrx_word' id='word_1_290' title='bbox 1128 2392 1415 2447; x_wconf 86' lang='lat' dir='ltr'><strong>furibunda</strong></span> <span class='ocrx_word' id='word_1_291' title='bbox 1448 2401 1768 2462; x_wconf 86' lang='lat' dir='ltr'><strong>tempestate</strong></span> <span class='ocrx_word' id='word_1_292' title='bbox 1796 2390 2024 2461; x_wconf 84' lang='lat' dir='ltr'><strong>lapideis</strong></span> <span class='ocrx_word' id='word_1_293' title='bbox 2053 2390 2148 2443; x_wconf 90' lang='lat' dir='ltr'><strong>im-</strong></span> 
     </span>
    </p>
   </div>
   <div class='ocr_carea' id='block_1_40' title="bbox 548 2481 2147 2556">
    <p class='ocr_par' dir='ltr' id='par_1_40' title="bbox 548 2481 2147 2556">
     <span class='ocr_line' id='line_1_40' title="bbox 548 2481 2147 2556; baseline -0.002 -18"><span class='ocrx_word' id='word_1_294' title='bbox 548 2483 734 2538; x_wconf 89' lang='lat' dir='ltr'><strong>bribus</strong></span> <span class='ocrx_word' id='word_1_295' title='bbox 779 2481 1008 2538; x_wconf 87' lang='lat' dir='ltr'><strong>feliciter</strong></span> <span class='ocrx_word' id='word_1_296' title='bbox 1044 2482 1159 2556; x_wconf 87' lang='grc'><strong>(11)</strong></span> <span class='ocrx_word' id='word_1_297' title='bbox 1186 2483 1576 2555; x_wconf 88' lang='lat' dir='ltr'><strong>grandinatur:</strong></span> <span class='ocrx_word' id='word_1_298' title='bbox 1628 2499 1751 2539; x_wconf 90' lang='lat' dir='ltr'><strong>cum</strong></span> <span class='ocrx_word' id='word_1_299' title='bbox 1782 2486 1835 2538; x_wconf 92' lang='lat' dir='ltr'><strong>in</strong></span> <span class='ocrx_word' id='word_1_300' title='bbox 1872 2481 2147 2554; x_wconf 86' lang='lat' dir='ltr'><strong>profundo</strong></span> 
     </span>
    </p>
   </div>
   <div class='ocr_carea' id='block_1_41' title="bbox 548 2574 2143 2648">
    <p class='ocr_par' dir='ltr' id='par_1_41' title="bbox 548 2574 2143 2648">
     <span class='ocr_line' id='line_1_41' title="bbox 548 2574 2143 2648; baseline -0.003 -17"><span class='ocrx_word' id='word_1_301' title='bbox 548 2577 714 2631; x_wconf 88' lang='lat' dir='ltr'><strong>maris</strong></span> <span class='ocrx_word' id='word_1_302' title='bbox 762 2575 865 2631; x_wconf 75' lang='lat' dir='ltr'><strong>tlid‘</strong></span> <span class='ocrx_word' id='word_1_303' title='bbox 888 2576 1053 2648; x_wconf 69' lang='lat'><strong>208</strong></span> <span class='ocrx_word' id='word_1_304' title='bbox 1076 2574 1388 2632; x_wconf 87' lang='lat' dir='ltr'><strong>demoratus</strong></span> <span class='ocrx_word' id='word_1_305' title='bbox 1414 2591 1478 2632; x_wconf 88' lang='lat' dir='ltr'><strong>ac</strong></span> <span class='ocrx_word' id='word_1_306' title='bbox 1526 2585 1705 2644; x_wconf 87' lang='lat' dir='ltr'><strong>nocte,</strong></span> <span class='ocrx_word' id='word_1_307' title='bbox 1738 2575 1805 2630; x_wconf 88' lang='lat' dir='ltr'><strong>ad</strong></span> <span class='ocrx_word' id='word_1_308' title='bbox 1838 2577 2002 2631; x_wconf 85' lang='lat' dir='ltr'><strong>Deum</strong></span> <span class='ocrx_word' id='word_1_309' title='bbox 2042 2575 2143 2640; x_wconf 92' lang='lat' dir='ltr'><strong>cla,</strong></span> 
     </span>
    </p>
   </div>
   <div class='ocr_carea' id='block_1_42' title="bbox 550 2662 2146 2741">
    <p class='ocr_par' dir='ltr' id='par_1_42' title="bbox 550 2662 2146 2741">
     <span class='ocr_line' id='line_1_42' title="bbox 550 2662 2146 2741; baseline -0.001 -17"><span class='ocrx_word' id='word_1_310' title='bbox 550 2684 708 2725; x_wconf 88' lang='lat' dir='ltr'><strong>mans</strong></span> <span class='ocrx_word' id='word_1_311' title='bbox 738 2669 1020 2724; x_wconf 84' lang='lat' dir='ltr'><strong>incolumis</strong></span> <span class='ocrx_word' id='word_1_312' title='bbox 1045 2670 1171 2725; x_wconf 90' lang='lat' dir='ltr'><strong>inde</strong></span> <span class='ocrx_word' id='word_1_313' title='bbox 1197 2669 1468 2740; x_wconf 79' lang='lat' dir='ltr'><strong>respuitur</strong></span> <span class='ocrx_word' id='word_1_314' title='bbox 1496 2670 1563 2739; x_wconf 95' lang='lat' dir='ltr'><strong>(ll</strong></span> <span class='ocrx_word' id='word_1_315' title='bbox 1591 2669 1712 2723; x_wconf 78' lang='lat' dir='ltr'><strong>Cor.</strong></span> <span class='ocrx_word' id='word_1_316' title='bbox 1740 2668 1823 2741; x_wconf 90' lang='grc' dir='ltr'><strong>ιι).</strong></span> <span class='ocrx_word' id='word_1_317' title='bbox 2137 2662 2146 2669; x_wconf 83' lang='grc'><strong>’</strong></span> 
     </span>
    </p>
   </div>
   <div class='ocr_carea' id='block_1_43' title="bbox 624 2763 2147 2841">
    <p class='ocr_par' dir='ltr' id='par_1_43' title="bbox 624 2763 2147 2841">
     <span class='ocr_line' id='line_1_43' title="bbox 624 2763 2147 2841; baseline -0.001 -22"><span class='ocrx_word' id='word_1_318' title='bbox 624 2767 685 2822; x_wconf 87' lang='lat' dir='ltr'><strong>ll.</strong></span> <span class='ocrx_word' id='word_1_319' title='bbox 725 2765 891 2820; x_wconf 84' lang='lat' dir='ltr'><strong>Jonas</strong></span> <span class='ocrx_word' id='word_1_320' title='bbox 930 2766 1154 2836; x_wconf 55' lang='lat' dir='ltr'><strong>adaeque</strong></span> <span class='ocrx_word' id='word_1_321' title='bbox 1202 2764 1461 2835; x_wconf 84' lang='lat' dir='ltr'><strong>propheta</strong></span> <span class='ocrx_word' id='word_1_322' title='bbox 1492 2764 1557 2841; x_wconf 85' lang='lat' dir='ltr'><strong>ad</strong></span> <span class='ocrx_word' id='word_1_323' title='bbox 1586 2763 1849 2819; x_wconf 84' lang='lat' dir='ltr'><strong>Ninivitas</strong></span> <span class='ocrx_word' id='word_1_324' title='bbox 1882 2764 2079 2817; x_wconf 90' lang='lat' dir='ltr'><strong>missus</strong></span> <span class='ocrx_word' id='word_1_325' title='bbox 2118 2778 2147 2817; x_wconf 91' lang='lat' dir='ltr'><strong>a</strong></span> 
     </span>
    </p>
   </div>
   <div class='ocr_carea' id='block_1_44' title="bbox 551 2855 2146 2923">
    <p class='ocr_par' dir='ltr' id='par_1_44' title="bbox 551 2855 2146 2923">
     <span class='ocr_line' id='line_1_44' title="bbox 551 2855 2146 2923; baseline -0.005 -8"><span class='ocrx_word' id='word_1_326' title='bbox 551 2860 662 2915; x_wconf 89' lang='lat' dir='ltr'><strong>Deo</strong></span> <span class='ocrx_word' id='word_1_327' title='bbox 691 2869 775 2914; x_wconf 89' lang='lat' dir='ltr'><strong>est</strong></span> <span class='ocrx_word' id='word_1_328' title='bbox 795 2901 808 2922; x_wconf 91' lang='lat'><strong>,</strong></span> <span class='ocrx_word' id='word_1_329' title='bbox 837 2872 1024 2912; x_wconf 91' lang='lat' dir='ltr'><strong>eorum</strong></span> <span class='ocrx_word' id='word_1_330' title='bbox 1054 2866 1111 2912; x_wconf 91' lang='lat' dir='ltr'><strong>ut</strong></span> <span class='ocrx_word' id='word_1_331' title='bbox 1134 2858 1418 2923; x_wconf 82' lang='lat' dir='ltr'><strong>imminere</strong></span> <span class='ocrx_word' id='word_1_332' title='bbox 1444 2856 1648 2910; x_wconf 58' lang='lat' dir='ltr'><strong>civitati</strong></span> <span class='ocrx_word' id='word_1_333' title='bbox 1682 2855 1961 2910; x_wconf 88' lang='lat' dir='ltr'><strong>interitum</strong></span> <span class='ocrx_word' id='word_1_334' title='bbox 2007 2870 2146 2908; x_wconf 86' lang='lat' dir='ltr'><strong>nuu-</strong></span> 
     </span>
    </p>
   </div>
   <div class='ocr_carea' id='block_1_45' title="bbox 551 2947 2148 3024">
    <p class='ocr_par' dir='ltr' id='par_1_45' title="bbox 551 2947 2148 3024">
     <span class='ocr_line' id='line_1_45' title="bbox 551 2947 2148 3024; baseline -0.004 -16"><span class='ocrx_word' id='word_1_335' title='bbox 551 2956 712 3008; x_wconf 88' lang='lat' dir='ltr'><strong>tiaret</strong></span> <span class='ocrx_word' id='word_1_336' title='bbox 736 2950 881 3024; x_wconf 87' lang='lat' dir='ltr'><strong>(Jon.</strong></span> <span class='ocrx_word' id='word_1_337' title='bbox 916 2949 955 3023; x_wconf 92' lang='grc' dir='ltr'>ι)</span> <span class='ocrx_word' id='word_1_338' title='bbox 988 2969 1001 3005; x_wconf 91' lang='lat'><strong>:</strong></span> <span class='ocrx_word' id='word_1_339' title='bbox 1039 2950 1343 3022; x_wconf 77' lang='lat' dir='ltr'><strong>ingentibus</strong></span> <span class='ocrx_word' id='word_1_340' title='bbox 1366 2951 1507 3005; x_wconf 86' lang='lat' dir='ltr'><strong>enim</strong></span> <span class='ocrx_word' id='word_1_341' title='bbox 1544 2959 1888 3018; x_wconf 83' lang='lat' dir='ltr'><strong>peccatorum</strong></span> <span class='ocrx_word' id='word_1_342' title='bbox 1920 2947 2148 3003; x_wconf 85' lang='lat' dir='ltr'><strong>sarcinis</strong></span> 
     </span>
    </p>
   </div>
   <div class='ocr_carea' id='block_1_46' title="bbox 550 3041 2148 3116">
    <p class='ocr_par' dir='ltr' id='par_1_46' title="bbox 550 3041 2148 3116">
     <span class='ocr_line' id='line_1_46' title="bbox 550 3041 2148 3116; baseline -0.003 -18"><span class='ocrx_word' id='word_1_343' title='bbox 550 3045 959 3116; x_wconf 85' lang='lat' dir='ltr'><strong>premebantur.</strong></span> <span class='ocrx_word' id='word_1_344' title='bbox 993 3043 1066 3098; x_wconf 81' lang='lat' dir='ltr'><strong>At</strong></span> <span class='ocrx_word' id='word_1_345' title='bbox 1109 3043 1200 3098; x_wconf 88' lang='lat' dir='ltr'><strong>ille</strong></span> <span class='ocrx_word' id='word_1_346' title='bbox 1241 3042 1349 3097; x_wconf 91' lang='lat' dir='ltr'><strong>alio</strong></span> <span class='ocrx_word' id='word_1_347' title='bbox 1390 3041 1634 3097; x_wconf 82' lang='lat' dir='ltr'><strong>deﬂexus</strong></span> <span class='ocrx_word' id='word_1_348' title='bbox 1682 3042 1911 3107; x_wconf 88' lang='lat' dir='ltr'><strong>itinere,</strong></span> <span class='ocrx_word' id='word_1_349' title='bbox 1958 3056 2148 3095; x_wconf 88' lang='lat' dir='ltr'><strong>navem</strong></span> 
     </span>
    </p>
   </div>
   <div class='ocr_carea' id='block_1_47' title="bbox 553 3133 2151 3205">
    <p class='ocr_par' dir='ltr' id='par_1_47' title="bbox 553 3133 2151 3205">
     <span class='ocr_line' id='line_1_47' title="bbox 553 3133 2151 3205; baseline -0.001 -16"><span class='ocrx_word' id='word_1_350' title='bbox 553 3137 752 3190; x_wconf 81' lang='lat' dir='ltr'><strong>Tarsos</strong></span> <span class='ocrx_word' id='word_1_351' title='bbox 782 3138 1048 3204; x_wconf 90' lang='lat' dir='ltr'><strong>petiturus</strong></span> <span class='ocrx_word' id='word_1_352' title='bbox 1076 3136 1356 3200; x_wconf 89' lang='lat' dir='ltr'><strong>ascendit;</strong></span> <span class='ocrx_word' id='word_1_353' title='bbox 1390 3150 1511 3188; x_wconf 90' lang='lat' dir='ltr'><strong>cum</strong></span> <span class='ocrx_word' id='word_1_354' title='bbox 1559 3133 1738 3188; x_wconf 90' lang='lat' dir='ltr'><strong>subito</strong></span> <span class='ocrx_word' id='word_1_355' title='bbox 1780 3148 2151 3205; x_wconf 89' lang='lat' dir='ltr'><strong>compugnan-</strong></span> 
     </span>
    </p>
   </div>
   <div class='ocr_carea' id='block_1_48' title="bbox 2246 1925 3847 1999">
    <p class='ocr_par' dir='ltr' id='par_1_48' title="bbox 2246 1925 3847 1999">
     <span class='ocr_line' id='line_1_48' title="bbox 2246 1925 3847 1999; baseline 0.003 -21"><span class='ocrx_word' id='word_1_356' title='bbox 2246 1941 2497 1980; x_wconf 90' lang='lat' dir='ltr'><strong>vasorum</strong></span> <span class='ocrx_word' id='word_1_357' title='bbox 2556 1925 2986 1996; x_wconf 77' lang='lat' dir='ltr'><strong>repudiationem</strong></span> <span class='ocrx_word' id='word_1_358' title='bbox 3043 1928 3435 1997; x_wconf 88' lang='lat' dir='ltr'><strong>prophetarum</strong></span> <span class='ocrx_word' id='word_1_359' title='bbox 3490 1926 3847 1999; x_wconf 85' lang='lat' dir='ltr'><strong>omniumque</strong></span> 
     </span>
    </p>
   </div>
   <div class='ocr_carea' id='block_1_49' title="bbox 2244 2017 3843 2090">
    <p class='ocr_par' dir='ltr' id='par_1_49' title="bbox 2244 2017 3843 2090">
     <span class='ocr_line' id='line_1_49' title="bbox 2244 2017 3843 2090; baseline 0.001 -17"><span class='ocrx_word' id='word_1_360' title='bbox 2244 2020 2590 2084; x_wconf 88' lang='lat' dir='ltr'><strong>sanctorum,</strong></span> <span class='ocrx_word' id='word_1_361' title='bbox 2620 2033 2757 2088; x_wconf 91' lang='lat' dir='ltr'><strong>quos</strong></span> <span class='ocrx_word' id='word_1_362' title='bbox 2791 2032 3063 2090; x_wconf 84' lang='lat' dir='ltr'><strong>synagoga</strong></span> <span class='ocrx_word' id='word_1_363' title='bbox 3104 2019 3288 2088; x_wconf 78' lang='lat' dir='ltr'><strong>pulsos</strong></span> <span class='ocrx_word' id='word_1_364' title='bbox 3318 2017 3490 2073; x_wconf 70' lang='lat' dir='ltr'><strong>Judati</strong></span> <span class='ocrx_word' id='word_1_365' title='bbox 3538 2019 3589 2075; x_wconf 92' lang='lat' dir='ltr'><strong>in</strong></span> <span class='ocrx_word' id='word_1_366' title='bbox 3637 2019 3843 2074; x_wconf 88' lang='lat' dir='ltr'><strong>damna</strong></span> 
     </span>
    </p>
   </div>
   <div class='ocr_carea' id='block_1_50' title="bbox 2243 2109 3841 2181">
    <p class='ocr_par' dir='ltr' id='par_1_50' title="bbox 2243 2109 3841 2181">
     <span class='ocr_line' id='line_1_50' title="bbox 2243 2109 3841 2181; baseline 0.001 -16"><span class='ocrx_word' id='word_1_367' title='bbox 2243 2111 2432 2165; x_wconf 88' lang='lat' dir='ltr'><strong>salutis</strong></span> <span class='ocrx_word' id='word_1_368' title='bbox 2459 2126 2569 2164; x_wconf 72' lang='lat' dir='ltr'><strong>sua:</strong></span> <span class='ocrx_word' id='word_1_369' title='bbox 2599 2109 2829 2181; x_wconf 74' lang='lat' dir='ltr'><strong>indignis</strong></span> <span class='ocrx_word' id='word_1_370' title='bbox 2856 2110 3093 2166; x_wconf 69' lang='lat' dir='ltr'><strong>cmdibus</strong></span> <span class='ocrx_word' id='word_1_371' title='bbox 3123 2120 3516 2167; x_wconf 87' lang='lat' dir='ltr'><strong>mactaverunt.</strong></span> <span class='ocrx_word' id='word_1_372' title='bbox 3547 2111 3702 2168; x_wconf 86' lang='lat' dir='ltr'><strong>Venti</strong></span> <span class='ocrx_word' id='word_1_373' title='bbox 3730 2126 3841 2167; x_wconf 77' lang='lat' dir='ltr'><strong>sa:-</strong></span> 
     </span>
    </p>
   </div>
   <div class='ocr_carea' id='block_1_51' title="bbox 2248 2202 3854 2275">
    <p class='ocr_par' dir='ltr' id='par_1_51' title="bbox 2248 2202 3854 2275">
     <span class='ocr_line' id='line_1_51' title="bbox 2248 2202 3854 2275; baseline 0.004 -22"><span class='ocrx_word' id='word_1_374' title='bbox 2248 2202 2455 2257; x_wconf 78' lang='lat' dir='ltr'><strong>vientes</strong></span> <span class='ocrx_word' id='word_1_375' title='bbox 2500 2202 2699 2257; x_wconf 89' lang='lat' dir='ltr'><strong>diversi</strong></span> <span class='ocrx_word' id='word_1_376' title='bbox 2725 2212 2851 2257; x_wconf 87' lang='lat' dir='ltr'><strong>sunt</strong></span> <span class='ocrx_word' id='word_1_377' title='bbox 2893 2202 3059 2275; x_wconf 74' lang='lat'><strong>209</strong></span> <span class='ocrx_word' id='word_1_378' title='bbox 3095 2202 3211 2275; x_wconf 87' lang='lat' dir='ltr'><strong>(l7)</strong></span> <span class='ocrx_word' id='word_1_379' title='bbox 3245 2218 3436 2273; x_wconf 84' lang='lat' dir='ltr'><strong>reges,</strong></span> <span class='ocrx_word' id='word_1_380' title='bbox 3485 2204 3576 2275; x_wconf 88' lang='lat' dir='ltr'><strong>qui</strong></span> <span class='ocrx_word' id='word_1_381' title='bbox 3604 2203 3854 2259; x_wconf 74' lang='lat' dir='ltr'><strong>Judmam</strong></span> 
     </span>
    </p>
   </div>
   <div class='ocr_carea' id='block_1_52' title="bbox 2249 2292 3860 2366">
    <p class='ocr_par' dir='ltr' id='par_1_52' title="bbox 2249 2292 3860 2366">
     <span class='ocr_line' id='line_1_52' title="bbox 2249 2292 3860 2366; baseline 0.002 -20"><span class='ocrx_word' id='word_1_382' title='bbox 2249 2292 2460 2363; x_wconf 88' lang='lat' dir='ltr'><strong>lngttbri</strong></span> <span class='ocrx_word' id='word_1_383' title='bbox 2504 2293 2763 2364; x_wconf 87' lang='lat' dir='ltr'><strong>clangore</strong></span> <span class='ocrx_word' id='word_1_384' title='bbox 2797 2294 3043 2348; x_wconf 88' lang='lat' dir='ltr'><strong>tubarum</strong></span> <span class='ocrx_word' id='word_1_385' title='bbox 3077 2308 3462 2366; x_wconf 87' lang='lat' dir='ltr'><strong>armorumque</strong></span> <span class='ocrx_word' id='word_1_386' title='bbox 3498 2292 3714 2364; x_wconf 83' lang='lat' dir='ltr'><strong>fragore</strong></span> <span class='ocrx_word' id='word_1_387' title='bbox 3743 2304 3860 2352; x_wconf 87' lang='lat' dir='ltr'><strong>ter-</strong></span> 
     </span>
    </p>
   </div>
   <div class='ocr_carea' id='block_1_53' title="bbox 2250 2373 3859 2459">
    <p class='ocr_par' dir='ltr' id='par_1_53' title="bbox 2250 2373 3859 2459">
     <span class='ocr_line' id='line_1_53' title="bbox 2250 2373 3859 2459; baseline 0.002 -19"><span class='ocrx_word' id='word_1_388' title='bbox 2250 2386 2390 2442; x_wconf 90' lang='lat' dir='ltr'><strong>ribili</strong></span> <span class='ocrx_word' id='word_1_389' title='bbox 2416 2429 2430 2453; x_wconf 91' lang='lat'><strong>,</strong></span> <span class='ocrx_word' id='word_1_390' title='bbox 2464 2387 2786 2442; x_wconf 82' lang='lat' dir='ltr'><strong>instantibus</strong></span> <span class='ocrx_word' id='word_1_391' title='bbox 2814 2373 3388 2457; x_wconf 73' lang='lat' dir='ltr'><strong>undiquepra-liorum</strong></span> <span class='ocrx_word' id='word_1_392' title='bbox 3420 2387 3712 2459; x_wconf 89' lang='lat' dir='ltr'><strong>procellis,</strong></span> <span class='ocrx_word' id='word_1_393' title='bbox 3747 2390 3859 2444; x_wconf 85' lang='lat' dir='ltr'><strong>mi-</strong></span> 
     </span>
    </p>
   </div>
   <div class='ocr_carea' id='block_1_54' title="bbox 2250 2477 3858 2549">
    <p class='ocr_par' dir='ltr' id='par_1_54' title="bbox 2250 2477 3858 2549">
     <span class='ocr_line' id='line_1_54' title="bbox 2250 2477 3858 2549; baseline 0.004 -17"><span class='ocrx_word' id='word_1_394' title='bbox 2250 2479 2562 2533; x_wconf 85' lang='lat' dir='ltr'><strong>serabiliter</strong></span> <span class='ocrx_word' id='word_1_395' title='bbox 2610 2495 2704 2549; x_wconf 90' lang='lat' dir='ltr'><strong>per</strong></span> <span class='ocrx_word' id='word_1_396' title='bbox 2745 2489 2920 2534; x_wconf 89' lang='lat' dir='ltr'><strong>totmn</strong></span> <span class='ocrx_word' id='word_1_397' title='bbox 2969 2477 3157 2534; x_wconf 85' lang='lat' dir='ltr'><strong>orbem</strong></span> <span class='ocrx_word' id='word_1_398' title='bbox 3202 2480 3512 2549; x_wconf 84' lang='lat' dir='ltr'><strong>dispersere</strong></span> <span class='ocrx_word' id='word_1_399' title='bbox 3559 2490 3858 2540; x_wconf 82' lang='lat' dir='ltr'><strong>terrarum.</strong></span> 
     </span>
    </p>
   </div>
   <div class='ocr_carea' id='block_1_55' title="bbox 2250 2573 3860 2644">
    <p class='ocr_par' dir='ltr' id='par_1_55' title="bbox 2250 2573 3860 2644">
     <span class='ocr_line' id='line_1_55' title="bbox 2250 2573 3860 2644; baseline -0.002 -14"><span class='ocrx_word' id='word_1_400' title='bbox 2250 2575 2416 2630; x_wconf 82' lang='lat' dir='ltr'><strong>Jonas</strong></span> <span class='ocrx_word' id='word_1_401' title='bbox 2446 2576 2500 2631; x_wconf 92' lang='lat' dir='ltr'><strong>in</strong></span> <span class='ocrx_word' id='word_1_402' title='bbox 2544 2577 2664 2629; x_wconf 82' lang='lat' dir='ltr'><strong>navi</strong></span> <span class='ocrx_word' id='word_1_403' title='bbox 2706 2573 2984 2630; x_wconf 92' lang='lat' dir='ltr'><strong>dormiens</strong></span> <span class='ocrx_word' id='word_1_404' title='bbox 3011 2573 3339 2629; x_wconf 84' lang='lat' dir='ltr'><strong>sacramenti</strong></span> <span class='ocrx_word' id='word_1_405' title='bbox 3372 2573 3633 2628; x_wconf 89' lang='lat' dir='ltr'><strong>Dominici</strong></span> <span class='ocrx_word' id='word_1_406' title='bbox 3660 2573 3860 2644; x_wconf 86' lang='lat' dir='ltr'><strong>imagi-</strong></span> 
     </span>
    </p>
   </div>
   <div class='ocr_carea' id='block_1_56' title="bbox 2254 2666 3863 2739">
    <p class='ocr_par' dir='ltr' id='par_1_56' title="bbox 2254 2666 3863 2739">
     <span class='ocr_line' id='line_1_56' title="bbox 2254 2666 3863 2739; baseline 0 -15"><span class='ocrx_word' id='word_1_407' title='bbox 2254 2684 2377 2724; x_wconf 91' lang='lat' dir='ltr'><strong>nem</strong></span> <span class='ocrx_word' id='word_1_408' title='bbox 2403 2669 2755 2739; x_wconf 69' lang='lat' dir='ltr'><strong>pra-ferebat,</strong></span> <span class='ocrx_word' id='word_1_409' title='bbox 2806 2669 3012 2724; x_wconf 90' lang='lat' dir='ltr'><strong>etenim</strong></span> <span class='ocrx_word' id='word_1_410' title='bbox 3051 2666 3396 2737; x_wconf 81' lang='lat' dir='ltr'><strong>significabat</strong></span> <span class='ocrx_word' id='word_1_411' title='bbox 3437 2668 3585 2722; x_wconf 88' lang='lat' dir='ltr'><strong>navis</strong></span> <span class='ocrx_word' id='word_1_412' title='bbox 3630 2670 3863 2724; x_wconf 86' lang='lat' dir='ltr'><strong>materia</strong></span> 
     </span>
    </p>
   </div>
   <div class='ocr_carea' id='block_1_57' title="bbox 2253 2762 3863 2830">
    <p class='ocr_par' dir='ltr' id='par_1_57' title="bbox 2253 2762 3863 2830">
     <span class='ocr_line' id='line_1_57' title="bbox 2253 2762 3863 2830; baseline -0.001 -12"><span class='ocrx_word' id='word_1_413' title='bbox 2253 2777 2469 2818; x_wconf 92' lang='lat' dir='ltr'><strong>crucem</strong></span> <span class='ocrx_word' id='word_1_414' title='bbox 2490 2805 2505 2830; x_wconf 93' lang='lat'><strong>,</strong></span> <span class='ocrx_word' id='word_1_415' title='bbox 2539 2778 2765 2818; x_wconf 90' lang='lat' dir='ltr'><strong>somnus</strong></span> <span class='ocrx_word' id='word_1_416' title='bbox 2791 2776 2921 2817; x_wconf 88' lang='lat' dir='ltr'><strong>vero</strong></span> <span class='ocrx_word' id='word_1_417' title='bbox 2955 2762 3277 2830; x_wconf 74' lang='lat' dir='ltr'><strong>passionem.</strong></span> <span class='ocrx_word' id='word_1_418' title='bbox 3311 2762 3454 2817; x_wconf 83' lang='lat' dir='ltr'><strong>Mare</strong></span> <span class='ocrx_word' id='word_1_419' title='bbox 3490 2771 3669 2817; x_wconf 90' lang='lat' dir='ltr'><strong>autem</strong></span> <span class='ocrx_word' id='word_1_420' title='bbox 3699 2779 3863 2817; x_wconf 85' lang='lat' dir='ltr'><strong>umn-</strong></span> 
     </span>
    </p>
   </div>
   <div class='ocr_carea' id='block_1_58' title="bbox 2254 2852 3863 2925">
    <p class='ocr_par' dir='ltr' id='par_1_58' title="bbox 2254 2852 3863 2925">
     <span class='ocr_line' id='line_1_58' title="bbox 2254 2852 3863 2925; baseline 0.001 -16"><span class='ocrx_word' id='word_1_421' title='bbox 2254 2857 2354 2909; x_wconf 91' lang='lat' dir='ltr'><strong>dns</strong></span> <span class='ocrx_word' id='word_1_422' title='bbox 2378 2864 2459 2909; x_wconf 85' lang='lat' dir='ltr'><strong>est</strong></span> <span class='ocrx_word' id='word_1_423' title='bbox 2484 2856 2587 2911; x_wconf 91' lang='lat' dir='ltr'><strong>iste</strong></span> <span class='ocrx_word' id='word_1_424' title='bbox 2617 2855 2854 2909; x_wconf 79' lang='lat' dir='ltr'><strong>tumidus</strong></span> <span class='ocrx_word' id='word_1_425' title='bbox 2878 2872 2890 2907; x_wconf 91' lang='lat'><strong>:</strong></span> <span class='ocrx_word' id='word_1_426' title='bbox 2923 2853 3119 2909; x_wconf 87' lang='lat' dir='ltr'><strong>fluetus</strong></span> <span class='ocrx_word' id='word_1_427' title='bbox 3144 2854 3262 2923; x_wconf 86' lang='lat' dir='ltr'><strong>ejus</strong></span> <span class='ocrx_word' id='word_1_428' title='bbox 3288 2852 3599 2909; x_wconf 66' lang='lat' dir='ltr'><strong>Judaeornm</strong></span> <span class='ocrx_word' id='word_1_429' title='bbox 3625 2855 3863 2925; x_wconf 83' lang='lat' dir='ltr'><strong>populos</strong></span> 
     </span>
    </p>
   </div>
   <div class='ocr_carea' id='block_1_59' title="bbox 2255 2944 3864 3016">
    <p class='ocr_par' dir='ltr' id='par_1_59' title="bbox 2255 2944 3864 3016">
     <span class='ocr_line' id='line_1_59' title="bbox 2255 2944 3864 3016; baseline 0.001 -14"><span class='ocrx_word' id='word_1_430' title='bbox 2255 2957 2308 3002; x_wconf 90' lang='lat' dir='ltr'><strong>et</strong></span> <span class='ocrx_word' id='word_1_431' title='bbox 2350 2946 2552 3002; x_wconf 87' lang='lat' dir='ltr'><strong>Gentes</strong></span> <span class='ocrx_word' id='word_1_432' title='bbox 2598 2947 2927 3016; x_wconf 89' lang='lat' dir='ltr'><strong>accipimus,</strong></span> <span class='ocrx_word' id='word_1_433' title='bbox 2961 2946 3054 3016; x_wconf 91' lang='lat' dir='ltr'><strong>qui</strong></span> <span class='ocrx_word' id='word_1_434' title='bbox 3094 2944 3355 3001; x_wconf 79' lang='lat' dir='ltr'><strong>adversus</strong></span> <span class='ocrx_word' id='word_1_435' title='bbox 3402 2945 3569 3002; x_wconf 85' lang='lat' dir='ltr'><strong>Deum</strong></span> <span class='ocrx_word' id='word_1_436' title='bbox 3624 2946 3864 3003; x_wconf 88' lang='lat' dir='ltr'><strong>inaniter</strong></span> 
     </span>
    </p>
   </div>
   <div class='ocr_carea' id='block_1_60' title="bbox 2256 3036 3850 3109">
    <p class='ocr_par' dir='ltr' id='par_1_60' title="bbox 2256 3036 3850 3109">
     <span class='ocr_line' id='line_1_60' title="bbox 2256 3036 3850 3109; baseline 0 -16"><span class='ocrx_word' id='word_1_437' title='bbox 2256 3038 2610 3094; x_wconf 87' lang='lat' dir='ltr'><strong>fremuerunt.</strong></span> <span class='ocrx_word' id='word_1_438' title='bbox 2660 3038 2791 3093; x_wconf 83' lang='lat' dir='ltr'><strong>Sors</strong></span> <span class='ocrx_word' id='word_1_439' title='bbox 2838 3038 3029 3093; x_wconf 91' lang='lat' dir='ltr'><strong>Jonam</strong></span> <span class='ocrx_word' id='word_1_440' title='bbox 3077 3036 3517 3107; x_wconf 66' lang='lat' dir='ltr'><strong>praecipitandum</strong></span> <span class='ocrx_word' id='word_1_441' title='bbox 3568 3036 3850 3109; x_wconf 79' lang='lat' dir='ltr'><strong>prodidit,</strong></span> 
     </span>
    </p>
   </div>
   <div class='ocr_carea' id='block_1_61' title="bbox 2256 3129 3849 3201">
    <p class='ocr_par' dir='ltr' id='par_1_61' title="bbox 2256 3129 3849 3201">
     <span class='ocr_line' id='line_1_61' title="bbox 2256 3129 3849 3201; baseline 0 -17"><span class='ocrx_word' id='word_1_442' title='bbox 2256 3132 2539 3200; x_wconf 86' lang='lat' dir='ltr'><strong>prephetia</strong></span> <span class='ocrx_word' id='word_1_443' title='bbox 2572 3145 2852 3200; x_wconf 86' lang='lat' dir='ltr'><strong>passurum</strong></span> <span class='ocrx_word' id='word_1_444' title='bbox 2881 3130 3167 3185; x_wconf 84' lang='lat' dir='ltr'><strong>Dominum</strong></span> <span class='ocrx_word' id='word_1_445' title='bbox 3199 3129 3507 3199; x_wconf 79' lang='lat' dir='ltr'><strong>praedicavit</strong></span> <span class='ocrx_word' id='word_1_446' title='bbox 3533 3171 3547 3196; x_wconf 95' lang='lat'><strong>,</strong></span> <span class='ocrx_word' id='word_1_447' title='bbox 3583 3138 3849 3201; x_wconf 88' lang='lat' dir='ltr'><strong>utrosque</strong></span> 
     </span>
    </p>
   </div>
   <div class='ocr_carea' id='block_1_62' title="bbox 554 3204 3867 3295">
    <p class='ocr_par' dir='ltr' id='par_1_62' title="bbox 554 3204 3867 3295">
     <span class='ocr_line' id='line_1_62' title="bbox 554 3204 3867 3295; baseline -0.002 -10"><span class='ocrx_word' id='word_1_448' title='bbox 554 3232 687 3285; x_wconf 90' lang='lat' dir='ltr'><strong>tium</strong></span> <span class='ocrx_word' id='word_1_449' title='bbox 721 3241 1002 3285; x_wconf 88' lang='lat' dir='ltr'><strong>ventorum</strong></span> <span class='ocrx_word' id='word_1_450' title='bbox 1034 3228 1161 3283; x_wconf 82' lang='lat' dir='ltr'><strong>ﬂatu</strong></span> <span class='ocrx_word' id='word_1_451' title='bbox 1193 3228 1430 3283; x_wconf 89' lang='lat' dir='ltr'><strong>violento</strong></span> <span class='ocrx_word' id='word_1_452' title='bbox 1465 3227 1779 3283; x_wconf 80' lang='lat' dir='ltr'><strong>lacessitum</strong></span> <span class='ocrx_word' id='word_1_453' title='bbox 1813 3204 1995 3282; x_wconf 87' lang='lat' dir='ltr'><strong>fremit</strong></span> <span class='ocrx_word' id='word_1_454' title='bbox 2034 3241 2143 3281; x_wconf 89' lang='lat' dir='ltr'><strong>ma-</strong></span> <span class='ocrx_word' id='word_1_455' title='bbox 2181 3204 2226 3266; x_wconf 67' lang='grc' dir='ltr'>Ο</span> <span class='ocrx_word' id='word_1_456' title='bbox 2260 3226 2536 3294; x_wconf 86' lang='lat' dir='ltr'><strong>volentes,</strong></span> <span class='ocrx_word' id='word_1_457' title='bbox 2590 3226 2738 3280; x_wconf 90' lang='lat' dir='ltr'><strong>illum</strong></span> <span class='ocrx_word' id='word_1_458' title='bbox 2780 3225 3120 3295; x_wconf 80' lang='lat' dir='ltr'><strong>conditione,</strong></span> <span class='ocrx_word' id='word_1_459' title='bbox 3172 3225 3455 3279; x_wconf 88' lang='lat' dir='ltr'><strong>Dominum</strong></span> <span class='ocrx_word' id='word_1_460' title='bbox 3503 3225 3722 3294; x_wconf 76' lang='lat' dir='ltr'><strong>pit-tate.</strong></span> <span class='ocrx_word' id='word_1_461' title='bbox 3755 3224 3867 3282; x_wconf 88' lang='lat' dir='ltr'><strong>Ce-</strong></span> 
     </span>
    </p>
   </div>
   <div class='ocr_carea' id='block_1_63' title="bbox 556 3321 2151 3395">
    <p class='ocr_par' dir='ltr' id='par_1_63' title="bbox 556 3321 2151 3395">
     <span class='ocr_line' id='line_1_63' title="bbox 556 3321 2151 3395; baseline -0.004 -16"><span class='ocrx_word' id='word_1_462' title='bbox 556 3324 648 3387; x_wconf 75' lang='lat' dir='ltr'><strong>re&#39;,</strong></span> <span class='ocrx_word' id='word_1_463' title='bbox 685 3324 801 3395; x_wconf 71' lang='grc'><strong>(12)</strong></span> <span class='ocrx_word' id='word_1_464' title='bbox 848 3322 1177 3392; x_wconf 85' lang='lat' dir='ltr'><strong>sollicitique</strong></span> <span class='ocrx_word' id='word_1_465' title='bbox 1202 3321 1430 3391; x_wconf 89' lang='lat' dir='ltr'><strong>gurgitis</strong></span> <span class='ocrx_word' id='word_1_466' title='bbox 1459 3330 1858 3390; x_wconf 73' lang='lat' dir='ltr'><strong>praeruptorum</strong></span> <span class='ocrx_word' id='word_1_467' title='bbox 1887 3322 2151 3375; x_wconf 76' lang='lat' dir='ltr'><strong>montiuni</strong></span> 
     </span>
    </p>
   </div>
   <div class='ocr_carea' id='block_1_64' title="bbox 554 3414 2151 3486">
    <p class='ocr_par' dir='ltr' id='par_1_64' title="bbox 554 3414 2151 3486">
     <span class='ocr_line' id='line_1_64' title="bbox 554 3414 2151 3486; baseline -0.003 -15"><span class='ocrx_word' id='word_1_468' title='bbox 554 3416 704 3471; x_wconf 82' lang='lat' dir='ltr'><strong>canis</strong></span> <span class='ocrx_word' id='word_1_469' title='bbox 728 3415 1113 3483; x_wconf 83' lang='lat' dir='ltr'><strong>voluminibus,</strong></span> <span class='ocrx_word' id='word_1_470' title='bbox 1140 3416 1549 3486; x_wconf 87' lang='lat' dir='ltr'><strong>repugnantium</strong></span> <span class='ocrx_word' id='word_1_471' title='bbox 1583 3414 1819 3467; x_wconf 88' lang='lat' dir='ltr'><strong>littornm</strong></span> <span class='ocrx_word' id='word_1_472' title='bbox 1849 3414 2151 3483; x_wconf 89' lang='lat' dir='ltr'><strong>spumantia</strong></span> 
     </span>
    </p>
   </div>
   <div class='ocr_carea' id='block_1_65' title="bbox 556 3505 2151 3577">
    <p class='ocr_par' dir='ltr' id='par_1_65' title="bbox 556 3505 2151 3577">
     <span class='ocr_line' id='line_1_65' title="bbox 556 3505 2151 3577; baseline -0.004 -12"><span class='ocrx_word' id='word_1_473' title='bbox 556 3526 651 3565; x_wconf 82' lang='lat' dir='ltr'><strong>ora</strong></span> <span class='ocrx_word' id='word_1_474' title='bbox 683 3509 1021 3565; x_wconf 90' lang='lat' dir='ltr'><strong>contundens</strong></span> <span class='ocrx_word' id='word_1_475' title='bbox 1042 3549 1058 3575; x_wconf 90' lang='lat'><strong>,</strong></span> <span class='ocrx_word' id='word_1_476' title='bbox 1090 3510 1326 3563; x_wconf 89' lang='lat' dir='ltr'><strong>minatur</strong></span> <span class='ocrx_word' id='word_1_477' title='bbox 1354 3524 1447 3577; x_wconf 86' lang='lat' dir='ltr'><strong>per</strong></span> <span class='ocrx_word' id='word_1_478' title='bbox 1477 3518 1748 3562; x_wconf 83' lang='lat' dir='ltr'><strong>inomenta</strong></span> <span class='ocrx_word' id='word_1_479' title='bbox 1779 3505 2113 3577; x_wconf 86' lang='lat' dir='ltr'><strong>naufragium</strong></span> <span class='ocrx_word' id='word_1_480' title='bbox 2138 3523 2151 3559; x_wconf 93' lang='lat'><strong>:</strong></span> 
     </span>
    </p>
   </div>
   <div class='ocr_carea' id='block_1_66' title="bbox 559 3599 2148 3674">
    <p class='ocr_par' dir='ltr' id='par_1_66' title="bbox 559 3599 2148 3674">
     <span class='ocr_line' id='line_1_66' title="bbox 559 3599 2148 3674; baseline -0.003 -17"><span class='ocrx_word' id='word_1_481' title='bbox 559 3603 812 3674; x_wconf 80' lang='lat' dir='ltr'><strong>procella:</strong></span> <span class='ocrx_word' id='word_1_482' title='bbox 850 3602 1262 3659; x_wconf 88' lang='lat' dir='ltr'><strong>crebrescentes</strong></span> <span class='ocrx_word' id='word_1_483' title='bbox 1301 3600 1615 3666; x_wconf 90' lang='lat' dir='ltr'><strong>insaniunt,</strong></span> <span class='ocrx_word' id='word_1_484' title='bbox 1649 3599 1979 3655; x_wconf 89' lang='lat' dir='ltr'><strong>horrendum</strong></span> <span class='ocrx_word' id='word_1_485' title='bbox 2024 3599 2148 3653; x_wconf 90' lang='lat' dir='ltr'><strong>sibi-</strong></span> 
     </span>
    </p>
   </div>
   <div class='ocr_carea' id='block_1_67' title="bbox 561 3760 2155 3837">
    <p class='ocr_par' dir='ltr' id='par_1_67' title="bbox 561 3760 2155 3837">
     <span class='ocr_line' id='line_1_67' title="bbox 561 3760 2155 3837; baseline -0.003 -15"><span class='ocrx_word' id='word_1_486' title='bbox 561 3769 830 3837; x_wconf 88' lang='lat' dir='ltr'><strong>tiquorum</strong></span> <span class='ocrx_word' id='word_1_487' title='bbox 861 3763 1123 3834; x_wconf 81' lang='lat' dir='ltr'><strong>exemplis</strong></span> <span class='ocrx_word' id='word_1_488' title='bbox 1154 3763 1275 3819; x_wconf 91' lang='lat' dir='ltr'><strong>licet</strong></span> <span class='ocrx_word' id='word_1_489' title='bbox 1305 3804 1320 3830; x_wconf 89' lang='lat'><strong>,</strong></span> <span class='ocrx_word' id='word_1_490' title='bbox 1353 3776 1473 3832; x_wconf 65' lang='lat' dir='ltr'><strong>qum.</strong></span> <span class='ocrx_word' id='word_1_491' title='bbox 1505 3760 1557 3816; x_wconf 92' lang='lat' dir='ltr'><strong>in</strong></span> <span class='ocrx_word' id='word_1_492' title='bbox 1597 3760 1803 3817; x_wconf 83' lang='lat' dir='ltr'><strong>Latinis</strong></span> <span class='ocrx_word' id='word_1_493' title='bbox 1848 3761 2036 3817; x_wconf 75' lang='lat' dir='ltr'><strong>lexicis</strong></span> <span class='ocrx_word' id='word_1_494' title='bbox 2069 3777 2155 3817; x_wconf 92' lang='lat' dir='ltr'><strong>re-</strong></span> 
     </span>
    </p>
   </div>
   <div class='ocr_carea' id='block_1_68' title="bbox 561 3847 875 3895">
    <p class='ocr_par' dir='ltr' id='par_1_68' title="bbox 561 3847 875 3895">
     <span class='ocr_line' id='line_1_68' title="bbox 561 3847 875 3895; baseline -0.022 0"><span class='ocrx_word' id='word_1_495' title='bbox 561 3847 875 3895; x_wconf 73' lang='lat' dir='ltr'><strong>censentur.</strong></span> 
     </span>
    </p>
   </div>
   <div class='ocr_carea' id='block_1_69' title="bbox 633 3903 2151 3980">
    <p class='ocr_par' dir='ltr' id='par_1_69' title="bbox 633 3903 2151 3980">
     <span class='ocr_line' id='line_1_69' title="bbox 633 3903 2151 3980; baseline -0.004 -17"><span class='ocrx_word' id='word_1_496' title='bbox 633 3908 711 3980; x_wconf 76' lang='lat'><strong>(9)</strong></span> <span class='ocrx_word' id='word_1_497' title='bbox 749 3907 1030 3977; x_wconf 74' lang='lat' dir='ltr'><strong>Upiﬁclttm</strong></span> <span class='ocrx_word' id='word_1_498' title='bbox 1057 3904 1266 3980; x_wconf 86' lang='lat' dir='ltr'><strong>Domini</strong></span> <span class='ocrx_word' id='word_1_499' title='bbox 1298 3903 1445 3980; x_wconf 85' lang='lat' dir='ltr'><strong>apud</strong></span> <span class='ocrx_word' id='word_1_500' title='bbox 1463 3903 1767 3980; x_wconf 28' lang='lat' dir='ltr'><strong>“scriptores</strong></span> <span class='ocrx_word' id='word_1_501' title='bbox 1804 3903 2151 3980; x_wconf 75' lang='lat' dir='ltr'><strong>Ecclesiasti-</strong></span> 
     </span>
    </p>
   </div>
   <div class='ocr_carea' id='block_1_70' title="bbox 563 3974 2154 4045">
    <p class='ocr_par' dir='ltr' id='par_1_70' title="bbox 563 3974 2154 4045">
     <span class='ocr_line' id='line_1_70' title="bbox 563 3974 2154 4045; baseline -0.004 -10"><span class='ocrx_word' id='word_1_502' title='bbox 563 3974 659 4035; x_wconf 85' lang='lat' dir='ltr'><strong>cos</strong></span> <span class='ocrx_word' id='word_1_503' title='bbox 693 3974 890 4033; x_wconf 52' lang='lat' dir='ltr'><strong>&#39;muudi</strong></span> <span class='ocrx_word' id='word_1_504' title='bbox 936 3978 1266 4032; x_wconf 87' lang='lat' dir='ltr'><strong>creationem</strong></span> <span class='ocrx_word' id='word_1_505' title='bbox 1311 3974 1616 4045; x_wconf 85' lang='lat' dir='ltr'><strong>significat:</strong></span> <span class='ocrx_word' id='word_1_506' title='bbox 1652 3975 1794 4030; x_wconf 92' lang='lat' dir='ltr'><strong>unde</strong></span> <span class='ocrx_word' id='word_1_507' title='bbox 1845 3975 2154 4030; x_wconf 87' lang='lat' dir='ltr'><strong>Lactantius</strong></span> 
     </span>
    </p>
   </div>
   <div class='ocr_carea' id='block_1_71' title="bbox 566 4046 2150 4120">
    <p class='ocr_par' dir='ltr' id='par_1_71' title="bbox 566 4046 2150 4120">
     <span class='ocr_line' id='line_1_71' title="bbox 566 4046 2150 4120; baseline -0.004 -15"><span class='ocrx_word' id='word_1_508' title='bbox 566 4052 763 4105; x_wconf 90' lang='lat' dir='ltr'><strong>librum</strong></span> <span class='ocrx_word' id='word_1_509' title='bbox 792 4091 807 4114; x_wconf 91' lang='lat'><strong>,</strong></span> <span class='ocrx_word' id='word_1_510' title='bbox 838 4064 996 4120; x_wconf 87' lang='lat' dir='ltr'><strong>quem</strong></span> <span class='ocrx_word' id='word_1_511' title='bbox 1030 4050 1098 4100; x_wconf 89' lang='lat' dir='ltr'><strong>de</strong></span> <span class='ocrx_word' id='word_1_512' title='bbox 1126 4049 1403 4120; x_wconf 68' lang='lat' dir='ltr'><strong>creatione</strong></span> <span class='ocrx_word' id='word_1_513' title='bbox 1434 4047 1615 4120; x_wconf 89' lang='lat' dir='ltr'><strong>mundi</strong></span> <span class='ocrx_word' id='word_1_514' title='bbox 1644 4047 1709 4120; x_wconf 88' lang='lat' dir='ltr'><strong>ad</strong></span> <span class='ocrx_word' id='word_1_515' title='bbox 1745 4046 2150 4120; x_wconf 80' lang='lat' dir='ltr'><strong>Demetrianum</strong></span> 
     </span>
    </p>
   </div>
   <div class='ocr_carea' id='block_1_72' title="bbox 564 4117 2155 4189">
    <p class='ocr_par' dir='ltr' id='par_1_72' title="bbox 564 4117 2155 4189">
     <span class='ocr_line' id='line_1_72' title="bbox 564 4117 2155 4189; baseline -0.003 -13"><span class='ocrx_word' id='word_1_516' title='bbox 564 4122 746 4185; x_wconf 81' lang='lat' dir='ltr'><strong>dedit,</strong></span> <span class='ocrx_word' id='word_1_517' title='bbox 787 4117 1099 4189; x_wconf 60' lang='lat' dir='ltr'><strong>debpiﬁcio</strong></span> <span class='ocrx_word' id='word_1_518' title='bbox 1151 4117 1247 4171; x_wconf 91' lang='lat' dir='ltr'><strong>Dei</strong></span> <span class='ocrx_word' id='word_1_519' title='bbox 1290 4118 1598 4189; x_wconf 65' lang='lat' dir='ltr'><strong>inscripsit,</strong></span> <span class='ocrx_word' id='word_1_520' title='bbox 1630 4119 1702 4189; x_wconf 81' lang='lat' dir='ltr'><strong>uti</strong></span> <span class='ocrx_word' id='word_1_521' title='bbox 1745 4134 1773 4170; x_wconf 87' lang='lat' dir='ltr'><strong>a</strong></span> <span class='ocrx_word' id='word_1_522' title='bbox 1826 4119 2155 4186; x_wconf 85' lang='lat' dir='ltr'><strong>Hieronymo</strong></span> 
     </span>
    </p>
   </div>
   <div class='ocr_carea' id='block_1_73' title="bbox 567 4187 1960 4265">
    <p class='ocr_par' dir='ltr' id='par_1_73' title="bbox 567 4187 1960 4265">
     <span class='ocr_line' id='line_1_73' title="bbox 567 4187 1960 4265; baseline -0.004 -18"><span class='ocrx_word' id='word_1_523' title='bbox 567 4195 767 4265; x_wconf 77' lang='lat' dir='ltr'><strong>pariter</strong></span> <span class='ocrx_word' id='word_1_524' title='bbox 788 4187 1100 4265; x_wconf 76' lang='lat' dir='ltr'><strong>appellatur</strong></span> <span class='ocrx_word' id='word_1_525' title='bbox 1126 4190 1350 4265; x_wconf 78' lang='lat' dir='ltr'><strong>inlibro</strong></span> <span class='ocrx_word' id='word_1_526' title='bbox 1375 4190 1441 4242; x_wconf 89' lang='lat' dir='ltr'><strong>de</strong></span> <span class='ocrx_word' id='word_1_527' title='bbox 1469 4188 1610 4265; x_wconf 63' lang='lat' dir='ltr'><strong>Yiri_s</strong></span> <span class='ocrx_word' id='word_1_528' title='bbox 1639 4187 1960 4265; x_wconf 83' lang='lat' dir='ltr'><strong>illustribus.</strong></span> 
     </span>
    </p>
   </div>
   <div class='ocr_carea' id='block_1_74' title="bbox 639 4259 2154 4336">
    <p class='ocr_par' dir='ltr' id='par_1_74' title="bbox 639 4259 2154 4336">
     <span class='ocr_line' id='line_1_74' title="bbox 639 4259 2154 4336; baseline -0.003 -18"><span class='ocrx_word' id='word_1_529' title='bbox 639 4263 755 4336; x_wconf 83' lang='grc'><strong>(11))</strong></span> <span class='ocrx_word' id='word_1_530' title='bbox 786 4259 897 4319; x_wconf 67' lang='lat' dir='ltr'><strong>no&#39;c</strong></span> <span class='ocrx_word' id='word_1_531' title='bbox 913 4263 1054 4336; x_wconf 77' lang='lat' dir='ltr'><strong>idem</strong></span> <span class='ocrx_word' id='word_1_532' title='bbox 1085 4261 1446 4336; x_wconf 86' lang='lat' dir='ltr'><strong>testimonium</strong></span> <span class='ocrx_word' id='word_1_533' title='bbox 1475 4259 1531 4314; x_wconf 86' lang='lat' dir='ltr'><strong>S.</strong></span> <span class='ocrx_word' id='word_1_534' title='bbox 1560 4259 1715 4336; x_wconf 2' lang='lat' dir='ltr'><strong>(Zeno</strong></span> <span class='ocrx_word' id='word_1_535' title='bbox 1742 4263 1975 4336; x_wconf 75' lang='lat' dir='ltr'><strong>recitans</strong></span> <span class='ocrx_word' id='word_1_536' title='bbox 1998 4267 2154 4336; x_wconf 75' lang='lat' dir='ltr'><strong>tract.</strong></span> 
     </span>
    </p>
   </div>
   <div class='ocr_carea' id='block_1_75' title="bbox 570 4330 2156 4403">
    <p class='ocr_par' dir='ltr' id='par_1_75' title="bbox 570 4330 2156 4403">
     <span class='ocr_line' id='line_1_75' title="bbox 570 4330 2156 4403; baseline -0.006 -11"><span class='ocrx_word' id='word_1_537' title='bbox 570 4339 593 4392; x_wconf 84' lang='grc'><strong>1</strong></span> <span class='ocrx_word' id='word_1_538' title='bbox 650 4330 746 4390; x_wconf 78' lang='grc' dir='ltr'>ιιι›;</span> <span class='ocrx_word' id='word_1_539' title='bbox 776 4351 827 4396; x_wconf 81' lang='grc' dir='ltr'>ι,</span> <span class='ocrx_word' id='word_1_540' title='bbox 859 4350 984 4389; x_wconf 88' lang='lat' dir='ltr'><strong>num</strong></span> <span class='ocrx_word' id='word_1_541' title='bbox 1012 4332 1077 4399; x_wconf 80' lang='lat'><strong>5,</strong></span> <span class='ocrx_word' id='word_1_542' title='bbox 1101 4334 1408 4403; x_wconf 69' lang='lat' dir='ltr'><strong>itteanisitu</strong></span> <span class='ocrx_word' id='word_1_543' title='bbox 1432 4348 1528 4401; x_wconf 89' lang='lat' dir='ltr'><strong>pro</strong></span> <span class='ocrx_word' id='word_1_544' title='bbox 1551 4331 1917 4387; x_wconf 83' lang='lat' dir='ltr'><strong>inenarrabilia</strong></span> <span class='ocrx_word' id='word_1_545' title='bbox 1938 4330 2120 4403; x_wconf 81' lang='lat' dir='ltr'><strong>scribit</strong></span> <span class='ocrx_word' id='word_1_546' title='bbox 2140 4372 2156 4398; x_wconf 84' lang='lat'><strong>,</strong></span> 
     </span>
    </p>
   </div>
   <div class='ocr_carea' id='block_1_76' title="bbox 565 4401 2157 4476">
    <p class='ocr_par' dir='ltr' id='par_1_76' title="bbox 565 4401 2157 4476">
     <span class='ocr_line' id='line_1_76' title="bbox 565 4401 2157 4476; baseline -0.006 -13"><span class='ocrx_word' id='word_1_547' title='bbox 565 4408 719 4476; x_wconf 84' lang='lat' dir='ltr'><strong>enjns</strong></span> <span class='ocrx_word' id='word_1_548' title='bbox 764 4406 927 4461; x_wconf 82' lang='lat' dir='ltr'><strong>variae</strong></span> <span class='ocrx_word' id='word_1_549' title='bbox 973 4401 1383 4459; x_wconf 56' lang='lat' dir='ltr'><strong>lectionis&#39;ratio</strong></span> <span class='ocrx_word' id='word_1_550' title='bbox 1416 4421 1478 4458; x_wconf 85' lang='lat' dir='ltr'><strong>ex</strong></span> <span class='ocrx_word' id='word_1_551' title='bbox 1524 4404 1796 4461; x_wconf 87' lang='lat' dir='ltr'><strong>Hilariano</strong></span> <span class='ocrx_word' id='word_1_552' title='bbox 1822 4401 2157 4476; x_wconf 82' lang='lat' dir='ltr'><strong>exemplari,</strong></span> 
     </span>
    </p>
   </div>
   <div class='ocr_carea' id='block_1_77' title="bbox 567 4474 2158 4546">
    <p class='ocr_par' dir='ltr' id='par_1_77' title="bbox 567 4474 2158 4546">
     <span class='ocr_line' id='line_1_77' title="bbox 567 4474 2158 4546; baseline -0.003 -14"><span class='ocrx_word' id='word_1_553' title='bbox 567 4474 673 4546; x_wconf 85' lang='lat' dir='ltr'><strong>quo</strong></span> <span class='ocrx_word' id='word_1_554' title='bbox 711 4477 985 4532; x_wconf 72' lang='lat' dir='ltr'><strong>Zenonem</strong></span> <span class='ocrx_word' id='word_1_555' title='bbox 1027 4491 1182 4530; x_wconf 90' lang='lat' dir='ltr'><strong>usum</strong></span> <span class='ocrx_word' id='word_1_556' title='bbox 1227 4477 1605 4539; x_wconf 89' lang='lat' dir='ltr'><strong>meminimus,</strong></span> <span class='ocrx_word' id='word_1_557' title='bbox 1648 4476 1908 4544; x_wconf 89' lang='lat' dir='ltr'><strong>originem</strong></span> <span class='ocrx_word' id='word_1_558' title='bbox 1940 4474 2158 4528; x_wconf 66' lang='lat' dir='ltr'><strong>duxisse</strong></span> 
     </span>
    </p>
   </div>
   <div class='ocr_carea' id='block_1_78' title="bbox 573 4546 2157 4616">
    <p class='ocr_par' dir='ltr' id='par_1_78' title="bbox 573 4546 2157 4616">
     <span class='ocr_line' id='line_1_78' title="bbox 573 4546 2157 4616; baseline -0.004 -13"><span class='ocrx_word' id='word_1_559' title='bbox 573 4550 787 4603; x_wconf 81' lang='lat' dir='ltr'><strong>\idetur</strong></span> <span class='ocrx_word' id='word_1_560' title='bbox 817 4566 831 4603; x_wconf 95' lang='lat'><strong>:</strong></span> <span class='ocrx_word' id='word_1_561' title='bbox 867 4547 1053 4601; x_wconf 89' lang='lat' dir='ltr'><strong>habuit</strong></span> <span class='ocrx_word' id='word_1_562' title='bbox 1088 4549 1231 4602; x_wconf 87' lang='lat' dir='ltr'><strong>enim</strong></span> <span class='ocrx_word' id='word_1_563' title='bbox 1258 4588 1272 4610; x_wconf 97' lang='lat'><strong>,</strong></span> <span class='ocrx_word' id='word_1_564' title='bbox 1307 4560 1361 4600; x_wconf 90' lang='lat' dir='ltr'><strong>nt</strong></span> <span class='ocrx_word' id='word_1_565' title='bbox 1391 4546 1651 4602; x_wconf 89' lang='lat' dir='ltr'><strong>credibile</strong></span> <span class='ocrx_word' id='word_1_566' title='bbox 1693 4555 1776 4600; x_wconf 90' lang='lat' dir='ltr'><strong>est</strong></span> <span class='ocrx_word' id='word_1_567' title='bbox 1800 4587 1814 4612; x_wconf 92' lang='lat'><strong>,</strong></span> <span class='ocrx_word' id='word_1_568' title='bbox 1847 4559 1957 4616; x_wconf 64' lang='lat' dir='ltr'><strong>prae</strong></span> <span class='ocrx_word' id='word_1_569' title='bbox 1988 4546 2157 4596; x_wconf 87' lang='lat' dir='ltr'><strong>oculis</strong></span> 
     </span>
    </p>
   </div>
   <div class='ocr_carea' id='block_1_79' title="bbox 572 4617 2154 4689">
    <p class='ocr_par' dir='ltr' id='par_1_79' title="bbox 572 4617 2154 4689">
     <span class='ocr_line' id='line_1_79' title="bbox 572 4617 2154 4689; baseline -0.005 -16"><span class='ocrx_word' id='word_1_570' title='bbox 572 4620 753 4673; x_wconf 87' lang='lat' dir='ltr'><strong>llilarii</strong></span> <span class='ocrx_word' id='word_1_571' title='bbox 784 4619 1218 4689; x_wconf 80' lang='lat' dir='ltr'><strong>explanationem</strong></span> <span class='ocrx_word' id='word_1_572' title='bbox 1253 4621 1303 4672; x_wconf 92' lang='lat' dir='ltr'><strong>in</strong></span> <span class='ocrx_word' id='word_1_573' title='bbox 1337 4618 1472 4687; x_wconf 89' lang='lat' dir='ltr'><strong>psal.</strong></span> <span class='ocrx_word' id='word_1_574' title='bbox 1503 4631 1662 4671; x_wconf 75' lang='lat' dir='ltr'><strong>exstx</strong></span> <span class='ocrx_word' id='word_1_575' title='bbox 1684 4657 1699 4679; x_wconf 95' lang='lat'><strong>,</strong></span> <span class='ocrx_word' id='word_1_576' title='bbox 1724 4617 1936 4689; x_wconf 2' lang='lat' dir='ltr'><strong>(eodem</strong></span> <span class='ocrx_word' id='word_1_577' title='bbox 1967 4628 2154 4689; x_wconf 82' lang='lat' dir='ltr'><strong>exem-</strong></span> 
     </span>
    </p>
   </div>
   <div class='ocr_carea' id='block_1_80' title="bbox 2263 3316 3863 3374">
    <p class='ocr_par' dir='ltr' id='par_1_80' title="bbox 2263 3316 3863 3374">
     <span class='ocr_line' id='line_1_80' title="bbox 2263 3316 3863 3374; baseline 0.003 -4"><span class='ocrx_word' id='word_1_578' title='bbox 2263 3327 2375 3372; x_wconf 92' lang='lat' dir='ltr'><strong>tum</strong></span> <span class='ocrx_word' id='word_1_579' title='bbox 2406 3331 2528 3373; x_wconf 90' lang='lat' dir='ltr'><strong>esse</strong></span> <span class='ocrx_word' id='word_1_580' title='bbox 2560 3332 2664 3372; x_wconf 88' lang='lat' dir='ltr'><strong>non</strong></span> <span class='ocrx_word' id='word_1_581' title='bbox 2694 3317 2974 3372; x_wconf 90' lang='lat' dir='ltr'><strong>dubitatur</strong></span> <span class='ocrx_word' id='word_1_582' title='bbox 3004 3316 3273 3372; x_wconf 74' lang='lat' dir='ltr'><strong>infernum</strong></span> <span class='ocrx_word' id='word_1_583' title='bbox 3302 3334 3315 3369; x_wconf 96' lang='lat'><strong>:</strong></span> <span class='ocrx_word' id='word_1_584' title='bbox 3347 3316 3491 3372; x_wconf 88' lang='lat' dir='ltr'><strong>sicut</strong></span> <span class='ocrx_word' id='word_1_585' title='bbox 3516 3318 3660 3371; x_wconf 91' lang='lat' dir='ltr'><strong>enim</strong></span> <span class='ocrx_word' id='word_1_586' title='bbox 3688 3317 3863 3374; x_wconf 85' lang='lat' dir='ltr'><strong>Jonas</strong></span> 
     </span>
    </p>
   </div>
   <div class='ocr_carea' id='block_1_81' title="bbox 2258 3410 3860 3479">
    <p class='ocr_par' dir='ltr' id='par_1_81' title="bbox 2258 3410 3860 3479">
     <span class='ocr_line' id='line_1_81' title="bbox 2258 3410 3860 3479; baseline -0.001 -10"><span class='ocrx_word' id='word_1_587' title='bbox 2258 3415 2428 3469; x_wconf 89' lang='lat' dir='ltr'><strong>tribus</strong></span> <span class='ocrx_word' id='word_1_588' title='bbox 2454 3413 2645 3468; x_wconf 88' lang='lat' dir='ltr'><strong>diebus</strong></span> <span class='ocrx_word' id='word_1_589' title='bbox 2670 3422 2723 3468; x_wconf 90' lang='lat' dir='ltr'><strong>et</strong></span> <span class='ocrx_word' id='word_1_590' title='bbox 2772 3413 2944 3468; x_wconf 90' lang='lat' dir='ltr'><strong>tribus</strong></span> <span class='ocrx_word' id='word_1_591' title='bbox 2970 3412 3216 3467; x_wconf 90' lang='lat' dir='ltr'><strong>noctibus</strong></span> <span class='ocrx_word' id='word_1_592' title='bbox 3256 3410 3357 3466; x_wconf 91' lang='lat' dir='ltr'><strong>fuit</strong></span> <span class='ocrx_word' id='word_1_593' title='bbox 3401 3412 3452 3465; x_wconf 90' lang='lat' dir='ltr'><strong>in</strong></span> <span class='ocrx_word' id='word_1_594' title='bbox 3485 3422 3672 3467; x_wconf 88' lang='lat' dir='ltr'><strong>ventre</strong></span> <span class='ocrx_word' id='word_1_595' title='bbox 3714 3414 3822 3467; x_wconf 91' lang='lat' dir='ltr'><strong>ecti</strong></span> <span class='ocrx_word' id='word_1_596' title='bbox 3844 3456 3860 3479; x_wconf 97' lang='lat'><strong>,</strong></span> 
     </span>
    </p>
   </div>
   <div class='ocr_carea' id='block_1_82' title="bbox 2259 3505 3871 3578">
    <p class='ocr_par' dir='ltr' id='par_1_82' title="bbox 2259 3505 3871 3578">
     <span class='ocr_line' id='line_1_82' title="bbox 2259 3505 3871 3578; baseline 0 -17"><span class='ocrx_word' id='word_1_597' title='bbox 2259 3507 2637 3578; x_wconf 68' lang='lat' dir='ltr'><strong>evomitusque</strong></span> <span class='ocrx_word' id='word_1_598' title='bbox 2666 3506 2779 3578; x_wconf 81' lang='lat' dir='ltr'><strong>(l8)</strong></span> <span class='ocrx_word' id='word_1_599' title='bbox 2804 3505 3025 3561; x_wconf 86' lang='lat' dir='ltr'><strong>Ninives</strong></span> <span class='ocrx_word' id='word_1_600' title='bbox 3052 3520 3109 3560; x_wconf 87' lang='lat' dir='ltr'><strong>se</strong></span> <span class='ocrx_word' id='word_1_601' title='bbox 3135 3505 3533 3560; x_wconf 86' lang='lat' dir='ltr'><strong>intulitcivitati</strong></span> <span class='ocrx_word' id='word_1_602' title='bbox 3552 3521 3567 3565; x_wconf 85' lang='lat'><strong>:</strong></span> <span class='ocrx_word' id='word_1_603' title='bbox 3589 3505 3659 3559; x_wconf 82' lang='lat' dir='ltr'><strong>ila</strong></span> <span class='ocrx_word' id='word_1_604' title='bbox 3679 3506 3871 3561; x_wconf 82' lang='lat' dir='ltr'><strong>Domi-</strong></span> 
     </span>
    </p>
   </div>
   <div class='ocr_carea' id='block_1_83' title="bbox 2262 3596 3867 3669">
    <p class='ocr_par' dir='ltr' id='par_1_83' title="bbox 2262 3596 3867 3669">
     <span class='ocr_line' id='line_1_83' title="bbox 2262 3596 3867 3669; baseline 0.001 -17"><span class='ocrx_word' id='word_1_605' title='bbox 2262 3613 2365 3653; x_wconf 91' lang='lat' dir='ltr'><strong>nus</strong></span> <span class='ocrx_word' id='word_1_606' title='bbox 2395 3598 2655 3669; x_wconf 86' lang='lat' dir='ltr'><strong>postridie</strong></span> <span class='ocrx_word' id='word_1_607' title='bbox 2680 3598 2749 3653; x_wconf 84' lang='lat' dir='ltr'><strong>ab</strong></span> <span class='ocrx_word' id='word_1_608' title='bbox 2780 3596 2995 3653; x_wconf 89' lang='lat' dir='ltr'><strong>inferno</strong></span> <span class='ocrx_word' id='word_1_609' title='bbox 3022 3611 3312 3667; x_wconf 83' lang='lat' dir='ltr'><strong>resurgens</strong></span> <span class='ocrx_word' id='word_1_610' title='bbox 3331 3637 3346 3663; x_wconf 91' lang='lat'><strong>,</strong></span> <span class='ocrx_word' id='word_1_611' title='bbox 3374 3611 3435 3652; x_wconf 92' lang='lat' dir='ltr'><strong>se</strong></span> <span class='ocrx_word' id='word_1_612' title='bbox 3461 3597 3670 3653; x_wconf 87' lang='lat' dir='ltr'><strong>civitati</strong></span> <span class='ocrx_word' id='word_1_613' title='bbox 3702 3597 3867 3654; x_wconf 66' lang='lat' dir='ltr'><strong>Jeru»</strong></span> 
     </span>
    </p>
   </div>
   <div class='ocr_carea' id='block_1_84' title="bbox 2259 3756 3867 3834">
    <p class='ocr_par' dir='ltr' id='par_1_84' title="bbox 2259 3756 3867 3834">
     <span class='ocr_line' id='line_1_84' title="bbox 2259 3756 3867 3834; baseline -0.001 -18"><span class='ocrx_word' id='word_1_614' title='bbox 2259 3773 2341 3834; x_wconf 78' lang='lat' dir='ltr'><strong>set</strong></span> <span class='ocrx_word' id='word_1_615' title='bbox 2367 3803 2381 3827; x_wconf 94' lang='lat'><strong>,</strong></span> <span class='ocrx_word' id='word_1_616' title='bbox 2427 3758 2559 3817; x_wconf 78' lang='lat' dir='ltr'><strong>nihil</strong></span> <span class='ocrx_word' id='word_1_617' title='bbox 2607 3764 2948 3834; x_wconf 80' lang='lat' dir='ltr'><strong>ambigimus.</strong></span> <span class='ocrx_word' id='word_1_618' title='bbox 2990 3762 3213 3817; x_wconf 78' lang='lat' dir='ltr'><strong>Gloss:e</strong></span> <span class='ocrx_word' id='word_1_619' title='bbox 3241 3760 3475 3831; x_wconf 50' lang='lat' dir='ltr'><strong>antiquae</strong></span> <span class='ocrx_word' id='word_1_620' title='bbox 3514 3756 3867 3830; x_wconf 82' lang='lat' dir='ltr'><strong>grandinams</strong></span> 
     </span>
    </p>
   </div>
   <div class='ocr_carea' id='block_1_85' title="bbox 2262 3832 3703 3907">
    <p class='ocr_par' dir='ltr' id='par_1_85' title="bbox 2262 3832 3703 3907">
     <span class='ocr_line' id='line_1_85' title="bbox 2262 3832 3703 3907; baseline -0.003 -21"><span class='ocrx_word' id='word_1_621' title='bbox 2262 3832 2463 3907; x_wconf 83' lang='lat' dir='ltr'><strong>habent</strong></span> <span class='ocrx_word' id='word_1_622' title='bbox 2487 3878 2501 3900; x_wconf 89' lang='lat'><strong>,</strong></span> <span class='ocrx_word' id='word_1_623' title='bbox 2531 3834 2672 3903; x_wconf 88' lang='lat' dir='ltr'><strong>quod</strong></span> <span class='ocrx_word' id='word_1_624' title='bbox 2705 3832 2925 3907; x_wconf 69' lang='lat' dir='ltr'><strong>passive</strong></span> <span class='ocrx_word' id='word_1_625' title='bbox 2945 3835 3232 3907; x_wconf 81' lang='grc' dir='ltr'><strong>χαλασθεὶς</strong></span> <span class='ocrx_word' id='word_1_626' title='bbox 3259 3834 3703 3907; x_wconf 84' lang='lat' dir='ltr'><strong>interpretantur.</strong></span> 
     </span>
    </p>
   </div>
   <div class='ocr_carea' id='block_1_86' title="bbox 2330 3904 3869 3977">
    <p class='ocr_par' dir='ltr' id='par_1_86' title="bbox 2330 3904 3869 3977">
     <span class='ocr_line' id='line_1_86' title="bbox 2330 3904 3869 3977; baseline -0.003 -18"><span class='ocrx_word' id='word_1_627' title='bbox 2330 3905 2449 3975; x_wconf 68' lang='lat'><strong>(1‘2)</strong></span> <span class='ocrx_word' id='word_1_628' title='bbox 2484 3907 2719 3960; x_wconf 76' lang='lat' dir='ltr'><strong>Adverte</strong></span> <span class='ocrx_word' id='word_1_629' title='bbox 2755 3904 3085 3977; x_wconf 77' lang='lat' dir='ltr'><strong>singularem</strong></span> <span class='ocrx_word' id='word_1_630' title='bbox 3117 3904 3604 3977; x_wconf 77' lang='lat' dir='ltr'><strong>syntaxim,qua_m</strong></span> <span class='ocrx_word' id='word_1_631' title='bbox 3630 3911 3687 3953; x_wconf 92' lang='grc' dir='ltr'><strong>ιιι</strong></span> <span class='ocrx_word' id='word_1_632' title='bbox 3727 3914 3869 3954; x_wconf 87' lang='lat' dir='ltr'><strong>eon-</strong></span> 
     </span>
    </p>
   </div>
   <div class='ocr_carea' id='block_1_87' title="bbox 2261 3968 3863 4046">
    <p class='ocr_par' dir='ltr' id='par_1_87' title="bbox 2261 3968 3863 4046">
     <span class='ocr_line' id='line_1_87' title="bbox 2261 3968 3863 4046; baseline -0.002 -18"><span class='ocrx_word' id='word_1_633' title='bbox 2261 3968 2475 4042; x_wconf 76' lang='lat' dir='ltr'><strong>struas,</strong></span> <span class='ocrx_word' id='word_1_634' title='bbox 2505 3977 2817 4046; x_wconf 86' lang='lat' dir='ltr'><strong>retrograde</strong></span> <span class='ocrx_word' id='word_1_635' title='bbox 2842 3968 3248 4041; x_wconf 67' lang='lat' dir='ltr'><strong>procedendum</strong></span> <span class='ocrx_word' id='word_1_636' title='bbox 3278 3983 3361 4029; x_wconf 86' lang='lat' dir='ltr'><strong>est</strong></span> <span class='ocrx_word' id='word_1_637' title='bbox 3387 3968 3501 4027; x_wconf 36' lang='lat' dir='ltr'><strong>sic&#39;:</strong></span> <span class='ocrx_word' id='word_1_638' title='bbox 3532 3968 3600 4046; x_wconf 79' lang='lat' dir='ltr'><strong>Et</strong></span> <span class='ocrx_word' id='word_1_639' title='bbox 3628 3979 3863 4046; x_wconf 72' lang='lat' dir='ltr'><strong>contun-</strong></span> 
     </span>
    </p>
   </div>
   <div class='ocr_carea' id='block_1_88' title="bbox 2260 4043 3864 4116">
    <p class='ocr_par' dir='ltr' id='par_1_88' title="bbox 2260 4043 3864 4116">
     <span class='ocr_line' id='line_1_88' title="bbox 2260 4043 3864 4116; baseline -0.006 -16"><span class='ocrx_word' id='word_1_640' title='bbox 2260 4048 2385 4100; x_wconf 66' lang='lat' dir='ltr'><strong>dens</strong></span> <span class='ocrx_word' id='word_1_641' title='bbox 2402 4064 2490 4101; x_wconf 90' lang='lat' dir='ltr'><strong>ora</strong></span> <span class='ocrx_word' id='word_1_642' title='bbox 2517 4043 2809 4116; x_wconf 62' lang='lat' dir='ltr'><strong>spumantia</strong></span> <span class='ocrx_word' id='word_1_643' title='bbox 2830 4049 3057 4101; x_wconf 85' lang='lat' dir='ltr'><strong>Iittorum</strong></span> <span class='ocrx_word' id='word_1_644' title='bbox 3084 4046 3483 4116; x_wconf 83' lang='lat' dir='ltr'><strong>repugnantium</strong></span> <span class='ocrx_word' id='word_1_645' title='bbox 3512 4043 3864 4116; x_wconf 64' lang='lat' dir='ltr'><strong>uoluminibus</strong></span> 
     </span>
    </p>
   </div>
   <div class='ocr_carea' id='block_1_89' title="bbox 2259 4113 3867 4188">
    <p class='ocr_par' dir='ltr' id='par_1_89' title="bbox 2259 4113 3867 4188">
     <span class='ocr_line' id='line_1_89' title="bbox 2259 4113 3867 4188; baseline -0.004 -16"><span class='ocrx_word' id='word_1_646' title='bbox 2259 4120 2402 4172; x_wconf 85' lang='lat' dir='ltr'><strong>canis</strong></span> <span class='ocrx_word' id='word_1_647' title='bbox 2428 4113 2674 4171; x_wconf 76' lang='lat' dir='ltr'><strong>montium</strong></span> <span class='ocrx_word' id='word_1_648' title='bbox 2705 4128 3086 4188; x_wconf 74' lang='lat' dir='ltr'><strong>prteruptornm</strong></span> <span class='ocrx_word' id='word_1_649' title='bbox 3112 4113 3331 4188; x_wconf 65' lang='lat' dir='ltr'><strong>gurgitis</strong></span> <span class='ocrx_word' id='word_1_650' title='bbox 3357 4113 3563 4171; x_wconf 83' lang='lat' dir='ltr'><strong>solliciti</strong></span> <span class='ocrx_word' id='word_1_651' title='bbox 3585 4154 3598 4179; x_wconf 94' lang='lat'><strong>,</strong></span> <span class='ocrx_word' id='word_1_652' title='bbox 3627 4114 3867 4166; x_wconf 75' lang='lat' dir='ltr'><strong>minatur</strong></span> 
     </span>
    </p>
   </div>
   <div class='ocr_carea' id='block_1_90' title="bbox 2261 4190 2756 4261">
    <p class='ocr_par' dir='ltr' id='par_1_90' title="bbox 2261 4190 2756 4261">
     <span class='ocr_line' id='line_1_90' title="bbox 2261 4190 2756 4261; baseline -0.004 -19"><span class='ocrx_word' id='word_1_653' title='bbox 2261 4190 2621 4261; x_wconf 80' lang='lat' dir='ltr'><strong>naufragium,</strong></span> <span class='ocrx_word' id='word_1_654' title='bbox 2651 4199 2756 4242; x_wconf 84' lang='lat' dir='ltr'><strong>etc.</strong></span> 
     </span>
    </p>
   </div>
   <div class='ocr_carea' id='block_1_91' title="bbox 2339 4255 3868 4332">
    <p class='ocr_par' dir='ltr' id='par_1_91' title="bbox 2339 4255 3868 4332">
     <span class='ocr_line' id='line_1_91' title="bbox 2339 4255 3868 4332; baseline -0.002 -20"><span class='ocrx_word' id='word_1_655' title='bbox 2339 4255 2471 4332; x_wconf 40' lang='lat'><strong>(13)”</strong></span> <span class='ocrx_word' id='word_1_656' title='bbox 2492 4260 2717 4314; x_wconf 74' lang='lat' dir='ltr'><strong>(lodices</strong></span> <span class='ocrx_word' id='word_1_657' title='bbox 2757 4260 2973 4332; x_wconf 79' lang='lat' dir='ltr'><strong>Tolent.</strong></span> <span class='ocrx_word' id='word_1_658' title='bbox 3015 4271 3069 4314; x_wconf 90' lang='lat' dir='ltr'><strong>et</strong></span> <span class='ocrx_word' id='word_1_659' title='bbox 3111 4258 3592 4332; x_wconf 72' lang='lat' dir='ltr'><strong>Pompeianusuec</strong></span> <span class='ocrx_word' id='word_1_660' title='bbox 3620 4269 3729 4310; x_wconf 91' lang='lat' dir='ltr'><strong>non</strong></span> <span class='ocrx_word' id='word_1_661' title='bbox 3750 4255 3868 4310; x_wconf 89' lang='lat' dir='ltr'><strong>duo</strong></span> 
     </span>
    </p>
   </div>
   <div class='ocr_carea' id='block_1_92' title="bbox 2263 4327 3870 4402">
    <p class='ocr_par' dir='ltr' id='par_1_92' title="bbox 2263 4327 3870 4402">
     <span class='ocr_line' id='line_1_92' title="bbox 2263 4327 3870 4402; baseline -0.001 -18"><span class='ocrx_word' id='word_1_662' title='bbox 2263 4327 2558 4385; x_wconf 73' lang='lat' dir='ltr'><strong>Zeno‘niani</strong></span> <span class='ocrx_word' id='word_1_663' title='bbox 2586 4330 2936 4402; x_wconf 75' lang='lat' dir='ltr'><strong>exspectabat,</strong></span> <span class='ocrx_word' id='word_1_664' title='bbox 2968 4333 3110 4400; x_wconf 90' lang='lat' dir='ltr'><strong>quod</strong></span> <span class='ocrx_word' id='word_1_665' title='bbox 3140 4332 3191 4384; x_wconf 92' lang='lat' dir='ltr'><strong>in</strong></span> <span class='ocrx_word' id='word_1_666' title='bbox 3219 4327 3501 4402; x_wconf 82' lang='lat' dir='ltr'><strong>marginali</strong></span> <span class='ocrx_word' id='word_1_667' title='bbox 3523 4339 3738 4396; x_wconf 87' lang='lat' dir='ltr'><strong>quoque</strong></span> <span class='ocrx_word' id='word_1_668' title='bbox 3765 4341 3870 4382; x_wconf 80' lang='lat' dir='ltr'><strong>no-</strong></span> 
     </span>
    </p>
   </div>
   <div class='ocr_carea' id='block_1_93' title="bbox 2265 4398 3616 4468">
    <p class='ocr_par' dir='ltr' id='par_1_93' title="bbox 2265 4398 3616 4468">
     <span class='ocr_line' id='line_1_93' title="bbox 2265 4398 3616 4468; baseline -0.006 -11"><span class='ocrx_word' id='word_1_669' title='bbox 2265 4402 2467 4457; x_wconf 88' lang='lat' dir='ltr'><strong>tatione</strong></span> <span class='ocrx_word' id='word_1_670' title='bbox 2499 4398 2754 4457; x_wconf 78' lang='lat' dir='ltr'><strong>editionis</strong></span> <span class='ocrx_word' id='word_1_671' title='bbox 2785 4398 3112 4456; x_wconf 83' lang='lat' dir='ltr'><strong>Veronensis</strong></span> <span class='ocrx_word' id='word_1_672' title='bbox 3146 4398 3376 4468; x_wconf 47' lang='lat' dir='ltr'><strong>positum</strong></span> <span class='ocrx_word' id='word_1_673' title='bbox 3402 4398 3616 4461; x_wconf 62' lang='lat' dir='ltr'><strong>legitur.</strong></span> 
     </span>
    </p>
   </div>
   <div class='ocr_carea' id='block_1_94' title="bbox 2337 4467 3869 4543">
    <p class='ocr_par' dir='ltr' id='par_1_94' title="bbox 2337 4467 3869 4543">
     <span class='ocr_line' id='line_1_94' title="bbox 2337 4467 3869 4543; baseline -0.005 -16"><span class='ocrx_word' id='word_1_674' title='bbox 2337 4472 2455 4543; x_wconf 71' lang='grc'><strong>(14)</strong></span> <span class='ocrx_word' id='word_1_675' title='bbox 2490 4472 2602 4527; x_wconf 78' lang='lat' dir='ltr'><strong>Non</strong></span> <span class='ocrx_word' id='word_1_676' title='bbox 2636 4484 2809 4541; x_wconf 75' lang='lat' dir='ltr'><strong>poeta:</strong></span> <span class='ocrx_word' id='word_1_677' title='bbox 2823 4475 3019 4538; x_wconf 83' lang='lat' dir='ltr'><strong>solum,</strong></span> <span class='ocrx_word' id='word_1_678' title='bbox 3048 4467 3229 4527; x_wconf 80' lang='lat' dir='ltr'><strong>sedet</strong></span> <span class='ocrx_word' id='word_1_679' title='bbox 3245 4471 3403 4526; x_wconf 89' lang='lat' dir='ltr'><strong>soluti</strong></span> <span class='ocrx_word' id='word_1_680' title='bbox 3432 4467 3701 4543; x_wconf 82' lang='lat' dir='ltr'><strong>sermonis</strong></span> <span class='ocrx_word' id='word_1_681' title='bbox 3731 4483 3869 4543; x_wconf 76' lang='lat' dir='ltr'><strong>anc-</strong></span> 
     </span>
    </p>
   </div>
   <div class='ocr_carea' id='block_1_95' title="bbox 2266 4538 3870 4609">
    <p class='ocr_par' dir='ltr' id='par_1_95' title="bbox 2266 4538 3870 4609">
     <span class='ocr_line' id='line_1_95' title="bbox 2266 4538 3870 4609; baseline -0.002 -12"><span class='ocrx_word' id='word_1_682' title='bbox 2266 4555 2411 4600; x_wconf 91' lang='lat' dir='ltr'><strong>tores</strong></span> <span class='ocrx_word' id='word_1_683' title='bbox 2438 4538 2602 4597; x_wconf 83' lang='lat' dir='ltr'><strong>altum</strong></span> <span class='ocrx_word' id='word_1_684' title='bbox 2634 4538 2731 4609; x_wconf 79' lang='lat' dir='ltr'><strong>pro</strong></span> <span class='ocrx_word' id='word_1_685' title='bbox 2759 4545 2891 4598; x_wconf 86' lang='lat' dir='ltr'><strong>mari</strong></span> <span class='ocrx_word' id='word_1_686' title='bbox 2919 4544 3211 4605; x_wconf 80' lang='lat' dir='ltr'><strong>dixerunt,</strong></span> <span class='ocrx_word' id='word_1_687' title='bbox 3243 4553 3299 4597; x_wconf 92' lang='lat' dir='ltr'><strong>ut</strong></span> <span class='ocrx_word' id='word_1_688' title='bbox 3326 4543 3549 4605; x_wconf 79' lang='lat' dir='ltr'><strong>Cicero,</strong></span> <span class='ocrx_word' id='word_1_689' title='bbox 3585 4539 3679 4592; x_wconf 90' lang='lat' dir='ltr'><strong>lib.</strong></span> <span class='ocrx_word' id='word_1_690' title='bbox 3714 4554 3769 4592; x_wconf 78' lang='lat' dir='ltr'><strong>iv</strong></span> <span class='ocrx_word' id='word_1_691' title='bbox 3794 4538 3870 4594; x_wconf 81' lang='lat' dir='ltr'><strong>de</strong></span> 
     </span>
    </p>
   </div>
   <div class='ocr_carea' id='block_1_96' title="bbox 2262 4609 3867 4683">
    <p class='ocr_par' dir='ltr' id='par_1_96' title="bbox 2262 4609 3867 4683">
     <span class='ocr_line' id='line_1_96' title="bbox 2262 4609 3867 4683; baseline -0.003 -14"><span class='ocrx_word' id='word_1_692' title='bbox 2262 4614 2386 4671; x_wconf 81' lang='lat' dir='ltr'><strong>Fin.</strong></span> <span class='ocrx_word' id='word_1_693' title='bbox 2421 4630 2567 4670; x_wconf 92' lang='lat' dir='ltr'><strong>num.</strong></span> <span class='ocrx_word' id='word_1_694' title='bbox 2602 4615 2673 4670; x_wconf 80' lang='lat'><strong>‘25</strong></span> <span class='ocrx_word' id='word_1_695' title='bbox 2694 4657 2709 4679; x_wconf 93' lang='lat'><strong>,</strong></span> <span class='ocrx_word' id='word_1_696' title='bbox 2741 4631 2996 4683; x_wconf 87' lang='lat' dir='ltr'><strong>emergere</strong></span> <span class='ocrx_word' id='word_1_697' title='bbox 3020 4630 3085 4668; x_wconf 68' lang='lat' dir='ltr'><strong>ea:</strong></span> <span class='ocrx_word' id='word_1_698' title='bbox 3113 4614 3252 4681; x_wconf 83' lang='lat' dir='ltr'><strong>alto,</strong></span> <span class='ocrx_word' id='word_1_699' title='bbox 3286 4622 3342 4668; x_wconf 89' lang='lat' dir='ltr'><strong>et</strong></span> <span class='ocrx_word' id='word_1_700' title='bbox 3368 4611 3460 4666; x_wconf 91' lang='lat' dir='ltr'><strong>lib.</strong></span> <span class='ocrx_word' id='word_1_701' title='bbox 3494 4624 3532 4665; x_wconf 90' lang='grc' dir='ltr'><strong>ιι</strong></span> <span class='ocrx_word' id='word_1_702' title='bbox 3551 4609 3619 4664; x_wconf 88' lang='lat' dir='ltr'><strong>de</strong></span> <span class='ocrx_word' id='word_1_703' title='bbox 3646 4609 3867 4665; x_wconf 78' lang='lat' dir='ltr'><strong>luvent.</strong></span> 
     </span>
    </p>
   </div>
   <div class='ocr_carea' id='block_1_97' title="bbox 489 4683 3074 4761">
    <p class='ocr_par' dir='ltr' id='par_1_97' title="bbox 489 4683 3074 4761">
     <span class='ocr_line' id='line_1_97' title="bbox 489 4683 3074 4761; baseline -0.003 -15"><span class='ocrx_word' id='word_1_704' title='bbox 489 4715 507 4726; x_wconf 70' lang='grc' dir='ltr'><em>α</em></span> <span class='ocrx_word' id='word_1_705' title='bbox 569 4693 659 4761; x_wconf 89' lang='lat' dir='ltr'><strong>plo</strong></span> <span class='ocrx_word' id='word_1_706' title='bbox 678 4735 690 4753; x_wconf 88' lang='grc'>,</span> <span class='ocrx_word' id='word_1_707' title='bbox 726 4705 790 4743; x_wconf 88' lang='lat' dir='ltr'><strong>ac</strong></span> <span class='ocrx_word' id='word_1_708' title='bbox 818 4683 902 4746; x_wconf 79' lang='lat' dir='ltr'><strong>est</strong></span> <span class='ocrx_word' id='word_1_709' title='bbox 950 4689 1250 4761; x_wconf 75' lang='lat' dir='ltr'><strong>llilarian‘us</strong></span> <span class='ocrx_word' id='word_1_710' title='bbox 1277 4683 1536 4761; x_wconf 80' lang='lat' dir='ltr'><strong>tractatus</strong></span> <span class='ocrx_word' id='word_1_711' title='bbox 1565 4690 1693 4761; x_wconf 82' lang='lat' dir='ltr'><strong>olim</strong></span> <span class='ocrx_word' id='word_1_712' title='bbox 1722 4683 2155 4761; x_wconf 81' lang='lat' dir='ltr'><strong>inter_Zenonia-</strong></span> <span class='ocrx_word' id='word_1_713' title='bbox 2188 4691 2238 4750; x_wconf 83' lang='lat'><strong>1)</strong></span> <span class='ocrx_word' id='word_1_714' title='bbox 2266 4687 2538 4761; x_wconf 32' lang='grc' dir='ltr'><strong>ιιιιιιιευῖιξἲ</strong></span> <span class='ocrx_word' id='word_1_715' title='bbox 2568 4686 2621 4738; x_wconf 85' lang='lat' dir='ltr'><strong>in</strong></span> <span class='ocrx_word' id='word_1_716' title='bbox 2648 4688 3074 4761; x_wconf 13' lang='lat' dir='ltr'><strong>altoite‘mpestas.</strong></span> 
     </span>
    </p>
   </div>
   <div class='ocr_carea' id='block_1_98' title="bbox 572 4755 2156 4827">
    <p class='ocr_par' dir='ltr' id='par_1_98' title="bbox 572 4755 2156 4827">
     <span class='ocr_line' id='line_1_98' title="bbox 572 4755 2156 4827; baseline -0.005 -11"><span class='ocrx_word' id='word_1_717' title='bbox 572 4755 669 4816; x_wconf 77' lang='lat' dir='ltr'><strong>nos</strong></span> <span class='ocrx_word' id='word_1_718' title='bbox 695 4761 874 4816; x_wconf 89' lang='lat' dir='ltr'><strong>editus</strong></span> <span class='ocrx_word' id='word_1_719' title='bbox 896 4802 911 4827; x_wconf 98' lang='lat'><strong>,</strong></span> <span class='ocrx_word' id='word_1_720' title='bbox 941 4776 1099 4827; x_wconf 89' lang='lat' dir='ltr'><strong>quem</strong></span> <span class='ocrx_word' id='word_1_721' title='bbox 1147 4759 1349 4814; x_wconf 83' lang='lat' dir='ltr'><strong>Hilario</strong></span> <span class='ocrx_word' id='word_1_722' title='bbox 1384 4772 1525 4812; x_wconf 91' lang='lat' dir='ltr'><strong>nunc</strong></span> <span class='ocrx_word' id='word_1_723' title='bbox 1558 4759 1730 4826; x_wconf 88' lang='lat' dir='ltr'><strong>primo</strong></span> <span class='ocrx_word' id='word_1_724' title='bbox 1756 4758 2070 4827; x_wconf 78' lang='lat' dir='ltr'><strong>restitutum</strong></span> <span class='ocrx_word' id='word_1_725' title='bbox 2106 4755 2156 4808; x_wconf 90' lang='lat' dir='ltr'><strong>in</strong></span> 
     </span>
    </p>
   </div>
   <div class='ocr_carea' id='block_1_99' title="bbox 571 4824 2161 4903">
    <p class='ocr_par' dir='ltr' id='par_1_99' title="bbox 571 4824 2161 4903">
     <span class='ocr_line' id='line_1_99' title="bbox 571 4824 2161 4903; baseline -0.006 -15"><span class='ocrx_word' id='word_1_726' title='bbox 571 4824 938 4903; x_wconf 80' lang='lat' dir='ltr'><strong>Appcndicetn</strong></span> <span class='ocrx_word' id='word_1_727' title='bbox 959 4824 970 4827; x_wconf 65' lang='grc'><em>’</em></span> <span class='ocrx_word' id='word_1_728' title='bbox 991 4832 1399 4903; x_wconf 76' lang='lat' dir='ltr'><strong>transtulimus,</strong></span> <span class='ocrx_word' id='word_1_729' title='bbox 1433 4824 1916 4903; x_wconf 31' lang='lat' dir='ltr'><strong>ubiuinenarral‘tilio</strong></span> <span class='ocrx_word' id='word_1_730' title='bbox 1962 4824 2161 4903; x_wconf 76' lang='lat' dir='ltr'><strong>pariter</strong></span> 
     </span>
    </p>
   </div>
   <div class='ocr_carea' id='block_1_100' title="bbox 573 4897 2159 4968">
    <p class='ocr_par' dir='ltr' id='par_1_100' title="bbox 573 4897 2159 4968">
     <span class='ocr_line' id='line_1_100' title="bbox 573 4897 2159 4968; baseline -0.005 -12"><span class='ocrx_word' id='word_1_731' title='bbox 573 4897 799 4968; x_wconf 75' lang='lat' dir='ltr'><strong>legitur,</strong></span> <span class='ocrx_word' id='word_1_732' title='bbox 844 4902 1056 4956; x_wconf 84' lang='lat' dir='ltr'><strong>tametsi</strong></span> <span class='ocrx_word' id='word_1_733' title='bbox 1105 4905 1155 4953; x_wconf 93' lang='lat' dir='ltr'><strong>in</strong></span> <span class='ocrx_word' id='word_1_734' title='bbox 1198 4900 1384 4954; x_wconf 85' lang='lat' dir='ltr'><strong>Hilarii</strong></span> <span class='ocrx_word' id='word_1_735' title='bbox 1429 4898 1708 4953; x_wconf 89' lang='lat' dir='ltr'><strong>codicibus</strong></span> <span class='ocrx_word' id='word_1_736' title='bbox 1748 4898 1850 4951; x_wconf 89' lang='lat' dir='ltr'><strong>alia</strong></span> <span class='ocrx_word' id='word_1_737' title='bbox 1881 4897 2039 4951; x_wconf 89' lang='lat' dir='ltr'><strong>lectio</strong></span> <span class='ocrx_word' id='word_1_738' title='bbox 2056 4910 2159 4968; x_wconf 83' lang='lat' dir='ltr'><strong>oc—</strong></span> 
     </span>
    </p>
   </div>
   <div class='ocr_carea' id='block_1_101' title="bbox 572 4966 2158 5037">
    <p class='ocr_par' dir='ltr' id='par_1_101' title="bbox 572 4966 2158 5037">
     <span class='ocr_line' id='line_1_101' title="bbox 572 4966 2158 5037; baseline -0.004 -10"><span class='ocrx_word' id='word_1_739' title='bbox 572 4966 753 5028; x_wconf 85' lang='lat' dir='ltr'><strong>currat</strong></span> <span class='ocrx_word' id='word_1_740' title='bbox 797 4982 907 5027; x_wconf 89' lang='lat' dir='ltr'><strong>tum</strong></span> <span class='ocrx_word' id='word_1_741' title='bbox 940 4972 991 5025; x_wconf 86' lang='lat' dir='ltr'><strong>in</strong></span> <span class='ocrx_word' id='word_1_742' title='bbox 1041 4971 1180 5037; x_wconf 89' lang='lat' dir='ltr'><strong>hoc,</strong></span> <span class='ocrx_word' id='word_1_743' title='bbox 1209 4982 1320 5025; x_wconf 91' lang='lat' dir='ltr'><strong>tum</strong></span> <span class='ocrx_word' id='word_1_744' title='bbox 1360 4972 1412 5025; x_wconf 90' lang='lat' dir='ltr'><strong>in</strong></span> <span class='ocrx_word' id='word_1_745' title='bbox 1442 4969 1714 5023; x_wconf 75' lang='lat' dir='ltr'><strong>nonnullis</strong></span> <span class='ocrx_word' id='word_1_746' title='bbox 1754 4969 1871 5023; x_wconf 91' lang='lat' dir='ltr'><strong>aliis</strong></span> <span class='ocrx_word' id='word_1_747' title='bbox 1912 4966 2158 5036; x_wconf 88' lang='lat' dir='ltr'><strong>ejusdem</strong></span> 
     </span>
    </p>
   </div>
   <div class='ocr_carea' id='block_1_102' title="bbox 574 5037 2159 5111">
    <p class='ocr_par' dir='ltr' id='par_1_102' title="bbox 574 5037 2159 5111">
     <span class='ocr_line' id='line_1_102' title="bbox 574 5037 2159 5111; baseline -0.005 -14"><span class='ocrx_word' id='word_1_748' title='bbox 574 5045 869 5098; x_wconf 88' lang='lat' dir='ltr'><strong>testimonii</strong></span> <span class='ocrx_word' id='word_1_749' title='bbox 902 5042 1111 5105; x_wconf 85' lang='lat' dir='ltr'><strong>verbis,</strong></span> <span class='ocrx_word' id='word_1_750' title='bbox 1137 5050 1195 5098; x_wconf 88' lang='lat' dir='ltr'><strong>nt</strong></span> <span class='ocrx_word' id='word_1_751' title='bbox 1224 5042 1276 5096; x_wconf 92' lang='lat' dir='ltr'><strong>in</strong></span> <span class='ocrx_word' id='word_1_752' title='bbox 1310 5041 1620 5111; x_wconf 75' lang='lat' dir='ltr'><strong>AppendiCe</strong></span> <span class='ocrx_word' id='word_1_753' title='bbox 1648 5041 2041 5094; x_wconf 81' lang='lat' dir='ltr'><strong>annotabimus.</strong></span> <span class='ocrx_word' id='word_1_754' title='bbox 2074 5037 2159 5111; x_wconf 43' lang='lat' dir='ltr'><strong>§i§</strong></span> 
     </span>
    </p>
   </div>
   <div class='ocr_carea' id='block_1_103' title="bbox 576 5107 2161 5183">
    <p class='ocr_par' dir='ltr' id='par_1_103' title="bbox 576 5107 2161 5183">
     <span class='ocr_line' id='line_1_103' title="bbox 576 5107 2161 5183; baseline -0.005 -16"><span class='ocrx_word' id='word_1_755' title='bbox 576 5116 776 5169; x_wconf 83' lang='lat' dir='ltr'><strong>utiliter</strong></span> <span class='ocrx_word' id='word_1_756' title='bbox 816 5127 883 5169; x_wconf 92' lang='lat' dir='ltr'><strong>tr.</strong></span> <span class='ocrx_word' id='word_1_757' title='bbox 929 5114 991 5180; x_wconf 86' lang='lat' dir='ltr'><strong>l,</strong></span> <span class='ocrx_word' id='word_1_758' title='bbox 1030 5113 1157 5180; x_wconf 83' lang='lat' dir='ltr'><strong>Quis</strong></span> <span class='ocrx_word' id='word_1_759' title='bbox 1204 5114 1339 5167; x_wconf 81' lang='lat' dir='ltr'><strong>enim</strong></span> <span class='ocrx_word' id='word_1_760' title='bbox 1361 5107 1611 5183; x_wconf 61' lang='lat' dir='ltr'><strong>cognorit</strong></span> <span class='ocrx_word' id='word_1_761' title='bbox 1661 5112 2019 5183; x_wconf 70' lang='lat' dir='ltr'><strong>Cagitulionetu</strong></span> 
     </span>
    </p>
   </div>
   <div class='ocr_carea' id='block_1_104' title="bbox 573 5179 2160 5257">
    <p class='ocr_par' dir='ltr' id='par_1_104' title="bbox 573 5179 2160 5257">
     <span class='ocr_line' id='line_1_104' title="bbox 573 5179 2160 5257; baseline -0.005 -16"><span class='ocrx_word' id='word_1_762' title='bbox 573 5187 829 5242; x_wconf 87' lang='lat' dir='ltr'><strong>scribitur</strong></span> <span class='ocrx_word' id='word_1_763' title='bbox 860 5179 1070 5257; x_wconf 88' lang='lat' dir='ltr'><strong>proco,</strong></span> <span class='ocrx_word' id='word_1_764' title='bbox 1119 5186 1258 5254; x_wconf 90' lang='lat' dir='ltr'><strong>quod</strong></span> <span class='ocrx_word' id='word_1_765' title='bbox 1291 5179 1512 5257; x_wconf 76' lang='lat' dir='ltr'><strong>hienon</strong></span> <span class='ocrx_word' id='word_1_766' title='bbox 1543 5179 1741 5249; x_wconf 72' lang='lat' dir='ltr'><strong>minus,</strong></span> <span class='ocrx_word' id='word_1_767' title='bbox 1769 5197 1929 5257; x_wconf 83' lang='lat' dir='ltr'><strong>quam</strong></span> <span class='ocrx_word' id='word_1_768' title='bbox 1972 5180 2024 5234; x_wconf 94' lang='lat' dir='ltr'><strong>in</strong></span> <span class='ocrx_word' id='word_1_769' title='bbox 2069 5179 2160 5234; x_wconf 86' lang='lat' dir='ltr'><strong>lli—</strong></span> 
     </span>
    </p>
   </div>
   <div class='ocr_carea' id='block_1_105' title="bbox 574 5254 2160 5328">
    <p class='ocr_par' dir='ltr' id='par_1_105' title="bbox 574 5254 2160 5328">
     <span class='ocr_line' id='line_1_105' title="bbox 574 5254 2160 5328; baseline -0.006 -16"><span class='ocrx_word' id='word_1_770' title='bbox 574 5258 780 5313; x_wconf 87' lang='lat' dir='ltr'><strong>lariano</strong></span> <span class='ocrx_word' id='word_1_771' title='bbox 813 5254 1040 5313; x_wconf 78' lang='lat' dir='ltr'><strong>tractatu</strong></span> <span class='ocrx_word' id='word_1_772' title='bbox 1089 5257 1279 5328; x_wconf 86' lang='lat' dir='ltr'><strong>legitur</strong></span> <span class='ocrx_word' id='word_1_773' title='bbox 1308 5274 1320 5310; x_wconf 92' lang='lat'><strong>:</strong></span> <span class='ocrx_word' id='word_1_774' title='bbox 1355 5255 1481 5323; x_wconf 83' lang='lat' dir='ltr'><strong>Quis</strong></span> <span class='ocrx_word' id='word_1_775' title='bbox 1511 5257 1645 5310; x_wconf 86' lang='lat' dir='ltr'><strong>enim</strong></span> <span class='ocrx_word' id='word_1_776' title='bbox 1682 5254 1913 5324; x_wconf 82' lang='lat' dir='ltr'><strong>cognovit</strong></span> <span class='ocrx_word' id='word_1_777' title='bbox 1955 5266 2160 5305; x_wconf 86' lang='lat' dir='ltr'><strong>sensum</strong></span> 
     </span>
    </p>
   </div>
   <div class='ocr_carea' id='block_1_106' title="bbox 574 5330 691 5387">
    <p class='ocr_par' dir='ltr' id='par_1_106' title="bbox 574 5330 691 5387">
     <span class='ocr_line' id='line_1_106' title="bbox 574 5330 691 5387; baseline 0 -3"><span class='ocrx_word' id='word_1_778' title='bbox 574 5330 691 5387; x_wconf 87' lang='lat' dir='ltr'><strong>Dei.</strong></span> 
     </span>
    </p>
   </div>
   <div class='ocr_carea' id='block_1_107' title="bbox 646 5395 2159 5477">
    <p class='ocr_par' dir='ltr' id='par_1_107' title="bbox 646 5395 2159 5477">
     <span class='ocr_line' id='line_1_107' title="bbox 646 5395 2159 5477; baseline -0.011 -18"><span class='ocrx_word' id='word_1_779' title='bbox 646 5405 759 5477; x_wconf 82' lang='grc'><strong>(11)</strong></span> <span class='ocrx_word' id='word_1_780' title='bbox 777 5400 1071 5477; x_wconf 32' lang='lat' dir='ltr'><strong>luALatiuis</strong></span> <span class='ocrx_word' id='word_1_781' title='bbox 1106 5398 1291 5477; x_wconf 57' lang='lat' dir='ltr'><strong>loricis</strong></span> <span class='ocrx_word' id='word_1_782' title='bbox 1317 5395 2043 5477; x_wconf 42' lang='lat' dir='ltr'><strong>grandinat‘impersonaliter</strong></span> <span class='ocrx_word' id='word_1_783' title='bbox 2057 5408 2159 5477; x_wconf 49' lang='lat' dir='ltr'><strong>po:</strong></span> 
     </span>
    </p>
   </div>
   <div class='ocr_carea' id='block_1_108' title="bbox 577 5463 2162 5534">
    <p class='ocr_par' dir='ltr' id='par_1_108' title="bbox 577 5463 2162 5534">
     <span class='ocr_line' id='line_1_108' title="bbox 577 5463 2162 5534; baseline -0.009 -3"><span class='ocrx_word' id='word_1_784' title='bbox 577 5465 719 5531; x_wconf 77' lang='lat' dir='ltr'><strong>nitur</strong></span> <span class='ocrx_word' id='word_1_785' title='bbox 742 5463 811 5530; x_wconf 76' lang='lat' dir='ltr'><strong>cx</strong></span> <span class='ocrx_word' id='word_1_786' title='bbox 838 5473 1045 5529; x_wconf 89' lang='lat' dir='ltr'><strong>Seneca</strong></span> <span class='ocrx_word' id='word_1_787' title='bbox 1067 5511 1082 5533; x_wconf 91' lang='lat'><strong>,</strong></span> <span class='ocrx_word' id='word_1_788' title='bbox 1126 5470 1220 5524; x_wconf 91' lang='lat' dir='ltr'><strong>lib.</strong></span> <span class='ocrx_word' id='word_1_789' title='bbox 1255 5463 1538 5523; x_wconf 60' lang='lat' dir='ltr'><strong>tv&#39;Natur.</strong></span> <span class='ocrx_word' id='word_1_790' title='bbox 1578 5463 1782 5534; x_wconf 47' lang='lat' dir='ltr'><strong>Qui-st.</strong></span> <span class='ocrx_word' id='word_1_791' title='bbox 1815 5480 1934 5533; x_wconf 90' lang='lat' dir='ltr'><strong>cap.</strong></span> <span class='ocrx_word' id='word_1_792' title='bbox 1969 5463 2022 5517; x_wconf 74' lang='grc'><strong>4.</strong></span> <span class='ocrx_word' id='word_1_793' title='bbox 2057 5464 2162 5520; x_wconf 87' lang='lat' dir='ltr'><strong>Sed</strong></span> 
     </span>
    </p>
   </div>
   <div class='ocr_carea' id='block_1_109' title="bbox 572 5536 2166 5616">
    <p class='ocr_par' dir='ltr' id='par_1_109' title="bbox 572 5536 2166 5616">
     <span class='ocr_line' id='line_1_109' title="bbox 572 5536 2166 5616; baseline -0.009 -14"><span class='ocrx_word' id='word_1_794' title='bbox 572 5548 854 5616; x_wconf 77' lang='lat' dir='ltr'><strong>grandinor</strong></span> <span class='ocrx_word' id='word_1_795' title='bbox 901 5546 1061 5599; x_wconf 88' lang='lat' dir='ltr'><strong>etiam</strong></span> <span class='ocrx_word' id='word_1_796' title='bbox 1094 5542 1323 5616; x_wconf 74' lang='lat' dir='ltr'><strong>passive</strong></span> <span class='ocrx_word' id='word_1_797' title='bbox 1371 5541 1715 5616; x_wconf 77' lang='lat' dir='ltr'><strong>conjugatum</strong></span> <span class='ocrx_word' id='word_1_798' title='bbox 1761 5536 1923 5616; x_wconf 57' lang='lat' dir='ltr'><strong>finisse</strong></span> <span class='ocrx_word' id='word_1_799' title='bbox 1958 5550 2024 5616; x_wconf 79' lang='lat' dir='ltr'><strong>ex</strong></span> <span class='ocrx_word' id='word_1_800' title='bbox 2064 5537 2166 5616; x_wconf 71' lang='lat' dir='ltr'><strong>hoc</strong></span> 
     </span>
    </p>
   </div>
   <div class='ocr_carea' id='block_1_110' title="bbox 572 5606 2168 5679">
    <p class='ocr_par' dir='ltr' id='par_1_110' title="bbox 572 5606 2168 5679">
     <span class='ocr_line' id='line_1_110' title="bbox 572 5606 2168 5679; baseline -0.009 -5"><span class='ocrx_word' id='word_1_801' title='bbox 572 5606 806 5674; x_wconf 58' lang='lat' dir='ltr'><strong>Zenonis</strong></span> <span class='ocrx_word' id='word_1_802' title='bbox 833 5606 1144 5670; x_wconf 81' lang='lat' dir='ltr'><strong>testimonio</strong></span> <span class='ocrx_word' id='word_1_803' title='bbox 1172 5614 1427 5666; x_wconf 68' lang='lat' dir='ltr'><strong>discimus</strong></span> <span class='ocrx_word' id='word_1_804' title='bbox 1454 5606 1636 5679; x_wconf 58' lang='lat' dir='ltr'><strong>{quod</strong></span> <span class='ocrx_word' id='word_1_805' title='bbox 1666 5610 1709 5661; x_wconf 92' lang='lat' dir='ltr'><strong>si</strong></span> <span class='ocrx_word' id='word_1_806' title='bbox 1760 5606 2168 5679; x_wconf 68' lang='lat' dir='ltr'><strong>animadvertis-</strong></span> 
     </span>
    </p>
   </div>
   <div class='ocr_carea' id='block_1_111' title="bbox 571 5676 2169 5754">
    <p class='ocr_par' dir='ltr' id='par_1_111' title="bbox 571 5676 2169 5754">
     <span class='ocr_line' id='line_1_111' title="bbox 571 5676 2169 5754; baseline -0.009 -8"><span class='ocrx_word' id='word_1_807' title='bbox 571 5704 650 5746; x_wconf 87' lang='lat' dir='ltr'><strong>set</strong></span> <span class='ocrx_word' id='word_1_808' title='bbox 685 5686 914 5743; x_wconf 80' lang='lat' dir='ltr'><strong>Basilius</strong></span> <span class='ocrx_word' id='word_1_809' title='bbox 943 5685 1120 5741; x_wconf 83' lang='lat' dir='ltr'><strong>Faber</strong></span> <span class='ocrx_word' id='word_1_810' title='bbox 1140 5724 1154 5748; x_wconf 97' lang='lat'><strong>,</strong></span> <span class='ocrx_word' id='word_1_811' title='bbox 1183 5683 1275 5754; x_wconf 91' lang='lat' dir='ltr'><strong>qni</strong></span> <span class='ocrx_word' id='word_1_812' title='bbox 1300 5682 1403 5737; x_wconf 85' lang='lat' dir='ltr'><strong>alia</strong></span> <span class='ocrx_word' id='word_1_813' title='bbox 1431 5676 1535 5736; x_wconf 81' lang='lat' dir='ltr'><strong>non</strong></span> <span class='ocrx_word' id='word_1_814' title='bbox 1562 5694 1727 5752; x_wconf 89' lang='lat' dir='ltr'><strong>pauca</strong></span> <span class='ocrx_word' id='word_1_815' title='bbox 1752 5680 1909 5754; x_wconf 64' lang='lat' dir='ltr'><strong>unius</strong></span> <span class='ocrx_word' id='word_1_816' title='bbox 1935 5676 2169 5754; x_wconf 57' lang='lat' dir='ltr'><strong>lautitiis</strong></span> 
     </span>
    </p>
   </div>
   <div class='ocr_carea' id='block_1_112' title="bbox 566 5746 2168 5816">
    <p class='ocr_par' dir='ltr' id='par_1_112' title="bbox 566 5746 2168 5816">
     <span class='ocr_line' id='line_1_112' title="bbox 566 5746 2168 5816; baseline -0.009 0"><span class='ocrx_word' id='word_1_817' title='bbox 566 5757 890 5816; x_wconf 79' lang='lat' dir='ltr'><strong>auctoritate</strong></span> <span class='ocrx_word' id='word_1_818' title='bbox 918 5758 1121 5814; x_wconf 85' lang='lat' dir='ltr'><strong>duetus</strong></span> <span class='ocrx_word' id='word_1_819' title='bbox 1142 5746 1644 5811; x_wconf 15' lang='lat' dir='ltr'><strong>Vin-celeberrimmn</strong></span> <span class='ocrx_word' id='word_1_820' title='bbox 1674 5748 1997 5807; x_wconf 84' lang='lat' dir='ltr'><strong>eruditionis</strong></span> <span class='ocrx_word' id='word_1_821' title='bbox 2024 5746 2168 5806; x_wconf 88' lang='lat' dir='ltr'><strong>The-</strong></span> 
     </span>
    </p>
   </div>
   <div class='ocr_carea' id='block_1_113' title="bbox 565 5817 2168 5898">
    <p class='ocr_par' dir='ltr' id='par_1_113' title="bbox 565 5817 2168 5898">
     <span class='ocr_line' id='line_1_113' title="bbox 565 5817 2168 5898; baseline -0.004 -15"><span class='ocrx_word' id='word_1_822' title='bbox 565 5838 779 5885; x_wconf 79' lang='lat' dir='ltr'><strong>s‘ttttrutn</strong></span> <span class='ocrx_word' id='word_1_823' title='bbox 814 5827 1090 5891; x_wconf 83' lang='lat' dir='ltr'><strong>inseruit,</strong></span> <span class='ocrx_word' id='word_1_824' title='bbox 1122 5827 1248 5898; x_wconf 87' lang='lat' dir='ltr'><strong>quin</strong></span> <span class='ocrx_word' id='word_1_825' title='bbox 1284 5827 1419 5881; x_wconf 78' lang='lat' dir='ltr'><strong>hanc</strong></span> <span class='ocrx_word' id='word_1_826' title='bbox 1449 5828 1663 5894; x_wconf 84' lang='lat' dir='ltr'><strong>quoque</strong></span> <span class='ocrx_word' id='word_1_827' title='bbox 1694 5824 1879 5875; x_wconf 68' lang='lat' dir='ltr'><strong>vneam</strong></span> <span class='ocrx_word' id='word_1_828' title='bbox 1908 5817 2168 5877; x_wconf 46' lang='lat' dir='ltr'><strong>ins-eratsi.</strong></span> 
     </span>
    </p>
   </div>
   <div class='ocr_carea' id='block_1_114' title="bbox 2338 4751 3861 4829">
    <p class='ocr_par' dir='ltr' id='par_1_114' title="bbox 2338 4751 3861 4829">
     <span class='ocr_line' id='line_1_114' title="bbox 2338 4751 3861 4829; baseline -0.004 -18"><span class='ocrx_word' id='word_1_829' title='bbox 2338 4756 2453 4829; x_wconf 86' lang='lat' dir='ltr'><strong>(l5)</strong></span> <span class='ocrx_word' id='word_1_830' title='bbox 2486 4756 2634 4829; x_wconf 88' lang='lat' dir='ltr'><strong>Sicut</strong></span> <span class='ocrx_word' id='word_1_831' title='bbox 2660 4751 2939 4829; x_wconf 69' lang='lat' dir='ltr'><strong>credulitas</strong></span> <span class='ocrx_word' id='word_1_832' title='bbox 2969 4770 3065 4825; x_wconf 89' lang='lat' dir='ltr'><strong>pro</strong></span> <span class='ocrx_word' id='word_1_833' title='bbox 3092 4755 3214 4823; x_wconf 79' lang='lat' dir='ltr'><strong>ﬁde,</strong></span> <span class='ocrx_word' id='word_1_834' title='bbox 3235 4769 3354 4824; x_wconf 66' lang='lat' dir='ltr'><strong>quae</strong></span> <span class='ocrx_word' id='word_1_835' title='bbox 3372 4767 3477 4808; x_wconf 87' lang='lat' dir='ltr'><strong>non</strong></span> <span class='ocrx_word' id='word_1_836' title='bbox 3508 4751 3745 4829; x_wconf 73' lang='lat' dir='ltr'><strong>levitatis</strong></span> <span class='ocrx_word' id='word_1_837' title='bbox 3772 4751 3861 4806; x_wconf 81' lang='lat' dir='ltr'><strong>vi-</strong></span> 
     </span>
    </p>
   </div>
   <div class='ocr_carea' id='block_1_115' title="bbox 2265 4822 3866 4894">
    <p class='ocr_par' dir='ltr' id='par_1_115' title="bbox 2265 4822 3866 4894">
     <span class='ocr_line' id='line_1_115' title="bbox 2265 4822 3866 4894; baseline -0.003 -14"><span class='ocrx_word' id='word_1_838' title='bbox 2265 4822 2375 4888; x_wconf 69' lang='lat' dir='ltr'><strong>tio&#39;,</strong></span> <span class='ocrx_word' id='word_1_839' title='bbox 2427 4822 2521 4882; x_wconf 86' lang='lat' dir='ltr'><strong>sed</strong></span> <span class='ocrx_word' id='word_1_840' title='bbox 2567 4828 2767 4882; x_wconf 86' lang='lat' dir='ltr'><strong>virtute</strong></span> <span class='ocrx_word' id='word_1_841' title='bbox 2798 4822 3117 4890; x_wconf 75' lang='lat' dir='ltr'><strong>adhibetur,</strong></span> <span class='ocrx_word' id='word_1_842' title='bbox 3152 4822 3442 4894; x_wconf 82' lang='lat' dir='ltr'><strong>usurpatur</strong></span> <span class='ocrx_word' id='word_1_843' title='bbox 3479 4840 3507 4873; x_wconf 91' lang='lat' dir='ltr'><strong>a</strong></span> <span class='ocrx_word' id='word_1_844' title='bbox 3549 4822 3773 4876; x_wconf 85' lang='lat' dir='ltr'><strong>Zenone</strong></span> <span class='ocrx_word' id='word_1_845' title='bbox 3805 4834 3866 4875; x_wconf 86' lang='lat' dir='ltr'><strong>et</strong></span> 
     </span>
    </p>
   </div>
   <div class='ocr_carea' id='block_1_116' title="bbox 2262 4894 3866 4961">
    <p class='ocr_par' dir='ltr' id='par_1_116' title="bbox 2262 4894 3866 4961">
     <span class='ocr_line' id='line_1_116' title="bbox 2262 4894 3866 4961; baseline -0.002 -11"><span class='ocrx_word' id='word_1_846' title='bbox 2262 4897 2386 4951; x_wconf 88' lang='lat' dir='ltr'><strong>aliis</strong></span> <span class='ocrx_word' id='word_1_847' title='bbox 2425 4898 2703 4961; x_wconf 90' lang='lat' dir='ltr'><strong>Patribus,</strong></span> <span class='ocrx_word' id='word_1_848' title='bbox 2739 4907 2796 4951; x_wconf 89' lang='lat' dir='ltr'><strong>ut</strong></span> <span class='ocrx_word' id='word_1_849' title='bbox 2819 4898 3155 4952; x_wconf 88' lang='lat' dir='ltr'><strong>ostendimus</strong></span> <span class='ocrx_word' id='word_1_850' title='bbox 3175 4896 3358 4950; x_wconf 90' lang='lat' dir='ltr'><strong>adnot.</strong></span> <span class='ocrx_word' id='word_1_851' title='bbox 3409 4898 3471 4956; x_wconf 84' lang='grc' dir='ltr'><strong>ϐ,</strong></span> <span class='ocrx_word' id='word_1_852' title='bbox 3519 4894 3572 4946; x_wconf 88' lang='lat' dir='ltr'><strong>in</strong></span> <span class='ocrx_word' id='word_1_853' title='bbox 3610 4901 3770 4948; x_wconf 76' lang='lat' dir='ltr'><strong>tract.</strong></span> <span class='ocrx_word' id='word_1_854' title='bbox 3831 4894 3866 4947; x_wconf 89' lang='lat'>7</span> 
     </span>
    </p>
   </div>
   <div class='ocr_carea' id='block_1_117' title="bbox 2265 4963 3824 5037">
    <p class='ocr_par' dir='ltr' id='par_1_117' title="bbox 2265 4963 3824 5037">
     <span class='ocr_line' id='line_1_117' title="bbox 2265 4963 3824 5037; baseline -0.001 -18"><span class='ocrx_word' id='word_1_855' title='bbox 2265 4967 2357 5022; x_wconf 88' lang='lat' dir='ltr'><strong>lib.</strong></span> <span class='ocrx_word' id='word_1_856' title='bbox 2386 4984 2399 5021; x_wconf 94' lang='grc' dir='ltr'><strong>ι</strong></span> <span class='ocrx_word' id='word_1_857' title='bbox 2425 5010 2438 5032; x_wconf 85' lang='grc'><em>,</em></span> <span class='ocrx_word' id='word_1_858' title='bbox 2467 4970 2537 5021; x_wconf 87' lang='lat' dir='ltr'><strong>ita</strong></span> <span class='ocrx_word' id='word_1_859' title='bbox 2565 4970 2805 5023; x_wconf 87' lang='lat' dir='ltr'><strong>credulus</strong></span> <span class='ocrx_word' id='word_1_860' title='bbox 2832 4969 2885 5023; x_wconf 91' lang='lat' dir='ltr'><strong>in</strong></span> <span class='ocrx_word' id='word_1_861' title='bbox 2914 4970 3104 5021; x_wconf 87' lang='lat' dir='ltr'><strong>bonam</strong></span> <span class='ocrx_word' id='word_1_862' title='bbox 3136 4979 3339 5037; x_wconf 88' lang='lat' dir='ltr'><strong>partem</strong></span> <span class='ocrx_word' id='word_1_863' title='bbox 3367 4966 3483 5018; x_wconf 87' lang='lat' dir='ltr'><strong>heie</strong></span> <span class='ocrx_word' id='word_1_864' title='bbox 3506 4963 3824 5037; x_wconf 76' lang='lat' dir='ltr'><strong>adhibetur.</strong></span> 
     </span>
    </p>
   </div>
   <div class='ocr_carea' id='block_1_118' title="bbox 2339 5036 3865 5108">
    <p class='ocr_par' dir='ltr' id='par_1_118' title="bbox 2339 5036 3865 5108">
     <span class='ocr_line' id='line_1_118' title="bbox 2339 5036 3865 5108; baseline -0.003 -14"><span class='ocrx_word' id='word_1_865' title='bbox 2339 5040 2451 5108; x_wconf 82' lang='lat' dir='ltr'><strong>(l6)</strong></span> <span class='ocrx_word' id='word_1_866' title='bbox 2483 5037 2703 5094; x_wconf 86' lang='lat' dir='ltr'><strong>Prorela</strong></span> <span class='ocrx_word' id='word_1_867' title='bbox 2733 5041 2873 5108; x_wconf 88' lang='lat' dir='ltr'><strong>apud</strong></span> <span class='ocrx_word' id='word_1_868' title='bbox 2902 5036 3147 5093; x_wconf 85' lang='lat' dir='ltr'><strong>Plautum</strong></span> <span class='ocrx_word' id='word_1_869' title='bbox 3179 5037 3315 5092; x_wconf 78' lang='lat' dir='ltr'><strong>Rud.</strong></span> <span class='ocrx_word' id='word_1_870' title='bbox 3342 5052 3412 5099; x_wconf 83' lang='lat' dir='ltr'><strong>iv,</strong></span> <span class='ocrx_word' id='word_1_871' title='bbox 3435 5036 3574 5101; x_wconf 77' lang='lat'><strong>5,75</strong></span> <span class='ocrx_word' id='word_1_872' title='bbox 3599 5052 3629 5108; x_wconf 78' lang='lat' dir='ltr'><strong>a</strong></span> <span class='ocrx_word' id='word_1_873' title='bbox 3661 5036 3865 5104; x_wconf 85' lang='lat' dir='ltr'><strong>guber-</strong></span> 
     </span>
    </p>
   </div>
   <div class='ocr_carea' id='block_1_119' title="bbox 2262 5106 3869 5181">
    <p class='ocr_par' dir='ltr' id='par_1_119' title="bbox 2262 5106 3869 5181">
     <span class='ocr_line' id='line_1_119' title="bbox 2262 5106 3869 5181; baseline -0.002 -18"><span class='ocrx_word' id='word_1_874' title='bbox 2262 5106 2450 5165; x_wconf 87' lang='lat' dir='ltr'><strong>natore</strong></span> <span class='ocrx_word' id='word_1_875' title='bbox 2496 5110 2648 5165; x_wconf 86' lang='lat' dir='ltr'><strong>navis</strong></span> <span class='ocrx_word' id='word_1_876' title='bbox 2686 5106 3071 5181; x_wconf 87' lang='lat' dir='ltr'><strong>distinguitur,</strong></span> <span class='ocrx_word' id='word_1_877' title='bbox 3101 5117 3266 5164; x_wconf 78' lang='lat' dir='ltr'><strong>etest</strong></span> <span class='ocrx_word' id='word_1_878' title='bbox 3294 5109 3372 5174; x_wconf 91' lang='lat' dir='ltr'><strong>is,</strong></span> <span class='ocrx_word' id='word_1_879' title='bbox 3414 5110 3503 5177; x_wconf 90' lang='lat' dir='ltr'><strong>qni</strong></span> <span class='ocrx_word' id='word_1_880' title='bbox 3545 5106 3613 5159; x_wconf 89' lang='lat' dir='ltr'><strong>ad</strong></span> <span class='ocrx_word' id='word_1_881' title='bbox 3644 5121 3869 5176; x_wconf 88' lang='lat' dir='ltr'><strong>proram</strong></span> 
     </span>
    </p>
   </div>
   <div class='ocr_carea' id='block_1_120' title="bbox 2265 5180 2756 5253">
    <p class='ocr_par' dir='ltr' id='par_1_120' title="bbox 2265 5180 2756 5253">
     <span class='ocr_line' id='line_1_120' title="bbox 2265 5180 2756 5253; baseline 0 -19"><span class='ocrx_word' id='word_1_882' title='bbox 2265 5180 2414 5235; x_wconf 88' lang='lat' dir='ltr'><strong>sedet</strong></span> <span class='ocrx_word' id='word_1_883' title='bbox 2445 5223 2459 5247; x_wconf 92' lang='lat'><strong>,</strong></span> <span class='ocrx_word' id='word_1_884' title='bbox 2492 5191 2550 5235; x_wconf 85' lang='lat' dir='ltr'><strong>tit</strong></span> <span class='ocrx_word' id='word_1_885' title='bbox 2589 5195 2756 5253; x_wconf 88' lang='lat' dir='ltr'><strong>regat.</strong></span> 
     </span>
    </p>
   </div>
   <div class='ocr_carea' id='block_1_121' title="bbox 2358 5284 3618 5349">
    <p class='ocr_par' dir='ltr' id='par_1_121' title="bbox 2358 5284 3618 5349">
     <span class='ocr_line' id='line_1_121' title="bbox 2358 5284 3618 5349; baseline -0.002 -15"><span class='ocrx_word' id='word_1_886' title='bbox 2358 5284 2410 5334; x_wconf 92' lang='lat' dir='ltr'><strong>Si</strong></span> <span class='ocrx_word' id='word_1_887' title='bbox 2437 5291 2489 5335; x_wconf 92' lang='lat' dir='ltr'><strong>tu</strong></span> <span class='ocrx_word' id='word_1_888' title='bbox 2513 5293 2709 5349; x_wconf 85' lang='lat' dir='ltr'><strong>proreta</strong></span> <span class='ocrx_word' id='word_1_889' title='bbox 2728 5287 2806 5336; x_wconf 90' lang='lat' dir='ltr'><strong>isti</strong></span> <span class='ocrx_word' id='word_1_890' title='bbox 2832 5286 2939 5336; x_wconf 83' lang='lat' dir='ltr'><strong>navi</strong></span> <span class='ocrx_word' id='word_1_891' title='bbox 2967 5297 3040 5344; x_wconf 89' lang='lat' dir='ltr'><strong>es,</strong></span> <span class='ocrx_word' id='word_1_892' title='bbox 3065 5297 3161 5348; x_wconf 87' lang='lat' dir='ltr'><strong>ego</strong></span> <span class='ocrx_word' id='word_1_893' title='bbox 3183 5285 3485 5348; x_wconf 84' lang='lat' dir='ltr'><strong>gubernator</strong></span> <span class='ocrx_word' id='word_1_894' title='bbox 3510 5295 3618 5333; x_wconf 88' lang='lat' dir='ltr'><strong>ero.</strong></span> 
     </span>
    </p>
   </div>
   <div class='ocr_carea' id='block_1_122' title="bbox 2268 5388 3708 5459">
    <p class='ocr_par' dir='ltr' id='par_1_122' title="bbox 2268 5388 3708 5459">
     <span class='ocr_line' id='line_1_122' title="bbox 2268 5388 3708 5459; baseline -0.003 -15"><span class='ocrx_word' id='word_1_895' title='bbox 2268 5388 2406 5459; x_wconf 78' lang='lat' dir='ltr'><strong>Vide</strong></span> <span class='ocrx_word' id='word_1_896' title='bbox 2432 5389 2742 5446; x_wconf 87' lang='lat' dir='ltr'><strong>Turnebum</strong></span> <span class='ocrx_word' id='word_1_897' title='bbox 2772 5389 3063 5444; x_wconf 89' lang='lat' dir='ltr'><strong>Adversar.</strong></span> <span class='ocrx_word' id='word_1_898' title='bbox 3109 5388 3203 5445; x_wconf 87' lang='lat' dir='ltr'><strong>lib.</strong></span> <span class='ocrx_word' id='word_1_899' title='bbox 3235 5405 3433 5455; x_wconf 75' lang='lat' dir='ltr'><strong>xxvm,</strong></span> <span class='ocrx_word' id='word_1_900' title='bbox 3466 5388 3708 5459; x_wconf 16' lang='lat' dir='ltr'><strong>cap.75‘2.</strong></span> 
     </span>
    </p>
   </div>
   <div class='ocr_carea' id='block_1_123' title="bbox 2344 5458 3866 5535">
    <p class='ocr_par' dir='ltr' id='par_1_123' title="bbox 2344 5458 3866 5535">
     <span class='ocr_line' id='line_1_123' title="bbox 2344 5458 3866 5535; baseline -0.003 -21"><span class='ocrx_word' id='word_1_901' title='bbox 2344 5458 2458 5535; x_wconf 85' lang='lat' dir='ltr'><strong>(l7)</strong></span> <span class='ocrx_word' id='word_1_902' title='bbox 2487 5461 2655 5535; x_wconf 13' lang='lat' dir='ltr'><strong>greges</strong></span> <span class='ocrx_word' id='word_1_903' title='bbox 2679 5461 2799 5516; x_wconf 80' lang='lat' dir='ltr'><strong>heic</strong></span> <span class='ocrx_word' id='word_1_904' title='bbox 2823 5463 3160 5535; x_wconf 78' lang='lat' dir='ltr'><strong>appellantur</strong></span> <span class='ocrx_word' id='word_1_905' title='bbox 3189 5460 3547 5535; x_wconf 85' lang='lat' dir='ltr'><strong>Iittperatores</strong></span> <span class='ocrx_word' id='word_1_906' title='bbox 3572 5458 3866 5535; x_wconf 52' lang='lat' dir='ltr'><strong>Vespasia-</strong></span> 
     </span>
    </p>
   </div>
   <div class='ocr_carea' id='block_1_124' title="bbox 2272 5531 3859 5595">
    <p class='ocr_par' dir='ltr' id='par_1_124' title="bbox 2272 5531 3859 5595">
     <span class='ocr_line' id='line_1_124' title="bbox 2272 5531 3859 5595; baseline -0.001 -10"><span class='ocrx_word' id='word_1_907' title='bbox 2272 5531 2370 5586; x_wconf 79' lang='lat' dir='ltr'><strong>nus</strong></span> <span class='ocrx_word' id='word_1_908' title='bbox 2396 5547 2462 5587; x_wconf 87' lang='lat' dir='ltr'><strong>ac</strong></span> <span class='ocrx_word' id='word_1_909' title='bbox 2484 5531 2639 5585; x_wconf 82' lang='lat' dir='ltr'><strong>Titus</strong></span> <span class='ocrx_word' id='word_1_910' title='bbox 2661 5574 2675 5595; x_wconf 85' lang='lat'><strong>,</strong></span> <span class='ocrx_word' id='word_1_911' title='bbox 2716 5546 2814 5587; x_wconf 88' lang='lat' dir='ltr'><strong>nec</strong></span> <span class='ocrx_word' id='word_1_912' title='bbox 2857 5546 2964 5587; x_wconf 92' lang='lat' dir='ltr'><strong>non</strong></span> <span class='ocrx_word' id='word_1_913' title='bbox 2996 5531 3263 5585; x_wconf 83' lang='lat' dir='ltr'><strong>Adrianus</strong></span> <span class='ocrx_word' id='word_1_914' title='bbox 3314 5540 3368 5585; x_wconf 90' lang='lat' dir='ltr'><strong>et</strong></span> <span class='ocrx_word' id='word_1_915' title='bbox 3395 5533 3662 5586; x_wconf 80' lang='lat' dir='ltr'><strong>Antonius</strong></span> <span class='ocrx_word' id='word_1_916' title='bbox 3691 5531 3817 5584; x_wconf 86' lang='lat' dir='ltr'><strong>Pius</strong></span> <span class='ocrx_word' id='word_1_917' title='bbox 3841 5571 3859 5595; x_wconf 90' lang='lat'><strong>,</strong></span> 
     </span>
    </p>
   </div>
   <div class='ocr_carea' id='block_1_125' title="bbox 2270 5602 3242 5674">
    <p class='ocr_par' dir='ltr' id='par_1_125' title="bbox 2270 5602 3242 5674">
     <span class='ocr_line' id='line_1_125' title="bbox 2270 5602 3242 5674; baseline -0.003 -16"><span class='ocrx_word' id='word_1_918' title='bbox 2270 5602 2634 5674; x_wconf 15' lang='lat' dir='ltr'><strong>quosiJnda-is</strong></span> <span class='ocrx_word' id='word_1_919' title='bbox 2662 5603 2883 5674; x_wconf 78' lang='lat' dir='ltr'><strong>infestos</strong></span> <span class='ocrx_word' id='word_1_920' title='bbox 2912 5605 3242 5672; x_wconf 89' lang='lat' dir='ltr'><strong>accepimus.</strong></span> 
     </span>
    </p>
   </div>
   <div class='ocr_carea' id='block_1_126' title="bbox 2343 5671 3871 5747">
    <p class='ocr_par' dir='ltr' id='par_1_126' title="bbox 2343 5671 3871 5747">
     <span class='ocr_line' id='line_1_126' title="bbox 2343 5671 3871 5747; baseline -0.002 -18"><span class='ocrx_word' id='word_1_921' title='bbox 2343 5673 2457 5747; x_wconf 91' lang='lat' dir='ltr'><strong>(l8)</strong></span> <span class='ocrx_word' id='word_1_922' title='bbox 2486 5675 2557 5747; x_wconf 77' lang='lat' dir='ltr'><strong>Ita</strong></span> <span class='ocrx_word' id='word_1_923' title='bbox 2587 5689 2653 5747; x_wconf 69' lang='lat' dir='ltr'><strong>ex</strong></span> <span class='ocrx_word' id='word_1_924' title='bbox 2694 5688 2796 5747; x_wconf 71' lang='lat' dir='ltr'><strong>ms.</strong></span> <span class='ocrx_word' id='word_1_925' title='bbox 2826 5673 3017 5747; x_wconf 81' lang='lat' dir='ltr'><strong>Pomp.</strong></span> <span class='ocrx_word' id='word_1_926' title='bbox 3037 5671 3278 5743; x_wconf 84' lang='lat' dir='ltr'><strong>genitivo</strong></span> <span class='ocrx_word' id='word_1_927' title='bbox 3306 5673 3651 5747; x_wconf 66' lang='lat' dir='ltr'><strong>graecanica:</strong></span> <span class='ocrx_word' id='word_1_928' title='bbox 3681 5671 3871 5747; x_wconf 63' lang='lat' dir='ltr'><strong>caeteri</strong></span> 
     </span>
    </p>
   </div>
   <div class='ocr_carea' id='block_1_127' title="bbox 2269 5742 3869 5817">
    <p class='ocr_par' dir='ltr' id='par_1_127' title="bbox 2269 5742 3869 5817">
     <span class='ocr_line' id='line_1_127' title="bbox 2269 5742 3869 5817; baseline -0.004 -15"><span class='ocrx_word' id='word_1_929' title='bbox 2269 5742 2485 5803; x_wconf 82' lang='lat' dir='ltr'><strong>codices</strong></span> <span class='ocrx_word' id='word_1_930' title='bbox 2502 5742 2707 5815; x_wconf 74' lang='lat' dir='ltr'><strong>Ninive.</strong></span> <span class='ocrx_word' id='word_1_931' title='bbox 2731 5744 2902 5817; x_wconf 72' lang='lat' dir='ltr'><strong>Scribi</strong></span> <span class='ocrx_word' id='word_1_932' title='bbox 2925 5742 3087 5800; x_wconf 83' lang='lat' dir='ltr'><strong>etiam</strong></span> <span class='ocrx_word' id='word_1_933' title='bbox 3118 5743 3504 5817; x_wconf 39' lang='lat' dir='ltr'><strong>potest‘Ninivi,</strong></span> <span class='ocrx_word' id='word_1_934' title='bbox 3526 5750 3584 5797; x_wconf 90' lang='lat' dir='ltr'><strong>ut</strong></span> <span class='ocrx_word' id='word_1_935' title='bbox 3603 5744 3657 5796; x_wconf 92' lang='lat' dir='ltr'><strong>in</strong></span> <span class='ocrx_word' id='word_1_936' title='bbox 3669 5744 3869 5799; x_wconf 83' lang='lat' dir='ltr'><strong>eodem</strong></span> 
     </span>
    </p>
   </div>
   <div class='ocr_carea' id='block_1_128' title="bbox 2270 5804 3586 5884">
    <p class='ocr_par' dir='ltr' id='par_1_128' title="bbox 2270 5804 3586 5884">
     <span class='ocr_line' id='line_1_128' title="bbox 2270 5804 3586 5884; baseline -0.007 -9"><span class='ocrx_word' id='word_1_937' title='bbox 2270 5818 2371 5875; x_wconf 80' lang='lat' dir='ltr'><strong>nis.</strong></span> <span class='ocrx_word' id='word_1_938' title='bbox 2409 5810 2594 5884; x_wconf 80' lang='lat' dir='ltr'><strong>l&#39;omp.</strong></span> <span class='ocrx_word' id='word_1_939' title='bbox 2620 5804 2903 5884; x_wconf 76' lang='lat' dir='ltr'><strong>posteriori</strong></span> <span class='ocrx_word' id='word_1_940' title='bbox 2932 5821 3092 5871; x_wconf 85' lang='lat' dir='ltr'><strong>ulanu</strong></span> <span class='ocrx_word' id='word_1_941' title='bbox 3118 5804 3456 5871; x_wconf 75' lang='lat' dir='ltr'><strong>eriteudatum</strong></span> <span class='ocrx_word' id='word_1_942' title='bbox 3483 5804 3586 5867; x_wconf 74' lang='lat' dir='ltr'><strong>est:</strong></span> 
     </span>
    </p>
   </div>
  </div>
