4230 6168
372 363 493 422 tibi

1521 353 1725 413 LIBER
1764 354 1829 411 ll.
1873 338 2298 408 TRACTATUS
2339 346 2520 407 XXII.

3631 365 3736 422 462

371 485 500 556 quia
531 483 770 538 timent:
806 487 1058 552 peccant,
1093 477 1218 550 quia
1241 479 1450 533 volunt.
1486 477 1638 535 Unde
1669 493 1774 532 non
1799 483 1880 532 est
1903 473 2002 529 ali-
2031 472 2085 533 Α
2111 465 2281 535 mini,
2313 479 2376 525 ut
2400 470 2720 540 ponderatis
2751 470 2964 530 damnis
2997 471 3282 542 rebusque
3322 477 3586 546 servatis,
3617 494 3744 537 sen-

372 577 586 634 solutus
616 586 829 638 reatus,
861 573 952 626 ubi
981 571 1050 627 de
1077 571 1282 626 amoris
1325 572 1730 643 comparatione
1767 569 1995 624 duarum

378 666 500 739 (12)
523 663 934 722 contrariarum
952 662 1171 717 sibimet
1185 660 1688 732 partiumjudicium
1708 659 2003 731 ﬂagitator;

376 761 712 830 ambiguitas
739 757 889 812 enim
932 756 1035 811 nisi
1067 753 1233 809 fuerit
1269 753 1516 810 discussa
1550 796 1564 820 ,
1589 753 1711 824 jure
1767 767 1876 808 non
1912 765 2008 820 po-

347 833 490 910 Itest
519 851 725 908 mereri
759 847 1112 904 sententiam.
1147 847 1216 901 Et
1259 846 1352 916 qui
1387 857 1513 902 sunt
1561 847 1686 912 isti,
1713 859 1852 916 quos
1893 858 2008 898 am-

378 946 622 1018 biguitas
673 943 794 1014 (i3)
841 939 1048 1014 judicio
1097 937 1435 995 reservavit?
1480 937 1676 1008 Utique
1722 937 1821 1004 illi,
1871 936 2012 993 sicut

383 1035 692 1109 Apostolus
724 1047 946 1105 quoque
975 1029 1070 1096 ait,
1103 1031 1191 1101 qui
1221 1029 1483 1102 cognitum
1517 1027 1684 1084 Deum
1718 1045 1821 1082 non
1863 1027 2013 1098 quasi

384 1128 683 1185 Dominum
715 1123 1116 1190 honoraverunt,
1145 1138 1310 1194 neque
1331 1122 1377 1176 ei
1406 1122 1599 1194 gratias
1629 1131 1840 1194 egerunt
1861 1164 1878 1189 ,
1923 1117 2014 1175 sed

382 1225 536 1281 vanis
577 1218 1012 1293 persuasionibus
1041 1217 1373 1289 cogitationes
1399 1231 1576 1270 eorum
1597 1214 1834 1270 abducta:
1868 1221 2014 1276 sunt,

384 1325 436 1372 et
459 1316 688 1371 tenebris
710 1323 946 1382 opertum
971 1307 1086 1383 (ﬂ)
1119 1319 1188 1365 est
1207 1326 1293 1364 cor
1319 1325 1498 1365 eorum
1530 1307 1707 1381 (Rom.
1739 1325 1777 1372 ι,
1808 1307 1930 1377 91),
1963 1313 2022 1360 ut

387 1408 696 1478 diligerent
737 1403 912 1476 magis
953 1401 1206 1458 tenebras
1252 1416 1414 1472 quam
1457 1387 1656 1467 lucem,
1705 1409 2021 1455 creaturam

389 1501 582 1573 potius
615 1512 782 1568 quam
815 1498 1146 1552 creatorem.
1263 1509 1272 1516 δ
1864 1551 1872 1558 _

471 1590 564 1647 Ill.
601 1587 794 1658 Itaque
817 1585 919 1642 tria
941 1583 1202 1641 convenit
1227 1581 1592 1652 essejudicia.
1627 1581 1800 1638 Unum
1836 1581 2028 1652 justo-

392 1697 523 1740 rutn
546 1723 563 1750 ,
594 1679 689 1750 qui
721 1685 828 1732 non
863 1685 1070 1730 tantum
1095 1717 1109 1739 ,
1157 1683 1215 1730 ut
1253 1674 1457 1730 dictum
1489 1683 1602 1742 est,
1653 1689 1760 1728 non
1809 1671 2034 1743 judica-

393 1775 630 1839 bunlur,
651 1768 772 1846 (15)
796 1769 890 1828 sed
923 1772 1086 1826 istum
1121 1767 1380 1824 mundum
1405 1766 2036 1838 judicabunt,Apostolo

2110 569 2276 621 tentia
2307 565 2368 620 in
2407 583 2576 632 eum,
2625 578 2783 636 prout
2818 568 3032 622 debitor
3058 568 3366 636 exstiterit,
3406 570 3530 642 jure
3577 579 3752 647 possit

2109 657 2385 727 expromi.
2417 659 2498 714 Ita
2528 660 2633 716 erit
2653 701 2668 724 ,
2703 671 2761 716 ut
2788 659 2950 728 justis
2971 675 3179 716 corona
3199 702 3216 727 ,
3250 667 3632 731 peccatoribus
3653 679 3750 726 aut

2111 749 2393 824 excusatis
2418 793 2434 817 ,
2471 760 2564 806 aut
2589 751 2894 808 emendatis
2923 751 3306 824 indulgentia,
3357 757 3536 828 impiis
3568 773 3750 820 autem

2113 850 2320 898 acterna
2373 859 2542 914 pceua
2594 845 2884 900 tribuatur.
2933 843 3039 900 Per
3069 845 3192 916 (t8)
3227 848 3514 908 Dominum
3566 854 3752 912 Jesum

2115 933 2400 991 Christum
2423 978 2441 1003 ,
2472 939 2564 1008 qui
2595 945 2684 994 est
2705 936 3028 994 benedictus
3053 953 3180 994 cum
3211 940 3419 1012 Spiritu
3467 958 3656 1006 sancto
3705 951 3763 1008 in

2116 1036 2321 1082 aeterna
2358 1029 2565 1085 saecula
2597 1029 2952 1088 surculorum.

2625 1118 3060 1179 TRACTATUS
3097 1121 3273 1184 XXII.

2747 1214 2823 1293 In
2858 1213 3070 1270 Isaiam
3115 1217 3155 1274 l.

2197 1303 2238 1359 l.
2282 1282 2430 1361 Audi
2460 1309 2675 1374 caelum,
2710 1316 2761 1362 et
2807 1309 3035 1377 percipe
3073 1315 3290 1373 auribus
3332 1331 3504 1394 terra,
3533 1331 3778 1396 quoniam

2125 1397 2392 1456 Dominus
2423 1401 2626 1456 locutus
2653 1410 2729 1456 est
2760 1417 2780 1454 :
2813 1395 2995 1494 ilics
3023 1410 3177 1476 genui
3207 1411 3291 1484 (1)
3315 1425 3360 1469 et
3392 1418 3645 1487 exaltari,
3679 1423 3780 1494 ipsi

2130 1501 2305 1546 autent
2351 1509 2437 1547 me
2479 1501 2782 1564 spreverunt
2828 1490 2964 1564 (ls.,
3001 1512 3058 1564 ι,
3092 1498 3168 1571 2).
3221 1503 3494 1562 Grandem
3537 1490 3777 1568 Judaiem

2131 1586 2314 1655 gentis
2343 1586 2606 1644 offensam
2635 1587 2763 1642 libri
2795 1585 2952 1642 istius
3007 1596 3234 1650 exordia
3266 1603 3683 1672 proloqnuntur,
3717 1619 3774 1663 et

2136 1677 2481 1734 iracundiam
2540 1680 2740 1734 divinae
2793 1680 3196 1750 indignationis
3261 1694 3591 1762 ostendunt,
3645 1714 3768 1766 qua:

2138 1771 2276 1825 alias
2304 1786 2566 1842 personas
2589 1813 2604 1839 ,
2638 1781 2695 1826 ut
2719 1773 2945 1828 verbum
2979 1774 3081 1831 Dei
3109 1778 3180 1832 ab
3208 1781 3340 1850 ipsis
3373 1785 3556 1852 potius
3577 1789 3765 1842 audia-

395 1871 624 1927 diceute
656 1883 671 1921 :
729 1864 810 1920 An
856 1864 1064 1919 nescitis
1117 1863 1240 1933 quia
1283 1862 1450 1916 sancti
1493 1861 1556 1916 de
1581 1865 1674 1916 hoc
1715 1861 1918 1944 mundo
1943 1865 2036 1936 ju-
2064 1859 2112 1922 B
2141 1871 2251 1933 tur,
2289 1865 2576 1922 hortatur:
2615 1866 2696 1937 (2)
2724 1881 2829 1921 non
2860 1874 2945 1922 est
2993 1869 3145 1924 enim
3180 1888 3369 1942 parum
3397 1875 3678 1942 criminis,
3707 1889 3766 1933 ιη

397 1962 656 2019 dicabant
685 1957 726 2031 (l
757 1958 903 2022 Cor.,
932 1973 983 2012 vr
1007 1999 1021 2024 ,
1053 1955 1148 2030 2)?
1173 1955 1418 2010 Alterum
1447 1955 1732 2024 impiorum
1756 1997 1769 2022 ,
1801 1954 1897 2024 qui
1926 1971 2036 2012 non

400 2067 533 2114 sunt
572 2053 858 2126 iudicandi
882 2097 893 2116 ,
919 2053 1042 2122 quia
1078 2048 1431 2121 jamjudicati
1459 2059 1617 2115 sunt,
1649 2045 1743 2104 sed
1775 2049 2032 2118 perituri,

402 2150 700 2220 Scriptura
725 2146 941 2200 dicente
969 2161 980 2195 :
1010 2142 1118 2197 lter
1152 2141 1434 2206 impiorutn
1464 2140 1646 2210 peribit
1692 2137 1808 2210 (Ps.
1859 2156 1911 2207 ι,
1951 2139 2031 2212 6).

401 2241 657 2298 Tertium
691 2242 1044 2308 peceatorum
1067 2273 1082 2298 ,
1125 2247 1357 2302 quorum
1403 2229 1635 2300 obliqua:
1673 2230 2037 2300 ancipitisque

405 2337 542 2389 vita:
568 2338 701 2388 sunt
741 2326 1058 2384 necessario
1087 2322 1426 2380 discutienda
1477 2331 1686 2378 secreta
1710 2364 1724 2387 ,
1769 2321 2038 2392 Apostolo

407 2437 712 2492 utrumque
741 2428 1132 2492 prosequente,
1186 2432 1309 2470 nam
1355 2417 1444 2486 qui
1489 2416 1600 2470 sine
1651 2415 1780 2486 lege,
1841 2417 2032 2484 inquit,

412 2511 536 2589 (i6)
568 2514 916 2586 peccaverint,
936 2508 1621 2582 sinelegeperibunt.Atqui
1643 2509 1694 2562 in
1725 2507 1834 2580 lege
1852 2525 2042 2574 pecca-

413 2619 598 2665 verunt
624 2648 638 2672 ,
663 2622 754 2673 per
789 2604 950 2676 legem
976 2600 1346 2670 iudicabuntur
1372 2597 1551 2670 (Rom.
1598 2615 1635 2654 ll
1657 2641 1671 2665 ,
1709 2599 1818 2671 i2).
1871 2597 2038 2654 Vide-

416 2705 596 2764 tisne,
629 2699 828 2754 fratres
851 2737 868 2762 ,
905 2696 1132 2751 multum
1161 2696 1429 2749 interesse
1455 2690 1618 2764 224
1651 2692 1792 2746 inter
1815 2691 2042 2745 damna-

418 2803 537 2851 tu'tn
563 2801 617 2849 et
639 2787 1032 2864 judicandum?
1063 2785 1442 2857 Quamjudicii
1471 2783 1702 2838 formam
1735 2783 1894 2838 etiam
1925 2781 2044 2852 ipsa

423 2888 737 2945 humanitas
761 2927 775 2950 ,
818 2883 1065 2954 quamvis
1097 2879 1295 2952 injusta
1331 2877 1435 2941 sit,
1469 2886 1670 2932 servat.
1699 2877 1866 2931 Nemo
1893 2891 2045 2928 natu-

420 2996 534 3052 que
563 2975 950 3056 paterfamilias
975 2973 1202 3027 honesta
1252 2968 1530 3024 lidelitatis
1573 2983 1684 3022 sum
1730 2967 1878 3022 lut-ra
1910 2963 2048 3020 oll‘e-

421 3081 638 3132 renteu‘t
683 3069 786 3125 sibi
819 3083 976 3124 suum
1004 3081 1220 3122 servum
1250 3063 1492 3132 Ῑυάὶοηι,
1527 3059 1620 3116 sed
1655 3061 1928 3125 honorat,
1987 3069 2046 3112 ut

427 3167 626 3222 ﬁliuin.
659 3160 908 3218 Alterum
956 3174 1119 3219 vero,
1165 3172 1326 3228 quem
1372 3168 1580 3208 venena
1629 3161 2043 3218 conterenlem,

428 3263 486 3316 in
519 3257 809 3320 adulterio,
845 3255 900 3310 in
931 3249 1246 3312 homicidio,
1285 3249 1477 3322 (-l'7)in
1507 3245 1667 3316 falso,
1699 3248 1750 3303 in
1781 3245 2052 3301 maleticio

431 3349 893 3424 deprehenderit,
934 3345 1176 3402 carniliei
1205 3343 1446 3399 destinat
1468 3345 1648 3396 statim
1685 3357 1790 3396 non
1821 3340 2048 3396 audien-

433 3449 568 3504 dum
590 3488 605 3512 ,
638 3443 730 3500 sed
759 3439 1196 3510 competentibus
1239 3437 1420 3509 pomis
1447 3435 1890 3491 excruciandum.
1919 3434 2054 3490 Ter-

435 3544 574 3599 tium
603 3552 817 3608 quoque
841 3575 856 3601 ,
891 3548 1050 3602 quem
1091 3529 1390 3586 adverterit
1422 3527 1822 3582 iranduleutum
1845 3568 1858 3592 ,
1905 3527 2054 3582 colo-

437 3632 577 3690 ratis
606 3627 904 3684 ratiociniis
934 3636 1030 3679 Sua
1063 3621 1206 3677 furta
1233 3633 1587 3677 excusantem
1613 3660 1628 3686 ,
1661 3628 1902 3674 reservat
1927 3634 2054 3674 exa-

516 3749 930 3824 (12)Ms.41‘ol.,
961 3745 1279 3824 contrarium
1301 3743 1498 3824 sibimet
1529 3741 1750 3811 partium
1771 3739 2053 3814 judicium.

447 3814 589 3882 De‘iu
617 3814 718 3882 pro
743 3822 981 3875 discussa
1009 3833 1116 3871 ms.
1147 3814 1309 3880 Urb.,
1345 3814 1602 3868 discursu.

525 3882 642 3965 (15)
673 3893 807 3966 'l‘res
837 3890 1058 3966 codices
1089 3897 1143 3942 et
1162 3886 1468 3966 edin-“Ven.
1521 3882 1722 3936 addunt
1765 3900 1905 3965 δυο..
1929 3883 2060 3966 Post

450 3957 701 4038 pat'tra'in
723 3961 966 4032 Apostoli
995 3969 1270 4038 textu_ms.
1298 3957 1489 4038 Botnp.
1518 3970 1612 4022 pro
1622 3970 1736 4038 lion
1757 3957 1906 4036 quasi
1927 3957 2060 4008 scri-

449 4023 530 4096 itit
564 4023 842 4102 numquam
863 4075 876 4096 ,
919 4043 971 4086 et
1007 4047 1109 4084 uls.
1141 4029 1260 4085 Tol.
1293 4027 1460 4102 Deum
1490 4042 1585 4096 pro
1613 4023 1912 4102 D__ontinum_.

528 4110 646 4177 (H)
675 4095 770 4162 Est
796 4095 1105 4177 addidimus
1126 4117 1190 4156 ex
1216 4115 1348 4177 mss:
1379 4099 1597 4177 Ponit}...
1634 4095 1762 4177 ler.
1793 4109 1846 4153 et
1871 4096 2002 4177 lett.

678 4177 855 4232 Verba
882 4173 1149 4254 παλαια-ηε
1179 4170 1432 4225 mundum
1449 4168 1755 4240 judicabant
1787 4170 2060 4240 supplevi-

453 4243 586 4312 nttis
615 4243 648 4305 ὁ
678 4263 809 4304 mss.
839 4257 894 4300 et
915 4245 1047 4300 edit.
1088 4243 1219 4299 Ven.

535 4322 657 4390 (ili)
682 4321 812 4375 Mss.
834 4317 989 4390 f'l‘ol.,
1020 4316 1210 4390 Pomp.
1244 4311 1471 4390 etllrlp,
1500 4321 1850 4390 peccaverunt.

533 4383 654 4464 (17)
685 4389 1063 4464 Legebaturin
1097 4383 1504 4464 {alsomalclicio
1534 4399 1560 4464 ξ.
1577 4383 1915 4464 correximus
1943 4398 2070 4438 auc-

461 4455 686 4524 toritate
713 4455 873 4516 trium
899 4455 1151 4514 codicum
1179 4466 1232 4512 et
1261 4456 1450 4524 prima:
1480 4455 1757 4508 editionis.

539 4536 659 4607 (18)
694 4533 790 4587 Ms.
822 4531 1038 4607 130nm"
1063 4545 1153 4596 per
1180 4523 1458 4607 Dominum
1489 4535 1720 4607 nostrum
1748 4523 2068 4607 Jesunthtc.

469 4597 656 4662 verba
679 4620 794 4658 cum
825 4597 1029 4664 Spiritu
1061 4609 1238 4654 sancto
1279 4597 1657 4654 desiderantur
1699 4597 1752 4648 in
1786 4613 1886 4650 tus.
1923 4597 2043 4651 Tol.

2143 1971 2366 2027 semper
2394 1957 2535 2028 apud
2569 1959 2714 2028 ipsos
2743 1958 2959 2013 divinus
2991 1959 3063 2014 sit
3091 1975 3274 2016 sermo
3303 1966 3547 2032 prolatus
3569 2008 3582 2030 ,
3616 1983 3760 2022 nunc

2140 2048 2334 2105 alteris
2367 2049 2615 2103 videatur
2657 2049 2917 2119 ingestus.
2969 2048 3126 2106 Unde
3177 2052 3402 2122 rejectio
3445 2054 3756 2112 inda-orum

2141 2151 2229 2196 est
2259 2142 2489 2197 aliarum
2523 2143 2717 2198 electio
2743 2143 2905 2217 225
2940 2160 3331 2212 perSunarutn;
3378 2149 3500 2218 quia
3525 2165 3646 2204 cunt
3679 2153 3758 2205 al-

2145 2235 2282 2289 teris
2304 2276 2316 2296 ,
2351 2245 2409 2289 ut
2433 2235 2655 2290 Vterbum
2679 2235 2774 2289 Dei
2805 2236 2993 2292 audire
3040 2239 3280 2294 debeant
3319 2239 3536 2309 dicitur,
3589 2242 3758 2298 Israel

2141 2323 2225 2379 sic
2255 2327 2525 2395 reprobus
2569 2327 2880 2392 invenitur;
2931 2337 2987 2388 et
3027 2329 3153 2384 dum
3205 2331 3404 2386 clamat
3448 2334 3712 2403 propheta
3747 2352 3758 2386 :

2144 2414 2312 2484 Audi,
2349 2421 2554 2487 caelum,
2603 2433 2649 2475 et
2688 2431 2856 2490 terra,
2907 2425 3212 2495 significat,
3261 2428 3412 2497 quod.
3450 2429 3528 2483 illi
3576 2431 3766 2486 audire

2145 2513 2604 2584 contempserint.

2222 2604 2287 2659 ll.
2323 2607 2491 2671 Audi,
2523 2607 2692 2677 inquit
2715 2651 2729 2675 ,
2764 2609 2949 2663 malum
2973 2651 2987 2675 ,
3015 2619 3062 2664 et
3100 2611 3305 2683 percipe
3334 2611 3568 2676 auribus,
3601 2623 3763 2670 terra.

2147 2694 2234 2766 (ὅ)
2293 2697 2368 2753 De
2408 2699 2548 2754 coelo
2586 2709 2639 2754 ct
2686 2710 2831 2756 terra
2873 2702 3194 2772 prophetam
3248 2702 3414 2758 fuisse
3464 2715 3766 2773 testatum,

2149 2789 2309 2856 quasi
2339 2790 2408 2845 de
2437 2792 2620 2862 aliqua
2642 2809 2699 2847 re
2725 2808 2848 2848 csse
2874 2796 3266 2864 coitquestutu?
3300 2794 3419 2862 Vel,
3445 2811 3567 2850 cum
3593 2796 3728 2852 dicit
3753 2815 3767 2850 :

2150 2879 2538 2950 Audi,cmlum,
2565 2894 2613 2938 et
2641 2895 2796 2950 terra,
2832 2895 3107 2954 tamquam
3139 2901 3431 2955 numquam
3457 2899 3552 2944 aut
3573 2893 3769 2947 malum

2148 2971 2419 3040 audierit,
2453 2985 2545 3030 ant
2577 2987 2749 3042 terra,
2784 2993 2906 3032 cum
2941 2977 3021 3052 (4)
3045 2978 3216 3048 jussui
3243 2979 3338 3036 Dei
3364 2991 3418 3037 et
3447 2984 3644 3040 coelum
3673 2985 3772 3040 ob-

2151 3066 2448 3135 secundet,
2494 3078 2549 3124 et
2601 3079 2784 3136 terra,
2817 3073 2943 3139 quia
2972 3071 3168 3126 coelum
3196 3073 3440 3142 pluvias,
3487 3087 3542 3131 et
3590 3077 3774 3146 fruges

2154 3167 2302 3214 terra
2335 3177 2442 3214 non
2468 3161 2736 3228 denegat?
2759 3161 2863 3217 Sed
2908 3165 3034 3233 quia
3069 3164 3183 3220 haec
3218 3167 3500 3235 prophetia
3533 3171 3772 3226 novissi-

2160 3253 2264 3306 mis
2286 3263 2402 3306 erat
2434 3254 2756 3322 complenda
2791 3255 3128 3326 temporibus
3158 3257 3259 3312 sub
3290 3254 3504 3315 Domini
3541 3261 3775 3318 salvato-

2159 3343 2236 3397 ris
2263 3341 2594 3411 adventum,
2630 3347 2731 3416 ,qui
2786 3363 2893 3400 non
2929 3356 3076 3404 esset
3125 3365 3155 3402 a
3203 3348 3512 3405 Iudaeorum
3563 3356 3776 3425 populis

2161 3430 2496 3502 audiendus,
2531 3439 2674 3508 quod
2699 3453 2822 3492 eum
2853 3438 3102 3506 Apostoli
3151 3452 3366 3509 essent,
3415 3454 3468 3498 et
3519 3442 3772 3502 homines

2159 3545 2226 3584 ex
2256 3528 2520 3586 Gentibus
2549 3529 2808 3597 audituri,
2828 3532 2952 3586 ideo
2977 3535 3052 3587 ait
3078 3550 3090 3586 :
3121 3535 3274 3602 Audi,
3303 3537 3510 3606 cretum,
3541 3550 3588 3593 et
3615 3551 3774 3596 terra.
3803 3502 3834 3553 .

2160 3619 2342 3678 Caelus
2373 3631 2554 3677 autem
2576 3621 2875 3694 Apostolus
2907 3639 3030 3679 esse
3057 3625 3205 3681 claro
3233 3629 3549 3685 teStitnonio
3574 3632 3776 3686 verita-

2164 3740 2229 3796 de
2258 3758 2313 3794 re
2335 3743 2515 3816 aliqua
2544 3759 2650 3798 esse
2677 3754 3032 3812 conquestum,
3068 3745 3117 3798 id
3141 3756 3225 3800 est
3254 3748 3574 3816 prophetam
3605 3751 3743 3806 advo
3764 3781 3778 3794 -

2163 3827 2316 3868 casse
2347 3815 2544 3887 ctelum
2573 3826 2627 3869 et
2661 3824 2859 3868 terram
2889 3819 2940 3868 in
2968 3815 3336 3871 testimonium
3361 3821 3427 3872 de
3448 3823 3771 3887 qnestubus.

2163 3899 2301 3958 quos
2329 3901 2436 3948 non
2461 3885 2512 3939 in
2532 3887 2688 3958 ipsos
2713 3927 2725 3946 ,
2751 3887 2842 3938 sed
2876 3888 2926 3939 in
2953 3887 3092 3942 filios
3125 3890 3365 3958 ingratos
3387 3885 3596 3946 etfudit.
3628 3895 3777 3948 llanc

2167 3956 2385 4034 quidem
2419 3956 3230 4034 ctvnjcctationctncontinuant
3259 3975 3320 4013 ea
3345 4003 3358 4026 ,
3396 3979 3514 4034 quge
3542 3980 3777 4034 sequen-

2171 4027 2312 4097 tibus
2343 4029 2392 4081 in
2425 4029 2742 4081 tractatibus
2783 4028 3162 4097 subjiciuntur,
3199 4045 3320 4084 cum
3364 4027 3573 4090 sciliCct
3615 4027 3769 4092 tract.

2169 4096 2240 4172 2d
2265 4099 2382 4172 ait:
2411 4096 2927 4172 Cazlttntterramque
2971 4111 3118 4154 testes
3149 4102 3312 4168 citat;
3359 4113 3413 4157 et
3461 4115 3616 4159 tract.
3665 4107 3736 4163 ‘25
3759 4148 3773 4172 ,

2174 4167 2384 4223 Censuit
2407 4187 2492 4222 eos
2523 4169 2650 4224 coelo
2682 4181 2728 4222 et
2759 4179 2894 4224 terra
2921 4171 3132 4224 testibus
3161 4173 3441 4238 denotare;
3468 4175 3530 4230 ac
3561 4167 3776 4232 tandem

2174 4240 2431 4319 tract.__26
2457 4258 2470 4294 :
2498 4239 2720 4312 Injurite
2747 4258 2853 4295 sua:
2885 4251 3034 4319 testes
3075 4243 3434 4319 citat-calum
3471 4257 3778 4319 terramque.

2173 4309 2280 4382 {ded
2301 4311 2404 4382 alia
2438 4309 2666 4380 prorsus
2703 4326 2826 4366 esse
2873 4311 3087 4382 videtur
3135 4312 3294 4382 hujus
3335 4316 3435 4370 loci
3485 4309 3774 4372 senten'tia,

2177 4381 2464 4455 Propheue
2495 4383 2748 4436 nintirum
2780 4381 3030 4455 verba_S.
3081 4382 3230 4438 Zeno
3277 4385 3732 4455 interpretaturus
3761 4433 3777 4455 ,

2176 4468 2298 4506 cum
2345 4453 2468 4507 coeli
2516 4463 2785 4522 terraeque
2816 4453 3032 4506 nomina
3065 4469 3172 4508 non
3214 4453 3523 4523 prOpric'dc
3555 4467 3698 4514 terra
3728 4453 3786 4516 ει

2177 4526 2316 4596 ewlo
2347 4523 2658 4596 accipienda
2685 4523 2961 4596 esistitnet
2983 4565 2997 4589 ,
3027 4525 3152 4590 sed,
3187 4531 3244 4578 ut
3287 4543 3408 4582 mox
3458 4531 3673 4596 sabdit,
3714 4533 3787 4589 de

2181 4594 2458 4664 Apostolus
2492 4606 2541 4647 et
2570 4593 2864 4658 Gentibus;
2910 4595 3011 4648 ltoc
3041 4597 3160 4649 loco
3191 4599 3258 4650 ad
3301 4597 3568 4666 ejusmodi
3614 4593 3786 4658 inter-

477 4633 656 4662 νει-νει
679 4633 794 4658 σακε
825 4633 1029 4664 om...“
1061 4633 1238 4654 οιιηωυ
1279 4633 1655 4679 uUﬂvl‘LlIu-utul.
1701 4633 1752 4648 ιη
1786 4633 1886 4650 um.
1934 4633 2069 4663 ιυι.,
2181 4633 2458 4677 “Vua-2,...)
2492 4633 2541 4647 υ.
2571 4633 2864 4692 uva-numq,
2910 4633 3011 4648 ιιυυ
3041 4633 3169 4678 ιυυυ.
3191 4633 3258 4650 αυ
3301 4633 3568 4666 υδυυιιιυυι
3614 4633 3784 4685 ιιιξττῐ-

467 4675 746 4742 Etl.,Ven.
773 4689 915 4728 cum.
937 4671 1282 4742 Mss.Urb.et
1308 4671 1520 4738 Potup.,
1547 4683 1598 4720 tn
1628 4667 1875 4742 tt_ne_add.
1893 4667 2074 4742 Arnen.
2185 4679 2541 4742 pretationem
2569 4666 2793 4736 gradum
2821 4667 3085 4732 tacturus,
3137 4667 3424 4742 litteralem
3457 4682 3784 4729 sententiam

545 4737 762 4804 ’ἴωσι
789 4742 958 4800 XXII.
990 4773 1061 4784 —
1085 4741 1164 4814 (1)
1193 4742 1328 4814 God.
1375 4737 1530 4814 Item.
1561 4746 1618 4793 et
1647 4737 1766 4814 Tol.
1791 4739 2073 4814 cnsultori.

473 4825 599 4878 lloc
647 4810 1214 4888 porrolsaitetestiin.
1251 4811 1560 4888 Laetaptius
1600 4810 1886 4888 utitur_l_ib.
1902 4826 1969 4888 Any
1999 4811 2084 4888 ln-

473 4897 596 4952 stit.
627 4880 748 4958 cap.
779 4887 876 4950 11,
915 4885 1276 4958 eodem,_qno
1309 4883 1370 4958 S._
1400 4882 1549 4938 Zeno
1569 4923 1584 4948 ,
1617 4881 1870 4958 consilio,
1894 4880 2084 4958 Chris-

475 4977 598 5020 tum
625 4955 829 5016 idcirco
855 4971 1069 5012 Carnem
1097 4955 1469 5024 adsumpsisse
1494 4955 1790 5008 ostendens
1819 4995 1834 5020 ,
1867 4967 1923 5008 ut
1951 4955 2080 5024 retis

517 5038 702 5090 ionetn
734 5037 976 5085 sanctam
1009 5028 1102 5084 Dei
1131 5042 1161 5082 a
1186 5023 1412 5083 Judaico
1457 5026 1659 5096 populo
1707 5024 1976 5096 abjectant
2013 5023 2082 5078 ad

518 5055 702 5090 IOIICIII
734 5055 976 5085 saltuum:
1009 5055 1059 5082 υι

476 5055 694 5165 gentes
724 5098 1059 5164 transferret.

561 5175 644 5247 (2)
669 5172 797 5247 Dies.
829 5179 887 5226 et
905 5169 1032 5225 edit.
1049 5169 1633 5247 _Yen.,‘hortatur_no§;
1654 5168 1749 5223 sed
1776 5183 2084 5247 perperam,

483 5239 709 5308 cuin'ad
737 5259 978 5314 personas
1005 5243 1137 5296 alias
1162 5239 1446 5296 referatur.
1479 5239 1534 5293 In
1561 5239 1668 5294 fine
1687 5242 1968 5309 praisentis
1989 5255 2088 5314 uu-

485 5319 628 5376 meri
656 5317 710 5381 1,
737 5311 844 5368 ins.
877 5313 1036 5378 Urb.,
1079 5319 1486 5380 contempserunt
1521 5326 1616 5380 pro
1663 5311 2084 5381 contempserint.

559 5389 648 5463 (ὃ)
679 5380 734 5442 1η
767 5385 1145 5463 magnscriptis
1166 5383 1404 5463 νας-ἥξει
1425 5383 1973 5463 contaminatissimps
1999 5380 2088 5463 hic

486 5450 653 5519 lacius
695 5468 800 5512 est.
849 5450 1112 5511 Primo—in
1138 5469 1276 5526 tuss.
1311 5453 1521 5526 Pomp.,
1553 5453 1766 5508 'l‘olent.
1817 5465 1883 5526 et
1908 5450 2082 5526 Basil.

489 5534 621 5589 Vat.
655 5531 853 5604 desunt
879 5529 1038 5604 verba
1071 5545 1084 5604 ς
1124 5523 1204 5578 De
1224 5525 1349 5579 caelo
1371 5537 1416 5578 et
1443 5521 1580 5580 terra
1608 5565 1621 5588 ,
1649 5539 1769 5594 qua:
1795 5522 2008 5604 alibiret
2029 5521 2082 5576 in

491 5604 660 5662 editis
689 5600 956 5670 leguntur.
985 5598 1122 5652 Dein
1153 5607 1351 5651 tantum
1375 5595 1954 5670 protestatum‘scrtbit
1980 5610 2081 5648 tus.

493 5677 658 5733 Rem.
693 5664 1044 5748 Quocumque
1065 5678 1252 5748 autem
1277 5668 1442 5748 modo
1472 5669 1646 5738 legas,
1697 5664 1938 5748 difficilis
1963 5680 2089 5748 sene

494 5747 666 5804 tentia
701 5737 931 5799 elicitur.
956 5737 1320 5810 'Reliquimus
1347 5737 1584 5804 textum,
1619 5747 1678 5792 ut
1722 5738 1773 5810 in
1804 5737 1986 5810 editis,
2037 5747 2090 5792 et

493 5821 709 5886 aliquot
746 5827 875 5868 tnss.
903 5808 1186 5881 reperitur.
1223 5810 1578 5886 Sparaveritts
1608 5808 1952 5864 scribendum
1993 5824 2092 5886 pu-_

501 5880 626 5948 tat":
651 5885 846 5946 Cretum
875 5893 918 5941 et
945 5880 1129 5939 terram
1153 5881 1453 5954 praphetam
1477 5885 1504 5951 Ῑ
1504 5881 1634 5938 uisse
1656 5888 1920 5949 testatum,
1949 5880 2094 5950 quasi

2183 4738 2252 4794 de
2281 4738 2430 4813 coelo
2451 4739 2703 4813 terraque
2743 4753 2848 4792 non
2885 4752 3044 4813 posse
3091 4740 3258 4813 accipi
3300 4756 3370 4813 ex
3396 4758 3462 4796 eo
3513 4745 3786 4813 insinuat,

2185 4810 2325 4887 quod
2359 4809 2493 4863 nihil
2525 4811 2625 4874 sit,
2659 4823 2754 4862 cur
2801 4810 3064 4878 propheta
3105 4809 3174 4863 de
3211 4811 3348 4865 uelo
3379 4823 3628 4884 terraque
3659 4809 3790 4887 pro;

2185 4881 2300 4951 prie
2319 4888 2706 4951 conqueratur,
2735 4889 2991 4950 tamquam
3039 4897 3298 4948 nunquam
3341 4895 3432 4938 aut
3476 4881 3789 4942 etclam-au-

2183 4953 2354 5018 dierit,
2375 4962 2476 5030 aut
2529 4965 2666 5030 terra
2691 4992 2703 5015 ,
2732 4959 2841 5030 etc.-
2877 4951 3060 5030 ltaqne
3087 4961 3236 5030 recte
3273 4970 3390 5030 per
3413 4959 3793 5030 interrogatio~

2191 5038 2312 5099 nem
2373 5025 2480 5099 hoc
2529 5024 2896 5099 testimonium
2937 5022 3282 5099 ell'ereudutn
3319 5024 3455 5099 fuit,
3488 5039 3544 5083 ut
3576 5022 3790 5099 reiecta:

2190 5094 2441 5169 litteratis
2462 5093 2922 5169 interpretationis
2939 5095 3232 5169 consilium
3258 5096 3608 5169 indicaretur.
3630 5093 3790 5169 Quod

2193 5165 2240 5220 si
2275 5165 2425 5218 nullo
2455 5162 2700 5216 Codicum
2731 5165 2988 5234 suffragio
3034 5181 3224 5218 manus
3261 5168 3465 5225 inferre
3514 5162 3702 5228 licer'et
3733 5175 3792 5228 in

2195 5243 2398 5316 textum
2424 5251 2439 5299 ;
2473 5235 2760 5316 subaudita
2786 5240 2964 5316 statim
3000 5237 3066 5290 ab
3094 5236 3248 5292 initio
3277 5239 3793 5316 aliquaiinterroga-

2195 5307 2356 5362 tionis
2383 5308 2664 5379 particula,
2697 5316 2784 5359 ant
2815 5310 3010 5372 verbo,
3043 5323 3128 5362 ex.
3151 5324 3235 5379 gr.
3264 5307 3568 5369 credibilene
3590 5325 3678 5379 est,
3698 5307 3795 5370 Vvel

2193 5379 2392 5448 aliquid
2425 5376 2634 5445 sunile,
2665 5379 3026 5433 scriberemus
3056 5398 3068 5434 :
3099 5376 3418 5437 Ct’edlbilene
3463 5395 3536 5438 cst
3575 5385 3638 5439 de
3666 5376 3794 5441 caelo

2192 5461 2238 5504 et
2269 5458 2406 5504 terra
2432 5453 2730 5519 prophetam
2760 5451 2918 5520 fuisse
2937 5458 3217 5524 testatum,
3237 5454 3316 5505 rel
3343 5457 3493 5524 quasi
3521 5456 3585 5508 de
3610 5472 3665 5509 re
3691 5457 3796 5509 uli-

2191 5539 2294 5593 qua
2321 5537 2428 5576 esse
2450 5532 2780 5590 conquestum
2801 5563 2816 5587 ,
2843 5537 2960 5574 cum
2987 5522 3112 5576 dicit
3143 5539 3160 5575 :
3186 5523 3324 5576 Audi
3352 5522 3532 5578 caelum
3561 5539 3608 5580 et
3635 5538 3792 5593 terra,

2189 5604 2452 5664 tamquam
2481 5609 2794 5668 numquam,
2821 5605 2927 5648 etc.
2963 5593 3099 5648 Dicit
3123 5610 3218 5662 pro
3246 5595 3438 5650 dicitur
3459 5611 3523 5651 ex
3557 5596 3800 5668 quinque

2193 5681 2326 5722 mss.
2356 5666 2654 5734 posuimus.

2266 5736 2349 5808 (4)
2389 5737 2630 5808 Quatuor
2673 5751 2807 5808 mss.
2851 5735 3030 5808 Rem”
3071 5735 3285 5803 Pomp.,
3341 5736 3473 5808 Zen.
3521 5743 3584 5788 et
3638 5735 3804 5791 Basil.

2200 5804 2320 5864 Vat.
2351 5807 2496 5873 iussu
2517 5805 2614 5862 Dei
2641 5819 2686 5862 et
2715 5806 2895 5860 calum
2919 5804 3307 5860 obsecututetur.
3336 5807 3813 5874 llocpostretnutu

2199 5879 2426 5939 verbum
2458 5879 2826 5936 obsecundetur
2857 5887 2940 5932 est
2968 5874 3130 5932 etiam
3163 5876 3219 5932 in
3251 5889 3354 5932 ms.
3391 5877 3508 5936 Vat.
