4230 6168
463 250 576 307 465

465 369 672 440 populo
694 368 953 426 irascitur
982 370 1119 425 Deus
1145 366 1623 441 (2).-cumque,(5)
1649 382 1717 422 ne
1735 366 1873 422 forte
1901 366 2095 437 pmni—
2128 369 2175 426 Λ

464 469 606 528 teat,
654 461 879 532 publica
927 462 1295 533 objurgatione
1338 460 1613 515 confutat.
1665 460 1907 515 llumana
1962 471 2100 512 sen-

464 550 729 623 tienti“)
775 552 1071 608 nundinari
1099 553 1331 608 deterius
1369 560 1478 619 est,
1534 568 1701 624 quam
1743 551 1947 624 puniri.
1994 547 2102 608 De-

459 643 625 715 nique
654 643 801 699 ﬁlios
844 652 1029 711 vocat,
1065 653 1121 700 ut
1159 644 1426 701 abdicatio
1459 648 1759 712 timeatur;
1787 644 2090 714 exaltatos,

458 746 518 794 ut
553 738 704 794 ruina
749 740 955 795 terrori
1004 739 1108 805 sit;
1150 749 1449 810 spretores,
1482 748 1546 795 ut
1582 756 1798 812 poenam
1834 738 2089 812 supplicii

454 838 675 893 sibimet
722 837 1059 908 impendere
1109 848 1455 908 cognoscant.
1512 839 1672 909 Quod
1727 838 2082 908 exemplum,

453 932 666 995 fratres,
693 931 928 990 fortiter
952 932 1117 1002 fugite
1138 950 1150 985 :
1175 933 1442 1004 simulque
1464 934 1720 1004 gaudete,
1742 937 1904 1009 229
1933 934 2078 1005 quod

449 1025 642 1079 alienis
674 1024 857 1096 plagis
888 1026 971 1097 (ὅ)
1008 1025 1101 1081 Dei
1132 1024 1338 1082 discitis
1378 1026 1726 1099 disciplinam
1766 1046 1861 1100 per
1887 1030 2075 1087 Domi-

451 1132 580 1172 num
612 1125 874 1173 nostrum
900 1116 1088 1173 .Iesum
1118 1115 1415 1176 Christum.

941 1270 1362 1332 TRACTATUS
1400 1275 1592 1332 XXIV.

989 1407 1056 1463 In
1081 1407 1164 1481 (I)
1194 1408 1399 1468 Isaiam
1444 1412 1533 1469 III.

515 1524 825 1581 Vehemens
859 1524 1158 1580 commotio
1188 1533 1300 1593 est,
1326 1526 1541 1595 fratres,
1578 1542 1699 1582 cum
1742 1528 1788 1581 is
1828 1528 1897 1585 de
1925 1529 2064 1597 inju-

440 1618 522 1673 ria
575 1630 671 1671 sua
697 1615 973 1687 queritur,
1021 1616 1110 1688 qui
1158 1632 1217 1673 se
1248 1627 1435 1690 potest
1475 1617 1728 1675 facillime
1766 1620 2059 1678 vindicare.

1587 249 1797 307 LIBER
1838 250 1906 306 II.
1952 249 2387 309 TRACTATUS
2427 252 2629 312 XXVI.

3727 271 3835 327 466

2603 369 2771 443 230
2796 370 3227 434 TRACTA'I‘US
3266 380 3431 438 XXV.

2794 487 2861 543 In
2889 489 3106 544 Isaiam
3132 491 3218 549 IV.

2270 574 2558 632 Hutnanus
2599 578 2743 634 circa
2786 579 3134 650 impietatem
3169 584 3373 644 Judaici
3413 593 3594 661 populi
3638 593 3823 651 delicit

2193 681 2397 733 sermo,
2434 670 2529 739 qui
2578 670 2672 726 Dei
2706 672 3022 741 patientiam
3081 678 3165 730 sui
3209 678 3465 736 obstinati
3504 684 3686 740 cordis
3718 687 3820 740 im-

2188 760 2451 830 patientia
2493 764 2803 832 superavit;
2848 778 2951 817 non
2995 769 3148 820 enim
3198 769 3316 825 leve
3364 771 3570 828 crimen
3616 784 3699 830 est
3730 776 3815 848 (Ι)

2186 851 2322 922 ejus,
2356 868 2485 908 cum
2514 854 2582 909 de
2617 870 2687 911 eo
2726 854 2820 909 ille
2858 857 3132 927 queritur,
3164 863 3253 931 qui
3284 878 3409 918 mox
3442 880 3562 919 eum
3596 879 3814 937 poterat

2182 954 2235 1001 et
2263 947 2479 1014 punire.
2519 946 2627 1003 Sed
2674 948 2799 1016 quia
2828 947 2907 1019 (2)
2948 965 3104 1006 mors
3148 954 3286 1023 apud
3322 954 3627 1014 incredulos
3657 959 3809 1016 futu-

2179 1054 2361 1093 rerum
2401 1047 2624 1107 putatur
2656 1054 2833 1110 pretia:
2860 1044 3251 1110 compendium
3271 1086 3285 1111 ,
3324 1061 3389 1101 ac
3423 1063 3557 1117 pene
3582 1064 3684 1121 pro
3714 1051 3803 1105 in-

2178 1131 2318 1187 fecto
2346 1130 2605 1198 habetur,
2630 1133 2773 1205 quod
2800 1149 2904 1188 non
2932 1134 3276 1202 diti'amatur;
3301 1141 3513 1195 censuit
3538 1156 3636 1196 eos
3656 1142 3805 1197 ctelo

2175 1234 2231 1280 ct
2272 1234 2418 1279 terra
2476 1227 2705 1282 testibus
2751 1226 3037 1309 denotare,
3083 1239 3142 1285 ιιι
3190 1230 3491 1287 inexcusati
3537 1232 3803 1289 facinoris

2171 1321 2507 1389 competenti
2530 1321 2738 1391 judicio
2778 1320 3151 1390 subjacerent.
3185 1324 3428 1395 Denique
3460 1341 3549 1382 res
3572 1327 3800 1395 impleta

2171 1418 2255 1468 est
2283 1411 2505 1467 Domini
2535 1413 2790 1484 passione
2821 1413 3063 1470 :‘ctelum
3098 1414 3178 1488 (3)
3210 1415 3262 1470 in
3295 1416 3477 1471 medio
3503 1417 3590 1493 die
3610 1416 3801 1487 perdi-

2169 1502 2250 1558 dit
2276 1503 2450 1570 diem,
2483 1512 2627 1560 terra
2679 1518 2915 1561 tremore
2959 1507 3130 1562 nimio
3161 1507 3241 1579 (4)
3268 1507 3603 1564 firmitatem.
3647 1507 3795 1563 Ilinc

2169 1595 2445 1652 asstimare
2483 1597 2634 1665 licet,
2667 1597 2794 1668 quid
2826 1599 2908 1653 eis
2934 1600 3007 1672 sit
3052 1608 3414 1666 reservatum,
3457 1614 3688 1671 quorum
3732 1600 3790 1653 in
3853 1664 3858 1668 η

442 1708 554 1767 Sed
577 1710 700 1781 quia
725 1709 875 1780 apud
909 1687 1184 1780 εθρίέηιθε
1205 1687 1266 1766 εί
1294 1710 1560 1791 honestos
1585 1712 1802 1783 gravius
1827 1722 1931 1779 est,
1962 1714 2061 1768 an.
2093 1763 2139 1791 ῃ
2165 1702 2330 1791 causa
2359 1687 2569 1744 funerei
2622 1688 2798 1744 luctus
2840 1704 3019 1759 paena:
3062 1690 3291 1760 pertulit
3331 1699 3525 1745 natura
3571 1690 3791 1759 suppli-

441 1818 550 1874 qua
582 1763 705 1858 nota
752 1763 1037 1868 confundi,
1084 1819 1252 1874 quam
1288 1784 1465 1869 mori,
1486 1763 1629 1861 Deuas
1649 1763 1932 1861 Judaicuui
1965 1822 2063 1877 ρο..
2093 1763 2141 1824 Β
2166 1781 2331 1837 cium.

440 1896 626 1966 pulum
656 1895 884 1951 luxuria:
931 1905 1063 1951 testu
1094 1893 1174 1968 (2)
1217 1896 1563 1953 exuberante
1605 1907 1916 1968 corruptum
1959 1915 2061 1970 pu-

435 1989 579 2045 blica
606 1988 986 2061 increpatione
1007 1988 1250 2045 confutat
1277 2005 1291 2041 :
1326 1989 1526 2044 cretum
1555 1997 1863 2061 terramque
1891 1998 2060 2047 testes

433 2085 572 2141 citat
601 2084 707 2159 (Is.
736 2102 776 2155 ι,
808 2086 890 2156 2),
922 2095 984 2142 ut
1012 2093 1307 2157 exaggerat
1340 2085 1547 2141 crimen
1580 2103 1591 2138 :
1619 2083 1758 2141 filios
1796 2086 2054 2156 appellat,

434 2193 497 2238 ut
523 2184 836 2251 abdicatio;
879 2176 1172 2248 exaltatos,
1222 2190 1281 2236 ut
1319 2182 1472 2236 ruina
1513 2182 1763 2236 timeatur
1796 2199 1811 2236 :
1841 2192 2056 2252 spreto—

432 2291 525 2332 res
553 2278 663 2343 sui,
699 2288 755 2332 ut
786 2276 991 2347 impios
1042 2275 1326 2329 monslrc't.
1375 2272 1563 2328 Infelix
1610 2273 1768 2345 culpa
1807 2284 1911 2340 est,
1945 2273 2054 2330 fra-

432 2382 567 2432 tres.
606 2371 663 2426 in
689 2386 787 2440 qua
819 2372 1007 2426 locum
1036 2370 1117 2439 (3)
1146 2368 1558 2438 qualiscumque
1589 2383 1694 2421 non
1721 2365 1922 2421 invenit
1950 2382 2049 2421 cx-

428 2463 666 2519 cusatio.
720 2460 1071 2519 Detestabilis
1109 2470 1257 2516 certe
1306 2459 1468 2527 filius,
1499 2476 1658 2531 quem
1706 2470 1857 2530 pater
1904 2457 2048 2531 pius,

429 2573 596 2629 quem
627 2566 780 2628 pater
805 2557 1036 2614 damnat
1059 2552 1279 2609 invitus.

430 2724 527 2780 bili
558 2731 739 2779 autem
769 2723 1030 2778 videntur
1058 2730 1297 2783 tempore
1323 2718 1611 2788 passiOnis,
1637 2733 1759 2774 cum
1788 2718 1840 2772 in
1868 2719 2043 2776 sacris

427 2797 625 2852 ofticiis
656 2795 722 2849 ad
746 2791 1186 2862 ex'trobraudam
1214 2790 1525 2862 Iudaeorum
1553 2790 1829 2859 perfidiam
1860 2799 2042 2846 textus

428 2867 554 2923 heic
582 2861 850 2922 indicatus
886 2867 1161 2935 legeretur
1183 2861 1494 2935 (occasione
1522 2873 1700 2935 autem
1732 2876 1901 2916 sacrae
1932 2862 2042 2917 lec-

431 2939 596 2993 tionis
627 2939 726 2993 hos
747 2933 1013 2993 tractatus
1034 2950 1063 2988 a
1092 2933 1310 2989 Zenone
1332 2933 1889 3002 recitatosliquet),et
1913 2948 2038 2987 cum

428 3026 535 3081 per
561 3010 623 3081 id,
647 3018 857 3081 tempus
904 3021 1060 3062 sacra
1109 3005 1280 3059 oflicia
1317 3005 1768 3081 longinstetupus
1800 3005 2041 3081 postula-

430 3074 572 3144 rent.
601 3080 660 3136 S.
691 3074 1018 3149 Episcopus,
1045 3092 1114 3149 ne
1142 3075 1667 3149 pastoralepverbum
1699 3074 1897 3149 populo
1942 3090 2041 3144 pe-

430 3152 576 3207 nitus
602 3144 965 3215 subtraheret,
1021 3148 1074 3203 id
1123 3144 1355 3217 elegisse
1384 3144 1620 3209 videtur,
1660 3156 1713 3200 ut
1748 3145 1897 3217 brevi
1935 3161 2032 3216 op~

432 3233 767 3294 portunaque
793 3216 1243 3294 consideratione
1269 3217 1632 3294 proposita_in
1666 3217 1819 3271 Isaiae
1850 3216 2042 3294 lectio-

432 3288 582 3361 item,
614 3288 872 3350 tractatus
894 3292 1088 3363 paucis
1118 3289 1481 3363 absolveret;
1532 3288 1601 3344 de
1634 3303 1745 3363 quo
1784 3290 2042 3363 nonnulla

434 3360 661 3433 uberius,
682 3360 930 3420 dicemus
964 3365 1016 3417 in
1048 3361 1434 3417 Admonitione
1462 3360 1920 3433 prtemis~atract._
1946 3360 2038 3433 3t).

510 3436 587 3507 (2)
618 3432 691 3491 De
722 3451 858 3492 voce
874 3450 1085 3507 carmen
1102 3475 1117 3498 ,
1150 3448 1272 3507 quae
1294 3431 1680 3507 propositionis
1702 3430 2043 3507 ‘initio‘legh

434 3500 546 3574 tur,
569 3500 674 3576 pro
695 3507 855 3562 etfato
884 3516 939 3561 et
968 3500 1201 3560 formula
1230 3500 1465 3576 quadam
1487 3501 1747 3576 solemni,
1770 3500 1851 3555 vel
1876 3504 2039 3576 etiam

435 3572 641 3649 scripto
660 3578 978 3649 prophetico
1007 3586 1229 3649 arrepta
1251 3572 1386 3628 satis
1416 3574 1652 3649 diximus
1682 3572 1957 3629 adnot.26
1987 3574 2039 3629 in

434 3645 595 3706 tract.
626 3645 710 3713 I2,
742 3660 795 3703 et
835 3648 1024 3703 adnot.
1061 3648 1132 3702 49
1157 3648 1210 3701 in
1247 3655 1464 3702 tractat.
1498 3645 1545 3702 l.
1584 3645 1673 3699 lib.
1710 3661 1748 3698 ι.

514 3718 591 3791 (3)
619 3720 908 3791 Respicere
961 3718 1229 3791 hoc__loco
1263 3728 1455 3791 atitjtor
1494 3716 1706 3791 videtur
1745 3716 1837 3791 illa
1889 3714 2041 3791 Isaia:

434 3785 742 3863 c:tp.'v1,v.'
767 3790 802 3846 9
841 3801 895 3845 et
928 3789 1039 3845 IO.‘
1072 3787 1219 3863 Vade
1248 3798 1296 3841 et
1323 3788 1464 3863 dices
1510 3790 1701 3863 populo
1735 3785 1901 3863 huic:
1935 3788 2041 3839 Αιιο

436 3857 549 3916 dite
572 3862 852 3925 audientes,
897 3870 945 3916 et
994 3862 1157 3915 nolite
1203 3861 1528 3930 intelligere;
1566 3858 1731 3912 videte
1768 3857 2033 3923 visionem,

433 3946 484 3990 et
514 3935 667 3987 nolite
693 3949 1013 4004 cognoscere.
1048 3931 1272 3986 Emeterii
1293 3948 1382 3983 σοι·
1395 3930 1589 4055 liopuli
1612 3931 1787 3999 hujus,
1821 3937 1868 3981 et
1887 3946 2041 3985 aures

433 4009 556 4055 eius
597 4020 838 4055 aaarava.
891 4015 938 4055 et
977 4006 1153 4055 oculos
1205 4003 1318 4055 eius
1366 4002 1568 4055 cunde.
1613 4018 1675 4054 ne
1720 4005 1850 4055 forte
1871 4000 2040 4055 videat

433 4000 838 4079 ejushaggraita,
891 4015 938 4057 et
965 4006 1153 4079 oculos
1194 4003 1318 4079 ejus
1366 4000 1568 4079 claude,
1613 4000 2040 4079 nefortevideat

436 4072 609 4130 oculis
631 4072 756 4140 suis,
784 4085 830 4128 et
859 4075 1071 4128 auribus
1096 4073 1303 4135 audiat,
1323 4074 1551 4153 etlrorde
1575 4089 1669 4127 suo
1692 4072 1967 4142 intelligat,
1992 4082 2041 4127 et

432 4156 782 4206 convertatur,
815 4156 857 4199 et
889 4162 1061 4200 saltem
1087 4162 1220 4199 eum.

515 4216 599 4288 (4)
644 4216 785 4283 Quid
834 4219 938 4282 sit,
995 4215 1225 4270 humana
1283 4215 1517 4269 sentienti
1564 4213 2036 4288 nundinari__dete-

429 4284 548 4343 rius
580 4284 690 4351 est,
721 4304 869 4357 quant
918 4288 1126 4356 puniri,
1175 4295 1404 4339 tractatu
1454 4287 1699 4356 sequenti
1740 4284 2039 4352 explicatur

432 4361 521 4414 sic
564 4376 576 4410 :
622 4358 773 4429 Apud
818 4359 1068 4426 sapientes
1119 4369 1164 4410 et
1216 4357 1449 4429 honestos
1491 4360 1699 4429 gravius
1741 4368 1813 4410 est
1862 4357 2039 4429 aliqua

432 4441 565 4485 nata
592 4427 854 4495 confundi,
882 4446 1034 4500 qumn
1063 4430 1213 4482 mori.
1247 4428 1449 4482 Similia
1486 4427 1904 4498 lvegunturtract.
1928 4427 2032 4483 25:

435 4503 589 4558 Hors
616 4502 756 4566 apud
802 4501 1089 4554 incredulos
1118 4503 1413 4569 futurorum
1454 4511 1663 4571 putatur
1690 4514 1870 4571 ptenazr
1898 4515 2035 4552 com-

2651 1853 3070 1912 TRACTATUS
3110 1855 3305 1912 XXVI.

2758 1972 2825 2028 In
2855 1972 3054 2029 Isaiam
3088 1976 3151 2029 V.

2235 2088 2523 2146 Iudaicum
2552 2091 2806 2161 populum
2831 2090 3146 2147 universum
3186 2090 3381 2147 salutis
3404 2102 3517 2144 sua:
3537 2086 3615 2160 (I)
3638 2088 3781 2144 omi-

2162 2180 2304 2236 sisse
2336 2182 2667 2251 prtesidium,
2701 2182 2870 2238 divini
2908 2184 3171 2239 carminis
3200 2189 3386 2238 textus
3417 2180 3673 2235 ostendit.
3712 2180 3773 2236 In

2162 2289 2270 2342 quo
2296 2289 2420 2329 eum
2455 2289 2559 2329 non
2582 2276 2847 2331 severitas
2876 2279 3019 2346 apud
3050 2292 3248 2332 omnes
3278 2273 3630 2338 condemnat,
3662 2273 3778 2329 fra-

2164 2377 2274 2422 tres
2307 2369 2630 2434 venerandi,
2672 2371 2767 2424 sed
2819 2370 3023 2440 pietas;
3073 2386 3250 2442 neque
3300 2369 3448 2424 enim
3479 2376 3660 2438 potest
3701 2369 3773 2425 de

2159 2476 2433 2531 quoquam
2462 2463 2601 2517 bene
2631 2465 2850 2530 mereri,
2883 2480 3043 2535 quem
3074 2474 3226 2534 pater
3256 2461 3688 2532 patientissimus
3714 2472 3770 2519 et

2159 2553 2620 2611 clementissimus
2657 2556 3018 2623 abdicaverit,
3060 2564 3117 2612 et
3141 2555 3362 2628 quidem
3405 2568 3510 2608 non
3544 2567 3772 2611 accusa-

2153 2734 2270 2774 rum
2298 2720 2358 2776 L.
2384 2735 2473 2786 ιιι,
2505 2734 2692 2783 nervo.
2728 2722 2814 2776 vel
2845 2718 3197 2792 compedibus
3225 2717 3464 2792 devincti
3506 2717 3767 2774 teneban-

2153 2801 2240 2845 tur
2272 2808 2370 2862 per
2409 2795 2525 2847 dies
2551 2792 2851 2863 sexaginta,
2876 2789 3074 2863 quibus
3098 2796 3236 2845 cum‘
3257 2789 3528 2863 creditore
3560 2791 3762 2860 pacisci

2152 2861 2398 2928 poterant
2422 2881 2435 2930 ;
2466 2876 2517 2919 et
2544 2861 2789 2919 intereas
2812 2861 2923 2917 dies
2947 2863 3095 2917 trinis
3122 2861 3371 2915 nundinis
3402 2862 3659 2917 continuis
3682 2866 3754 2919 ad

2152 2933 2433 2989 Prwtorem
2467 2937 2521 2989 in
2549 2936 2815 2990 comitium
2859 2933 3296 3005 producebantur,
3329 2943 3631 3005 (Lunamque
3663 2954 3761 3005 pe-

2149 3007 2318 3090 cunia;
2354 3007 2590 3090 judicati
2636 3017 2848 3090 essent“
2881 3004 3280 3090 pradicabatur.
3333 3003 3554 3090 tertiis;
3585 3003 3759 3063 autem

2147 3075 2393 3131 nundinis
2415 3079 2583 3143 capite
2605 3094 2782 3149 prauos
2812 3075 3026 3144 dabant,
3059 3086 3150 3149 aut
3175 3085 3317 3130 trans
3348 3075 3580 3147 Tgberim
3611 3096 3758 3149 pere-

2069 3137 2114 3201 C
2144 3164 2233 3213 gre
2255 3165 2431 3202 venum
2455 3137 2620 3213 ibant,
2648 3147 2832 3204 Gellio
2884 3137 3044 3211 teste,
3098 3146 3191 3202 lib.
3224 3164 3315 3216 xx,
3344 3137 3462 3217 cap.
3494 3150 3579 3204 10.
3611 3137 3756 3205 Ἠευο

2150 3231 2279 3287 ergo
2304 3230 2421 3273 erat
2444 3219 2681 3277 infamia.
2705 3234 2828 3288 qum
2853 3217 3187 3275 nundinandi
3208 3220 3374 3273 verbo
3397 3220 3657 3289 subjecta,
3681 3223 3753 3277 ad

2148 3303 2364 3344 omnem
2389 3299 2566 3344 notam
2593 3290 2864 3357 publieam
2897 3291 3140 3346 traducta
3170 3289 3268 3344 fuit
3300 3308 3313 3346 :
3345 3293 3486 3345 unde
3509 3292 3565 3345 S.
3600 3291 3754 3348 Zeno

2149 3360 2406 3434 publicam
2434 3363 2846 3434 objurgationem
2892 3364 3051 3431 paulo
3087 3369 3215 3434 ante
3244 3362 3552 3434 appellavit.
3592 3362 3748 3417 Nun-

2146 3431 2299 3485 dinor
2327 3431 2508 3487 autem
2540 3434 2751 3499 passive
2784 3435 2926 3488 sumi
2959 3432 3199 3503 potuisse
3239 3435 3430 3487 suadet
3458 3431 3751 3503 Capitolini

2146 3504 2480 3576 exemplum,
2515 3503 2566 3556 in
2601 3503 2902 3576 Gordiano,
2920 3520 3043 3576 cap.
3069 3503 3281 3576 24,7ubi
3309 3506 3624 3576 nundinatus
3647 3521 3751 3576 pro

2146 3573 2436 3628 divenditus
2489 3576 2701 3644 passive
2745 3575 2961 3644 legitur.
2991 3573 3279 3630 ’Firmicus
3314 3578 3498 3641 etiam,
3528 3575 3623 3630 lib.
3648 3573 3746 3643 'vt,

2144 3659 2264 3716 cap.
2304 3646 2395 3711 EI,
2435 3644 2724 3700 nundinare
2766 3646 2940 3700 active
2986 3647 3221 3715 scripsit.
3248 3646 3305 3700 In
3348 3663 3478 3701 mss.
3518 3646 3652 3705 Urb.
3691 3659 3748 3705 et

2145 3713 2277 3770 Zén.
2307 3726 2381 3770 est
2402 3716 2557 3771 abest
2586 3732 2612 3768 ιι
2635 3717 2860 3771 vocibus
2881 3713 3113 3772 drterius
3131 3727 3222 3770 est.

2216 3786 2296 3857 (5)
2328 3786 2423 3840 Dei
2446 3803 2551 3842 vox
2581 3786 2925 3857 desideratur
2951 3792 3001 3843 in
3031 3805 3133 3844 ms.
3168 3787 3379 3853 Pomp.,
3403 3803 3532 3843 mss.
3568 3784 3739 3847 Vatic.

2143 3865 2198 3911 et
2229 3857 2359 3913 Urb.
2394 3859 2636 3913 scribunt
2661 3856 2794 3912 Deo.
2826 3860 2945 3915 Vox
2976 3871 3155 3914 autem
3194 3869 3423 3913 nostrum
3452 3861 3521 3915 ab
3547 3862 3741 3918 iisdem

2143 3944 2273 3981 tnss.
2310 3928 2567 3983 Vaticano
2595 3938 2651 3985 et
2682 3929 2942 3985 Urbinate
2969 3932 3142 3984 ain-st.

2215 3999 2843 4073 Tuscr.XXIV.—(I)Iu
2865 4001 3158 4071 ms.s.Spar.
3172 4001 3460 4058 Deludwis
3484 4002 3570 4057 hic
3588 4012 3740 4061 etsc—

2141 4073 2396 4139 quens.in
2412 4070 2601 4126 Isaiam
2626 4070 2785 4128 tract.
2809 4072 3405 4130 inscribuntur.Veneta
3431 4074 3597 4129 editio
3629 4090 3737 4131 non

2143 4144 2243 4194 hos
2271 4142 2470 4207 solum,
2502 4147 2595 4197 sed
2625 4153 2678 4197 et
2709 4145 2953 4212 quintum
2980 4145 3047 4197 de
3074 4144 3229 4207 Isaia,
3262 4158 3316 4199 et
3350 4146 3486 4200 alios
3517 4146 3629 4199 suis
3659 4147 3739 4202 lo-

2140 4214 2219 4265 cis
2248 4213 2513 4268 notandos
2538 4215 2727 4269 eodem
2762 4217 2918 4269 titulo
2961 4231 3080 4269 cum
3124 4232 3225 4270 ms.
3260 4217 3466 4277 Zenon.
3491 4218 3734 4275 exhibet.

2144 4281 2220 4336 De
2256 4282 2402 4337 Isaia
2434 4284 2485 4338 in
2536 4287 2746 4339 czrteris
2795 4297 2924 4342 niss.
2974 4287 3124 4341 libris
3152 4298 3393 4344 vocatur.
3442 4288 3737 4356 Utramque

2142 4356 2547 4421 inscriptionem
2591 4356 2759 4412 editio
2809 4357 2957 4425 Ver._
2987 4360 3247 4413 servavit.
3292 4359 3404 4415 Nos
3442 4360 3495 4413 in
3537 4358 3735 4417 Isaiam

2140 4427 2477 4495 scripsimus,
2526 4442 2646 4480 ctnn
2690 4428 2742 4480 in
2795 4444 2924 4481 mss.
2955 4428 3045 4481 alii
3086 4446 3150 4483 ex
3195 4431 3276 4484 his
3311 4430 3628 4486 ttat-litibus
3667 4434 3735 4489 de

2143 4494 2307 4561 Isaia,
2340 4496 2427 4549 alii
2462 4495 2639 4562 lsuite,
2671 4497 2757 4551 alii
2793 4514 2920 4553 vero
2948 4499 3001 4552 in
3029 4496 3223 4553 Isaiam
3255 4501 3616 4557 inscribantur
3640 4522 3652 4556 :
3678 4514 3735 4560 et

430 4560 683 4655 pendium
703 4614 715 4631 ,
773 4582 817 4624 et
837 4589 1004 4655 “prae
1045 4560 1139 4655 pro
1188 4572 1380 4653 infecto
1423 4560 1699 4655 libb-tatur,"
1734 4570 1871 4639 quod
1897 4586 2033 4655 "non
2062 4560 2117 4621 Ι)
2138 4568 2258 4655 haec
2287 4560 2557 4655 postrema
2587 4560 2743 4623 lectio
2775 4571 2928 4624 nobis
2958 4571 3126 4655 magis
3155 4572 3334 4626 arrisit
3385 4589 3453 4628 ne
3480 4574 3557 4655 ,ιιὶ
3587 4582 3729 4631 trac-

429 4641 760 4711 di/Iamatur.
829 4641 1120 4696 Nundinari
1188 4643 1368 4710 itaque
1434 4643 1629 4696 dicitur
1698 4656 1794 4709 pro
1857 4641 2031 4709 aliqua

429 4724 563 4770 nota
594 4714 799 4782 publica
824 4713 1090 4783 confundi,
1150 4713 1233 4767 vel
1266 4712 1531 4779 dilfamari
1555 4730 1574 4767 :
1602 4728 1722 4776 quae
1753 4711 2028 4783 signiliea-

429 4786 518 4841 tio
560 4785 684 4839 inde
712 4782 945 4852 profccm
996 4785 1226 4849 videtur,
1260 4783 1402 4852 quod
1450 4783 1807 4839 nundinarum
1838 4782 1955 4837 dies
1997 4799 2027 4838 a

433 4857 701 4909 Romanis
721 4854 941 4910 fuissent
964 4855 1213 4914 instituti,
1244 4862 1300 4908 nt
1331 4856 1513 4909 rustici
1541 4854 1894 4910 convenirent
1919 4869 2028 4909 non

432 4940 551 4982 tam
596 4927 866 4980 mercandi
903 4934 956 4980 et
996 4925 1260 4980 vendendi
1303 4925 1496 4995 gratia,
1539 4941 1696 4993 quam
1737 4925 2026 4980 accusandi

432 5000 586 5069 (lege
606 4995 750 5051 enim
774 4996 1051 5069 IIortensia
1082 4996 1437 5069 nundinarum
1464 4997 1583 5069 dies
1607 4997 1676 5050 ob
1699 4998 2025 5069 rusticorum

432 5065 787 5126 couinnodum
837 5083 901 5122 ex
944 5065 1167 5123 nefastis
1214 5068 1335 5122 lacti
1387 5075 1511 5121 sunt
1563 5067 1706 5132 fasti,
1757 5067 2031 5123 Macrobio

434 5148 601 5198 teste.
634 5140 723 5192 lib.
756 5154 771 5192 ι
803 5138 1016 5193 Saturn.
1047 5155 1165 5209 pag.
1196 5138 1275 5208 9),
1298 5139 1341 5193 si
1370 5141 1493 5207 quid
1519 5140 1826 5194 criminosa!
1852 5154 2031 5209 QIIiPS-

434 5212 604 5268 tinnis
650 5211 702 5265 in
753 5210 983 5280 aliquem
1030 5212 1307 5275 haberent,
1338 5227 1494 5279 quam
1545 5212 1666 5265 aliis
1690 5210 1881 5267 diebus
1926 5211 2030 5281 ipsi

431 5285 565 5340 aliis
593 5284 735 5338 curis
761 5284 976 5336 distenti
1007 5298 1220 5336 movere
1244 5292 1298 5337 et
1318 5282 1567 5351 prosequi
1590 5298 1695 5336 non
1728 5281 1883 5336 facile
1907 5297 2031 5352 pos-

432 5365 565 5412 sent
597 5372 611 5406 :
640 5352 779 5424 quod
804 5355 1161 5423 quaestionum
1205 5369 1375 5423 genus
1414 5364 1610 5421 quanta
1654 5368 1777 5408 cum
1808 5368 2023 5409 reorum

433 5426 734 5500 ignominia
757 5426 826 5479 oh
853 5424 1217 5500 nundinarum
1239 5424 1591 5500 frequentiam
1616 5434 1885 5500 ageretur.
1911 5440 2028 5479 om-

433 5495 539 5555 n'es
562 5496 881 5568 intelligunt.
915 5495 969 5550 Id
1001 5506 1175 5568 autem
1207 5496 1434 5568 inlatuize
1463 5512 1556 5568 eos
1577 5496 1845 5568 pra‘cipuc
1873 5510 2027 5564 Spec-

432 5572 612 5633 tabat,
657 5566 755 5638 qui'
800 5584 906 5621 ture
965 5566 1141 5620 alieno
1188 5567 1446 5621 solvendo
1482 5566 1731 5621 fuissent.
1778 5567 1839 5620 Ili
1879 5571 2024 5622 enim

430 5652 569 5699 ante
598 5648 883 5710 prmtorem
914 5638 1277 5710 convictiKvel
1309 5638 1562 5710 confessi,
1594 5638 1638 5692 si
1669 5638 1881 5706 triginta
1912 5638 2025 5694 die-
2054 5646 2057 5647 ⁷

430 5708 744 5781 ῐιιηιίῳιυε
764 5712 936 5781 justas
965 5708 1325 5778 appellabant,
1356 5709 1529 5781 spatio
1571 5723 1676 5781 non
1706 5709 2022 5781 solvis-sent,

427 5786 567 5843 ante
592 5778 877 5855 prmtoretu
925 5781 1116 5835 iterum
1167 5781 1362 5846 vocati,
1393 5795 1457 5835 ex
1487 5779 1772 5837 duodecim
1821 5778 2026 5835 tabula-

2136 4646 2298 4713 tatus
2323 4638 2391 4693 de
2430 4638 2598 4713 Isaiae
2627 4655 2876 4713 persona,
2906 4712 2909 4713 ν
2934 4638 3155 4709 perinde
3205 4659 3268 4698 ac
3311 4646 3622 4713 superiores
3661 4647 3731 4703 de

2134 4710 2430 4770 Abraham.
2455 4709 2642 4785 Iacob,
2674 4722 2803 4773 etc.,
2834 4712 2995 4785 habiti
3023 4713 3354 4777 viderentur,
3381 4709 3471 4785 qui
3501 4716 3553 4769 in
3580 4715 3731 4772 Isaia:

2136 4791 2338 4835 textum
2371 4790 2515 4835 sunt.
2553 4782 2677 4837 Haec
2704 4784 2871 4838 semel
2904 4785 3177 4838 monuisse
3198 4782 3449 4839 sufficiat.

2209 4852 2289 4925 (2)
2324 4853 2423 4907 Ms.
2448 4853 2633 4922 Potnp.
2664 4864 2977 4923 exuperunte
3000 4871 3018 4908 :
3046 4855 3328 4910 Remeusis
3349 4868 3526 4913 autem
3552 4859 3724 4914 codex

2133 4923 2360 4998 (naturae
2375 4934 2512 4998 aestu
2522 4936 2638 4977 ante
2662 4937 2978 4998 corruptum.

2210 4995 2292 5065 (5)
2324 4995 2739 5066 Quiliscnmque,
2764 4995 2918 5051 abest
2940 5012 2970 5050 a
2993 5012 3092 5051 IIIS.
3121 4997 3403 5054 Vaticano.

2207 5066 2411 5140 Taxc'r.
2467 5064 2736 5140 XXVa—
2790 5071 2865 5135 (ι)
2907 5068 3021 5123 Vox
3048 5073 3159 5140 ejus
3181 5085 3278 5124 cur
3307 5070 3375 5126 ab
3401 5071 3489 5127 ed.
3520 5071 3644 5127 Ver.
3675 5084 3731 5129 et

2135 5136 2493 5211 sequentibus
2526 5135 2687 5192 fuerit
2741 5143 2980 5207 exclusa,
3014 5135 3135 5195 cum
3177 5141 3231 5195 in
3269 5143 3542 5209 omnibus,
3591 5159 3728 5211 quos

2135 5207 2321 5283 videre
2349 5210 2643 5283 potuimus,
2679 5225 2808 5265 mss.
2843 5226 2942 5266 nec
2974 5228 3080 5266 non
3115 5213 3168 5267 in
3208 5213 3337 5269 edit.
3397 5207 3536 5270 Ven.
3585 5207 3729 5283 lega-

2136 5289 2240 5341 tur,
2271 5280 2404 5334 latet
2452 5298 2467 5333 :
2506 5280 2617 5353 (nisi
2670 5284 2804 5338 forte
2834 5299 2894 5337 ea
2940 5283 3276 5353 superﬂuere
3301 5285 3415 5339 visa
3462 5296 3573 5351 est,
3606 5280 3726 5353 quae

2138 5352 2668 5427 tam_en__clariorem
2708 5352 3104 5427 certioretuque
3151 5358 3472 5412 sententiam
3527 5352 3724 5427 reddit.

2208 5424 2287 5494 (Ξ)
2318 5423 2456 5480 Vide
2484 5424 2536 5480 in
2566 5424 2704 5480 hanc
2722 5441 2833 5481 rem
2865 5423 3268 5484 adnotationem
3289 5426 3342 5491 4,
3369 5430 3419 5480 in
3446 5435 3599 5481 tract.
3629 5425 3721 5480 25.

2208 5494 2290 5564 (ὅ)
2319 5496 2487 5552 Abest
2508 5498 2562 5550 in
2591 5498 2850 5567 particula
2878 5516 2904 5551 a
2936 5510 3164 5564 quatuor
3188 5498 3586 5565 manuscriptis.

2210 5567 2287 5638 (4)
2315 5568 2407 5620 Ms.
2434 5567 2623 5633 Pomp.
2660 5572 2851 5637 repetit
2889 5570 2991 5624 hoc
3022 5574 3138 5624 loco
3162 5568 3383 5637 perdidit
3411 5568 3721 5633 ﬁrmitatem.

2210 5641 2412 5693 'l'nAC'r.
2449 5638 2641 5696 XXVI.
2674 5670 2745 5679 —
2767 5641 2842 5711 (I)
2872 5639 2929 5693 In
2960 5643 3198 5708 margine
3224 5639 3350 5693 cod.
3384 5638 3727 5711 Pttnttt-_thj%

2134 5720 2341 5777 rectum
2395 5712 2643 5764 amittisse.
2704 5698 2783 5765 De
2806 5698 2933 5764 voce
2972 5698 3134 5777 porro
3178 5718 3408 5771 δανιιιειι,
3446 5698 3548 5777 dua
3577 5698 3729 5759 Isaiae

2134 5776 2277 5839 Ither
2314 5782 2572 5850 ltlﬂllillil‘,
2607 5784 2803 5839 vidcsis
2833 5776 3020 5837 adnot.
3050 5780 3085 5831 ὲ
3112 5784 3164 5834 ιιι
3189 5788 3354 5835 tract.
3380 5780 3470 5835 23.
