4230 6168
455 256 553 315 471

1815 269 1895 327 SA
1905 270 2060 328 NCT]
2100 265 2389 330 ZENONIS

3648 264 3753 320 479.

453 388 545 434 tur
570 393 780 437 manus.
820 379 901 435 Ad
934 380 1168 437 torcular
1193 389 1625 451 comportantur,
1659 385 1810 442 idest
1837 387 1902 442 ad
1931 404 2058 461 sup—
2086 392 2139 454 Α
2161 387 2542 446 comminantis
2572 385 2663 455 qui
2709 383 2826 439 vult
2862 382 3136 455 effugere,
3178 382 3339 439 debet
3376 382 3454 439 illi
3484 385 3759 454 incnlpate

458 469 604 540 plicii
631 470 813 527 locum
851 470 1212 528 deducuntur.
1246 473 1329 527 Ab
1374 477 1642 545 operariis
1672 477 1872 535 ibidem
1921 496 2052 536 con-

458 566 762 632 calcantur,
796 566 898 622 hoc
923 575 1010 621 est
1036 581 1245 622 summa
1285 583 1408 624 cum
1446 573 1775 628 contumelia
1827 574 1988 649 235
2026 591 2057 632 a

458 658 1056 728 persecutoribusillusi
1079 658 1417 730 jngulantur.
1433 662 1636 718 Suceus
1654 676 1840 720 earum
1867 667 1920 722 in
1934 668 2059 728 ulti-

456 765 551 806 mo
579 752 709 819 preli
737 751 1003 820 pondere,
1026 752 1342 823 duabusque
1365 755 1560 812 tabulis
1585 757 1700 830 (2i)
1731 759 2056 818 essiccatnr.

460 842 723 899 Similiter
744 841 934 914 judicii
964 844 1054 900 die
1079 860 1109 899 a
1150 845 1368 902 Christo
1408 849 1705 905 secundum
1738 850 1947 923 tabulas
1976 853 2056 908 le-

455 934 537 1006 gis
568 936 947 991 confessorem
996 937 1278 1008 sanguinis
1322 938 1555 995 vindicta
1607 957 1774 1011 usque
1817 943 1884 997 ad
1934 944 2060 998 ulti-

458 1043 608 1083 mum
658 1029 1017 1099 quadrantem
1073 1032 1325 1102 exigitur.
1379 1032 1692 1089 Calcatores
1747 1036 1813 1091 de
1861 1037 2057 1094 eodem

457 1132 653 1189 musto,
691 1122 918 1188 bibunt;
966 1132 1022 1177 et
1065 1135 1444 1193 persecutores
1491 1142 1636 1198 smpe
1682 1129 1965 1185 credentes
2002 1131 2055 1185 in

459 1210 759 1277 Christum,
795 1217 1016 1271 ealicem
1050 1218 1370 1286 pretiosmn,
1401 1235 1559 1289 quem
1594 1222 1748 1289 paulo
1777 1231 1901 1279 ante
1948 1224 2060 1278 cal-

461 1306 638 1361 cando
685 1306 957 1375 fuderant,
997 1319 1236 1379 gustant,
1266 1312 1430 1381 aliqui
1471 1313 1637 1377 etiam
1684 1315 1892 1371 bibunt.
1944 1319 2059 1373 Mu-

459 1410 603 1453 stum
650 1402 1056 1471 patrisfamilias
1085 1404 1239 1458 cellae
1281 1407 1616 1470 reconditur,
1668 1416 1725 1463 ut
1769 1410 2058 1479 pretiosius

461 1490 575 1562 (ἓὲ)
604 1493 1279 1564 transfusione’reddatur,
1311 1505 1366 1551 et
1408 1509 1615 1570 martyr
1642 1500 1933 1556 dmninicaa
1964 1505 2059 1556 ha-

460 1583 739 1640 bitationis
786 1588 838 1641 in
882 1589 1157 1644 recondita
1191 1593 1502 1656 assumitur,
1536 1603 1594 1647 ut
1638 1593 1836 1650 ibidem
1868 1612 1933 1652 ex
1962 1596 2059 1651 ho-

460 1676 605 1732 mine
632 1678 685 1732 in
712 1681 976 1750 Angelum
1010 1681 1311 1739 transfusus
1340 1693 1559 1740 arternae
1583 1686 1704 1742 vita:
1728 1688 2056 1744 beatitudine

454 1771 716 1841 glorietur
744 1773 883 1846 (23).

819 1908 983 1981 236
1002 1910 1419 1969 TBACTA'I‘US
1458 1912 1698 1970 XXVIII.

1064 2025 1133 2080 In
1162 2025 1358 2081 Isaiam
1389 2025 1503 2084 VII.

528 2141 799 2207 Quantum
826 2157 996 2197 sonus
1024 2142 1274 2199 lectionis
1301 2134 1526 2211 indicat,
1558 2144 1776 2214 fratres,
1803 2147 2062 2205 Iudaicus

457 2232 677 2302 quidem
709 2233 939 2303 p0pulus
960 2234 1260 2304 impietatis
1286 2238 1552 2307 arguitur,
1574 2238 1669 2294 sed
1693 2238 2059 2310 Christianus,

458 2341 526 2381 ne
559 2324 680 2381 talis
711 2327 929 2391 evadat,
979 2329 1184 2397 pariter
1224 2341 1600 2393 commonetur
1647 2329 1764 2397 (Is.
1815 2350 1930 2401 cap.
1976 2333 2057 2403 v).

456 2417 723 2488 Denique,
758 2432 815 2473 ut
844 2420 945 2474 iste
968 2420 1085 2490 plus
1111 2419 1321 2486 timeat,
1352 2420 1446 2476 ille
1471 2429 1709 2477 terretur
1738 2442 1751 2477 ε
1778 2423 1869 2480 ille
1894 2440 2059 2494 vapu-

454 2509 554 2593 lat,
580 2519 636 2567 ut
663 2511 768 2566 iste
796 2511 1059 2581 proficiat.
1093 2510 1558 2583 Compendiosnm
1588 2514 1864 2572 felicitatis
1889 2534 2060 2588 genus

457 2606 680 2661 alterius
699 2606 937 2675 periculo
958 2606 1192 2671 discere,
1217 2606 1345 2677 quid
1369 2606 1569 2664 debeas
1588 2608 1851 2666 devitarc.
1880 2609 2055 2675 Unde,

457 2696 691 2764 fratres,
735 2698 787 2752 in
823 2698 915 2753 tali
951 2713 1008 2754 re
1039 2713 1156 2765 .non
1210 2699 1425 2770 loquela
1472 2711 1557 2756 est
1582 2702 1921 2771 exhibenda,
1961 2704 2073 2770 sed,

459 2804 614 2857 cura,
655 2804 816 2860 quam
864 2791 1049 2860 paucis
1098 2791 1346 2862 accipite.
1400 2791 1541 2847 Iram
1586 2794 1683 2849 Dei
1730 2798 2058 2866 generaliter

460 2928 591 3052 {ost
635 2942 804 2998 pauca
857 2943 954 2999 pro
1003 2930 1237 2984 omnibus
1287 2946 1388 2985 ms.
1435 2930 1797 3002 Pompeianus
1842 2935 2066 2990 homini-

501 3016 579 3052 νε.

535 3067 650 3140 (2|)
678 3070 805 3126 Hme
831 3087 963 3127 mss.
996 3072 1540 3141 eteditorumlectio,
1566 3074 1731 3145 inqua
1767 3075 1869 3129 nisi
1901 3076 2065 3132 libra-

462 3142 665 3197 riorum
699 3157 855 3197 error
882 3146 1248 3208 contineatur,
1298 3154 1354 3199 et
1402 3142 1684 3216 legendum
1717 3147 1787 3201 sit
1814 3150 2061 3214 exprimi.

461 3223 565 3280 tur,
599 3216 674 3269 uti
710 3229 831 3268 mox
863 3216 1119 3288 exigitur,
1168 3231 1231 3270 ac
1266 3217 1425 3283 paulo
1476 3227 1603 3271 ante
1643 3218 1877 3288 exigatur
1914 3221 2059 3288 posi~

466 3293 577 3360 tum
610 3294 726 3349 est;
761 3287 962 3360 exsicco
992 3288 1178 3360 palatii
1200 3302 1294 3354 pro
1312 3290 1607 3360 exprimere
1635 3287 1895 3344 translate
1917 3287 2067 3345 acci-

466 3357 633 3423 pitur,
655 3356 1111 3425 quemadmodum
1142 3356 1412 3421 lluratius,
1441 3360 1534 3415 lib.
1560 3376 1599 3425 l,
1622 3361 1712 3414 od.
1739 3360 1803 3414 51
1827 3378 1838 3412 :
1864 3360 2067 3416 Merca-

464 3429 783 3551 girfxsiccet
813 3429 1013 3482 cellulis
1045 3429 1184 3493 vina,
1214 3431 1433 3485 exsiccet
1470 3446 1567 3501 pro
1606 3429 1868 3487 exhauriet
1906 3435 2065 3488 adhi-

506 3508 603 3551 υιι.

506 3508 603 3551 uit.

540 3568 657 3641 (22)
682 3568 942 3639 Superius
972 3581 1025 3623 ut
1047 3571 1230 3625 ntelius
1268 3573 1624 3627 veterascendo
1654 3573 2065 3632 reddatar:heic

468 3650 649 3712 autem
692 3642 1110 3709 transfretatione
1165 3658 1262 3712 pro
1300 3643 1657 3699 veterascendo
1698 3661 1791 3711 per
1821 3661 2061 3702 errarem

467 3710 727 3780 scriptum
769 3722 823 3768 et
864 3713 1091 3778 editum,
1142 3710 1265 3769 cum
1299 3716 1478 3770 nullus
1523 3710 1948 3772 transfretatiOni
1994 3722 2065 3773 sit

469 3782 622 3837 locus
649 3823 662 3843 .
699 3793 755 3838 ut
785 3793 1020 3839 inustum
1055 3790 1105 3838 in
1156 3787 1347 3840 cellam
1378 3788 1637 3840 vinariam
1681 3787 2058 3843 transferatur.

468 3852 687 3908 Putabit
717 3855 942 3911 fortasse
967 3857 1235 3925 quispiam
1264 3856 1504 3912 indicare
1528 3857 1798 3914 Zenonem
1826 3860 2062 3917 voluisse

467 3924 650 3998 vinum
682 3926 966 3980 Rheticum
990 3924 1118 3996 agri
1144 3928 1491 3993 Veronensis,
1518 3944 1581 3983 ex
1626 3929 1820 3994 Plinio,
1852 3931 1946 3986 lib.
1984 3948 2058 3998 tv,

470 4010 590 4066 cap.
616 3995 678 4063 6,
709 3998 951 4066 pluribus
998 3995 1351 4067 scriptoribus
1375 4000 1509 4054 satis
1529 4000 1770 4067 celebze,
1798 4003 1952 4057 celtis
1985 3995 2061 4056 vi;

472 4068 638 4142 uariis
665 4070 966 4142 conditum,
1000 4068 1049 4122 id
1080 4087 1293 4142 quoque
1322 4074 1579 4142 temporis
1602 4072 1735 4126 adeo
1766 4075 2055 4141 pretiosum

471 4138 638 4211 fuisse
668 4139 932 4206 habitum,
959 4150 1016 4194 ttt
1040 4138 1352 4195 iniren'totas
1383 4138 1631 4211 regiones
1661 4138 2059 4199 tran~fretando

472 4208 796 4282 mitteretur.
824 4213 926 4268 Sed
961 4228 1131 4282 neque
1162 4214 1261 4268 hoc
1286 4208 1507 4277 arridet,
1534 4229 1657 4268 cum
1687 4215 1755 4269 de
1784 4216 1906 4270 vino
1932 4232 2059 4272 auc-

473 4290 559 4359 tor
596 4280 1206 4359 loquivideaturuqttud
1243 4287 1292 4338 itt
1325 4283 1437 4359 ipsa
1469 4284 1833 4359 cellavinaria
1870 4290 2058 4359 pretio-

470 4350 579 4431 sius
610 4350 2057 4431 redditur._l_taqneicorrigcnilnm‘creditlinmstransfu-

471 4422 630 4488 sione,
658 4440 762 4494 qua
792 4422 996 4481 scilicet
1029 4427 1210 4480 vinum
1242 4422 1293 4481 in
1324 4428 1543 4481 vinariis
1577 4430 1728 4484 cellis
1758 4422 2051 4485 identidem

470 4494 825 4568 transfusum,
859 4499 1042 4566 purius
1081 4510 1133 4552 et
1164 4499 1451 4568 pretiosius
1476 4498 1738 4565 eflicitnr;
1766 4499 1907 4555 unde
1931 4518 2054 4557 mox

474 4563 526 4643 in
553 4565 838 4643 allegorica
862 4563 1219 4643 explicatione
1251 4580 1455 4642 martyr
1477 4587 1553 4643 ex,
1574 4563 1788 4626 homine
1811 4573 1861 4625 in
1890 4589 1935 4625 a:
1960 4588 2055 4643 ge-

474 4634 593 4709 lum,
611 4634 901 4709 transfusus
930 4634 1090 4695 simili
1119 4634 1670 4705 locutione'proditur.

549 4706 664 4779 (25)
699 4706 796 4764 Ms.
850 4711 1326 4779 Pompeiamaddit
1348 4711 1533 4765 Amen.
1570 4714 1623 4765 In
1658 4727 1759 4766 ms.
1790 4711 2059 4769 Retncnse

476 4779 687 4844 explicit
716 4782 777 4835 S.
804 4780 1027 4837 Zenonis
1055 4792 1301 4837 tractatus
1326 4783 1389 4836 de
1414 4782 1593 4836 Esaia.

550 4849 755 4931 :l‘nacr.
784 4852 1175 4977 Χχνιιιρ-φ
1197 4854 1326 4907 .lure
1351 4854 1435 4906 hic
1464 4860 1619 4908 tract.
1650 4854 1912 4919 superiori
1935 4855 2057 4908 Sub-

551 4930 803 4977 ttur.cum
827 4925 1074 4977 eumdem
1128 4926 1254 4977 Saite
1278 4926 1451 4977 locum
1471 4925 1746 4977 resnicial.
1780 4925 1829 4977 itt
1855 4927 2055 4977 unovi-

473 4918 803 4993 jit-itur,cum
827 4925 1074 4977 eumdem
1108 4918 1254 4993 Isaia:
1278 4926 1451 4977 locum
1471 4925 1746 4993 reSpiciaI,
1780 4925 1829 4977 itt
1855 4942 1959 4993 quo
1979 4927 2055 4980 vi-

481 5005 597 5045 nea:
620 4990 671 5043 lit
706 4996 928 5047 mentio.
954 4993 1121 5048 Porro
1141 4990 1583 5061 Sparav.,adnot.
1612 4995 1797 5048 ultima
1824 4990 1882 5048 in
1901 5008 2053 5051 tract.

479 5062 870 5137 praecedentem
913 5065 1164 5133 opinatus
1189 5074 1291 5126 est,
1320 5074 1615 5121 memoratav
1636 5067 1793 5120 viuere
1818 5066 2058 5137 disputa-

475 5134 671 5186 tionem
710 5137 810 5188 huc
854 5144 1081 5190 tractatu
1115 5137 1272 5208 paulo
1322 5146 1441 5205 post
1484 5139 1842 5207 appellatam,
1880 5134 2052 5208 ipsum

473 5218 593 5278 esse
643 5211 925 5260 tractatum
995 5207 1386 5278 praecedentem
1441 5208 1569 5262 olim
1629 5207 1942 5278 inscriptum
2002 5214 2056 5264 iu

472 5272 657 5350 psalm.
682 5290 863 5350 tum,
890 5278 942 5330 in
964 5272 1160 5350 q:uogde
1188 5277 1397 5350 laudata
1420 5278 1570 5334 vinea
1596 5272 1837 5346 pluribus
1859 5293 2054 5350 ag'tnr.

476 5343 545 5398 At
572 5345 857 5402 lectionem
885 5364 948 5402 ex
983 5343 1146 5403 'lsaiac
1186 5349 1327 5402 libro
1366 5343 1627 5405 tractatus
1673 5352 1826 5403 initio
1856 5343 2061 5407 in'dica-

476 5428 601 5479 tam,
636 5434 757 5485 quae
787 5418 912 5474 huic
937 5420 1173 5473 sermoni
1209 5422 1546 5474 occasionem
1573 5421 1741 5488 dedit,
1772 5427 2081 5479 Auctorem-

474 5498 718 5560 Spectare
750 5492 878 5544 nihil
936 5489 1287 5544 dubitandum
1318 5500 1586 5560 putamus.
1645 5490 1772 5545 Post
1806 5494 2064 5547 nonnulla

475 5573 593 5633 ms.“
606 5559 786 5633 l’unt.,
818 5577 1077 5633 peragere;
1090 5576 1189 5633 pro
1217 5559 1509 5633 peragrare.

545 5628 624 5704 (2)
655 5631 780 5684 Mss.
819 5628 963 5687 ΤειΙξ
987 5628 1423 5704 ctVat..'lascipa
1457 5650 1576 5699 pars
1604 5649 1674 5686 se.
1710 5632 1765 5686 In
1796 5632 1926 5690 Urb.
1954 5633 2061 5704 dif-

464 5702 604 5821 ίιιςίίι
660 5716 760 5772 pro
824 5703 1290 5776 di/‘fttndit..l£dilt.
1332 5703 1504 5779 Ven,”
1536 5707 1799 5776 labruscas
1840 5721 1937 5773 pro
1984 5702 2064 5759 Ia-

496 5786 713 5821 ruscmn.
740 5765 880 5821 Infra
908 5785 1177 5821 narremus
1225 5773 1323 5821 nrh
1345 5786 1626 5821 cntttmnms
1657 5777 1707 5821 in
1738 5792 1835 5821 me-
1872 5766 2063 5821 llrhin-

496 5765 713 5829 rascmiz.
738 5765 1177 5843 lnfra'correptas
1225 5765 1323 5845 pro
1345 5765 1626 5833 commotas
1657 5777 1707 5830 in
1738 5765 1849 5835 ms,
1872 5766 2064 5833 Ut'bin.

2159 482 2385 537 servire.
2403 477 2483 551 (l)
2506 477 2816 533 Memoratte
2837 475 3009 530 vineae
3025 475 3340 547 disputatio,
3357 477 3574 542 fratres,
3589 474 3759 530 dilec-

2160 576 2376 641 tissimi,
2405 575 2569 642 longe
2610 571 2827 642 lateque
2870 569 3099 626 dill'usos
3148 570 3349 626 limites
3391 570 3574 634 habet,
3622 584 3760 640 quos

2161 682 2453 740 peragrare
2476 663 2809 734 competenti
2834 676 3089 717 sermone
3117 662 3424 731 urgentium
3448 676 3760 715 sacramen-

2160 771 2337 817 torum
2378 775 2487 816 non
2530 758 2659 814 sinit
2705 754 2936 827 pondus.
2983 754 3404 821 Verumtamen,
3453 770 3520 809 ne
3562 755 3616 808 in
3650 761 3763 807 toto

2142 847 2476 910 'solemnitas
2517 859 2716 913 cesset,
2744 850 2931 920 paucis
2961 849 3079 917 ejus
3119 849 3399 916 degustato
3428 861 3759 902 sermonem.

2160 947 2329 1002 Vinea
2357 945 2453 1001 Dei
2477 944 2693 1016 quidem
2725 943 2873 1013 prior
2892 956 3161 1011 synagoga
3194 940 3310 1005 fuit,
3328 937 3543 995 silvosis
3569 953 3763 994 erran-

2160 1042 2294 1097 tium
2320 1040 2600 1110 palmitum
2632 1036 2873 1093 crinibns
2916 1036 3065 1099 vilis;
3109 1050 3230 1105 qua:
3279 1049 3402 1087 cum
3436 1047 3534 1102 per
3570 1031 3765 1101 volup-

2160 1144 2314 1190 tuosa
2355 1149 2419 1188 ac
2461 1133 2686 1204 profana
2724 1131 2841 1186 loca
2876 1127 2955 1201 (2)
2980 1128 3179 1184 lasciva
3222 1128 3421 1197 passim
3468 1139 3529 1181 se
3570 1123 3765 1182 fronde

2158 1228 2432 1294 diffundit,
2466 1225 2746 1295 generavit
2781 1241 2878 1295 pro
2902 1223 3165 1279 fructibus
3190 1222 3398 1291 spinas,
3429 1234 3530 1291 pro
3552 1234 3654 1275 uva
3686 1218 3766 1272 la.

2160 1324 2433 1378 bruseam.
2468 1320 2635 1391 Cujus
2658 1319 2736 1374 rei
2774 1317 3093 1387 indignitate
3115 1324 3421 1371 commotus
3459 1311 3723 1368 Dominus
3750 1353 3765 1378 ,

2160 1416 2251 1471 illa
2281 1415 2520 1480 deserta,
2562 1412 2724 1466 aliam
2766 1409 2904 1476 sibi,
2955 1409 3006 1464 id
3037 1417 3121 1463 est
3168 1405 3464 1462 Ecclesiam
3511 1412 3767 1466 matrem,

2159 1523 2261 1563 sua
2307 1522 2408 1578 pro
2453 1506 2734 1561 voluntate
2787 1502 3083 1573 plantavit,
3123 1514 3286 1568 quam
3337 1494 3770 1553 sacerdotalibus

2157 1603 2352 1659 officiis
2392 1599 2671 1661 excoleris,
2707 1595 2785 1671 (5)
2816 1596 3009 1665 pieque
3040 1593 3316 1663 potatione
3341 1588 3655 1650 fecundans,
3689 1586 3770 1641 fe-

2161 1697 2251 1752 lici
2283 1697 2429 1764 ligno
2452 1705 2794 1763 suspensam,
2828 1688 3159 1743 uberrimam
3193 1684 3377 1739 docuit
3404 1681 3618 1736 adferre
3646 1680 3772 1735 vin-

2085 1776 2133 1835 Β
2161 1787 2419 1843 dentiam.
2464 1784 2593 1839 lude
2622 1792 2727 1848 est,
2761 1780 2902 1850 quod
2936 1778 3095 1834 hodie
3125 1788 3304 1832 vestro
3336 1776 3403 1829 de
3431 1787 3656 1828 numero
3686 1770 3772 1843 (l)

2165 1879 2393 1934 novellte
2423 1878 2561 1931 vites
2586 1875 2652 1929 ad
2680 1874 2868 1945 jngmn
2902 1872 3200 1942 perductae,
3224 1866 3576 1923 scaturientis
3601 1865 3773 1919 musti

2163 1972 2306 2027 dulci
2341 1969 2544 2024 lluento
2575 1967 2868 2028 ferventes,
2905 1964 3172 2019 vinariam
3210 1960 3546 2016 Dominicam
3574 1956 3773 2011 cellam

2171 2063 2445 2122 communi
2478 2061 2674 2133 gaudio
2707 2059 3081 2124 repleverunt.
3113 2053 3268 2123 Quod
3294 2061 3354 2109 ttt
3379 2052 3531 2108 vobis
3556 2062 3776 2121 quoque

2166 2158 2271 2214 lide
2283 2170 2459 2212 veSIra
2473 2154 2816 2209 adolescente
2829 2148 2989 2223 237
3012 2150 3308 2219 contingat,
3331 2144 3607 2217 prmstabil
3624 2143 3773 2196 licus

2171 2251 2332 2307 Pater
2353 2249 2697 2319 omnipotens
2720 2260 2818 2316 per
2839 2243 3125 2298 Dominum
3145 2241 3330 2297 Iesum
3355 2236 3651 2302 Christum,
3675 2233 3777 2304 qui

2170 2349 2256 2398 est
2282 2339 2600 2396 benedictus
2641 2352 2764 2393 cum
2791 2335 2996 2406 Spiritu
3025 2344 3216 2390 sancto
3258 2334 3311 2387 in
3354 2330 3549 2387 stecnIa
3595 2342 3774 2383 Siccu-

2172 2437 2368 2492 lorum.

2624 2565 3044 2623 TRACTATUS
3090 2562 3287 2620 XXIX.

2166 2685 2233 2741 In
2259 2685 2339 2760 (Ι)
2374 2684 2562 2739 Isaiam
2578 2683 2711 2748 V'lll,
2729 2699 2824 2738 seu
2848 2680 2928 2736 De
2958 2680 3177 2735 adventu
3200 2678 3392 2734 Christi
3415 2678 3469 2731 in
3497 2676 3770 2730 mundum.

2236 2802 2484 2857 Christus
2514 2800 2772 2856 mundum
2804 2798 2885 2870 (2)
2921 2799 3150 2854 latenter
3182 2794 3423 2863 intravit,
3458 2809 3526 2850 ne
3553 2792 3655 2847 sibi
3684 2807 3777 2847 sa-

2238 2941 2318 3013 (3)
2345 2941 2440 2995 Ms.
2473 2941 2763 3013 Remense,
2807 2939 2989 3009 piaque
3034 2933 3655 3013 potationefecanditatis
3694 2936 3774 3003 fe-

2167 3005 2255 3066 lici
2279 3005 2419 3084 ligno
2439 3005 3011 3084 suspensa.§uspeusa
3051 3011 3179 3065 item
3225 3008 3424 3064 habent
3454 3021 3556 3061 ms.
3603 3005 3775 3060 Pom-

2170 3081 2417 3153 peianus,
2449 3094 2503 3139 et
2530 3084 2697 3139 editio
2724 3081 2952 3138 Veneta.

2242 3176 2327 3246 (4)
2364 3146 2428 3231 Hi
2449 3186 2574 3231 sunt
2598 3175 2886 3245 Ncophyti,
2919 3189 2982 3230 ac
3010 3172 3236 3241 proinde
3254 3146 3558 3246 urgentium
3589 3186 3775 3246 sacra-

2091 3247 2136 3309 C
2171 3241 2458 3301 mentorum
2489 3247 2691 3316 pondus
2714 3241 2802 3299 ’δι’
2825 3246 3123 3305 solennitas,
3152 3241 3455 3316 quibus—se
3502 3241 3775 3316 impedire

2175 3319 2331 3388 paulo
2360 3311 2498 3372 ante
2515 3319 2650 3372 dixit
2688 3317 2853 3384 Zeno,
2899 3333 2965 3371 ne
3006 3311 3311 3388 uberiorem
3342 3311 3769 3388 disputationem

2173 3384 2416 3455 haberet,
2448 3390 2612 3447 dubio
2651 3389 2836 3456 procul
2884 3386 3152 3456 paschalia
3186 3393 3313 3440 sunt
3359 3385 3521 3449 festa,
3567 3384 3773 3453 quibus

2172 3462 2350 3516 brevis
2374 3479 2400 3512 a
2417 3461 2638 3516 Zenone
2669 3461 2735 3514 ad
2758 3458 3072 3527 NcOphytos
3100 3457 3289 3513 haberi
3315 3457 3528 3513 solebat
3557 3469 3766 3527 sermo,

2173 3541 2229 3586 ut
2253 3548 2317 3587 ex
2351 3532 2592 3609 dicendis
2619 3525 2908 3588 constabit.
2949 3525 3131 3609 Burro
3167 3529 3382 3609 novella:
3420 3528 3547 3609 cites
3578 3525 3644 3609 ad
3670 3525 3771 3609 in:

2168 3618 2293 3667 gum
2323 3605 2615 3673 perductae,
2650 3616 2781 3669 etc.,
2805 3612 2929 3655 sunt
2956 3602 3012 3665 ii,
3043 3600 3133 3669 qui
3166 3617 3229 3673 ex
3250 3597 3769 3673 Catechumenisad

2169 3668 2419 3743 baptismi
2444 3677 2673 3745 gratiam
2706 3668 3020 3745 pervenere,
3053 3668 3120 3727 de
3142 3671 3334 3745 quibus
3359 3669 3645 3745 conunode
3676 3668 3729 3722 in

2169 3741 2816 3816 tclligitur'allegoricnm
2866 3744 3017 3807 illud,
3046 3743 3188 3813 quod
3235 3741 3557 3816 scaturientis
3605 3741 3768 3816 musti

2166 3810 2312 3870 dulci
2355 3818 2549 3886 ﬂueitto
2579 3810 2873 3885 vfe‘rvenles,
2917 3810 3172 3869 vinariam
3216 3813 3539 3886 dominicam
3575 3810 3767 3886 cellarii

2166 3897 2181 3949 ί
2213 3887 2261 3940 id
2289 3884 2372 3943 est
2420 3884 2740 3963 Εοοιρεῇςηη,
2781 3889 2830 3963 in
2870 3903 3032 3963 quam
3081 3900 3175 3963 per
3216 3885 3479 3963 baptisma
3512 3884 3763 3963 ingrcssi

2165 3966 2326 4027 sunt)
2360 3961 2615 4031 communi
2659 3959 2850 4031 gaudio
2892 3954 3245 4031 animum,
3271 3955 3405 4011 llinc
3431 3956 3612 4031 “etiam
3663 3954 3760 4031 illa

2164 4024 2327 4084 vestro
2354 4030 2417 4084 de
2441 4024 2679 4093 numero:
2720 4047 2783 4083 ex
2811 4045 2918 4098 quo
2947 4024 3172 4082 novellai
3199 4026 3464 4096 ejusmodi
3494 4025 3642 4098 vites
3686 4024 3761 4078 ad

2158 4101 2343 4170 jngnm
2379 4102 2650 4171 perducta:
2691 4097 2996 4160 traduntur,
3050 4100 3287 4171 innuuut
3325 4097 3762 4171 Catechnmenos

2163 4167 2607 4242 omnem-quibus
2652 4171 2880 4227 subinde
2929 4179 3116 4225 auctor
3163 4170 3452 4239 pollicetur
3494 4167 3660 4242 fore,
3699 4178 3764 4242 ut

2164 4243 2305 4297 idem
2338 4239 2442 4310 ﬁde
2468 4242 2785 4297 adolescente
2817 4242 2947 4311 ipsis
2973 4242 3270 4312 contingat.
3304 4242 3353 4293 id
3373 4249 3467 4312 est
3490 4249 3543 4292 ut
3573 4247 3627 4292 et
3651 4239 3757 4306 ipsi

2161 4314 2227 4368 ad
2277 4315 2462 4385 jugnm
2493 4314 2782 4382 aliquando
2813 4312 3174 4382 perducantur
3228 4326 3321 4366 seu
3370 4311 3706 4385 baptizen‘tur
3742 4327 3756 4362 :

2164 4381 2302 4440 unde
2339 4381 2407 4440 ad
2456 4381 2777 4458 Neophytos
2811 4381 2970 4439 simul
3015 4392 3071 4439 et
3133 4385 3563 4440 Catechumcnos
3610 4381 3761 4436 hunc

2160 4464 2444 4511 tractatum
2477 4456 2715 4511 habitum
2749 4457 2935 4526 liquet.
3466 4478 3475 4483 -

2229 4545 2431 4606 ΤιιἈετ.
2466 4549 2660 4604 XXIX.
2683 4548 2853 4619 —-(l)
2897 4548 3078 4603 Prima
3106 4547 3245 4603 inse.
3274 4548 3325 4601 in
3370 4561 3524 4609 mss.,
3555 4555 3762 4615 prater

2087 4637 2141 4697 D
2166 4618 2295 4673 Zen.
2322 4623 2412 4697 qui
2437 4622 2712 4697 delihristo
2741 4620 3101 4697 lt‘:ibel,_a‘ltera
3131 4621 3366 4697 in_edil.is_
3396 4620 3606 4688 legitur,
3628 4632 3763 4671 neti-

2169 4702 2246 4744 tra
2276 4689 2501 4760 preinde
2521 4691 2810 4745 omittenda
2846 4691 2998 4745 nobis
3021 4689 3145 4744 fuit.
3165 4690 3459 4755 Snbjicitur
3485 4702 3664 4743 autem
3684 4705 3761 4745 ex

2169 4765 2654 4833 Inntlttscl'iplurullt
2703 4764 2805 4816 lide
2834 4763 3151 4817 tractatibus
3182 4765 3233 4816 in
3276 4763 3494 4833 Isaiam;
3530 4760 3580 4813 id
3607 4760 3760 4815 enim

2167 4849 2233 4886 ex
2265 4849 2330 4888 cn
2360 4832 2554 4888 factum
2586 4833 2879 4898 credimus,
2912 4833 3054 4904 quod
3096 4834 3319 4888 nmtilus
3343 4835 3411 4888 sit
3437 4832 3522 4886 hic
3548 4846 3759 4904 sermo,

2168 4913 2223 4975 nt
2247 4914 2501 4959 tractatus
2534 4906 2710 4975 potius
2745 4902 3099 4975 fragmentum
3125 4946 3137 4968 ,
3168 4920 3326 4974 quam
3358 4912 3619 4967 tractatus
3660 4902 3765 4956 ha-

2165 4974 2279 5028 beri
2311 4976 2521 5031 debeat.
2562 4974 2722 5029 Forte
2771 4974 3100 5030 si’tractatus
3149 4977 3356 5042 integer
3395 4976 3460 5028 ad
3503 4989 3602 5028 nos
3636 4990 3763 5041 per-

2166 5045 2421 5105 venisset,
2451 5045 2558 5112 hic,
2610 5062 2716 5101 non
2744 5047 2921 5101 minus
2946 5061 3009 5100 ac
3044 5046 3415 5115 superioribus
3438 5045 3490 5100 in
3517 5046 3765 5100 tractati-

2164 5114 2284 5181 bus,
2319 5132 2382 5170 (δι
2410 5116 2545 5171 Isaia
2571 5118 2774 5187 aliquid
2803 5114 3134 5173 occurreret.

2234 5208 2611 5283 (2)‘Solemn_is
2644 5214 2757 5267 haec
2783 5222 2869 5266 est
2899 5211 2959 5267 S.
2990 5210 3174 5282 lgnatii
3200 5211 3454 5283 martyris
3488 5210 3761 5283 sententia

2166 5282 2218 5333 in
2249 5280 2474 5350 epistola
2501 5281 2566 5336 ad
2600 5280 3033 5349 liphesinsmnm
3076 5283 3173 5337 l9:
3207 5282 3268 5335 Et
3293 5280 3575 5351 principem
3600 5281 3764 5351 hujus

2168 5352 2346 5405 mandi
2396 5354 2560 5426 latuit
2592 5352 2776 5409 Maria:
2810 5355 3097 5426 virginitas,
3126 5363 3176 5426 et
3221 5364 3399 5422 partus
3425 5354 3606 5426 ipsius.
3643 5352 3764 5407 Huc

2169 5438 2413 5491 spectare
2436 5423 2496 5480 S.
2527 5423 2799 5480 Zenonem
2827 5423 2958 5478 nihil
2982 5423 3326 5493 :nnhiginms,
3352 5441 3472 5478 cum
3503 5425 3594 5478 alii
3624 5439 3766 5493 quo-

2169 5510 2272 5566 que
2304 5493 2363 5566 P.
2397 5495 2454 5549 P.
2486 5495 2732 5550 eamdem
2766 5513 2830 5550 ex
2864 5495 3069 5566 [gnatio
3098 5497 3421 5551 sententiam
3466 5497 3761 5550 incolt-ent.

2170 5563 2304 5638 Vide
2333 5564 2647 5638 0rigenem,
2677 5567 2864 5638 ltotnil.
2891 5563 2954 5622 'Vt
2982 5567 3037 5621 in
3070 5566 3291 5631 Lucam;
3343 5566 3761 5638 Hieronymum,

2169 5637 2233 5690 ad
2262 5654 2309 5689 υ.
2336 5652 2352 5689 1
2383 5636 2602 5699 Matth.;
2629 5637 2905 5704 Basilium,
2932 5640 3117 5690 lintnil.
3145 5638 3218 5693 25
3239 5680 3252 5701 ,
3283 5639 3349 5692 de
3376 5636 3577 5692 Christi
3606 5637 3764 5704 Nati:

2172 5708 2352 5776 vitate;
2390 5709 2754 5770 Ambrosium,
2782 5701 2949 5762 lihfu
2979 5711 3028 5763 itt
3064 5711 3283 5775 Lucam,
3310 5701 3760 5776 num.5,Jobiuiﬁ

2171 5770 2513 5845 Monachum,
2544 5779 2684 5850 apud
2708 5779 2982 5848 Phatium,
3015 5776 3204 5837 codice
3229 5770 3355 5835 292.
