4230 6168
313 280 423 339 .173
1263 262 1476 321 LIBER
1516 264 1577 322 ll.
1622 263 2005 322 ADMONlTIO
2054 264 2120 322 IN
2162 265 2421 322 TllACT.
2467 262 2615 320 XXX
2658 263 2745 321 ET
2786 263 2939 333 SEQ.
3617 268 3722 330 4η

316 405 470 474 piens
496 392 761 452 diabolus
790 390 1101 446 videretur.
1130 382 1244 454 Qui
1279 380 1524 436 consilio
1563 381 1835 437 hominem
1883 382 1982 436 de-
2011 388 2059 443 Λ
2092 382 2194 438 sibi
2235 393 2525 455 pararent,
2573 385 2771 455 quibus
2814 399 2913 455 pro
2958 394 3268 457 temporum
3313 358 3721 460 opportunitate

312 499 556 566 Ceperat,
582 487 828 545 consilio
877 482 1130 548 vincitur,
1167 486 1237 534 ut
1283 474 1578 547 quomodo
1627 476 1789 529 homo
1822 474 1900 547 (‘5)
1937 474 1990 529 in
2098 484 2430 541 uterentur,
2508 476 2716 530 notavit
2777 475 2930 531 Plato
3005 478 3059 533 in
3124 478 3467 536 Μειιθχθιηο,
3530 483 3723 539 εξορτο

317 586 574 661 paradiso
602 597 714 636 non
742 567 1440 648 cognoveratdiabolum,
1474 567 1555 622 sic
1580 577 1634 622 et
1661 566 1911 623 diabolus
1934 566 1989 623 in
2095 570 2257 641 epist.
2311 568 2349 624 5
2380 609 2399 637 ,
2454 568 2552 645 lib.
2599 584 2689 623 xvr
2742 568 2810 624 ad
2852 569 3091 625 Atticum
3141 581 3414 628 memorat
3466 574 3719 631 volumen

315 660 522 738 steculo
548 692 660 733 non
692 672 866 730 facile
895 669 1272 741 cognosceret
1303 660 1621 718 Christum.
2095 665 2522 735 prooemiorum,
2568 679 2632 718 ex
2673 678 2780 734 quo
2828 663 3031 735 eligere
3075 666 3309 734 solebat,
3337 682 3459 724 cum
3505 668 3720 741 aliquod

596 746 604 759 ί
924 762 1127 817 Desunt
1154 756 1401 827 reliqua.

2098 757 2432 837 σύγγραμμα
2492 759 2824 814 institueret.
2888 758 3023 815 Vide
3069 760 3237 817 etiam
3311 762 3405 818 lib.
3458 780 3511 819 ιχ
3561 763 3717 819 Fam.

851 901 1022 976 πε
1812 965 1827 973 ,
2096 868 2189 976 εει
2219 852 3058 976 E::‘:‘..flfi“:‘1;{it’:3filii
3091 870 3713 976 sessiones-

2096 961 2192 1017 pra
2232 945 2534 1016 sexaginta
2574 954 2869 1015 suppetunt
2914 946 3058 1003 inter
3090 948 3474 1005 Demosthenis
3513 965 3676 1021 opera
3702 994 3715 1017 ,

746 1040 802 1081 IN
829 1033 1155 1081 TRACTATUS
1184 1027 1533 1080 SEQUENTES.

2093 1055 2214 1111 qua:
2253 1041 2588 1096 brevissima
2632 1051 2789 1102 sunt;
2834 1051 2887 1097 et
2925 1042 3009 1098 his
3038 1059 3161 1099 eum
3208 1054 3481 1102 oratorem
3522 1061 3712 1117 usum,

393 1143 758 1214 BteliquiSunt
782 1134 1034 1194 nonnulli
1049 1133 1244 1188 breves
1259 1133 1573 1193 tractatus,
1593 1126 1685 1196 qui
1700 1126 1802 1182 etsi
1824 1124 1982 1179 variis

2094 1146 2256 1207 prout
2302 1135 2864 1212 occasio‘inciderct,
2922 1138 3309 1195 animadvertit
3355 1140 3718 1214 Hieronymus

321 1241 497 1299 titulis
523 1244 944 1311 praenotantur,
977 1242 1173 1285 omnes
1206 1236 1397 1282 tamen
1429 1220 1503 1274 ad
1556 1220 1705 1276 idem
1736 1219 1990 1291 paschale

2096 1228 2331 1284 Wolfius
2398 1228 2467 1283 ad
2541 1230 2821 1284 Lectorem
2891 1246 3012 1301 pag.
3085 1233 3210 1290 150.
3279 1233 3474 1301 Quidni
3540 1234 3717 1291 simile

323 1346 545 1404 tempus
577 1328 883 1401 pertinent,
926 1334 983 1380 et
1009 1316 1365 1393 baptismatis
1394 1326 1497 1404 per
1556 1311 1735 1369 hocce
1777 1322 1989 1383 tempus
2093 1320 2374 1392 quidpiam
2411 1321 2472 1379 S.
2525 1320 2674 1377 Zeno
2724 1321 3023 1378 rhetorices
3050 1334 3100 1379 et
3128 1326 3382 1379 oratoriae
3412 1324 3714 1396 disciplinae

322 1402 646 1485 Conferendi
700 1421 784 1475 vel
813 1417 999 1474 collati
1043 1414 1391 1469 intentionem
1424 1402 1550 1460 fere
1585 1406 1893 1471 continent,
1918 1421 1985 1461 ex

2092 1412 2258 1486 239
2296 1412 2745 1468 studiosissimus
2798 1414 2993 1469 fecisse
3051 1415 3202 1470 credi
3268 1424 3480 1485 potest,
3552 1426 3606 1470 ut
3659 1416 3711 1471 itt

322 1536 434 1594 quo
456 1518 623 1575 etiam
650 1513 816 1575 simul
843 1524 1039 1567 omnes
1060 1499 1410 1563 adferendos
1431 1496 1807 1554 credidimus-
1828 1497 1982 1565 Quod
2089 1504 2371 1577 paschalia
2405 1503 2549 1559 festa
2581 1506 2763 1574 plures
2789 1505 3055 1575 ejusmodi
3100 1504 3447 1576 praefationes
3479 1507 3706 1577 pararit,

322 1592 372 1674 si
393 1615 487 1686 qui
520 1618 789 1668 tractatus
818 1605 1070 1677 superius
1107 1595 1393 1666 descripti
1420 1592 1485 1686 ad
1517 1594 1720 1649 eadem
1755 1595 1984 1686 pascliaf

2088 1599 2329 1670 quibus,
2370 1609 2538 1668 prout
2593 1613 2679 1654 res
2732 1600 3121 1670 negotiumque
3169 1601 3489 1669 postularet,
3526 1608 3706 1653 utere—

326 1685 615 1767 liaiofllcia
660 1713 916 1775 Spectare
956 1697 1252 1758 videntur,
1299 1702 1419 1744 cum
1461 1685 1516 1741 in
1553 1686 1670 1742 illis
1701 1686 1879 1756 aliqua
1912 1685 1978 1741 ad
2014 1772 2047 1775 _
2092 1695 2214 1748 tur?
2262 1692 2419 1747 Hanc
2449 1693 2699 1748 fortassis
2730 1694 2782 1747 in
2822 1692 3150 1748 sententiam
3182 1690 3525 1770 Prwfationeg
3568 1705 3706 1746 non-

334 1816 535 1862 recens
577 1772 883 1870 baptizatos
918 1791 1201 1847 habeatur
1248 1780 1455 1844 oratio;
1490 1794 1599 1833 ιιοιι
1653 1789 1834 1833 lamell
1883 1794 1978 1833 ϐας
2011 1772 2058 1832 Β
2086 1788 2220 1842 ιιυῐιὶ
2251 1786 2528 1854 ejusmodi
2575 1795 2834 1841 tractatus
2867 1786 2919 1840 in
2966 1784 3355 1855 manuscriptis
3402 1791 3702 1849 vocantur;

329 1896 443 1953 huc
473 1892 734 1949 duximus
767 1882 1186 1943 transferendos
1207 1919 1227 1942 ,
1272 1888 1395 1927 cum
1428 1870 1509 1924 vel
1543 1870 1820 1941 longiores
1869 1873 1980 1928 sint

2087 1882 2158 1933 uti
2189 1890 2244 1934 et
2284 1879 2325 1934 S
2392 1877 2590 1933 Petrus
2618 1878 2990 1951 Cluysologus
3018 1892 3329 1933 sermonem
3358 1893 3428 1934 XL
3454 1877 3518 1931 de
3568 1875 3702 1929 bono

333 1989 543 2055 multo,
566 1995 623 2040 et
651 1983 722 2039 de
753 1982 1078 2051 baptismate
1110 1985 1231 2026 non
1264 1964 1370 2021 nisi
1400 1962 1577 2018 obiter
1599 1965 1975 2028 meminerint,

335 2082 430 2139 vel
460 2095 493 2135 a
519 2077 752 2151 proprio
798 2072 964 2129 titulo
995 2086 1087 2126 ex.
1118 2079 1209 2135 gr.
1256 2060 1312 2113 in
1343 2056 1574 2149 Isaiam,
1616 2057 1720 2151 sub
1748 2072 1858 2127 quo
1888 2057 1978 2112 alii

338 2150 615 2233 tractatus
644 2186 755 2225 non
783 2165 1077 2237 paschales
1098 2156 1402 2222 habentur,
1431 2150 1571 2205 haud
1595 2150 1981 2220 disjnngendos

340 2267 678 2343 putarimus.
706 2262 1048 2317 Brevitatcm
1073 2255 1483 2316 istorum,quos
1509 2242 1844 2314 sulijicimu‘,
1866 2246 1979 2314 βτί-

344 2336 440 2420 ine
469 2359 765 2416 miraberis
789 2354 1056 2412 fortasse,
1094 2345 1313 2404 Lector,
1347 2351 1460 2393 tum
1490 2353 1617 2391 veto
1642 2336 1804 2391 etiam
1830 2338 1983 2390 simi-

344 2455 645 2514 litudinem
670 2447 1072 2506 nonnullOrum
1098 2457 1112 2493 :
1162 2452 1281 2505 quae
1305 2433 1428 2487 diue
1457 2429 1801 2483 difficultates
1824 2443 1985 2498 quos-

348 2553 483 2607 dam
515 2550 590 2604 ita
605 2549 931 2603 moverunt,
958 2544 1020 2591 ut
1046 2530 1132 2586 vel
1156 2545 1221 2585 cx
1243 2525 1612 2597 linequidnam
1643 2524 1738 2589 illi,
1758 2534 1811 2578 et
1831 2522 1986 2592 cujus

351 2642 602 2698 auctoris
644 2640 782 2703 sint,
823 2636 1180 2704 ignorantes,
1224 2622 1292 2676 de
1342 2618 1612 2675 universis
1656 2617 1988 2673 Zenonianis

356 2734 709 2800 [melnllbu5,
756 2727 963 2800 quibus
996 2718 1077 2774 illi
1126 2717 1553 2787 permiscentur,
1603 2711 1985 2782 ambigendum

356 2830 726 2889 crediderim,
772 2829 845 2891 Ai
891 2820 995 2874 hos
1043 2812 1365 2885 prtesertim,
1406 2811 1452 2865 si
1496 2810 1777 2879 quisquam
1826 2807 1983 2875 alius,

359 2926 644 2982 Zenonem
677 2927 900 2976 certum
935 2920 1219 2966 auctorem
1253 2906 1477 2969 habere,
1508 2918 1573 2958 ex
1612 2902 1990 2973 antiquissimo

358 3017 630 3075 Remensi
690 3009 894 3068 codice
965 3000 1269 3057 luculenter
1326 2998 1614 3053 SLilttitttuS
1662 2996 1882 3051 dissert.
1935 3012 1987 3064 t,

361 3126 492 3181 cap.
524 3105 782 3163 5.1idem
837 3113 970 3153 vero
999 3095 1071 3148 ita
1117 3092 1301 3147 lllllltlS
1348 3100 1401 3144 et
1445 3088 1777 3155 antiquitatis
1824 3087 1986 3141 etiam

364 3180 636 3274 profante,
670 3205 727 3251 et
744 3202 1033 3248 sacrorum
1058 3185 1281 3248 rituum,
1302 3192 1354 3238 et
1384 3183 1651 3236 variorum
1675 3180 1983 3249 dogmatum

366 3289 715 3351 testimoniis
766 3286 1091 3356 plerumque
1125 3277 1306 3332 referti
1365 3286 1522 3339 sunt,
1566 3282 1622 3328 ut
1676 3273 1858 3337 nullis,
1904 3274 1986 3327 vel

366 3386 563 3460 paucis
618 3398 683 3438 ex
739 3373 1065 3433 tractatibus
1117 3370 1488 3439 longioribus,
1540 3369 1632 3438 qui
1658 3366 1795 3436 apud
1850 3365 1985 3421 alios

366 3459 593 3554 quoque
633 3477 828 3531 Patres
857 3472 1141 3539 leguntur,
1177 3464 1499 3528 concedant,
1533 3459 1983 3531 quemadmndum

369 3553 444 3633 ex
476 3576 595 3644 ipsa
644 3568 880 3625 lectione
931 3577 995 3616 ac
1047 3559 1305 3627 subjectis
1336 3555 1777 3609 adnotationibus
1810 3553 2007 3625 palam‘

373 3671 496 3724 fiet.
530 3662 855 3719 Brevitatem
886 3667 1050 3725 porro
1076 3661 1183 3705 tres
1205 3650 1351 3704 obses
1371 3649 1610 3704 rationes
1632 3647 1765 3703 satis
1791 3658 1986 3715 purga-

369 3763 541 3819 bunt.
575 3755 626 3810 ln
657 3751 849 3826 primis
881 3745 1155 3819 paschalia
1190 3742 1388 3808 officia,
1416 3742 1480 3796 ad
1513 3757 1633 3812 qua:
1656 3741 1691 3795 ii
1720 3746 1983 3794 tractatus

369 3857 654 3924 spectant,
685 3845 982 3915 longiorem
1016 3852 1327 3893 sermonem
1359 3852 1463 3890 non
1496 3833 1894 3905 permittebant,
1928 3842 1985 3886 ut

372 3948 533 4003 Zeno
561 3944 674 4011 ipse
692 3936 898 3993 monuit
927 3940 1086 3987 tract.
1117 3931 1188 3985 28
1220 3950 1228 3978 :
1261 3928 1561 3983 Memorato:
1576 3929 1731 3982 vinea:
1750 3926 1985 3998 disputa-

374 4040 480 4101 tio,
510 4033 707 4103 inquit,
738 4033 927 4100 fratres
969 4023 1314 4088 dilectissimi,
1342 4023 1492 4091 longe
1532 4022 1729 4091 lateque
1766 4017 1984 4085 di/Tusos

371 4129 575 4187 limites
602 4123 773 4187 habet,
811 4134 939 4188 quos
980 4132 1251 4187 peragrare
1290 4115 1587 4186 competenti
1626 4128 1853 4168 sermone
1897 4128 1985 4164 ur-

372 4221 614 4297 gentium
638 4224 1081 4271 sacramentorum
1104 4227 1205 4264 nou
1229 4211 1348 4263 sinit
1370 4209 1589 4280 pondus.
1626 4207 1982 4264 Verumtamen

381 4332 457 4373 ne
485 4315 542 4368 in
569 4321 673 4367 toto
701 4308 1000 4365 solemnitas
1023 4315 1203 4371 cesset,
1236 4305 1415 4374 paucis
1442 4307 1554 4377 ejus
1591 4304 1854 4371 degitslate
1878 4315 1987 4356 ser-

382 4424 599 4467 monem
628 4413 722 4461 :et
755 4402 1005 4458 similiter
1051 4408 1263 4454 tractat.
1296 4395 1362 4453 56
1400 4408 1450 4451 et
1478 4396 1547 4451 58
1582 4414 1593 4449 :
1627 4395 1850 4466 Tempus
1881 4411 1982 4449 non

374 4507 546 4567 sinit,
588 4504 806 4570 fratres,
852 4494 1063 4567 imagini
1107 4490 1322 4545 reddere
1365 4490 1643 4543 veritatem.
1697 4486 1898 4542 Deinde
1931 4487 1981 4541 Ιιὶ

377 4594 613 4672 proprie
645 4597 904 4645 tractatus
937 4582 1166 4640 habendi
1200 4596 1305 4636 non
1339 4591 1483 4642 sunt.
1510 4582 1602 4635 sed
1622 4582 1867 4652 quaedam
1891 4596 1977 4635 ve-

374 4692 483 4750 luti
529 4682 920 4741 Ecclesiastica:
952 4676 1327 4747 przefationcs.
1376 4690 1473 4730 seu
1517 4675 1874 4729 allocutiones
1913 4673 1979 4728 ad

377 4780 779 4857 baptizandos,
813 4776 897 4830 vel
930 4773 1238 4843 Neophytos
1279 4769 1473 4824 habita:
1500 4766 1518 4841 (
1546 4785 1650 4823 ttutt
1700 4768 1828 4822 nulli
1858 4769 1980 4838 qui-

374 4885 516 4941 dem
552 4876 684 4945 ipsis
721 4875 774 4927 in
815 4868 1090 4925 codicibus
1120 4862 1482 4933 Prtefationes,
1514 4876 1607 4915 seu
1642 4860 1981 4915 Inritationes

375 4966 851 5036 iuseribuntur)et
872 4974 1138 5031 tamquam
1163 4957 1433 5013 solemnes
1450 4953 1694 5023 quaedam
1709 4953 1973 5020 formulae,

373 5066 589 5143 quales
620 5061 777 5116 hodie
808 5036 1220 5114 intersolemnia
1249 5066 1397 5106 sacra
1430 5053 1499 5108 ab
1525 5050 1792 5119 episcopis
1820 5048 1975 5103 adhi-

378 5141 591 5219 lautitia!
637 5156 688 5208 in
723 5149 1018 5208 Pontilicali
1060 5147 1144 5200 vel
1194 5142 1389 5199 Rituali
1428 5152 1701 5197 notantur.
1731 5141 1885 5199 Unde
1914 5160 1982 5198 ex

378 5248 724 5312 Zenouianis
777 5233 969 5315 plures
1008 5238 1336 5294 transierunt
1380 5236 1431 5290 in
1469 5245 1649 5290 certas
1697 5236 1977 5300 formulas,

375 5359 533 5416 quas
561 5357 592 5396 a
638 5339 835 5393 nostris
866 5332 1204 5389 Antistitihns
1243 5328 1396 5384 statis
1427 5327 1747 5399 qnitntsdam
1791 5328 1981 5385 diebus

381 5444 686 5505 usurpatas
732 5446 798 5485 ex
852 5425 1213 5493 manuscripto
1254 5421 1505 5477 Remensi
1560 5422 1611 5477 in
1662 5422 1981 5493 prmfatione

379 5529 700 5589 docuimus.
733 5521 968 5577 Tandem
998 5516 1202 5587 magnis
1237 5514 1541 5570 oratoribus
1577 5514 1705 5570 illud
1749 5517 1800 5569 itt
1830 5531 1979 5571 more

378 5624 599 5683 fuisse,
630 5626 686 5671 ut
719 5616 864 5686 plura
916 5608 1197 5683 prnmmia,
1246 5608 1360 5661 sive
1400 5606 1623 5663 exordia
1670 5608 1974 5664 orationum

2015 3149 2070 3212 C.

2082 1971 2315 2026 Pastore
2346 1970 2399 2025 itt
2448 1973 2567 2041 ipso
2600 1971 2865 2028 orationis
2901 1985 3063 2025 cursu
3108 1973 3465 2042 praefationem
3505 1976 3698 2031 vocat,

2079 2075 2135 2120 et
2160 2065 2421 2120 similiter
2448 2066 2686 2137 appellat
2712 2079 3021 2120 sermonem
3046 2079 3273 2118 Lxxxvu
3300 2077 3366 2116 eo
3397 2074 3593 2125 sensu,
3645 2065 3705 2111 ut

2083 2162 2451 2235 praefationem
2493 2178 2591 2232 pro
2631 2162 2843 2217 exordio
2875 2160 3080 2215 dixisse
3106 2159 3374 2214 videatur.
3407 2154 3701 2211 Exordium

2081 2273 2225 2313 sane
2254 2257 2395 2313 inter
2418 2269 2650 2313 cwteros
2666 2272 2787 2312 esse
2810 2256 3180 2310 Zeuonianum
3206 2261 3366 2309 tract.
3398 2252 3489 2316 77,
3524 2248 3617 2303 lib.
3640 2262 3698 2310 ιι,

2083 2350 2377 2406 evidenter
2407 2351 2607 2406 ibidem
2650 2349 2990 2404 o~tcndimus
3020 2348 3208 2402 adnot.
3242 2347 3294 2400 l.
3338 2343 3448 2400 Sed
3484 2342 3554 2396 de
3582 2339 3705 2394 bre-

2085 2446 2282 2510 vitate,
2307 2460 2467 2515 quam
2503 2445 2554 2499 in
2577 2444 2783 2511 aliquot
2812 2442 2935 2495 aliis
2958 2440 3187 2494 aliorum
3215 2438 3435 2492 Patrum
3461 2432 3704 2490 tractati-

2085 2537 2212 2601 bus,
2250 2553 2345 2591 ex.
2395 2553 2482 2607 gr.
2514 2536 2658 2590 Petri
2695 2533 3014 2605 Chrysnlogi
3039 2573 3053 2596 ,
3086 2531 3145 2587 S.
3180 2530 3400 2597 Leonis,
3443 2537 3550 2584 etc.
3600 2525 3712 2581 de»

2092 2632 2440 2699 prehendere
2490 2646 2595 2684 non
2642 2629 2794 2683 valde
2836 2610 3162 2680 absimiliter
3216 2625 3377 2687 licet,
3437 2620 3700 2675 hactenus

2089 2724 2251 2777 satis.
2289 2724 2601 2779 Similitudo
2628 2734 2832 2787 autem,
2880 2736 3002 2791 qua:
3025 2721 3169 2776 inter
3200 2718 3495 2775 nonnullus
3528 2715 3701 2770 inter-

2090 2816 2276 2879 cedit,
2318 2818 2457 2872 adeo
2500 2827 2557 2871 ut
2597 2816 2817 2871 easdem
2862 2813 3164 2870 sententias
3191 2855 3204 2877 ,
3260 2812 3425 2867 inuno
3477 2808 3702 2864 totidem

2091 2908 2422 2978 quandoque
2469 2910 2633 2966 verba
2678 2909 2821 2972 duo,
2872 2908 2957 2962 vel
2992 2918 3101 2962 tres
3132 2914 3393 2960 tractatus
3435 2919 3499 2958 ex
3534 2900 3705 2972 subji-

2092 3000 2305 3056 ciendis
2335 3000 2599 3065 referant,
2626 3004 2667 3054 si
2701 2999 3009 3071 quempiam
3040 3006 3279 3064 moveat,
3302 2996 3354 3052 id
3380 3005 3706 3066 argumento

2092 3107 2215 3147 esse
2245 3091 2445 3157 debet,
2478 3093 2536 3148 S.
2571 3091 2846 3148 Zenonem
2895 3092 3080 3162 plures
3113 3092 3271 3144 unius
3321 3098 3585 3143 tractatus
3617 3090 3703 3144 vel

2091 3184 2445 3240 allocutiouis
2493 3183 2754 3240 formulas
2785 3186 3103 3254 scripsisse,
3153 3184 3239 3238 vel
3288 3184 3429 3253 quod
3483 3184 3655 3254 prima
3684 3225 3701 3251 ,

2089 3287 2182 3333 aut
2207 3278 2371 3333 etiam
2403 3278 2643 3333 secunda
2672 3294 2777 3332 non
2819 3277 3194 3343 satisfaceret,
3225 3277 3308 3331 vel
3332 3274 3475 3346 quod
3504 3276 3700 3330 eadem

2089 3387 2255 3442 Super
2284 3387 2345 3425 re
2376 3372 2536 3425 annis
2566 3371 2802 3440 singulis
2829 3370 3205 3440 disputaturos
3234 3369 3424 3423 iisdem
3457 3366 3612 3423 festis
3645 3377 3702 3423 et

2089 3464 2414 3519 lectionibus
2451 3463 2864 3519 recurrentibus
2881 3464 2945 3517 de
2974 3461 3181 3527 Exodo,
3213 3464 3276 3515 tle
3315 3459 3550 3522 Duniele,
3585 3469 3697 3515 etc.

2088 3560 2139 3630 (a
2163 3560 2363 3630 quibus
2404 3576 2470 3616 ex
2524 3558 2912 3614 Ecclesiastica
2952 3559 3244 3628 disciplina
3266 3602 3280 3621 ,
3312 3574 3432 3629 qua:
3465 3574 3556 3613 eas
3587 3557 3695 3612 lce-

2089 3652 2264 3706 ti0ues
2285 3651 2338 3705 in
2372 3652 2648 3723 baptismi,
2676 3654 3134 3725 etc.,symbblum
3163 3652 3491 3717 instituerat,
3517 3650 3694 3705 disce.

2086 3744 2215 3801 dere
2230 3743 2644 3816 haudquaquam
2674 3739 2914 3822 licebat),
2939 3750 3128 3802 eadem
3151 3748 3333 3803 dicere
3357 3764 3420 3802 ex
3447 3751 3693 3813 tempore

2088 3841 2168 3894 vel
2209 3840 2372 3896 etiam
2402 3843 2645 3898 scribere
2683 3856 3011 3912 cogeretur,
3064 3844 3336 3915 aliquibus
3365 3844 3564 3898 additis
3603 3844 3688 3898 vel

2088 3936 2326 3999 mutatis,
2350 3945 2406 3989 ut
2429 3951 2497 3991 ne
2524 3937 2715 3992 eadem
2740 3940 2962 3993 omnino
2988 3949 3384 4009 repeterentur.
3411 3937 3691 3994 Addamus

2086 4029 2247 4082 etiam
2272 4028 2581 4099 Sparaverii
2610 4031 3140 4087 animadversionem
3174 4048 3238 4088 ex
3278 4032 3627 4086 adnotatione
3655 4032 3690 4087 4

2087 4122 2138 4175 itt
2172 4131 2330 4176 tract.
2355 4122 2426 4176 96
2451 4140 2463 4175 :
2485 4122 2688 4177 Totiens
2713 4126 2808 4179 ista
2854 4126 3056 4191 repetit,
3084 4137 3140 4179 ut
3169 4126 3325 4179 videri
3350 4125 3533 4193 possit,
3557 4127 3690 4180 tanti

2085 4215 2277 4285 ingenii
2306 4217 2470 4270 virum
2502 4226 2921 4287 argumentorum
2956 4220 3174 4291 penuria
3202 4219 3482 4272 laborasse.
3514 4218 3580 4271 At
3609 4220 3690 4272 vir

2086 4310 2321 4363 doctrina
2344 4320 2390 4363 et
2414 4321 2600 4379 pietate
2626 4311 2846 4381 insignis
2869 4312 3165 4382 prtemaluit
3190 4310 3581 4363 mstimationem
3604 4312 3689 4364 sui

2087 4402 2357 4465 vilescere,
2387 4417 2541 4471 quam
2586 4402 2637 4454 in
2681 4400 2914 4455 Ecclesia
2963 4418 3133 4457 semen
3168 4401 3433 4454 verborum
3472 4416 3686 4456 suorum

2088 4494 2435 4566 supprimere.
2489 4494 2608 4547 Non
2658 4496 2884 4565 quotidie
2920 4496 3021 4548 ista
3056 4496 3420 4564 expromebnt,
3466 4496 3556 4548 sed
3595 4505 3686 4550 aut

2087 4593 2389 4658 quotannis,
2435 4598 2524 4641 aut
2547 4589 2694 4641 statis
2717 4590 2840 4642 anni
2874 4588 3211 4655 temporibus,
3241 4598 3333 4642 aut
3363 4588 3544 4657 forsan
3564 4591 3684 4643 lan-

2085 4681 2312 4754 gioribus
2333 4724 2348 4748 ,
2395 4692 2447 4735 ut
2477 4680 2805 4735 audientibus
2851 4699 2953 4735 non
2986 4685 3164 4751 futura
3209 4683 3362 4752 fuerit
3393 4683 3599 4757 ingrata
3625 4701 3685 4737 ea

2084 4778 2339 4849 repetitio,
2373 4779 2521 4850 cujus
2538 4778 2652 4847 jam
2679 4777 2810 4830 alias
2842 4780 2993 4846 facta:
3019 4793 3117 4831 non
3144 4787 3382 4845 poterant
3411 4786 3501 4829 aut
3529 4777 3682 4840 scire,

2083 4882 2172 4925 aut
2203 4871 2498 4925 meminisse
2525 4885 2544 4924 :
2571 4886 2672 4940 qua
2721 4864 2916 4939 ﬁducia
2960 4879 3155 4941 tempus
3184 4870 3235 4923 in
3286 4870 3684 4939 fructuosiorem

2090 4964 2184 5019 Dei
2210 4965 2405 5019 cultum
2433 4964 2856 5034 impendendum,
2896 4978 3138 5016 novorum
3157 4974 3574 5034 argumentorum
3603 4966 3684 5018 in-

2084 5058 2310 5112 ventioni
2335 5069 2484 5127 atque
2512 5056 2779 5126 exquisitis
2805 5054 3069 5109 verborum
3096 5055 3384 5122 lenociniis,
3438 5073 3679 5129 quorum,

2083 5149 2127 5204 si
2151 5165 2278 5220 Opus
2309 5151 2463 5219 foret,
2493 5164 2593 5200 non
2626 5148 2867 5220 indignus
2920 5159 3027 5200 erat
3050 5196 3062 5213 ,
3099 5147 3415 5202 subtraxisse
3442 5148 3684 5202 credibile

2084 5252 2181 5295 est.
2210 5241 2476 5294 Praeterea
2503 5237 2642 5307 apud
2761 5240 2996 5294 Leonem
3029 5240 3229 5308 aliquot
3274 5242 3514 5310 reperire
3569 5240 3682 5308 epi-

2091 5335 2264 5391 stolas
2294 5334 2441 5399 licet,
2476 5349 2597 5404 qua:
2628 5335 2817 5403 paucis
2846 5333 3047 5389 additis
3070 5335 3152 5388 vel
3186 5336 3404 5389 mutatis
3440 5351 3543 5387 uutt
3575 5343 3680 5387 tam

2087 5427 2302 5483 easdem
2335 5425 2635 5481 sententias
2660 5467 2673 5490 ,
2705 5426 2800 5481 sed
2829 5427 3018 5483 eadem
3047 5441 3259 5497 quoque
3287 5427 3447 5480 verba
3495 5426 3681 5479 simili-

2089 5529 2171 5575 ter
2199 5520 2473 5583 referunt,
2530 5536 2630 5575 nec
2672 5534 2776 5575 non
2806 5537 2870 5575 cx
2901 5520 3245 5577 sermonibus
3276 5518 3582 5577 nnntudlos,
3612 5533 3678 5571 ex

2085 5614 2281 5685 quibus
2321 5616 2485 5670 multa
2536 5617 2587 5671 in
2620 5616 2875 5687 epistolas
2904 5617 2968 5668 ad
3003 5616 3223 5669 verhum
3264 5616 3507 5668 traducta
3537 5611 3683 5665 inve-

465 5737 548 5810 (ὃ)
581 5734 706 5810 Mss.
736 5731 988 5810 ιὶίξη-ξηεξιΔ
1012 5723 1625 5810 Ρρςιτηνίηνραντξᾴἱδτιηι
1654 5764 1667 5789 ,
1702 5740 1819 5795 qna-
1867 5725 2026 5783 leCtio
2053 5728 2097 5784 si
2139 5731 2393 5801 genuina,
2441 5740 2590 5788 esset
2613 5730 2855 5803 ejusdem
2884 5723 3100 5801 gelteris
3127 5724 3188 5782 a'c
3230 5724 3335 5783 illuc
3374 5729 3441 5784 de
3492 5711 3687 5796 quibuis

373 5792 603 5885 égi‘tnlus
628 5802 804 5861 adnot.
835 5799 869 5855 5
896 5800 948 5855 itt
974 5801 1132 5853 tra‘ct.
1165 5792 1252 5859 15,
1289 5793 1383 5851 lib.
1417 5792 1477 5846 tt:
