4230 6168
523 203 631 258 475

1882 195 2103 256 SANCT
2106 196 2129 255 1
2166 196 2459 265 ZENONIS

3714 204 3823 261 47ίὶ

526 319 664 385 nies,
692 326 745 381 ut
776 332 840 372 ex
866 316 1173 387 novissima:
1198 315 1453 370 editionis
1485 314 1854 369 natationibus
1876 314 1941 369 ad
1974 328 2117 369 mar—
2142 314 2196 379 Α
2221 313 2384 368 citatis
2402 333 2412 367 :
2432 313 2649 383 tandem
2668 321 2923 369 tractatus
2953 311 3020 369 l5
3044 314 3108 369 de
3138 312 3349 376 Exodo.
3386 324 3431 369 et
3455 314 3488 370 9
3514 316 3579 370 de
3605 314 3828 370 Dattiele

522 411 705 483 ginem
728 424 1039 466 sermonum
1058 423 1120 465 ac
1142 407 1496 481 epistolarum
1520 407 1783 480 appositis
1800 422 2117 479 cognosces.

522 504 661 561 Vide
700 504 804 558 alia
835 501 1079 576 quaedam
1128 502 1181 556 in
1230 500 1371 558 hanc
1412 501 1660 571 eamdem
1703 517 1817 556 rem
1849 500 2119 570 disputata

523 597 738 654 dissert.
788 596 841 650 1.
878 610 996 663 cap.
1030 594 1087 661 2,
1123 594 1152 667 §
1183 594 1239 648 2.
1270 594 1609 649 Postremum
1642 592 1808 666 (quod
1847 591 1913 647 ad
1942 591 2117 663 plura,

521 705 645 764 quae
669 689 866 761 opponi
898 696 1151 763 possent,
1199 686 1524 742 vindicanda
1554 686 1789 741 maxime
1819 685 2118 755 pertinens,

526 786 576 863 in
602 784 841 857 generali
868 782 1186 857 prcefatione
1214 781 1672 837 considerandum
1701 779 2120 852 proposuimtts)

519 878 623 937 alia
646 876 785 933 ratio
808 876 1056 933 habenda
1085 885 1167 930 est
1190 890 1526 941 sermonum,
1560 875 1651 946 qui
1681 874 1749 929 ab
1776 874 1906 949 ipsis
1933 884 2123 927 aucto-

518 970 670 1026 ribus
697 971 909 1026 collecti
941 978 996 1025 et
1022 966 1153 1024 editi
1183 980 1310 1023 sunt
1334 1009 1350 1036 ,
1405 969 1511 1023 alia
1559 982 1746 1023 eorum
1777 1009 1791 1035 ,
1846 981 1985 1036 quos
2024 965 2115 1020 alii

521 1058 647 1143 post
674 1076 958 1124 auctorum
983 1076 1217 1122 mortem
1249 1081 1317 1121 ex
1345 1067 1583 1137 ipsorum
1609 1065 1823 1121 schedis
1854 1064 2120 1121 collectos

519 1162 953 1234 promulgarunt.
994 1158 1129 1216 Cum
1180 1169 1432 1215 auctores
1488 1159 1778 1215 ediderunt
1819 1172 1957 1225 sna,
2014 1174 2119 1215 non

519 1255 625 1310 nisi
689 1254 966 1315 elaborata
1009 1295 1023 1319 ,
1079 1254 1340 1325 perpolita
1406 1262 1459 1307 et
1511 1252 1745 1322 perfecta
1796 1250 2117 1318 ediderunt,

522 1348 801 1417 inquibus
846 1345 1073 1418 proinde
1107 1345 1241 1400 nihil
1291 1346 1611 1416 repetitum,
1660 1344 1897 1400 hiulcum
1950 1344 2117 1415 nihil,

521 1440 654 1495 nihil
682 1439 934 1495 mutilum
963 1439 1064 1508 legi
1090 1438 1252 1505 solet,
1282 1446 1341 1492 ut
1373 1436 1554 1492 videre
1580 1446 1665 1492 est
1692 1436 1744 1491 in
1779 1437 1839 1492 S.
1867 1435 2119 1490 Gauden-

521 1534 577 1590 tii
609 1534 946 1603 tractatibus,
975 1548 1115 1604 quos
1160 1532 1274 1602 ipse
1308 1530 1371 1585 ad
1406 1530 1722 1585 Benivolutn
1775 1530 1965 1585 eodem
2010 1545 2119 1600 quo

514 1628 724 1685 Auctor
754 1636 960 1691 noster,
983 1623 1182 1694 δείξεως)
1205 1622 1445 1677 tradidit.
1470 1621 1538 1676 At
1565 1638 1685 1676 cum
1716 1621 1804 1675 alii
1834 1619 2114 1675 collectio-

2222 408 2276 461 in
2300 406 2568 480 paschale,
2604 407 2695 478 qui
2725 420 2916 461 omnes
2946 406 3220 477 paschalis
3246 406 3368 462 festi
3388 408 3507 462 (vel
3536 407 3830 479 baptisma-

2227 503 2295 556 tis
2326 502 2617 573 imaginem
2660 516 2724 555 ex
2758 499 2927 556 Exodi
2967 499 3051 557 vel
3102 499 3343 554 Danielis
3386 499 3706 557 lectionibus
3738 516 3834 556 so-

2223 595 2389 651 lemni
2438 596 2543 651 rittt
2587 596 2729 651 inter
2772 610 2924 651 sacra
2953 594 3128 650 officia
3162 596 3404 651 recitatis
3436 596 3648 666 egregie
3677 594 3828 651 refe-

2225 701 2369 747 runt.
2418 689 2475 745 In
2508 691 2591 746 bis
2645 690 2965 745 tractatibus
3016 704 3111 743 seu
3142 689 3561 744 allocutionibus
3599 688 3830 767 edendis

2225 784 2723 855 manuscriptorum
2754 783 2941 837 titulos
2960 823 2973 846 ,
3004 798 3127 837 cum
3156 788 3473 837 constantes
3495 796 3597 836 non
3623 783 3734 835 sint
3759 796 3831 837 ne

2224 879 2279 936 in
2312 880 2378 935 iis
2408 878 2625 950 quidem
2662 878 2978 932 tractatibus
3000 916 3019 946 ,
3047 877 3137 947 qui
3170 876 3359 943 eadem
3390 874 3500 930 fere
3531 875 3690 931 verba
3712 917 3727 942 ,
3759 892 3832 931 ne

2225 975 2351 1030 dum
2386 974 2690 1029 sententias
2722 971 3004 1035 exhibent,
3037 970 3208 1026 secuti
3230 984 3447 1041 semper
3476 985 3579 1023 non
3612 984 3829 1035 sumus,

2224 1067 2631 1137 editionumque
2687 1065 3071 1134 inscriptiones
3124 1063 3296 1134 magis
3348 1076 3642 1133 congruere
3695 1063 3832 1116 visa:

2224 1167 2382 1224 sunt,
2415 1168 2473 1212 ιιι
2494 1173 2559 1212 ex
2598 1153 3045 1211 adnotationibus
3068 1154 3119 1207 in
3148 1152 3369 1221 eosdem
3404 1151 3585 1208 titulos
3611 1151 3829 1224 pel'Spi-

2223 1268 2381 1307 cuum
2416 1252 2525 1306 lict.

2704 1381 3033 1438 TRACTAT
3042 1380 3127 1438 US
3164 1379 3335 1436 XXX.

2632 1496 2712 1569 (l)
2747 1496 2991 1551 lnvitatio
3021 1498 3089 1551 ad
3116 1499 3308 1569 fontem
3366 1496 3409 1552 l.

2294 1638 2605 1703 Exsultate,
2642 1638 2856 1704 fratres,
2906 1638 2957 1693 in
2989 1636 3226 1704 Christo,
3261 1638 3513 1708 omnique
3554 1635 3836 1707 desiderio,

518 1737 642 1777 ueni
673 1721 852 1776 fecere
877 1762 891 1787 ,
926 1729 1035 1781 tum
1071 1734 1169 1791 pro
1198 1727 1483 1773 auctorum
1522 1717 1717 1772 merito
1746 1725 1801 1771 et
1838 1716 2115 1770 existima-

2226 1733 2595 1794 convolautes,
2632 1730 2873 1787 cmlestia
2896 1730 3034 1786 dona
3069 1732 3350 1801 percipite.
3384 1729 3502 1791 Jam
3555 1745 3649 1786 vos
3677 1746 3833 1791 seru-

519 1814 691 1879 tione,
722 1827 840 1882 quae
872 1811 1014 1882 apud
1040 1812 1363 1881 collectores
1387 1809 1691 1873 obtinebat,
1720 1807 1900 1878 colligi
1930 1818 2120 1879 potue-

518 1914 647 1958 runt
679 1919 743 1958 ex
770 1901 989 1958 schedis
1016 1903 1219 1956 omnia.
1248 1916 1602 1972 qumcumque
1634 1900 2003 1966 invenissent,
2036 1914 2119 1955 re-

521 1998 682 2068 petita
707 1997 897 2062 etiam,
923 1994 1107 2050 mutila
1130 2004 1184 2049 et
1207 1994 1377 2058 rudia,
1411 2007 1531 2064 qua:
1551 2001 1819 2058 auctores,
1852 1993 1895 2045 si
1919 1990 2121 2047 adfuis-

520 2100 676 2158 sent,
730 2088 1035 2160 rejicienda
1098 2089 1174 2144 vel
1244 2088 1570 2159 perficienda
1616 2092 1913 2158 putassent.
1948 2086 2118 2141 Tanta

521 2193 703 2239 autem
730 2182 967 2237 Zenonis
986 2181 1149 2248 fama,
1174 2192 1226 2238 et
1247 2182 1386 2252 apud
1406 2196 1595 2237 omnes
1616 2181 1931 2250 obsequium
1953 2180 2119 2239 fuisse

523 2277 755 2342 videtur,
789 2284 847 2331 ut.
872 2276 1137 2331 collector
1168 2276 1414 2348 religioni
1446 2275 1663 2331 duxerit
1690 2275 1823 2331 nihil
1856 2278 2115 2347 abjicere,

522 2369 665 2442 quod
697 2370 816 2440 ejus
852 2367 1015 2443 240
1040 2369 1090 2423 in
1115 2368 1333 2425 st-ltedis
1373 2370 1670 2439 repererit;
1728 2378 1785 2425 et
1827 2369 1950 2425 hinc
1977 2380 2121 2425 trac-

518 2473 666 2535 tatus
698 2463 882 2533 plures
905 2463 1165 2532 repetitos
1193 2462 1340 2529 licet,
1397 2462 1615 2516 mutilos
1644 2461 1973 2533 minimeque
1998 2479 2120 2535 per-

524 2555 697 2613 fectos
725 2555 1033 2611 collectioni
1056 2556 1375 2614 inserendos
1408 2557 1759 2611 existimavit.
1791 2557 1945 2637 Nunc
1968 2568 2026 2614 ut
2052 2559 2120 2615 de

524 2651 719 2709 ordine
749 2652 937 2707 horum
993 2658 1341 2717 tractatuum,
1388 2650 1480 2722 qui
1535 2650 1599 2704 ad
1632 2650 1905 2720 paschalia
1938 2652 2116 2708 officia

525 2748 819 2818 pertinent,
867 2745 1069 2816 aliquid
1125 2747 1390 2808 dicamus,
1436 2756 1707 2817 ponentur
1764 2748 1940 2817 primo
1993 2747 2117 2802 loco

477 2878 481 2887 .
527 2839 863 2894 lnvitationes
889 2838 959 2891 ad
984 2842 1177 2910 fontem
1199 2853 1306 2892 una
1335 2853 1456 2891 cum
1481 2837 1692 2911 duobu§
1719 2838 2034 2892 tractatibus
2052 2838 2121 2894 de

531 2934 745 3006 psalmo
774 2949 890 3000 xu,
921 2934 1013 3004 qtti
1053 2948 1175 2988 cum
1209 2934 1401 2987 eodem
1438 2931 1702 2993 recidant,
1735 2931 1927 2986 eodem
1965 2932 2123 2988 titulo

528 3026 894 3084 inscribeutur
926 3044 940 3093 ;
978 3036 1162 3098 postea
1197 3035 1456 3081 tractatus
1486 3034 1692 3099 septem
1724 3025 1792 3080 ad
1820 3025 2121 3100 Neaphytos

2223 1830 2425 1901 piterni
2459 1828 2624 1883 fontis
2656 1827 2803 1882 calor
2825 1826 3079 1881 salutaris
3102 1826 3312 1883 invitat.
3348 1824 3467 1881 Jam
3498 1835 3671 1881 mater
3702 1842 3837 1893 nos-

2225 1931 2303 1976 tra
2337 1921 2418 1991 (2)
2448 1920 2694 1991 adoptat,
2728 1929 2787 1975 ut
2811 1920 3017 1989 pariat:
3051 1919 3144 1974 sed
3174 1933 3281 1974 non
3311 1934 3373 1975 ea
3402 1920 3546 1990 lege,
3578 1934 3682 1989 qua
3731 1933 3837 1993 vos

2221 2024 2424 2069 matres
2449 2024 2645 2068 vestrae
2671 2019 3019 2082 pepererunt,
3045 2027 3165 2082 qum
3186 2023 3237 2065 et
3272 2012 3405 2084 ipsa;
3424 2021 3610 2082 partus
3637 2010 3837 2070 dolore

2221 2114 2522 2176 gementes,
2551 2113 2605 2162 et
2636 2120 2731 2160 vos
2756 2105 3053 2175 plorantes,
3082 2103 3357 2171 sordidos,
3377 2104 3567 2176 pannis
3594 2106 3837 2165 sordidis

2222 2197 2496 2269 alligatos,
2527 2197 2649 2253 huic
2672 2196 2873 2252 mundo
2896 2196 3173 2257 dedititios
3202 2196 3548 2263 intuieruut;
3582 2196 3678 2255 sed
3706 2197 3834 2257 Iazta

2226 2288 2304 2362 (3)
2334 2289 2631 2361 gaudentes
2650 2332 2665 2355 ,
2697 2288 2934 2344 caelestis
2955 2331 2969 2354 ,
3001 2287 3166 2344 libera
3199 2290 3431 2359 peccatis
3460 2287 3617 2365 ιιι
3646 2290 3834 2345 οιηιιί-

2221 2382 2324 2437 bus
2356 2381 2655 2446 absolutos,
2687 2396 2792 2436 non
2824 2380 3023 2437 faetidis
3044 2381 3220 2445 cunis,
3252 2381 3346 2436 sed
3376 2396 3539 2457 suave
3568 2381 3832 2445 redolen-

2222 2476 2364 2531 tibus
2402 2476 2541 2532 sacri
2571 2475 2758 2529 altaris
2788 2473 3016 2529 feliciter
3047 2475 3123 2546 (4)
3170 2476 3474 2530 cnutritura
3516 2474 3779 2535 cancellis
3815 2490 3829 2531 :

2225 2584 2321 2640 per
2342 2568 2629 2624 Dominum
2656 2578 2901 2624 nostrum
2934 2565 3121 2622 Jesum
3150 2565 3449 2625 Christum.

2652 2696 2655 2697 ⁷
2693 2702 3107 2760 TRACTATUS
3149 2702 3346 2760 XXXI.

2689 2818 2931 2874 Invitatio
2957 2820 3025 2873 ad
3050 2822 3242 2891 fontem
3295 2818 3361 2875 ll.

2295 2934 2410 2990 Jam
2457 2934 2676 3005 jamque
2696 2933 2843 2989 dieto
2866 2933 3026 2988 citius
3057 2933 3135 3004 (1)
3166 2933 3432 2988 u-thereas
3457 2942 3639 3004 portas
3665 2975 3679 3000 ,
3714 2932 3826 2988 fra-

2224 3036 2357 3095 tres,
2398 3028 2625 3091 intrate;
2665 3026 2964 3097 atternique
2993 3026 3219 3097 gurgitis
3255 3026 3407 3082 alveo
3436 3026 3655 3097 genitali
3693 3041 3832 3080 con-

525 3130 639 3192 post
669 3119 963 3192 baptisma;
1019 3118 1218 3174 deinde
1250 3125 1507 3173 tractatus
1538 3132 1730 3172 novem
1764 3117 1827 3173 de
1852 3115 1951 3172 Dia
1993 3138 2114 3193 pas-
2146 3114 2191 3176 Ο
2223 3122 2412 3177 dentes
2438 3163 2451 3185 ,
2488 3118 2566 3193 (2)
2599 3120 2761 3175 ullam
2797 3136 2895 3191 pro
2922 3121 3169 3192 personis
3196 3121 3408 3191 operari
3447 3135 3513 3176 ne
3544 3122 3835 3187 aestimetis

597 3283 1060 3339 Tnac'r.XXX.—
1080 3282 1157 3354 (t)
1183 3281 1389 3336 Prmter
1418 3280 1558 3354 hanc
1583 3278 1831 3354 i_nserip.,
1862 3296 1983 3354 qua!
2012 3291 2124 3337 tum

527 3355 580 3410 in
620 3366 904 3414 mss..tum
931 3355 983 3409 in
1003 3351 1096 3409 ed.
1132 3351 1362 3417 Occurrit
1385 3395 1399 3417 ,
1431 3351 1553 3407 cod.
1587 3351 1742 3405 Rem.
1776 3353 2123 3422 marginaletn

526 3426 793 3496 ejusmodi
816 3427 1085 3481 rubricam
1108 3427 1326 3479 exhibet
1351 3445 1362 3480 :
1388 3422 1454 3477 In
1476 3423 1641 3495 prima
1671 3424 1899 3496 symbolo
1928 3426 1981 3479 in
2011 3442 2119 3480 am-

527 3495 652 3551 boue
672 3514 702 3550 a
721 3496 978 3567 Ponti/ire
1000 3498 1169 3565 pueris
1201 3497 1489 3561 recitando;
1513 3511 1631 3567 qua:
1654 3495 1864 3549 rubrica
1892 3505 1945 3550 ιιι
1966 3498 2122 3552 intel-

528 3569 744 3639 ligatur,
764 3566 901 3623 scirn
929 3575 1145 3639 oportet
1173 3567 1476 3639 symbolum
1505 3566 1691 3620 eiectis
1718 3567 2121 3639 catccltutnenis

528 3636 780 3694 traditum
834 3638 997 3694 fuisse
1038 3638 1105 3691 ab
1148 3638 1453 3706 Episcopo,
1500 3649 1622 3692 eum
1673 3636 1740 3689 ad
1791 3636 2118 3704 baptismum

526 3710 929 3779 suscipiendum
970 3710 1079 3779 apti
1104 3710 1329 3777 judicati
1360 3709 1606 3763 fuissent.
1637 3708 1755 3773 Quo
1790 3708 1840 3761 id
1865 3709 1954 3764 die
1981 3726 2119 3779 pra:-

525 3783 770 3851 stitntum
801 3783 900 3843 sit,
932 3781 1227 3836 universim
1257 3780 1480 3851 delinire
1520 3793 1623 3833 non
1656 3780 1816 3833 licet:
1850 3780 1942 3834 alii
1975 3784 2117 3836 enim

525 3850 804 3908 Dutninica
828 3853 1131 3907 Palmarum
1155 3895 1167 3915 ,
1204 3852 1293 3905 alii
1344 3850 1471 3904 feria
1502 3859 1689 3918 quarta
1724 3862 1841 3920 post
1873 3860 2117 3921 quartam

528 3923 865 3979 Dominieam
916 3924 1393 3993 Quadragesimzr,
1440 3922 1530 3974 alii
1581 3922 1702 3993 aliis
1751 3922 1942 3977 diebus
1996 3935 2120 3980 ante

529 3994 734 4050 Pascha
767 3995 897 4050 illud
926 3992 1231 4057 tradebant,
1273 4003 1331 4048 ιιι
1355 3994 1609 4047 observat
1639 3992 1700 4046 P.
1731 3994 1971 4049 Martene
1998 3994 2032 4049 l.
2079 4012 2118 4062 ι,

524 4081 574 4123 c.
620 4066 670 4131 l,
700 4076 802 4121 art.
847 4067 906 4121 ll
944 4076 997 4119 et
1024 4081 1176 4137 seqq.
1209 4064 1313 4120 Alii
1342 4064 1505 4120 etiam
1538 4066 1735 4137 semel,
1782 4064 2006 4137 aliigbis.
2034 4075 2116 4123 ter

523 4137 613 4191 alii
645 4136 769 4192 illud
814 4136 1048 4201 dabant,
1095 4135 1153 4191 ut
1190 4138 1329 4190 idem
1360 4135 1770 4200 animadvertit;
1804 4144 1858 4189 et
1889 4135 2114 4193 Verona:

523 4209 741 4279 quidem
766 4209 965 4278 pluries
991 4209 1173 4263 datum
1202 4224 1268 4263 ex
1302 4209 1400 4261 hac
1421 4207 1701 4277 marginali
1745 4209 1957 4261 rubrica
1980 4250 1993 4272 ,
2024 4211 2111 4264 tthi

523 4281 678 4350 primi
700 4279 916 4352 syntboli
948 4282 1007 4335 lit
1035 4282 1263 4345 mentio,
1289 4279 1631 4349 apertissime
1660 4279 1951 4348 colligitur.
1975 4281 2115 4337 Ante

521 4352 750 4423 symbolt
796 4362 977 4408 autem
1034 4352 1377 4406 traditionem
1418 4358 1721 4423 tractatum
1770 4352 2002 4423 aliquem
2045 4353 2112 4407 ab

522 4421 782 4491 e'pisc0po
817 4423 1055 4477 habitqu
1088 4423 1363 4479 insinuant
1395 4422 1479 4477 illa
1529 4421 1801 4477 Ambrosii
1821 4423 1981 4486 epist.
2015 4424 2107 4489 20,

522 4493 587 4566 ad
609 4492 993 4566 (Mareellinam
1045 4512 1057 4548 :
1086 4494 1330 4566 Sequenti
1356 4494 1437 4548 die
1466 4493 1485 4565 (
1509 4503 1615 4549 erat
1643 4505 1809 4547 autent
1837 4492 2113 4549 Dominica

526 4563 863 4638 Palmarum)
888 4578 999 4629 post
1030 4563 1269 4638 lectiones
1299 4577 1343 4638 et
1399 4563 1672 4619 tractatum
1712 4566 1951 4638 (dimissis
1979 4578 2115 4620 cate-

521 4638 784 4691 clmmenis
812 4636 1100 4707 symbolum
1129 4637 1386 4707 aliquibus
1416 4637 1813 4706 competentibus
1843 4638 1895 4690 in
1919 4636 2112 4704 baptis-

522 4655 784 4691 cuumems
812 4656 836 4691 s
877 4655 1100 4691 meatum
1129 4655 1386 4707 auqutous
1416 4655 1813 4706 competentiam
1843 4655 1895 4690 tu
1919 4655 2112 4704 Daptts-

522 4708 662 4761 teriis
689 4655 948 4763 tradezam
977 4708 1223 4764 basilica.
1259 4709 1572 4765 Tractatum
1602 4718 1782 4779 autem
1813 4708 1953 4762 hunc
1972 4711 2112 4779 epis-

522 4794 687 4851 copos
717 4779 1062 4836 Veronenses
1084 4791 1208 4835 ante
1236 4781 1579 4835 traditionem
1609 4776 1850 4848 ejusdem
1882 4776 2111 4851 symboli

524 4849 577 4903 in
604 4851 833 4906 ambune
851 4853 1111 4908 recitasse
1141 4868 1205 4907 ex
1232 4853 1445 4907 rubrica
1476 4851 1688 4907 laudata
1710 4849 2111 4920 cognoscimus.

485 4996 499 5010 ,
596 4942 676 5014 (2)
716 4944 957 4999 Ecclesia
989 4953 1161 5000 mater
1191 4945 1541 5014 baptizandos
1569 4945 1803 5013 adoptat,
1838 4953 1894 4998 ut
1923 4944 2115 5013 pariat,

525 5025 806 5083 propterea
838 5016 980 5085 quod
1010 5031 1107 5071 eos
1135 5018 1388 5084 suscipit,
1421 5026 1478 5072 ut
1516 5030 1673 5081 suos,
1712 5024 1769 5071 et
1800 5016 1941 5075 inter
1968 5026 2115 5071 cate-

523 5085 823 5159 chumenos
877 5087 1085 5159 recipit
1116 5098 1277 5159 atque
1328 5090 1591 5155 instituit,
1640 5103 1843 5158 eosque
1901 5087 2116 5159 tandem

523 5158 685 5239 parit.
741 5172 864 5214 cum
930 5157 1026 5229 per
1079 5157 1415 5231 baptismatis
1475 5157 1872 5217 sacramentum
1899 5157 2118 5214 Christo

520 5234 707 5298 gignit.

594 5300 674 5369 (ὅ)
719 5300 951 5378 Legeret
977 5301 1206 5362 fortasse
1241 5308 1506 5378 quispiam
1539 5307 1817 5377 gaudentes
1849 5302 2075 5358 caelestes
2101 5345 2116 5368 ,

521 5372 727 5452 liberos,
758 5376 978 5452 peccatis
1003 5379 1236 5452 omnibus
1260 5372 1770 5452 'absolutos'(uuale§
1803 5389 1929 5426 vere
1947 5377 2120 5452 fiunt,

520 5445 907 5535 quiﬂbaptisma
940 5446 1278 5524 suseipiunt)
1314 5462 1369 5504 ttt
1399 5445 1673 5535 oppos‘i‘tio
1703 5446 1879 5517 aliqua
1914 5447 2002 5535 sit.
2027 5447 2122 5535 atl-

512 5515 727 5591 jectivis
755 5518 975 5572 totidem
1009 5515 1165 5591 antea
1196 5515 1508 5591 propositis,
1545 5515 1828 5591 plorantes,
1848 5516 2116 5591 (sordidos,

519 5589 706 5665 pannis
729 5590 981 5665 _sordidis
1020 5589 1284 5665 alligatos,
1302 5589 1440 5646 'huic
1466 5589 1663 5647 mundo
1692 5589 1979 5665 dedititios.
2013 5590 2123 5665 Sed

534 5658 672 5713 forte
696 5658 834 5713 sicut
858 5664 997 5722 Ia‘ta,
1027 5661 1096 5713 ita
1115 5658 1178 5719 et
1216 5658 1431 5721 cales-tis
1456 5679 1517 5719 ac
1544 5665 1701 5720 libera
1732 5663 1796 5716 ad
1828 5661 2127 5719 Ecclesiam

531 5741 759 5785 matrem
790 5733 1128 5805 referuntur,
1167 5738 1309 5808 quod
1355 5738 1473 5793 lwta
1503 5737 1810 5813 gaudentes,
1842 5733 2056 5792 ccclestis
2082 5722 2129 5790 el

2235 3282 2393 3337 libera
2420 3283 2637 3353 peccatis
2658 3282 2891 3336 omnibus
2914 3281 3197 3345 absolutos,
3219 3280 3401 3351 utique
3421 3296 3515 3353 per
3537 3279 3833 3350 baptisma,

2231 3352 2429 3410 inferat
2456 3355 2508 3407 itt
2539 3354 2819 3419 mundum,
2847 3369 3108 3423 question
3140 3354 3331 3423 [tetidis
3357 3352 3522 3414 cunis,
3556 3354 3645 3405 sed
3672 3368 3837 3406 suae:

2227 3426 2574 3481 redolentibus
2601 3427 2733 3480 sacri
2764 3426 2946 3479 altaris
2975 3424 3215 3479 cancellis
3246 3426 3530 3479 enutritura
3549 3434 3643 3479 est.

2200 3536 2219 3557 ι
2302 3498 2379 3569 (4)
2425 3497 2729 3568 Lugendum
2761 3498 2931 3552 active
2956 3497 3245 3569 enutritura
3267 3511 3363 3565 pro
3392 3474 3648 3569 enutrirc,
3680 3474 3833 3562 quod

2227 3566 2342 3623 erat
2362 3566 2423 3623 in
2454 3566 2583 3623 mss.
2619 3579 2668 3622 et
2697 3569 2855 3621 editis
2881 3584 2895 3633 ;
2937 3583 3058 3622 nam
3092 3566 3233 3620 sicut
3264 3577 3433 3621 mater
3462 3566 3594 3620 lilios
3621 3606 3637 3631 ,
3679 3578 3837 3634 post-

2226 3654 2386 3707 quam
2435 3641 2673 3711 peperit,
2708 3642 2760 3693 in
2792 3641 2947 3711 cunis
2976 3636 3212 3706 enutrit,
3248 3639 3337 3711 ita
3364 3638 3526 3692 etiam
3582 3636 3836 3711 Ecclesia

2233 3727 2405 3767 novos
2430 3708 2450 3773 ,⁷
2475 3726 2611 3780 quos
2659 3726 2753 3781 per
2782 3710 3043 3777 baptisma
3071 3710 3241 3780 gignit
3273 3709 3428 3781 filios,
3474 3708 3610 3781 sacri
3638 3710 3836 3765 altaris

2224 3778 2566 3841 sacrantcnto
2613 3778 2850 3836 enutrirc
2898 3782 3053 3836 solita
3082 3778 3343 3837 inanitur.
3376 3778 3687 3851 Neupbylos
3734 3794 3837 3833 at:-

2227 3865 2331 3907 tctn
2366 3855 2543 3908 Statim
2591 3864 2734 3926 post
2758 3853 3021 3923 baptisma
3069 3853 3466 3926 Eucharistiam
3502 3852 3837 3926 o_l_uu.sun‘tf

2225 3926 2402 3994 psisse
2432 3922 2662 3979 constat.
2692 3922 2887 3979 Notatu
2919 3940 3078 3994 puro
3111 3926 3328 3994 dignum
3361 3923 3505 3978 estin
3529 3923 3836 3994 Verona-nsi

2226 3993 2454 4052 ecclesia
2505 3998 2554 4051 id
2585 4010 2799 4067 quoque
2823 3993 3084 4064 temporis
3110 4011 3322 4050 sacrum
3363 3994 3537 4048 altare
3583 3993 3839 4067 cancellis

2226 4069 2392 4127 fuisse
2422 4065 2657 4138 septum,
2685 4077 2747 4122 ut
2777 4084 2843 4121 nc
2868 4068 3019 4136 plebs
3063 4068 3128 4121 ad
3161 4067 3333 4121 altare
3362 4065 3711 4138 tumultuario
3740 4082 3841 4121 ac-

2225 4138 2449 4203 cedens,
2482 4130 2820 4195 sacerdotem
2852 4130 3001 4193 sacra
3030 4139 3312 4191 facientem
3344 4130 3603 4190 turbaret.

2297 4210 2503 4266 TltACT.
2532 4209 2725 4266 XXXI.
2750 4208 2911 4281 —(l)
2938 4208 3185 4264 Nonnulli
3215 4207 3337 4264 cod.
3360 4216 3414 4263 et
3434 4207 3520 4281 etl.
3552 4206 3836 4281 habebant

2221 4285 2290 4336 ad
2302 4283 2861 4337 wthereas.P|acuitex
2878 4280 2997 4335 aliis
3022 4295 3154 4335 mss.
3191 4293 3379 4335 vocem
3410 4280 3481 4332 ad
3505 4294 3628 4332 cum
3654 4280 3836 4336 verbo

2221 4356 2411 4411 intrate
2424 4356 2599 4409 minus
2621 4364 3010 4422 congruentem
3028 4349 3516 4422 delere.xEtltereas
3528 4360 3710 4405 autem
3732 4367 3803 4407 vo
3816 4381 3833 4391 ο

2219 4441 2347 4481 care
2373 4424 2586 4480 videtur
2614 4421 2762 4481 Zeno
2796 4423 3089 4494 baptisterii
3119 4433 3321 4495 portas,
3354 4421 3547 4493 quibus
3578 4424 3646 4495 ad
3670 4424 3839 4476 (BI/IC-

2218 4514 2381 4562 ream,
2412 4504 2471 4550 ut
2493 4497 2616 4552 alibi
2644 4493 2899 4567 loquitur,
2923 4495 3075 4549 t-itam
3104 4493 3154 4548 in
3182 4493 3709 4567 baptismateatlitus
3740 4512 3840 4561 pa-

2219 4579 2314 4622 tet.
2381 4565 2763 4636 Baptisteriuut
2826 4567 3045 4637 quidem
3106 4577 3417 4637 separatum
3470 4565 3538 4617 ab
3590 4566 3836 4622 ecclesia

2219 4640 2396 4695 locum
2420 4635 2533 4695 fere
2566 4641 2732 4696 fuisse
2757 4635 2993 4694 ostendit
3025 4636 3341 4692 Edmundus
3370 4635 3609 4691 Marteue
3641 4645 3781 4704 part.
3817 4653 3838 4694 ι

2218 4711 2285 4766 de
2318 4711 2563 4777 Antiquis
2594 4711 2849 4773 Ecclesia:
2880 4710 3092 4773 ritibus,
3127 4710 3219 4763 lib.
3251 4726 3290 4774 ι,
3320 4724 3438 4776 cap.
3468 4708 3519 4765 1.
3551 4717 3655 4760 art.
3683 4707 3743 4769 2,
3775 4720 3839 4767 et

2219 4781 2486 4852 ejusmodi
2527 4798 2742 4852 quoque
2771 4783 2933 4837 fuisse
2965 4782 3335 4852 baptisterium
3371 4778 3702 4852 Veronensis
3729 4795 3833 4833 cc-

2225 4850 2405 4910 c'lesiae
2436 4850 2670 4908 Zenonis
2697 4863 2959 4923 tempore,
2985 4850 3114 4907 satis
3143 4867 3206 4905 ex
3228 4851 3345 4923 (hoc
3359 4850 3690 4923 testimonio
3716 4852 3844 4905 col-

2227 4924 2501 4995 ligendum
2544 4936 2786 4993 apparet,
2810 4920 2940 4979 cum
2972 4925 3086 4979 haec
3109 4922 3326 4993 quidem
3359 4920 3611 4995 Zettouad
3653 4921 3845 4995 bapti-

2227 4992 2428 5051 zattdos
2442 4997 2585 5066 loqui
2612 4992 2862 5053 videatur
2890 4997 2943 5051 in
2975 4996 3084 5064 ipsa
3113 4992 3363 5057 ecclesia,
3390 5003 3441 5047 et
3471 4992 3841 5066 nihilominus

2227 5068 2326 5133 eis,
2362 5076 2418 5121 ιιι
2461 5065 2725 5137 tet/terras,
2774 5067 3073 5137 baptiSIerii
3121 5066 3303 5136 utique
3330 5106 3345 5129 ,
3398 5073 3574 5137 portas
3614 5065 3841 5133 intrent,

2228 5135 2500 5208 praecipiat
2528 5156 2539 5192 :
2585 5138 2686 5193 nisi
2731 5135 2857 5209 quis
2884 5135 3029 5191 malit
3054 5135 3209 5209 hunc
3234 5135 3702 5209 tractatumextra
3733 5150 3801 5191 ec
3822 5169 3840 5178 -

2225 5206 2465 5273 clesiam,
2506 5211 2589 5264 vel
2613 5212 2665 5264 in
2693 5206 2934 5279 ejusdem
2966 5208 3166 5263 furibus
3199 5206 3438 5261 habitum
3468 5206 3656 5262 fuisse.

2299 5303 2381 5432 (2')
2404 5303 2578 5360 Ullam
2608 5304 2785 5373 legunt
2813 5316 3003 5357 omnes
3031 5315 3161 5355 mss.
3194 5315 3315 5355 cum
3345 5299 3672 5354 editiouibus
3694 5314 3847 5370 prte-

2299 5394 2311 5429 ν
2384 5375 2670 5432 atavinatn.
2702 5374 2792 5430 ubi
2820 5374 3156 5432 suppositum
3194 5370 3287 5426 fttit
3318 5372 3502 5425 vilem:
3532 5371 3626 5427 sed
3659 5387 3847 5432 neque

2230 5370 2315 5432 ter
2342 5370 2682 5443 Patavinatn,
2702 5374 2792 5430 ubi
2820 5374 3156 5444 suppositum
3194 5370 3287 5426 fttit
3318 5372 3502 5444 uilem:
3532 5371 3626 5427 sed
3659 5387 3848 5443 neque

2232 5446 2334 5503 hoc
2356 5448 2557 5525 placet.
2592 5442 2959 5525 __Sp:traverius
3002 5444 3183 5525 mallet
3218 5442 3701 5525 capientes__aqnant
3733 5442 3842 5514 pro

2231 5514 2501 5575 candentes
2548 5516 2750 5571 ullam:
2803 5526 2857 5571 at
2904 5515 3208 5570 emendatio
3251 5514 3410 5567 nimis
3459 5515 3621 5568 libera
3653 5556 3667 5577 ,
3712 5522 3767 5567 ct
3811 5532 3844 5569 τι

2234 5594 2505 5660 scriptura
2543 5588 2788 5643 codicum
2834 5588 3057 5660 nimium
3106 5586 3331 5641 multum
3360 5584 3851 5660 distans._(.'oaditi

2244 5656 2648 5737 pro—candentes
2694 5660 2923 5737 (similes
2964 5658 3108 5717 enim
3141 5673 3301 5714 voces
3322 5657 3528 5737 alumiva
3567 5656 3847 5737 significa-

2281 5736 2420 5791 iouis
2444 5749 2541 5805 pro
2573 5724 2782 5805 passiva
2814 5741 3100 5789 occurrent
3133 5740 3288 5793 tract.
3322 5724 3414 5809 55)
3440 5736 3491 5799 et
3516 5724 3706 5797 undam
3738 5744 3847 5811 pra
