  <div class='ocr_page' id='page_1' title='image "/cluster/home/n/w/nwhite01/storage/ocr_20150623/11/hvd.32044096580402/261.png"; bbox 0 0 4230 6168; ppageno 0'>
   <div class='ocr_carea' id='block_1_1' title="bbox 519 278 699 344">
    <p class='ocr_par' dir='ltr' id='par_1_1' title="bbox 519 278 699 344">
     <span class='ocr_line' id='line_1_1' title="bbox 519 278 699 344; baseline -0.044 0"><span class='ocrx_word' id='word_1_1' title='bbox 519 328 531 344; x_wconf 66' lang='grc' dir='ltr'><strong>ι</strong></span> <span class='ocrx_word' id='word_1_2' title='bbox 591 278 699 337; x_wconf 75' lang='grc'><strong>487</strong></span> 
     </span>
    </p>
   </div>
   <div class='ocr_carea' id='block_1_2' title="bbox 1963 261 2539 327">
    <p class='ocr_par' dir='ltr' id='par_1_2' title="bbox 1963 261 2539 327">
     <span class='ocr_line' id='line_1_2' title="bbox 1963 261 2539 327; baseline -0.01 0"><span class='ocrx_word' id='word_1_3' title='bbox 1963 264 2213 327; x_wconf 76' lang='lat' dir='ltr'><strong>SANCTI</strong></span> <span class='ocrx_word' id='word_1_4' title='bbox 2249 261 2472 324; x_wconf 79' lang='lat' dir='ltr'><strong>ZENON</strong></span> <span class='ocrx_word' id='word_1_5' title='bbox 2481 265 2539 322; x_wconf 93' lang='lat' dir='ltr'>IS</span> 
     </span>
    </p>
   </div>
   <div class='ocr_carea' id='block_1_3' title="bbox 3771 274 3866 336">
    <p class='ocr_par' dir='ltr' id='par_1_3' title="bbox 3771 274 3866 336">
     <span class='ocr_line' id='line_1_3' title="bbox 3771 274 3866 336; baseline 0 0"><span class='ocrx_word' id='word_1_6' title='bbox 3771 274 3866 336; x_wconf 58' lang='lat'><strong>488</strong></span> 
     </span>
    </p>
   </div>
   <div class='ocr_carea' id='block_1_4' title="bbox 585 385 3866 468">
    <p class='ocr_par' dir='ltr' id='par_1_4' title="bbox 585 385 3866 468">
     <span class='ocr_line' id='line_1_4' title="bbox 585 385 3866 468; baseline -0.001 -16"><span class='ocrx_word' id='word_1_7' title='bbox 585 411 776 468; x_wconf 82' lang='lat' dir='ltr'><strong>magna</strong></span> <span class='ocrx_word' id='word_1_8' title='bbox 811 395 984 467; x_wconf 87' lang='lat' dir='ltr'><strong>pictas</strong></span> <span class='ocrx_word' id='word_1_9' title='bbox 1015 394 1209 467; x_wconf 90' lang='lat' dir='ltr'><strong>judicis</strong></span> <span class='ocrx_word' id='word_1_10' title='bbox 1246 393 1458 449; x_wconf 82' lang='lat' dir='ltr'><strong>nostri!</strong></span> <span class='ocrx_word' id='word_1_11' title='bbox 1501 408 1532 449; x_wconf 92' lang='lat' dir='ltr'><strong>a</strong></span> <span class='ocrx_word' id='word_1_12' title='bbox 1567 406 1675 464; x_wconf 92' lang='lat' dir='ltr'><strong>quo</strong></span> <span class='ocrx_word' id='word_1_13' title='bbox 1702 391 1937 447; x_wconf 85' lang='lat' dir='ltr'><strong>universi</strong></span> <span class='ocrx_word' id='word_1_14' title='bbox 1968 390 2184 461; x_wconf 84' lang='lat' dir='ltr'><strong>generis</strong></span> <span class='ocrx_word' id='word_1_15' title='bbox 2213 410 2267 467; x_wconf 72' lang='grc' dir='ltr'><strong>Α</strong></span> <span class='ocrx_word' id='word_1_16' title='bbox 2290 400 2418 443; x_wconf 90' lang='lat' dir='ltr'><strong>eunt</strong></span> <span class='ocrx_word' id='word_1_17' title='bbox 2442 430 2459 454; x_wconf 95' lang='lat'><strong>,</strong></span> <span class='ocrx_word' id='word_1_18' title='bbox 2514 402 2621 444; x_wconf 93' lang='lat' dir='ltr'><strong>non</strong></span> <span class='ocrx_word' id='word_1_19' title='bbox 2653 385 3044 461; x_wconf 26' lang='lat' dir='ltr'><strong>adimunt,lsed</strong></span> <span class='ocrx_word' id='word_1_20' title='bbox 3076 387 3156 461; x_wconf 78' lang='lat'><strong>(5)</strong></span> <span class='ocrx_word' id='word_1_21' title='bbox 3203 386 3522 454; x_wconf 76' lang='lat' dir='ltr'><strong>includunt;</strong></span> <span class='ocrx_word' id='word_1_22' title='bbox 3545 405 3659 461; x_wconf 66' lang='lat' dir='ltr'><strong>quae</strong></span> <span class='ocrx_word' id='word_1_23' title='bbox 3691 410 3866 461; x_wconf 87' lang='lat' dir='ltr'><strong>reum,</strong></span> 
     </span>
    </p>
   </div>
   <div class='ocr_carea' id='block_1_5' title="bbox 585 484 2185 565">
    <p class='ocr_par' dir='ltr' id='par_1_5' title="bbox 585 484 2185 565">
     <span class='ocr_line' id='line_1_5' title="bbox 585 484 2185 565; baseline -0.005 -18"><span class='ocrx_word' id='word_1_24' title='bbox 585 491 751 565; x_wconf 60' lang='lat'><strong>255</strong></span> <span class='ocrx_word' id='word_1_25' title='bbox 779 501 1111 562; x_wconf 88' lang='lat' dir='ltr'><strong>peccatores,</strong></span> <span class='ocrx_word' id='word_1_26' title='bbox 1142 497 1201 543; x_wconf 93' lang='lat' dir='ltr'><strong>ut</strong></span> <span class='ocrx_word' id='word_1_27' title='bbox 1229 488 1435 559; x_wconf 92' lang='lat' dir='ltr'><strong>possint</strong></span> <span class='ocrx_word' id='word_1_28' title='bbox 1465 488 1619 544; x_wconf 85' lang='lat' dir='ltr'><strong>beate</strong></span> <span class='ocrx_word' id='word_1_29' title='bbox 1647 490 1853 555; x_wconf 80' lang='lat' dir='ltr'><strong>yivere,</strong></span> <span class='ocrx_word' id='word_1_30' title='bbox 1895 485 1974 558; x_wconf 83' lang='lat'><strong>(5)</strong></span> <span class='ocrx_word' id='word_1_31' title='bbox 2009 484 2185 555; x_wconf 87' lang='lat' dir='ltr'><strong>puniri</strong></span> 
     </span>
    </p>
   </div>
   <div class='ocr_carea' id='block_1_6' title="bbox 585 580 2185 663">
    <p class='ocr_par' dir='ltr' id='par_1_6' title="bbox 585 580 2185 663">
     <span class='ocr_line' id='line_1_6' title="bbox 585 580 2185 663; baseline -0.004 -24"><span class='ocrx_word' id='word_1_32' title='bbox 585 580 1197 663; x_wconf 43' lang='lat' dir='ltr'><strong>festinantgdescendit</strong></span> <span class='ocrx_word' id='word_1_33' title='bbox 1239 580 1441 652; x_wconf 84' lang='lat' dir='ltr'><strong>quippe</strong></span> <span class='ocrx_word' id='word_1_34' title='bbox 1489 580 1701 651; x_wconf 82' lang='lat' dir='ltr'><strong>gladius</strong></span> <span class='ocrx_word' id='word_1_35' title='bbox 1733 580 1852 650; x_wconf 91' lang='lat' dir='ltr'><strong>pius</strong></span> <span class='ocrx_word' id='word_1_36' title='bbox 1896 580 1946 633; x_wconf 92' lang='lat' dir='ltr'><strong>in</strong></span> <span class='ocrx_word' id='word_1_37' title='bbox 1978 581 2185 633; x_wconf 78' lang='lat' dir='ltr'><strong>viscera</strong></span> 
     </span>
    </p>
   </div>
   <div class='ocr_carea' id='block_1_7' title="bbox 587 671 2187 748">
    <p class='ocr_par' dir='ltr' id='par_1_7' title="bbox 587 671 2187 748">
     <span class='ocr_line' id='line_1_7' title="bbox 587 671 2187 748; baseline -0.004 -16"><span class='ocrx_word' id='word_1_38' title='bbox 587 675 906 748; x_wconf 86' lang='lat' dir='ltr'><strong>peccatoris.</strong></span> <span class='ocrx_word' id='word_1_39' title='bbox 936 682 989 730; x_wconf 85' lang='lat' dir='ltr'><strong>et</strong></span> <span class='ocrx_word' id='word_1_40' title='bbox 1017 689 1125 729; x_wconf 92' lang='lat' dir='ltr'><strong>uno</strong></span> <span class='ocrx_word' id='word_1_41' title='bbox 1152 671 1454 744; x_wconf 90' lang='lat' dir='ltr'><strong>eodemque</strong></span> <span class='ocrx_word' id='word_1_42' title='bbox 1484 673 1614 739; x_wconf 90' lang='lat' dir='ltr'><strong>ictu,</strong></span> <span class='ocrx_word' id='word_1_43' title='bbox 1658 672 1914 728; x_wconf 89' lang='lat' dir='ltr'><strong>incolumi</strong></span> <span class='ocrx_word' id='word_1_44' title='bbox 1940 671 2187 742; x_wconf 87' lang='lat' dir='ltr'><strong>corporis</strong></span> 
     </span>
    </p>
   </div>
   <div class='ocr_carea' id='block_1_8' title="bbox 588 764 2191 833">
    <p class='ocr_par' dir='ltr' id='par_1_8' title="bbox 588 764 2191 833">
     <span class='ocr_line' id='line_1_8' title="bbox 588 764 2191 833; baseline -0.004 -10"><span class='ocrx_word' id='word_1_45' title='bbox 588 778 842 823; x_wconf 87' lang='lat' dir='ltr'><strong>manente</strong></span> <span class='ocrx_word' id='word_1_46' title='bbox 864 766 1116 833; x_wconf 90' lang='lat' dir='ltr'><strong>materia,</strong></span> <span class='ocrx_word' id='word_1_47' title='bbox 1163 764 1420 821; x_wconf 90' lang='lat' dir='ltr'><strong>interficit</strong></span> <span class='ocrx_word' id='word_1_48' title='bbox 1446 765 1720 819; x_wconf 91' lang='lat' dir='ltr'><strong>hominem</strong></span> <span class='ocrx_word' id='word_1_49' title='bbox 1748 773 2014 828; x_wconf 82' lang='lat' dir='ltr'><strong>veterem,</strong></span> <span class='ocrx_word' id='word_1_50' title='bbox 2040 770 2191 818; x_wconf 91' lang='lat' dir='ltr'><strong>creat</strong></span> 
     </span>
    </p>
   </div>
   <div class='ocr_carea' id='block_1_9' title="bbox 588 856 2187 929">
    <p class='ocr_par' dir='ltr' id='par_1_9' title="bbox 588 856 2187 929">
     <span class='ocr_line' id='line_1_9' title="bbox 588 856 2187 929; baseline -0.004 -14"><span class='ocrx_word' id='word_1_51' title='bbox 588 872 811 923; x_wconf 90' lang='lat' dir='ltr'><strong>novum,</strong></span> <span class='ocrx_word' id='word_1_52' title='bbox 842 864 898 913; x_wconf 90' lang='lat' dir='ltr'><strong>et</strong></span> <span class='ocrx_word' id='word_1_53' title='bbox 936 858 1074 912; x_wconf 91' lang='lat' dir='ltr'><strong>sacri</strong></span> <span class='ocrx_word' id='word_1_54' title='bbox 1118 856 1344 929; x_wconf 79' lang='lat' dir='ltr'><strong>gurgitis</strong></span> <span class='ocrx_word' id='word_1_55' title='bbox 1374 856 1646 913; x_wconf 86' lang='lat' dir='ltr'><strong>elemento</strong></span> <span class='ocrx_word' id='word_1_56' title='bbox 1694 857 1907 927; x_wconf 79' lang='lat' dir='ltr'><strong>sepelit.</strong></span> <span class='ocrx_word' id='word_1_57' title='bbox 1957 856 2026 911; x_wconf 86' lang='lat' dir='ltr'><strong>Et</strong></span> <span class='ocrx_word' id='word_1_58' title='bbox 2066 871 2187 911; x_wconf 89' lang='lat' dir='ltr'><strong>cum</strong></span> 
     </span>
    </p>
   </div>
   <div class='ocr_carea' id='block_1_10' title="bbox 586 949 2193 1023">
    <p class='ocr_par' dir='ltr' id='par_1_10' title="bbox 586 949 2193 1023">
     <span class='ocr_line' id='line_1_10' title="bbox 586 949 2193 1023; baseline -0.004 -13"><span class='ocrx_word' id='word_1_59' title='bbox 586 954 830 1010; x_wconf 82' lang='lat' dir='ltr'><strong>Omnium</strong></span> <span class='ocrx_word' id='word_1_60' title='bbox 861 967 1122 1023; x_wconf 89' lang='lat' dir='ltr'><strong>aquarum</strong></span> <span class='ocrx_word' id='word_1_61' title='bbox 1149 959 1338 1006; x_wconf 91' lang='lat' dir='ltr'><strong>natura</strong></span> <span class='ocrx_word' id='word_1_62' title='bbox 1367 952 1437 1004; x_wconf 87' lang='lat' dir='ltr'><strong>sit</strong></span> <span class='ocrx_word' id='word_1_63' title='bbox 1484 950 1624 1017; x_wconf 88' lang='lat' dir='ltr'><strong>talis,</strong></span> <span class='ocrx_word' id='word_1_64' title='bbox 1656 958 1717 1005; x_wconf 92' lang='lat' dir='ltr'><strong>ut</strong></span> <span class='ocrx_word' id='word_1_65' title='bbox 1744 964 1865 1005; x_wconf 89' lang='lat' dir='ltr'><strong>eum</strong></span> <span class='ocrx_word' id='word_1_66' title='bbox 1897 950 1949 1004; x_wconf 91' lang='lat' dir='ltr'><strong>in</strong></span> <span class='ocrx_word' id='word_1_67' title='bbox 1974 949 2193 1019; x_wconf 90' lang='lat' dir='ltr'><strong>profun—</strong></span> 
     </span>
    </p>
   </div>
   <div class='ocr_carea' id='block_1_11' title="bbox 588 1041 2188 1117">
    <p class='ocr_par' dir='ltr' id='par_1_11' title="bbox 588 1041 2188 1117">
     <span class='ocr_line' id='line_1_11' title="bbox 588 1041 2188 1117; baseline -0.005 -15"><span class='ocrx_word' id='word_1_68' title='bbox 588 1044 718 1102; x_wconf 92' lang='lat' dir='ltr'><strong>dum</strong></span> <span class='ocrx_word' id='word_1_69' title='bbox 749 1045 1001 1100; x_wconf 79' lang='lat' dir='ltr'><strong>homines</strong></span> <span class='ocrx_word' id='word_1_70' title='bbox 1032 1042 1113 1117; x_wconf 88' lang='lat'><strong>(6)</strong></span> <span class='ocrx_word' id='word_1_71' title='bbox 1148 1041 1453 1113; x_wconf 77' lang='lat' dir='ltr'><strong>susceperit</strong></span> <span class='ocrx_word' id='word_1_72' title='bbox 1476 1042 1651 1108; x_wconf 89' lang='lat' dir='ltr'><strong>vivos,</strong></span> <span class='ocrx_word' id='word_1_73' title='bbox 1678 1049 1894 1097; x_wconf 90' lang='lat' dir='ltr'><strong>evomat</strong></span> <span class='ocrx_word' id='word_1_74' title='bbox 1923 1048 2188 1106; x_wconf 89' lang='lat' dir='ltr'><strong>mortuos;</strong></span> 
     </span>
    </p>
   </div>
   <div class='ocr_carea' id='block_1_12' title="bbox 587 1137 2191 1214">
    <p class='ocr_par' dir='ltr' id='par_1_12' title="bbox 587 1137 2191 1214">
     <span class='ocr_line' id='line_1_12' title="bbox 587 1137 2191 1214; baseline -0.004 -18"><span class='ocrx_word' id='word_1_75' title='bbox 587 1157 728 1214; x_wconf 88' lang='lat' dir='ltr'><strong>aqua</strong></span> <span class='ocrx_word' id='word_1_76' title='bbox 759 1150 945 1197; x_wconf 89' lang='lat' dir='ltr'><strong>nostra</strong></span> <span class='ocrx_word' id='word_1_77' title='bbox 986 1138 1218 1211; x_wconf 88' lang='lat' dir='ltr'><strong>suscipit</strong></span> <span class='ocrx_word' id='word_1_78' title='bbox 1249 1144 1512 1205; x_wconf 91' lang='lat' dir='ltr'><strong>mortuos,</strong></span> <span class='ocrx_word' id='word_1_79' title='bbox 1564 1145 1619 1192; x_wconf 90' lang='lat' dir='ltr'><strong>et</strong></span> <span class='ocrx_word' id='word_1_80' title='bbox 1660 1137 1864 1191; x_wconf 88' lang='lat' dir='ltr'><strong>evomit</strong></span> <span class='ocrx_word' id='word_1_81' title='bbox 1908 1137 2080 1198; x_wconf 84' lang='lat' dir='ltr'><strong>vivos,</strong></span> <span class='ocrx_word' id='word_1_82' title='bbox 2125 1150 2191 1190; x_wconf 77' lang='lat' dir='ltr'><strong>ex</strong></span> 
     </span>
    </p>
   </div>
   <div class='ocr_carea' id='block_1_13' title="bbox 598 1229 2191 1299">
    <p class='ocr_par' dir='ltr' id='par_1_13' title="bbox 598 1229 2191 1299">
     <span class='ocr_line' id='line_1_13' title="bbox 598 1229 2191 1299; baseline -0.004 -9"><span class='ocrx_word' id='word_1_83' title='bbox 598 1234 922 1290; x_wconf 87' lang='lat' dir='ltr'><strong>animalibus</strong></span> <span class='ocrx_word' id='word_1_84' title='bbox 952 1248 1111 1289; x_wconf 90' lang='lat' dir='ltr'><strong>veros</strong></span> <span class='ocrx_word' id='word_1_85' title='bbox 1154 1232 1399 1287; x_wconf 84' lang='lat' dir='ltr'><strong>homines</strong></span> <span class='ocrx_word' id='word_1_86' title='bbox 1450 1230 1643 1299; x_wconf 89' lang='lat' dir='ltr'><strong>factos,</strong></span> <span class='ocrx_word' id='word_1_87' title='bbox 1688 1245 1750 1286; x_wconf 82' lang='lat' dir='ltr'><strong>ex</strong></span> <span class='ocrx_word' id='word_1_88' title='bbox 1786 1230 2093 1285; x_wconf 91' lang='lat' dir='ltr'><strong>hominibus</strong></span> <span class='ocrx_word' id='word_1_89' title='bbox 2139 1229 2191 1283; x_wconf 91' lang='lat' dir='ltr'><strong>in</strong></span> 
     </span>
    </p>
   </div>
   <div class='ocr_carea' id='block_1_14' title="bbox 590 1316 2197 1400">
    <p class='ocr_par' dir='ltr' id='par_1_14' title="bbox 590 1316 2197 1400">
     <span class='ocr_line' id='line_1_14' title="bbox 590 1316 2197 1400; baseline -0.002 -17"><span class='ocrx_word' id='word_1_90' title='bbox 590 1330 813 1400; x_wconf 82' lang='lat' dir='ltr'><strong>angelos</strong></span> <span class='ocrx_word' id='word_1_91' title='bbox 864 1328 1203 1389; x_wconf 87' lang='lat' dir='ltr'><strong>transituros.</strong></span> <span class='ocrx_word' id='word_1_92' title='bbox 1252 1327 1297 1382; x_wconf 89' lang='lat' dir='ltr'><strong>si</strong></span> <span class='ocrx_word' id='word_1_93' title='bbox 1342 1334 1629 1395; x_wconf 83' lang='lat' dir='ltr'><strong>provectus</strong></span> <span class='ocrx_word' id='word_1_94' title='bbox 1671 1326 1845 1382; x_wconf 67' lang='lat' dir='ltr'><strong>aetatis</strong></span> <span class='ocrx_word' id='word_1_95' title='bbox 1888 1316 2075 1381; x_wconf 86' lang='lat' dir='ltr'><strong>eorum</strong></span> <span class='ocrx_word' id='word_1_96' title='bbox 2115 1322 2197 1396; x_wconf 91' lang='lat'><strong>(7)</strong></span> 
     </span>
    </p>
   </div>
   <div class='ocr_carea' id='block_1_15' title="bbox 591 1421 1352 1479">
    <p class='ocr_par' dir='ltr' id='par_1_15' title="bbox 591 1421 1352 1479">
     <span class='ocr_line' id='line_1_15' title="bbox 591 1421 1352 1479; baseline -0.007 0"><span class='ocrx_word' id='word_1_97' title='bbox 591 1422 870 1479; x_wconf 72' lang='lat' dir='ltr'><strong>infantiam</strong></span> <span class='ocrx_word' id='word_1_98' title='bbox 904 1437 1014 1477; x_wconf 92' lang='lat' dir='ltr'><strong>non</strong></span> <span class='ocrx_word' id='word_1_99' title='bbox 1046 1421 1352 1477; x_wconf 84' lang='lat' dir='ltr'><strong>mutaverit.</strong></span> 
     </span>
    </p>
   </div>
   <div class='ocr_carea' id='block_1_16' title="bbox 1020 1554 1765 1632">
    <p class='ocr_par' dir='ltr' id='par_1_16' title="bbox 1020 1554 1765 1632">
     <span class='ocr_line' id='line_1_16' title="bbox 1020 1554 1765 1632; baseline -0.004 -20"><span class='ocrx_word' id='word_1_100' title='bbox 1020 1557 1182 1632; x_wconf 69' lang='lat'><strong>355</strong></span> <span class='ocrx_word' id='word_1_101' title='bbox 1207 1555 1623 1613; x_wconf 83' lang='lat' dir='ltr'><strong>TRACTATUS</strong></span> <span class='ocrx_word' id='word_1_102' title='bbox 1649 1554 1765 1611; x_wconf 75' lang='lat' dir='ltr'><strong>xc.</strong></span> 
     </span>
    </p>
   </div>
   <div class='ocr_carea' id='block_1_17' title="bbox 841 1671 1912 1749">
    <p class='ocr_par' dir='ltr' id='par_1_17' title="bbox 841 1671 1912 1749">
     <span class='ocr_line' id='line_1_17' title="bbox 841 1671 1912 1749; baseline -0.007 -15"><span class='ocrx_word' id='word_1_103' title='bbox 841 1675 920 1749; x_wconf 79' lang='lat' dir='ltr'><strong>(l)</strong></span> <span class='ocrx_word' id='word_1_104' title='bbox 949 1675 1031 1732; x_wconf 80' lang='lat' dir='ltr'><strong>Ad</strong></span> <span class='ocrx_word' id='word_1_105' title='bbox 1060 1674 1362 1748; x_wconf 80' lang='lat' dir='ltr'><strong>Neaphytos</strong></span> <span class='ocrx_word' id='word_1_106' title='bbox 1391 1685 1505 1745; x_wconf 92' lang='lat' dir='ltr'><strong>post</strong></span> <span class='ocrx_word' id='word_1_107' title='bbox 1541 1674 1793 1744; x_wconf 86' lang='lat' dir='ltr'><strong>baptisma</strong></span> <span class='ocrx_word' id='word_1_108' title='bbox 1822 1671 1912 1728; x_wconf 88' lang='lat' dir='ltr'><strong>lIl.</strong></span> 
     </span>
    </p>
   </div>
   <div class='ocr_carea' id='block_1_18' title="bbox 2290 479 3869 553">
    <p class='ocr_par' dir='ltr' id='par_1_18' title="bbox 2290 479 3869 553">
     <span class='ocr_line' id='line_1_18' title="bbox 2290 479 3869 553; baseline 0.005 -19"><span class='ocrx_word' id='word_1_109' title='bbox 2290 481 2501 551; x_wconf 90' lang='lat' dir='ltr'><strong>qualem</strong></span> <span class='ocrx_word' id='word_1_110' title='bbox 2531 480 2872 547; x_wconf 90' lang='lat' dir='ltr'><strong>invenerint,</strong></span> <span class='ocrx_word' id='word_1_111' title='bbox 2902 479 3061 535; x_wconf 88' lang='lat' dir='ltr'><strong>talem</strong></span> <span class='ocrx_word' id='word_1_112' title='bbox 3092 495 3309 551; x_wconf 91' lang='lat' dir='ltr'><strong>quoque</strong></span> <span class='ocrx_word' id='word_1_113' title='bbox 3350 480 3651 549; x_wconf 90' lang='lat' dir='ltr'><strong>dimittunt;</strong></span> <span class='ocrx_word' id='word_1_114' title='bbox 3677 499 3787 553; x_wconf 77' lang='lat' dir='ltr'><strong>qua:</strong></span> <span class='ocrx_word' id='word_1_115' title='bbox 3820 486 3869 542; x_wconf 90' lang='lat' dir='ltr'><strong>in</strong></span> 
     </span>
    </p>
   </div>
   <div class='ocr_carea' id='block_1_19' title="bbox 2290 570 3876 643">
    <p class='ocr_par' dir='ltr' id='par_1_19' title="bbox 2290 570 3876 643">
     <span class='ocr_line' id='line_1_19' title="bbox 2290 570 3876 643; baseline 0.006 -19"><span class='ocrx_word' id='word_1_116' title='bbox 2290 573 2406 643; x_wconf 88' lang='lat' dir='ltr'><strong>pari</strong></span> <span class='ocrx_word' id='word_1_117' title='bbox 2438 586 2600 627; x_wconf 91' lang='lat' dir='ltr'><strong>causa</strong></span> <span class='ocrx_word' id='word_1_118' title='bbox 2630 570 2734 641; x_wconf 87' lang='lat' dir='ltr'><strong>ipsi</strong></span> <span class='ocrx_word' id='word_1_119' title='bbox 2765 570 3063 641; x_wconf 70' lang='lat' dir='ltr'><strong>praestaturi</strong></span> <span class='ocrx_word' id='word_1_120' title='bbox 3098 571 3231 626; x_wconf 86' lang='lat' dir='ltr'><strong>nihil</strong></span> <span class='ocrx_word' id='word_1_121' title='bbox 3263 570 3526 643; x_wconf 84' lang='lat' dir='ltr'><strong>prodesse</strong></span> <span class='ocrx_word' id='word_1_122' title='bbox 3547 584 3778 643; x_wconf 80' lang='lat' dir='ltr'><strong>possunt.</strong></span> <span class='ocrx_word' id='word_1_123' title='bbox 3811 578 3876 633; x_wconf 74' lang='lat' dir='ltr'><strong>At</strong></span> 
     </span>
    </p>
   </div>
   <div class='ocr_carea' id='block_1_20' title="bbox 2291 666 3874 738">
    <p class='ocr_par' dir='ltr' id='par_1_20' title="bbox 2291 666 3874 738">
     <span class='ocr_line' id='line_1_20' title="bbox 2291 666 3874 738; baseline 0.003 -16"><span class='ocrx_word' id='word_1_124' title='bbox 2291 682 2424 723; x_wconf 84' lang='lat' dir='ltr'><strong>vero</strong></span> <span class='ocrx_word' id='word_1_125' title='bbox 2464 676 2668 721; x_wconf 72' lang='lat' dir='ltr'><strong>nostra:</strong></span> <span class='ocrx_word' id='word_1_126' title='bbox 2710 667 3002 721; x_wconf 83' lang='lat' dir='ltr'><strong>acervatim</strong></span> <span class='ocrx_word' id='word_1_127' title='bbox 3032 666 3350 732; x_wconf 85' lang='lat' dir='ltr'><strong>absolvunt,</strong></span> <span class='ocrx_word' id='word_1_128' title='bbox 3383 666 3638 738; x_wconf 83' lang='lat' dir='ltr'><strong>quidquid</strong></span> <span class='ocrx_word' id='word_1_129' title='bbox 3668 668 3874 727; x_wconf 85' lang='lat' dir='ltr'><strong>invene-</strong></span> 
     </span>
    </p>
   </div>
   <div class='ocr_carea' id='block_1_21' title="bbox 2292 761 3879 834">
    <p class='ocr_par' dir='ltr' id='par_1_21' title="bbox 2292 761 3879 834">
     <span class='ocr_line' id='line_1_21' title="bbox 2292 761 3879 834; baseline 0.003 -16"><span class='ocrx_word' id='word_1_130' title='bbox 2292 763 2433 829; x_wconf 88' lang='lat' dir='ltr'><strong>rint,</strong></span> <span class='ocrx_word' id='word_1_131' title='bbox 2462 776 2564 818; x_wconf 92' lang='lat' dir='ltr'><strong>nec</strong></span> <span class='ocrx_word' id='word_1_132' title='bbox 2606 761 2806 832; x_wconf 87' lang='lat' dir='ltr'><strong>aliquid</strong></span> <span class='ocrx_word' id='word_1_133' title='bbox 2837 761 2920 834; x_wconf 77' lang='grc'>(4)</span> <span class='ocrx_word' id='word_1_134' title='bbox 2958 762 3226 818; x_wconf 88' lang='lat' dir='ltr'><strong>subsecivi</strong></span> <span class='ocrx_word' id='word_1_135' title='bbox 3274 778 3395 819; x_wconf 85' lang='lat' dir='ltr'><strong>esse</strong></span> <span class='ocrx_word' id='word_1_136' title='bbox 3437 765 3749 833; x_wconf 87' lang='lat' dir='ltr'><strong>patiuntur:</strong></span> <span class='ocrx_word' id='word_1_137' title='bbox 3787 765 3879 823; x_wconf 87' lang='lat' dir='ltr'><strong>sed</strong></span> 
     </span>
    </p>
   </div>
   <div class='ocr_carea' id='block_1_22' title="bbox 2294 855 3876 928">
    <p class='ocr_par' dir='ltr' id='par_1_22' title="bbox 2294 855 3876 928">
     <span class='ocr_line' id='line_1_22' title="bbox 2294 855 3876 928; baseline 0.003 -18"><span class='ocrx_word' id='word_1_138' title='bbox 2294 864 2573 926; x_wconf 90' lang='lat' dir='ltr'><strong>pectorum</strong></span> <span class='ocrx_word' id='word_1_139' title='bbox 2603 855 2852 926; x_wconf 86' lang='lat' dir='ltr'><strong>aperiunt</strong></span> <span class='ocrx_word' id='word_1_140' title='bbox 2893 864 3084 910; x_wconf 83' lang='lat' dir='ltr'><strong>cuncta</strong></span> <span class='ocrx_word' id='word_1_141' title='bbox 3114 856 3407 926; x_wconf 87' lang='lat' dir='ltr'><strong>penetralia</strong></span> <span class='ocrx_word' id='word_1_142' title='bbox 3429 896 3446 922; x_wconf 95' lang='lat'><strong>,</strong></span> <span class='ocrx_word' id='word_1_143' title='bbox 3468 856 3749 928; x_wconf 73' lang='lat' dir='ltr'><strong>diligenter</strong></span> <span class='ocrx_word' id='word_1_144' title='bbox 3768 860 3876 915; x_wconf 85' lang='lat' dir='ltr'><strong>uni-</strong></span> 
     </span>
    </p>
   </div>
   <div class='ocr_carea' id='block_1_23' title="bbox 2295 946 3881 1019">
    <p class='ocr_par' dir='ltr' id='par_1_23' title="bbox 2295 946 3881 1019">
     <span class='ocr_line' id='line_1_23' title="bbox 2295 946 3881 1019; baseline 0.003 -18"><span class='ocrx_word' id='word_1_145' title='bbox 2295 960 2451 1003; x_wconf 85' lang='lat' dir='ltr'><strong>versa</strong></span> <span class='ocrx_word' id='word_1_146' title='bbox 2480 946 2705 1002; x_wconf 85' lang='lat' dir='ltr'><strong>crimina</strong></span> <span class='ocrx_word' id='word_1_147' title='bbox 2734 946 3012 1016; x_wconf 78' lang='lat' dir='ltr'><strong>expellunt</strong></span> <span class='ocrx_word' id='word_1_148' title='bbox 3031 987 3044 1010; x_wconf 93' lang='lat'><strong>,</strong></span> <span class='ocrx_word' id='word_1_149' title='bbox 3072 962 3135 1001; x_wconf 88' lang='lat' dir='ltr'><strong>ac</strong></span> <span class='ocrx_word' id='word_1_150' title='bbox 3169 961 3359 1002; x_wconf 87' lang='lat' dir='ltr'><strong>rursus</strong></span> <span class='ocrx_word' id='word_1_151' title='bbox 3407 946 3686 1019; x_wconf 86' lang='lat' dir='ltr'><strong>diligenter</strong></span> <span class='ocrx_word' id='word_1_152' title='bbox 3713 951 3881 1006; x_wconf 84' lang='lat' dir='ltr'><strong>occlu-</strong></span> 
     </span>
    </p>
   </div>
   <div class='ocr_carea' id='block_1_24' title="bbox 2296 1036 3883 1111">
    <p class='ocr_par' dir='ltr' id='par_1_24' title="bbox 2296 1036 3883 1111">
     <span class='ocr_line' id='line_1_24' title="bbox 2296 1036 3883 1111; baseline 0.003 -16"><span class='ocrx_word' id='word_1_153' title='bbox 2296 1038 2432 1095; x_wconf 92' lang='lat' dir='ltr'><strong>dunt</strong></span> <span class='ocrx_word' id='word_1_154' title='bbox 2461 1083 2474 1106; x_wconf 88' lang='lat'><strong>,</strong></span> <span class='ocrx_word' id='word_1_155' title='bbox 2511 1053 2579 1094; x_wconf 91' lang='lat' dir='ltr'><strong>ne</strong></span> <span class='ocrx_word' id='word_1_156' title='bbox 2616 1036 2742 1109; x_wconf 92' lang='lat' dir='ltr'><strong>quid</strong></span> <span class='ocrx_word' id='word_1_157' title='bbox 2781 1038 2874 1093; x_wconf 93' lang='lat' dir='ltr'><strong>illo</strong></span> <span class='ocrx_word' id='word_1_158' title='bbox 2904 1039 2987 1093; x_wconf 92' lang='lat' dir='ltr'><strong>vel</strong></span> <span class='ocrx_word' id='word_1_159' title='bbox 3019 1037 3267 1093; x_wconf 90' lang='lat' dir='ltr'><strong>frivolum</strong></span> <span class='ocrx_word' id='word_1_160' title='bbox 3293 1080 3309 1105; x_wconf 93' lang='lat'><strong>,</strong></span> <span class='ocrx_word' id='word_1_161' title='bbox 3339 1038 3465 1095; x_wconf 93' lang='lat' dir='ltr'><strong>inde</strong></span> <span class='ocrx_word' id='word_1_162' title='bbox 3493 1039 3635 1111; x_wconf 91' lang='lat' dir='ltr'><strong>quod</strong></span> <span class='ocrx_word' id='word_1_163' title='bbox 3657 1042 3883 1098; x_wconf 75' lang='lat' dir='ltr'><strong>excludi-</strong></span> 
     </span>
    </p>
   </div>
   <div class='ocr_carea' id='block_1_25' title="bbox 2299 1131 3885 1198">
    <p class='ocr_par' dir='ltr' id='par_1_25' title="bbox 2299 1131 3885 1198">
     <span class='ocr_line' id='line_1_25' title="bbox 2299 1131 3885 1198; baseline 0.003 -11"><span class='ocrx_word' id='word_1_164' title='bbox 2299 1143 2406 1198; x_wconf 88' lang='lat' dir='ltr'><strong>tur,</strong></span> <span class='ocrx_word' id='word_1_165' title='bbox 2439 1141 2762 1187; x_wconf 85' lang='lat' dir='ltr'><strong>revertatur.</strong></span> <span class='ocrx_word' id='word_1_166' title='bbox 2809 1131 2938 1186; x_wconf 80' lang='lat' dir='ltr'><strong>Mira</strong></span> <span class='ocrx_word' id='word_1_167' title='bbox 2989 1132 3169 1197; x_wconf 88' lang='lat' dir='ltr'><strong>ratio,</strong></span> <span class='ocrx_word' id='word_1_168' title='bbox 3215 1131 3349 1187; x_wconf 87' lang='lat' dir='ltr'><strong>mira</strong></span> <span class='ocrx_word' id='word_1_169' title='bbox 3401 1133 3700 1189; x_wconf 88' lang='lat' dir='ltr'><strong>beatitudo!</strong></span> <span class='ocrx_word' id='word_1_170' title='bbox 3735 1133 3885 1192; x_wconf 88' lang='lat' dir='ltr'><strong>Salvo</strong></span> 
     </span>
    </p>
   </div>
   <div class='ocr_carea' id='block_1_26' title="bbox 2297 1226 3889 1299">
    <p class='ocr_par' dir='ltr' id='par_1_26' title="bbox 2297 1226 3889 1299">
     <span class='ocr_line' id='line_1_26' title="bbox 2297 1226 3889 1299; baseline 0.003 -16"><span class='ocrx_word' id='word_1_171' title='bbox 2297 1242 2394 1283; x_wconf 89' lang='lat' dir='ltr'><strong>reo</strong></span> <span class='ocrx_word' id='word_1_172' title='bbox 2421 1228 2640 1297; x_wconf 91' lang='lat' dir='ltr'><strong>punitur</strong></span> <span class='ocrx_word' id='word_1_173' title='bbox 2671 1235 2851 1281; x_wconf 87' lang='lat' dir='ltr'><strong>reatus</strong></span> <span class='ocrx_word' id='word_1_174' title='bbox 2883 1226 2934 1281; x_wconf 92' lang='lat' dir='ltr'><strong>in</strong></span> <span class='ocrx_word' id='word_1_175' title='bbox 2967 1226 3047 1298; x_wconf 80' lang='lat'><strong>(5)</strong></span> <span class='ocrx_word' id='word_1_176' title='bbox 3076 1242 3190 1293; x_wconf 89' lang='lat' dir='ltr'><strong>reo,</strong></span> <span class='ocrx_word' id='word_1_177' title='bbox 3221 1227 3539 1299; x_wconf 85' lang='lat' dir='ltr'><strong>integreque</strong></span> <span class='ocrx_word' id='word_1_178' title='bbox 3564 1240 3704 1286; x_wconf 83' lang='lat' dir='ltr'><strong>statu</strong></span> <span class='ocrx_word' id='word_1_179' title='bbox 3733 1233 3889 1288; x_wconf 84' lang='lat' dir='ltr'><strong>mori-</strong></span> 
     </span>
    </p>
   </div>
   <div class='ocr_carea' id='block_1_27' title="bbox 2308 1310 3888 1393">
    <p class='ocr_par' dir='ltr' id='par_1_27' title="bbox 2308 1310 3888 1393">
     <span class='ocr_line' id='line_1_27' title="bbox 2308 1310 3888 1393; baseline 0.005 -19"><span class='ocrx_word' id='word_1_180' title='bbox 2308 1330 2395 1377; x_wconf 89' lang='lat' dir='ltr'><strong>tnr</strong></span> <span class='ocrx_word' id='word_1_181' title='bbox 2421 1322 2473 1376; x_wconf 92' lang='lat' dir='ltr'><strong>in</strong></span> <span class='ocrx_word' id='word_1_182' title='bbox 2501 1321 2754 1387; x_wconf 88' lang='lat' dir='ltr'><strong>homine,</strong></span> <span class='ocrx_word' id='word_1_183' title='bbox 2787 1320 3007 1393; x_wconf 79' lang='lat' dir='ltr'><strong>propter</strong></span> <span class='ocrx_word' id='word_1_184' title='bbox 3028 1322 3170 1391; x_wconf 91' lang='lat' dir='ltr'><strong>quod</strong></span> <span class='ocrx_word' id='word_1_185' title='bbox 3202 1322 3364 1391; x_wconf 79' lang='lat' dir='ltr'><strong>homo</strong></span> <span class='ocrx_word' id='word_1_186' title='bbox 3393 1323 3568 1380; x_wconf 80' lang='lat' dir='ltr'><strong>fuerat</strong></span> <span class='ocrx_word' id='word_1_187' title='bbox 3585 1310 3888 1382; x_wconf 83' lang='lat' dir='ltr'><strong>moriturus.</strong></span> 
     </span>
    </p>
   </div>
   <div class='ocr_carea' id='block_1_28' title="bbox 2299 1406 3893 1488">
    <p class='ocr_par' dir='ltr' id='par_1_28' title="bbox 2299 1406 3893 1488">
     <span class='ocr_line' id='line_1_28' title="bbox 2299 1406 3893 1488; baseline 0.004 -19"><span class='ocrx_word' id='word_1_188' title='bbox 2299 1414 2429 1470; x_wconf 90' lang='lat' dir='ltr'><strong>lnde</strong></span> <span class='ocrx_word' id='word_1_189' title='bbox 2452 1423 2567 1481; x_wconf 90' lang='lat' dir='ltr'><strong>est,</strong></span> <span class='ocrx_word' id='word_1_190' title='bbox 2601 1415 2766 1488; x_wconf 70' lang='lat'><strong>256</strong></span> <span class='ocrx_word' id='word_1_191' title='bbox 2814 1406 2956 1484; x_wconf 85' lang='lat' dir='ltr'><strong>quod</strong></span> <span class='ocrx_word' id='word_1_192' title='bbox 3001 1425 3183 1470; x_wconf 90' lang='lat' dir='ltr'><strong>nostra</strong></span> <span class='ocrx_word' id='word_1_193' title='bbox 3231 1430 3338 1470; x_wconf 90' lang='lat' dir='ltr'><strong>non</strong></span> <span class='ocrx_word' id='word_1_194' title='bbox 3389 1416 3550 1472; x_wconf 83' lang='lat' dir='ltr'><strong>habet</strong></span> <span class='ocrx_word' id='word_1_195' title='bbox 3601 1420 3893 1475; x_wconf 86' lang='lat' dir='ltr'><strong>necessaria</strong></span> 
     </span>
    </p>
   </div>
   <div class='ocr_carea' id='block_1_29' title="bbox 2301 1506 3895 1579">
    <p class='ocr_par' dir='ltr' id='par_1_29' title="bbox 2301 1506 3895 1579">
     <span class='ocr_line' id='line_1_29' title="bbox 2301 1506 3895 1579; baseline 0.004 -18"><span class='ocrx_word' id='word_1_196' title='bbox 2301 1516 2573 1562; x_wconf 89' lang='lat' dir='ltr'><strong>tormenta</strong></span> <span class='ocrx_word' id='word_1_197' title='bbox 2624 1507 2707 1579; x_wconf 82' lang='lat'><strong>(6)</strong></span> <span class='ocrx_word' id='word_1_198' title='bbox 2752 1506 3231 1578; x_wconf 86' lang='lat' dir='ltr'><strong>confessio;quod</strong></span> <span class='ocrx_word' id='word_1_199' title='bbox 3282 1506 3401 1563; x_wconf 84' lang='lat' dir='ltr'><strong>sine</strong></span> <span class='ocrx_word' id='word_1_200' title='bbox 3446 1508 3648 1567; x_wconf 88' lang='lat' dir='ltr'><strong>sudore</strong></span> <span class='ocrx_word' id='word_1_201' title='bbox 3691 1511 3895 1567; x_wconf 82' lang='lat' dir='ltr'><strong>tortoris</strong></span> 
     </span>
    </p>
   </div>
   <div class='ocr_carea' id='block_1_30' title="bbox 2301 1599 3900 1675">
    <p class='ocr_par' dir='ltr' id='par_1_30' title="bbox 2301 1599 3900 1675">
     <span class='ocr_line' id='line_1_30' title="bbox 2301 1599 3900 1675; baseline 0.004 -21"><span class='ocrx_word' id='word_1_202' title='bbox 2301 1599 2541 1654; x_wconf 81' lang='lat' dir='ltr'><strong>facinora</strong></span> <span class='ocrx_word' id='word_1_203' title='bbox 2570 1614 2664 1655; x_wconf 86' lang='lat' dir='ltr'><strong>sua</strong></span> <span class='ocrx_word' id='word_1_204' title='bbox 2708 1611 2902 1669; x_wconf 90' lang='lat' dir='ltr'><strong>sponte</strong></span> <span class='ocrx_word' id='word_1_205' title='bbox 2942 1616 3067 1655; x_wconf 92' lang='lat' dir='ltr'><strong>reus</strong></span> <span class='ocrx_word' id='word_1_206' title='bbox 3089 1642 3104 1665; x_wconf 93' lang='lat'><strong>,</strong></span> <span class='ocrx_word' id='word_1_207' title='bbox 3138 1608 3207 1675; x_wconf 87' lang='lat' dir='ltr'><strong>ut</strong></span> <span class='ocrx_word' id='word_1_208' title='bbox 3234 1601 3328 1655; x_wconf 83' lang='lat' dir='ltr'><strong>fiat</strong></span> <span class='ocrx_word' id='word_1_209' title='bbox 3357 1601 3651 1669; x_wconf 89' lang='lat' dir='ltr'><strong>innocens,</strong></span> <span class='ocrx_word' id='word_1_210' title='bbox 3687 1603 3900 1661; x_wconf 82' lang='lat' dir='ltr'><strong>conﬁte-</strong></span> 
     </span>
    </p>
   </div>
   <div class='ocr_carea' id='block_1_31' title="bbox 2302 1692 3897 1764">
    <p class='ocr_par' dir='ltr' id='par_1_31' title="bbox 2302 1692 3897 1764">
     <span class='ocr_line' id='line_1_31' title="bbox 2302 1692 3897 1764; baseline 0.003 -18"><span class='ocrx_word' id='word_1_211' title='bbox 2302 1700 2406 1747; x_wconf 93' lang='lat' dir='ltr'><strong>tur.</strong></span> <span class='ocrx_word' id='word_1_212' title='bbox 2447 1692 2685 1748; x_wconf 84' lang='lat' dir='ltr'><strong>Pretiosa</strong></span> <span class='ocrx_word' id='word_1_213' title='bbox 2716 1693 3043 1763; x_wconf 84' lang='lat' dir='ltr'><strong>indulgentia</strong></span> <span class='ocrx_word' id='word_1_214' title='bbox 3070 1703 3182 1759; x_wconf 92' lang='lat' dir='ltr'><strong>est,</strong></span> <span class='ocrx_word' id='word_1_215' title='bbox 3217 1694 3443 1756; x_wconf 85' lang='lat' dir='ltr'><strong>fratres.</strong></span> <span class='ocrx_word' id='word_1_216' title='bbox 3475 1709 3598 1764; x_wconf 60' lang='lat' dir='ltr'><strong>quas</strong></span> <span class='ocrx_word' id='word_1_217' title='bbox 3620 1704 3675 1751; x_wconf 94' lang='lat' dir='ltr'><strong>et</strong></span> <span class='ocrx_word' id='word_1_218' title='bbox 3699 1696 3897 1751; x_wconf 86' lang='lat' dir='ltr'><strong>veniam</strong></span> 
     </span>
    </p>
   </div>
   <div class='ocr_carea' id='block_1_32' title="bbox 666 1782 3900 1861">
    <p class='ocr_par' dir='ltr' id='par_1_32' title="bbox 666 1782 3900 1861">
     <span class='ocr_line' id='line_1_32' title="bbox 666 1782 3900 1861; baseline -0.002 -12"><span class='ocrx_word' id='word_1_219' title='bbox 666 1791 1010 1849; x_wconf 75' lang='lat' dir='ltr'><strong>Exsultemus</strong></span> <span class='ocrx_word' id='word_1_220' title='bbox 1034 1833 1048 1856; x_wconf 94' lang='lat'><strong>,</strong></span> <span class='ocrx_word' id='word_1_221' title='bbox 1080 1790 1304 1855; x_wconf 79' lang='lat' dir='ltr'><strong>fratres,</strong></span> <span class='ocrx_word' id='word_1_222' title='bbox 1336 1791 1389 1845; x_wconf 90' lang='lat' dir='ltr'><strong>in</strong></span> <span class='ocrx_word' id='word_1_223' title='bbox 1420 1787 1638 1844; x_wconf 86' lang='lat' dir='ltr'><strong>Christo</strong></span> <span class='ocrx_word' id='word_1_224' title='bbox 1668 1805 1680 1842; x_wconf 91' lang='lat'><strong>:</strong></span> <span class='ocrx_word' id='word_1_225' title='bbox 1716 1784 2200 1857; x_wconf 89' lang='lat' dir='ltr'><strong>triumphatorique</strong></span> <span class='ocrx_word' id='word_1_226' title='bbox 2226 1799 2277 1861; x_wconf 76' lang='grc' dir='ltr'><strong>Β</strong></span> <span class='ocrx_word' id='word_1_227' title='bbox 2306 1784 2527 1854; x_wconf 71' lang='lat' dir='ltr'><strong>prarstat</strong></span> <span class='ocrx_word' id='word_1_228' title='bbox 2572 1794 2627 1840; x_wconf 90' lang='lat' dir='ltr'><strong>et</strong></span> <span class='ocrx_word' id='word_1_229' title='bbox 2680 1783 3025 1839; x_wconf 87' lang='lat' dir='ltr'><strong>medicinam.</strong></span> <span class='ocrx_word' id='word_1_230' title='bbox 3050 1782 3317 1840; x_wconf 73' lang='lat' dir='ltr'><strong>Creterum</strong></span> <span class='ocrx_word' id='word_1_231' title='bbox 3340 1786 3428 1855; x_wconf 89' lang='lat' dir='ltr'><strong>qui</strong></span> <span class='ocrx_word' id='word_1_232' title='bbox 3452 1785 3629 1856; x_wconf 84' lang='lat' dir='ltr'><strong>parcit</strong></span> <span class='ocrx_word' id='word_1_233' title='bbox 3652 1786 3900 1853; x_wconf 86' lang='lat' dir='ltr'><strong>venefico,</strong></span> 
     </span>
    </p>
   </div>
   <div class='ocr_carea' id='block_1_33' title="bbox 594 1876 2203 1956">
    <p class='ocr_par' dir='ltr' id='par_1_33' title="bbox 594 1876 2203 1956">
     <span class='ocr_line' id='line_1_33' title="bbox 594 1876 2203 1956; baseline -0.006 -15"><span class='ocrx_word' id='word_1_234' title='bbox 594 1895 860 1955; x_wconf 88' lang='lat' dir='ltr'><strong>perpetuo</strong></span> <span class='ocrx_word' id='word_1_235' title='bbox 925 1883 1139 1956; x_wconf 82' lang='lat' dir='ltr'><strong>hymnis</strong></span> <span class='ocrx_word' id='word_1_236' title='bbox 1171 1925 1186 1949; x_wconf 93' lang='lat'><strong>,</strong></span> <span class='ocrx_word' id='word_1_237' title='bbox 1240 1881 1464 1939; x_wconf 89' lang='lat' dir='ltr'><strong>citharis</strong></span> <span class='ocrx_word' id='word_1_238' title='bbox 1500 1923 1516 1949; x_wconf 95' lang='lat'><strong>,</strong></span> <span class='ocrx_word' id='word_1_239' title='bbox 1571 1879 1843 1952; x_wconf 82' lang='lat' dir='ltr'><strong>tympanis</strong></span> <span class='ocrx_word' id='word_1_240' title='bbox 1884 1920 1899 1944; x_wconf 93' lang='lat'><strong>,</strong></span> <span class='ocrx_word' id='word_1_241' title='bbox 1979 1876 2203 1934; x_wconf 90' lang='lat' dir='ltr'><strong>canticis</strong></span> 
     </span>
    </p>
   </div>
   <div class='ocr_carea' id='block_1_34' title="bbox 592 1974 2203 2049">
    <p class='ocr_par' dir='ltr' id='par_1_34' title="bbox 592 1974 2203 2049">
     <span class='ocr_line' id='line_1_34' title="bbox 592 1974 2203 2049; baseline -0.005 -16"><span class='ocrx_word' id='word_1_242' title='bbox 592 1977 823 2049; x_wconf 85' lang='lat' dir='ltr'><strong>gratiam</strong></span> <span class='ocrx_word' id='word_1_243' title='bbox 860 1977 1186 2043; x_wconf 90' lang='lat' dir='ltr'><strong>referamus,</strong></span> <span class='ocrx_word' id='word_1_244' title='bbox 1218 1976 1312 2047; x_wconf 90' lang='lat' dir='ltr'><strong>qui</strong></span> <span class='ocrx_word' id='word_1_245' title='bbox 1370 1975 1526 2030; x_wconf 90' lang='lat' dir='ltr'><strong>nobis</strong></span> <span class='ocrx_word' id='word_1_246' title='bbox 1562 1974 1824 2043; x_wconf 82' lang='lat' dir='ltr'><strong>promissa</strong></span> <span class='ocrx_word' id='word_1_247' title='bbox 1872 1982 2203 2044; x_wconf 87' lang='lat' dir='ltr'><strong>perpetuans</strong></span> 
     </span>
    </p>
   </div>
   <div class='ocr_carea' id='block_1_35' title="bbox 594 2065 2200 2142">
    <p class='ocr_par' dir='ltr' id='par_1_35' title="bbox 594 2065 2200 2142">
     <span class='ocr_line' id='line_1_35' title="bbox 594 2065 2200 2142; baseline -0.003 -19"><span class='ocrx_word' id='word_1_248' title='bbox 594 2072 680 2142; x_wconf 90' lang='lat' dir='ltr'><strong>pia</strong></span> <span class='ocrx_word' id='word_1_249' title='bbox 711 2069 792 2141; x_wconf 78' lang='lat'><strong>(2)</strong></span> <span class='ocrx_word' id='word_1_250' title='bbox 815 2072 1094 2126; x_wconf 85' lang='lat' dir='ltr'><strong>sanctione</strong></span> <span class='ocrx_word' id='word_1_251' title='bbox 1125 2067 1205 2141; x_wconf 92' lang='lat' dir='ltr'><strong>(ut</strong></span> <span class='ocrx_word' id='word_1_252' title='bbox 1229 2066 1399 2140; x_wconf 87' lang='lat' dir='ltr'><strong>aiunt)</strong></span> <span class='ocrx_word' id='word_1_253' title='bbox 1425 2068 1606 2124; x_wconf 83' lang='lat' dir='ltr'><strong>claves</strong></span> <span class='ocrx_word' id='word_1_254' title='bbox 1633 2081 1763 2122; x_wconf 91' lang='lat' dir='ltr'><strong>vere</strong></span> <span class='ocrx_word' id='word_1_255' title='bbox 1799 2080 1991 2121; x_wconf 90' lang='lat' dir='ltr'><strong>aureas</strong></span> <span class='ocrx_word' id='word_1_256' title='bbox 2020 2065 2200 2120; x_wconf 90' lang='lat' dir='ltr'><strong>misit:</strong></span> 
     </span>
    </p>
   </div>
   <div class='ocr_carea' id='block_1_36' title="bbox 594 2157 2201 2233">
    <p class='ocr_par' dir='ltr' id='par_1_36' title="bbox 594 2157 2201 2233">
     <span class='ocr_line' id='line_1_36' title="bbox 594 2157 2201 2233; baseline -0.004 -16"><span class='ocrx_word' id='word_1_257' title='bbox 594 2173 648 2217; x_wconf 88' lang='lat' dir='ltr'><strong>et</strong></span> <span class='ocrx_word' id='word_1_258' title='bbox 673 2160 888 2233; x_wconf 90' lang='lat' dir='ltr'><strong>quidem</strong></span> <span class='ocrx_word' id='word_1_259' title='bbox 933 2178 1038 2217; x_wconf 92' lang='lat' dir='ltr'><strong>non</strong></span> <span class='ocrx_word' id='word_1_260' title='bbox 1080 2162 1196 2216; x_wconf 87' lang='lat' dir='ltr'><strong>illas</strong></span> <span class='ocrx_word' id='word_1_261' title='bbox 1218 2203 1234 2226; x_wconf 92' lang='lat'><strong>,</strong></span> <span class='ocrx_word' id='word_1_262' title='bbox 1257 2175 1379 2231; x_wconf 68' lang='lat' dir='ltr'><strong>qua:</strong></span> <span class='ocrx_word' id='word_1_263' title='bbox 1417 2160 1656 2231; x_wconf 87' lang='lat' dir='ltr'><strong>maligno</strong></span> <span class='ocrx_word' id='word_1_264' title='bbox 1689 2157 1949 2213; x_wconf 74' lang='lat' dir='ltr'><strong>beneficio</strong></span> <span class='ocrx_word' id='word_1_265' title='bbox 1976 2158 2201 2212; x_wconf 86' lang='lat' dir='ltr'><strong>crimina</strong></span> 
     </span>
    </p>
   </div>
   <div class='ocr_carea' id='block_1_37' title="bbox 597 2250 2205 2326">
    <p class='ocr_par' dir='ltr' id='par_1_37' title="bbox 597 2250 2205 2326">
     <span class='ocr_line' id='line_1_37' title="bbox 597 2250 2205 2326; baseline -0.002 -16"><span class='ocrx_word' id='word_1_266' title='bbox 597 2254 910 2325; x_wconf 73' lang='lat' dir='ltr'><strong>excipiunt,</strong></span> <span class='ocrx_word' id='word_1_267' title='bbox 958 2269 1077 2326; x_wconf 69' lang='lat' dir='ltr'><strong>quae</strong></span> <span class='ocrx_word' id='word_1_268' title='bbox 1123 2254 1336 2325; x_wconf 89' lang='lat' dir='ltr'><strong>corpori</strong></span> <span class='ocrx_word' id='word_1_269' title='bbox 1384 2264 1644 2323; x_wconf 86' lang='lat' dir='ltr'><strong>parcunt,</strong></span> <span class='ocrx_word' id='word_1_270' title='bbox 1699 2252 1930 2306; x_wconf 87' lang='lat' dir='ltr'><strong>animam</strong></span> <span class='ocrx_word' id='word_1_271' title='bbox 1971 2250 2205 2307; x_wconf 87' lang='lat' dir='ltr'><strong>liberare</strong></span> 
     </span>
    </p>
   </div>
   <div class='ocr_carea' id='block_1_38' title="bbox 602 2343 2215 2418">
    <p class='ocr_par' dir='ltr' id='par_1_38' title="bbox 602 2343 2215 2418">
     <span class='ocr_line' id='line_1_38' title="bbox 602 2343 2215 2418; baseline -0.002 -17"><span class='ocrx_word' id='word_1_272' title='bbox 602 2361 708 2401; x_wconf 91' lang='lat' dir='ltr'><strong>non</strong></span> <span class='ocrx_word' id='word_1_273' title='bbox 730 2357 956 2418; x_wconf 88' lang='lat' dir='ltr'><strong>possunt</strong></span> <span class='ocrx_word' id='word_1_274' title='bbox 978 2362 993 2414; x_wconf 92' lang='lat'><strong>;</strong></span> <span class='ocrx_word' id='word_1_275' title='bbox 1018 2361 1138 2416; x_wconf 66' lang='lat' dir='ltr'><strong>quae</strong></span> <span class='ocrx_word' id='word_1_276' title='bbox 1158 2356 1395 2417; x_wconf 86' lang='lat' dir='ltr'><strong>peccata,</strong></span> <span class='ocrx_word' id='word_1_277' title='bbox 1420 2360 1541 2401; x_wconf 92' lang='lat' dir='ltr'><strong>cum</strong></span> <span class='ocrx_word' id='word_1_278' title='bbox 1565 2343 1960 2399; x_wconf 89' lang='lat' dir='ltr'><strong>dissimulando</strong></span> <span class='ocrx_word' id='word_1_279' title='bbox 1981 2348 2215 2413; x_wconf 70' lang='lat' dir='ltr'><strong>praeter-‘</strong></span> 
     </span>
    </p>
   </div>
   <div class='ocr_carea' id='block_1_39' title="bbox 598 2500 2201 2572">
    <p class='ocr_par' dir='ltr' id='par_1_39' title="bbox 598 2500 2201 2572">
     <span class='ocr_line' id='line_1_39' title="bbox 598 2500 2201 2572; baseline -0.004 -11"><span class='ocrx_word' id='word_1_280' title='bbox 598 2513 743 2566; x_wconf 91' lang='lat' dir='ltr'><strong>rent.</strong></span> <span class='ocrx_word' id='word_1_281' title='bbox 769 2502 866 2560; x_wconf 90' lang='lat' dir='ltr'><strong>sed</strong></span> <span class='ocrx_word' id='word_1_282' title='bbox 894 2512 945 2557; x_wconf 90' lang='lat' dir='ltr'><strong>ut</strong></span> <span class='ocrx_word' id='word_1_283' title='bbox 970 2501 1246 2572; x_wconf 87' lang='lat' dir='ltr'><strong>antiquam</strong></span> <span class='ocrx_word' id='word_1_284' title='bbox 1278 2501 1443 2556; x_wconf 91' lang='lat' dir='ltr'><strong>vitam</strong></span> <span class='ocrx_word' id='word_1_285' title='bbox 1473 2500 1814 2572; x_wconf 77' lang='lat' dir='ltr'><strong>inscrutiniis</strong></span> <span class='ocrx_word' id='word_1_286' title='bbox 1845 2509 2201 2570; x_wconf 79' lang='lat' dir='ltr'><strong>exponentes,</strong></span> 
     </span>
    </p>
   </div>
   <div class='ocr_carea' id='block_1_40' title="bbox 596 2571 2204 2647">
    <p class='ocr_par' dir='ltr' id='par_1_40' title="bbox 596 2571 2204 2647">
     <span class='ocr_line' id='line_1_40' title="bbox 596 2571 2204 2647; baseline -0.002 -18"><span class='ocrx_word' id='word_1_287' title='bbox 596 2577 903 2647; x_wconf 62' lang='lat' dir='ltr'><strong>quareren‘t,</strong></span> <span class='ocrx_word' id='word_1_288' title='bbox 927 2574 1052 2647; x_wconf 88' lang='lat' dir='ltr'><strong>quid</strong></span> <span class='ocrx_word' id='word_1_289' title='bbox 1080 2574 1358 2635; x_wconf 82' lang='lat' dir='ltr'><strong>deserere.</strong></span> <span class='ocrx_word' id='word_1_290' title='bbox 1401 2571 1530 2642; x_wconf 91' lang='lat' dir='ltr'><strong>quid</strong></span> <span class='ocrx_word' id='word_1_291' title='bbox 1563 2572 1735 2647; x_wconf 66' lang='lat' dir='ltr'><strong>sequi,</strong></span> <span class='ocrx_word' id='word_1_292' title='bbox 1777 2578 1834 2647; x_wconf 85' lang='lat' dir='ltr'><strong>et</strong></span> <span class='ocrx_word' id='word_1_293' title='bbox 1863 2587 2030 2647; x_wconf 79' lang='lat' dir='ltr'><strong>quam</strong></span> <span class='ocrx_word' id='word_1_294' title='bbox 2079 2572 2204 2626; x_wconf 73' lang='lat' dir='ltr'><strong>vita:</strong></span> 
     </span>
    </p>
   </div>
   <div class='ocr_carea' id='block_1_41' title="bbox 597 2642 2204 2714">
    <p class='ocr_par' dir='ltr' id='par_1_41' title="bbox 597 2642 2204 2714">
     <span class='ocr_line' id='line_1_41' title="bbox 597 2642 2204 2714; baseline -0.002 -11"><span class='ocrx_word' id='word_1_295' title='bbox 597 2642 862 2703; x_wconf 81' lang='lat' dir='ltr'><strong>rationem</strong></span> <span class='ocrx_word' id='word_1_296' title='bbox 910 2642 1192 2701; x_wconf 80' lang='lat' dir='ltr'><strong>instituere</strong></span> <span class='ocrx_word' id='word_1_297' title='bbox 1230 2652 1534 2714; x_wconf 88' lang='lat' dir='ltr'><strong>oporteret,</strong></span> <span class='ocrx_word' id='word_1_298' title='bbox 1583 2652 1643 2697; x_wconf 92' lang='lat' dir='ltr'><strong>ut</strong></span> <span class='ocrx_word' id='word_1_299' title='bbox 1675 2642 2041 2697; x_wconf 89' lang='lat' dir='ltr'><strong>Christianum</strong></span> <span class='ocrx_word' id='word_1_300' title='bbox 2073 2659 2204 2701; x_wconf 85' lang='lat' dir='ltr'><strong>vere</strong></span> 
     </span>
    </p>
   </div>
   <div class='ocr_carea' id='block_1_42' title="bbox 597 2714 2205 2782">
    <p class='ocr_par' dir='ltr' id='par_1_42' title="bbox 597 2714 2205 2782">
     <span class='ocr_line' id='line_1_42' title="bbox 597 2714 2205 2782; baseline -0.002 -9"><span class='ocrx_word' id='word_1_301' title='bbox 597 2720 874 2773; x_wconf 87' lang='lat' dir='ltr'><strong>hominem</strong></span> <span class='ocrx_word' id='word_1_302' title='bbox 926 2719 1229 2773; x_wconf 89' lang='lat' dir='ltr'><strong>induerent.</strong></span> <span class='ocrx_word' id='word_1_303' title='bbox 1281 2715 1407 2782; x_wconf 79' lang='lat' dir='ltr'><strong>Ejus</strong></span> <span class='ocrx_word' id='word_1_304' title='bbox 1450 2716 1585 2770; x_wconf 88' lang='lat' dir='ltr'><strong>ritus</strong></span> <span class='ocrx_word' id='word_1_305' title='bbox 1631 2714 1945 2769; x_wconf 84' lang='lat' dir='ltr'><strong>meminisse</strong></span> <span class='ocrx_word' id='word_1_306' title='bbox 1989 2714 2205 2770; x_wconf 91' lang='lat' dir='ltr'><strong>videtur</strong></span> 
     </span>
    </p>
   </div>
   <div class='ocr_carea' id='block_1_43' title="bbox 597 2785 2201 2861">
    <p class='ocr_par' dir='ltr' id='par_1_43' title="bbox 597 2785 2201 2861">
     <span class='ocr_line' id='line_1_43' title="bbox 597 2785 2201 2861; baseline -0.004 -15"><span class='ocrx_word' id='word_1_307' title='bbox 597 2806 799 2861; x_wconf 88' lang='lat' dir='ltr'><strong>suppar</strong></span> <span class='ocrx_word' id='word_1_308' title='bbox 828 2788 1034 2846; x_wconf 85' lang='lat' dir='ltr'><strong>Zenoni</strong></span> <span class='ocrx_word' id='word_1_309' title='bbox 1078 2796 1268 2861; x_wconf 80' lang='lat' dir='ltr'><strong>auctor</strong></span> <span class='ocrx_word' id='word_1_310' title='bbox 1308 2786 1368 2861; x_wconf 90' lang='lat' dir='ltr'><strong>S_.</strong></span> <span class='ocrx_word' id='word_1_311' title='bbox 1408 2785 2063 2861; x_wconf 13' lang='lat' dir='ltr'><strong>Ambrosius,_lih.gvt_in</strong></span> <span class='ocrx_word' id='word_1_312' title='bbox 2097 2787 2201 2840; x_wconf 86' lang='lat' dir='ltr'><strong>Lu-</strong></span> 
     </span>
    </p>
   </div>
   <div class='ocr_carea' id='block_1_44' title="bbox 597 2855 2203 2930">
    <p class='ocr_par' dir='ltr' id='par_1_44' title="bbox 597 2855 2203 2930">
     <span class='ocr_line' id='line_1_44' title="bbox 597 2855 2203 2930; baseline -0.003 -14"><span class='ocrx_word' id='word_1_313' title='bbox 597 2855 718 2916; x_wconf 77' lang='lat' dir='ltr'><strong>cani</strong></span> <span class='ocrx_word' id='word_1_314' title='bbox 745 2877 867 2930; x_wconf 75' lang='lat' dir='ltr'><strong>Cap.</strong></span> <span class='ocrx_word' id='word_1_315' title='bbox 911 2862 978 2925; x_wconf 77' lang='grc'><strong>5,</strong></span> <span class='ocrx_word' id='word_1_316' title='bbox 1010 2874 1131 2915; x_wconf 85' lang='lat' dir='ltr'><strong>cum</strong></span> <span class='ocrx_word' id='word_1_317' title='bbox 1157 2859 1232 2930; x_wconf 88' lang='lat' dir='ltr'><strong>ait</strong></span> <span class='ocrx_word' id='word_1_318' title='bbox 1266 2877 1280 2911; x_wconf 87' lang='lat'><strong>:</strong></span> <span class='ocrx_word' id='word_1_319' title='bbox 1330 2855 1399 2910; x_wconf 84' lang='lat' dir='ltr'><strong>In</strong></span> <span class='ocrx_word' id='word_1_320' title='bbox 1437 2859 1689 2928; x_wconf 85' lang='lat' dir='ltr'><strong>baptismo</strong></span> <span class='ocrx_word' id='word_1_321' title='bbox 1711 2856 1870 2926; x_wconf 88' lang='lat' dir='ltr'><strong>igitur</strong></span> <span class='ocrx_word' id='word_1_322' title='bbox 1882 2857 2203 2930; x_wconf 79' lang='lat' dir='ltr'><strong>justificatur</strong></span> 
     </span>
    </p>
   </div>
   <div class='ocr_carea' id='block_1_45' title="bbox 597 2929 2200 3000">
    <p class='ocr_par' dir='ltr' id='par_1_45' title="bbox 597 2929 2200 3000">
     <span class='ocr_line' id='line_1_45' title="bbox 597 2929 2200 3000; baseline -0.002 -14"><span class='ocrx_word' id='word_1_323' title='bbox 597 2930 739 2988; x_wconf 88' lang='lat' dir='ltr'><strong>Deus</strong></span> <span class='ocrx_word' id='word_1_324' title='bbox 757 2974 772 2993; x_wconf 88' lang='lat'><strong>.</strong></span> <span class='ocrx_word' id='word_1_325' title='bbox 796 2929 850 2987; x_wconf 87' lang='lat' dir='ltr'><strong>in</strong></span> <span class='ocrx_word' id='word_1_326' title='bbox 874 2948 973 3000; x_wconf 85' lang='lat' dir='ltr'><strong>quo</strong></span> <span class='ocrx_word' id='word_1_327' title='bbox 997 2940 1069 2984; x_wconf 84' lang='lat' dir='ltr'><strong>est</strong></span> <span class='ocrx_word' id='word_1_328' title='bbox 1110 2929 1364 2999; x_wconf 80' lang='lat' dir='ltr'><strong>confessio</strong></span> <span class='ocrx_word' id='word_1_329' title='bbox 1394 2938 1441 2982; x_wconf 90' lang='lat' dir='ltr'><strong>et</strong></span> <span class='ocrx_word' id='word_1_330' title='bbox 1479 2930 1626 2982; x_wconf 80' lang='lat' dir='ltr'><strong>uenia</strong></span> <span class='ocrx_word' id='word_1_331' title='bbox 1657 2938 1980 2998; x_wconf 83' lang='lat' dir='ltr'><strong>peccatorum</strong></span> <span class='ocrx_word' id='word_1_332' title='bbox 2003 2944 2022 2992; x_wconf 88' lang='lat'><strong><em>;</em></strong></span> <span class='ocrx_word' id='word_1_333' title='bbox 2062 2938 2117 2983; x_wconf 89' lang='lat' dir='ltr'><strong>et</strong></span> <span class='ocrx_word' id='word_1_334' title='bbox 2140 2929 2200 2985; x_wconf 90' lang='lat' dir='ltr'><strong>S.</strong></span> 
     </span>
    </p>
   </div>
   <div class='ocr_carea' id='block_1_46' title="bbox 598 3000 2205 3073">
    <p class='ocr_par' dir='ltr' id='par_1_46' title="bbox 598 3000 2205 3073">
     <span class='ocr_line' id='line_1_46' title="bbox 598 3000 2205 3073; baseline -0.002 -13"><span class='ocrx_word' id='word_1_335' title='bbox 598 3003 895 3073; x_wconf 88' lang='lat' dir='ltr'><strong>Gregorius</strong></span> <span class='ocrx_word' id='word_1_336' title='bbox 942 3001 1313 3073; x_wconf 86' lang='lat' dir='ltr'><strong>Nazianzenus</strong></span> <span class='ocrx_word' id='word_1_337' title='bbox 1362 3015 1616 3073; x_wconf 86' lang='lat' dir='ltr'><strong>sermone</strong></span> <span class='ocrx_word' id='word_1_338' title='bbox 1661 3001 1713 3054; x_wconf 91' lang='lat' dir='ltr'><strong>in</strong></span> <span class='ocrx_word' id='word_1_339' title='bbox 1764 3000 2205 3073; x_wconf 77' lang='lat' dir='ltr'><strong>sanctumlava-</strong></span> 
     </span>
    </p>
   </div>
   <div class='ocr_carea' id='block_1_47' title="bbox 598 3070 2200 3143">
    <p class='ocr_par' dir='ltr' id='par_1_47' title="bbox 598 3070 2200 3143">
     <span class='ocr_line' id='line_1_47' title="bbox 598 3070 2200 3143; baseline -0.002 -13"><span class='ocrx_word' id='word_1_340' title='bbox 598 3070 784 3139; x_wconf 81' lang='lat' dir='ltr'><strong>crum,-</strong></span> <span class='ocrx_word' id='word_1_341' title='bbox 807 3090 930 3129; x_wconf 88' lang='lat' dir='ltr'><strong>cum</strong></span> <span class='ocrx_word' id='word_1_342' title='bbox 956 3071 1334 3139; x_wconf 89' lang='lat' dir='ltr'><strong>baptizaudum</strong></span> <span class='ocrx_word' id='word_1_343' title='bbox 1357 3072 1661 3141; x_wconf 89' lang='lat' dir='ltr'><strong>alloquens,</strong></span> <span class='ocrx_word' id='word_1_344' title='bbox 1687 3087 1749 3125; x_wconf 88' lang='lat' dir='ltr'><strong>ne</strong></span> <span class='ocrx_word' id='word_1_345' title='bbox 1774 3070 2090 3143; x_wconf 87' lang='lat' dir='ltr'><strong>dedigneris,</strong></span> <span class='ocrx_word' id='word_1_346' title='bbox 2123 3074 2200 3126; x_wconf 44' lang='lat' dir='ltr'><strong>in.</strong></span> 
     </span>
    </p>
   </div>
   <div class='ocr_carea' id='block_1_48' title="bbox 598 3143 2203 3217">
    <p class='ocr_par' dir='ltr' id='par_1_48' title="bbox 598 3143 2203 3217">
     <span class='ocr_line' id='line_1_48' title="bbox 598 3143 2203 3217; baseline -0.002 -16"><span class='ocrx_word' id='word_1_347' title='bbox 598 3148 756 3216; x_wconf 89' lang='lat' dir='ltr'><strong>quit,</strong></span> <span class='ocrx_word' id='word_1_348' title='bbox 798 3157 944 3200; x_wconf 86' lang='lat' dir='ltr'><strong>tuum</strong></span> <span class='ocrx_word' id='word_1_349' title='bbox 984 3146 1201 3217; x_wconf 77' lang='lat' dir='ltr'><strong>prodere</strong></span> <span class='ocrx_word' id='word_1_350' title='bbox 1227 3153 1527 3217; x_wconf 5' lang='lat' dir='ltr'><strong>(peccatum,</strong></span> <span class='ocrx_word' id='word_1_351' title='bbox 1554 3159 1675 3217; x_wconf 79' lang='lat' dir='ltr'><strong>cum</strong></span> <span class='ocrx_word' id='word_1_352' title='bbox 1697 3143 1828 3197; x_wconf 87' lang='lat' dir='ltr'><strong>scias</strong></span> <span class='ocrx_word' id='word_1_353' title='bbox 1868 3145 2203 3217; x_wconf 77' lang='lat' dir='ltr'><strong>quemadmo-</strong></span> 
     </span>
    </p>
   </div>
   <div class='ocr_carea' id='block_1_49' title="bbox 599 3214 2207 3339">
    <p class='ocr_par' dir='ltr' id='par_1_49' title="bbox 599 3214 2207 3339">
     <span class='ocr_line' id='line_1_49' title="bbox 599 3214 2207 3339; baseline -0.002 -67"><span class='ocrx_word' id='word_1_354' title='bbox 599 3214 721 3272; x_wconf 84' lang='lat' dir='ltr'><strong>dum</strong></span> <span class='ocrx_word' id='word_1_355' title='bbox 748 3214 994 3272; x_wconf 74' lang='lat' dir='ltr'><strong>Joannes</strong></span> <span class='ocrx_word' id='word_1_356' title='bbox 1013 3215 1303 3285; x_wconf 78' lang='lat' dir='ltr'><strong>baptizabat</strong></span> <span class='ocrx_word' id='word_1_357' title='bbox 1323 3256 1338 3275; x_wconf 86' lang='lat'><strong>.</strong></span> <span class='ocrx_word' id='word_1_358' title='bbox 1382 3226 1433 3269; x_wconf 88' lang='lat' dir='ltr'><strong>ut</strong></span> <span class='ocrx_word' id='word_1_359' title='bbox 1457 3215 1775 3281; x_wconf 75' lang='lat' dir='ltr'><strong>confessione</strong></span> <span class='ocrx_word' id='word_1_360' title='bbox 1795 3214 2207 3339; x_wconf 47' lang='lat' dir='ltr'><strong>prcesentilutu-</strong></span> 
     </span>
     <span class='ocr_line' id='line_1_50' title="bbox 599 3284 2204 3339; baseline 0 0"><span class='ocrx_word' id='word_1_361' title='bbox 599 3306 713 3339; x_wconf 87' lang='lat' dir='ltr'><strong>mm</strong></span> <span class='ocrx_word' id='word_1_362' title='bbox 741 3291 952 3339; x_wconf 76' lang='lat' dir='ltr'><strong>euadere</strong></span> <span class='ocrx_word' id='word_1_363' title='bbox 984 3289 1144 3339; x_wconf 86' lang='lat' dir='ltr'><strong>nossis</strong></span> <span class='ocrx_word' id='word_1_364' title='bbox 1173 3329 1186 3339; x_wconf 92' lang='lat'><strong>.</strong></span> <span class='ocrx_word' id='word_1_365' title='bbox 1209 3287 1406 3339; x_wconf 85' lang='lat' dir='ltr'><strong>auibus</strong></span> <span class='ocrx_word' id='word_1_366' title='bbox 1431 3286 1611 3339; x_wconf 86' lang='lat' dir='ltr'><strong>verbis</strong></span> <span class='ocrx_word' id='word_1_367' title='bbox 1635 3302 1769 3339; x_wconf 82' lang='lat' dir='ltr'><strong>nova</strong></span> <span class='ocrx_word' id='word_1_368' title='bbox 1801 3284 2034 3339; x_wconf 85' lang='lat' dir='ltr'><strong>conliten</strong></span> <span class='ocrx_word' id='word_1_369' title='bbox 2078 3286 2093 3339; x_wconf 91' lang='lat' dir='ltr'><strong>i</strong></span> <span class='ocrx_word' id='word_1_370' title='bbox 2120 3302 2204 3339; x_wconf 83' lang='lat' dir='ltr'><strong>ra-</strong></span> 
     </span>
    </p>
   </div>
   <div class='ocr_carea' id='block_1_50' title="bbox 599 3284 2204 3357">
    <p class='ocr_par' dir='ltr' id='par_1_50' title="bbox 599 3284 2204 3357">
     <span class='ocr_line' id='line_1_51' title="bbox 599 3284 2204 3357; baseline -0.001 -15"><span class='ocrx_word' id='word_1_371' title='bbox 599 3306 713 3343; x_wconf 85' lang='lat' dir='ltr'><strong>ram</strong></span> <span class='ocrx_word' id='word_1_372' title='bbox 741 3291 952 3345; x_wconf 78' lang='lat' dir='ltr'><strong>evadere</strong></span> <span class='ocrx_word' id='word_1_373' title='bbox 982 3284 1144 3355; x_wconf 82' lang='lat' dir='ltr'><strong>possis</strong></span> <span class='ocrx_word' id='word_1_374' title='bbox 1173 3329 1186 3353; x_wconf 93' lang='lat'><strong>,</strong></span> <span class='ocrx_word' id='word_1_375' title='bbox 1209 3287 1406 3357; x_wconf 88' lang='lat' dir='ltr'><strong>quibus</strong></span> <span class='ocrx_word' id='word_1_376' title='bbox 1431 3286 1611 3341; x_wconf 89' lang='lat' dir='ltr'><strong>verbis</strong></span> <span class='ocrx_word' id='word_1_377' title='bbox 1635 3302 1769 3340; x_wconf 82' lang='lat' dir='ltr'><strong>nova</strong></span> <span class='ocrx_word' id='word_1_378' title='bbox 1795 3284 2093 3340; x_wconf 81' lang='lat' dir='ltr'><strong>confitendi</strong></span> <span class='ocrx_word' id='word_1_379' title='bbox 2120 3302 2204 3340; x_wconf 84' lang='lat' dir='ltr'><strong>ra-</strong></span> 
     </span>
    </p>
   </div>
   <div class='ocr_carea' id='block_1_51' title="bbox 602 3357 2208 3431">
    <p class='ocr_par' dir='ltr' id='par_1_51' title="bbox 602 3357 2208 3431">
     <span class='ocr_line' id='line_1_52' title="bbox 602 3357 2208 3431; baseline -0.001 -18"><span class='ocrx_word' id='word_1_380' title='bbox 602 3360 677 3416; x_wconf 91' lang='lat' dir='ltr'><strong>tio</strong></span> <span class='ocrx_word' id='word_1_381' title='bbox 704 3364 1041 3431; x_wconf 86' lang='lat' dir='ltr'><strong>pr0p0nitur.</strong></span> <span class='ocrx_word' id='word_1_382' title='bbox 1068 3358 1338 3431; x_wconf 81' lang='lat' dir='ltr'><strong>Eusebius</strong></span> <span class='ocrx_word' id='word_1_383' title='bbox 1369 3358 1525 3431; x_wconf 81' lang='lat' dir='ltr'><strong>lib._v</strong></span> <span class='ocrx_word' id='word_1_384' title='bbox 1560 3357 1721 3431; x_wconf 65' lang='lat' dir='ltr'><strong>liist.,</strong></span> <span class='ocrx_word' id='word_1_385' title='bbox 1772 3370 1890 3423; x_wconf 88' lang='lat' dir='ltr'><strong>cap.</strong></span> <span class='ocrx_word' id='word_1_386' title='bbox 1928 3357 2208 3431; x_wconf 67' lang='lat' dir='ltr'><strong>i7,_occa-</strong></span> 
     </span>
    </p>
   </div>
   <div class='ocr_carea' id='block_1_52' title="bbox 600 3428 2205 3500">
    <p class='ocr_par' dir='ltr' id='par_1_52' title="bbox 600 3428 2205 3500">
     <span class='ocr_line' id='line_1_53' title="bbox 600 3428 2205 3500; baseline -0.002 -15"><span class='ocrx_word' id='word_1_387' title='bbox 600 3428 755 3487; x_wconf 83' lang='lat' dir='ltr'><strong>sione</strong></span> <span class='ocrx_word' id='word_1_388' title='bbox 807 3428 1037 3500; x_wconf 80' lang='lat' dir='ltr'><strong>quadam</strong></span> <span class='ocrx_word' id='word_1_389' title='bbox 1088 3428 1395 3500; x_wconf 17' lang='lat' dir='ltr'><strong>multosiad</strong></span> <span class='ocrx_word' id='word_1_390' title='bbox 1460 3428 1821 3500; x_wconf 77' lang='lat' dir='ltr'><strong>Christianam</strong></span> <span class='ocrx_word' id='word_1_391' title='bbox 1890 3428 2205 3495; x_wconf 85' lang='lat' dir='ltr'><strong>religionem</strong></span> 
     </span>
    </p>
   </div>
   <div class='ocr_carea' id='block_1_53' title="bbox 599 3498 2208 3569">
    <p class='ocr_par' dir='ltr' id='par_1_53' title="bbox 599 3498 2208 3569">
     <span class='ocr_line' id='line_1_54' title="bbox 599 3498 2208 3569; baseline -0.004 -12"><span class='ocrx_word' id='word_1_392' title='bbox 599 3498 896 3558; x_wconf 81' lang='lat' dir='ltr'><strong>conversos</strong></span> <span class='ocrx_word' id='word_1_393' title='bbox 926 3516 1171 3562; x_wconf 84' lang='lat' dir='ltr'><strong>narrans,</strong></span> <span class='ocrx_word' id='word_1_394' title='bbox 1205 3501 1272 3554; x_wconf 91' lang='lat' dir='ltr'><strong>de</strong></span> <span class='ocrx_word' id='word_1_395' title='bbox 1300 3499 1385 3553; x_wconf 89' lang='lat' dir='ltr'><strong>bis</strong></span> <span class='ocrx_word' id='word_1_396' title='bbox 1415 3501 1588 3567; x_wconf 78' lang='lat' dir='ltr'><strong>inquit</strong></span> <span class='ocrx_word' id='word_1_397' title='bbox 1613 3516 1626 3552; x_wconf 90' lang='lat'><strong>:</strong></span> <span class='ocrx_word' id='word_1_398' title='bbox 1666 3498 1883 3553; x_wconf 82' lang='lat' dir='ltr'><strong>Peccata</strong></span> <span class='ocrx_word' id='word_1_399' title='bbox 1914 3515 2007 3551; x_wconf 87' lang='lat' dir='ltr'><strong>sua</strong></span> <span class='ocrx_word' id='word_1_400' title='bbox 2042 3500 2208 3569; x_wconf 79' lang='lat' dir='ltr'><strong>conﬁ-</strong></span> 
     </span>
    </p>
   </div>
   <div class='ocr_carea' id='block_1_54' title="bbox 600 3570 2203 3645">
    <p class='ocr_par' dir='ltr' id='par_1_54' title="bbox 600 3570 2203 3645">
     <span class='ocr_line' id='line_1_55' title="bbox 600 3570 2203 3645; baseline -0.002 -18"><span class='ocrx_word' id='word_1_401' title='bbox 600 3584 759 3628; x_wconf 86' lang='lat' dir='ltr'><strong>tentes</strong></span> <span class='ocrx_word' id='word_1_402' title='bbox 790 3573 1041 3645; x_wconf 84' lang='lat' dir='ltr'><strong>baptisma</strong></span> <span class='ocrx_word' id='word_1_403' title='bbox 1071 3571 1264 3628; x_wconf 81' lang='lat' dir='ltr'><strong>Christi</strong></span> <span class='ocrx_word' id='word_1_404' title='bbox 1303 3579 1656 3645; x_wconf 74' lang='lat' dir='ltr'><strong>susceperunt.</strong></span> <span class='ocrx_word' id='word_1_405' title='bbox 1708 3571 1848 3645; x_wconf 85' lang='lat' dir='ltr'><strong>Alia_</strong></span> <span class='ocrx_word' id='word_1_406' title='bbox 1872 3570 1923 3622; x_wconf 89' lang='lat' dir='ltr'><strong>id</strong></span> <span class='ocrx_word' id='word_1_407' title='bbox 1968 3575 2203 3645; x_wconf 77' lang='lat' dir='ltr'><strong>generis,</strong></span> 
     </span>
    </p>
   </div>
   <div class='ocr_carea' id='block_1_55' title="bbox 601 3639 2206 3714">
    <p class='ocr_par' dir='ltr' id='par_1_55' title="bbox 601 3639 2206 3714">
     <span class='ocr_line' id='line_1_56' title="bbox 601 3639 2206 3714; baseline -0.002 -14"><span class='ocrx_word' id='word_1_408' title='bbox 601 3660 721 3714; x_wconf 63' lang='lat' dir='ltr'><strong>quae</strong></span> <span class='ocrx_word' id='word_1_409' title='bbox 750 3639 951 3700; x_wconf 83' lang='lat' dir='ltr'><strong>adferri</strong></span> <span class='ocrx_word' id='word_1_410' title='bbox 980 3654 1221 3714; x_wconf 83' lang='lat' dir='ltr'><strong>possent,</strong></span> <span class='ocrx_word' id='word_1_411' title='bbox 1267 3650 1322 3697; x_wconf 89' lang='lat' dir='ltr'><strong>et</strong></span> <span class='ocrx_word' id='word_1_412' title='bbox 1345 3639 1592 3710; x_wconf 78' lang='lat' dir='ltr'><strong>exempla</strong></span> <span class='ocrx_word' id='word_1_413' title='bbox 1630 3650 1687 3697; x_wconf 89' lang='lat' dir='ltr'><strong>et</strong></span> <span class='ocrx_word' id='word_1_414' title='bbox 1729 3641 2034 3696; x_wconf 86' lang='lat' dir='ltr'><strong>testimonia</strong></span> <span class='ocrx_word' id='word_1_415' title='bbox 2064 3657 2206 3711; x_wconf 81' lang='lat' dir='ltr'><strong>pra:-</strong></span> 
     </span>
    </p>
   </div>
   <div class='ocr_carea' id='block_1_56' title="bbox 604 3716 973 3772">
    <p class='ocr_par' dir='ltr' id='par_1_56' title="bbox 604 3716 973 3772">
     <span class='ocr_line' id='line_1_57' title="bbox 604 3716 973 3772; baseline -0.008 0"><span class='ocrx_word' id='word_1_416' title='bbox 604 3716 973 3772; x_wconf 84' lang='lat' dir='ltr'><strong>termittimus.</strong></span> 
     </span>
    </p>
   </div>
   <div class='ocr_carea' id='block_1_57' title="bbox 677 3792 2206 3871">
    <p class='ocr_par' dir='ltr' id='par_1_57' title="bbox 677 3792 2206 3871">
     <span class='ocr_line' id='line_1_58' title="bbox 677 3792 2206 3871; baseline -0.001 -17"><span class='ocrx_word' id='word_1_417' title='bbox 677 3796 760 3871; x_wconf 84' lang='lat'><strong>(5)</strong></span> <span class='ocrx_word' id='word_1_418' title='bbox 800 3795 1046 3871; x_wconf 86' lang='lat' dir='ltr'><strong>Innuitur</strong></span> <span class='ocrx_word' id='word_1_419' title='bbox 1072 3794 1409 3871; x_wconf 74' lang='lat' dir='ltr'><strong>ptenitentia,</strong></span> <span class='ocrx_word' id='word_1_420' title='bbox 1467 3809 1585 3871; x_wconf 78' lang='lat' dir='ltr'><strong>qua:</strong></span> <span class='ocrx_word' id='word_1_421' title='bbox 1628 3792 1829 3871; x_wconf 75' lang='lat' dir='ltr'><strong>adultis</strong></span> <span class='ocrx_word' id='word_1_422' title='bbox 1870 3794 2206 3865; x_wconf 87' lang='lat' dir='ltr'><strong>baptizandis</strong></span> 
     </span>
    </p>
   </div>
   <div class='ocr_carea' id='block_1_58' title="bbox 603 3866 2206 3938">
    <p class='ocr_par' dir='ltr' id='par_1_58' title="bbox 603 3866 2206 3938">
     <span class='ocr_line' id='line_1_59' title="bbox 603 3866 2206 3938; baseline -0.001 -14"><span class='ocrx_word' id='word_1_423' title='bbox 603 3866 1001 3938; x_wconf 79' lang='lat' dir='ltr'><strong>imponebatur,</strong></span> <span class='ocrx_word' id='word_1_424' title='bbox 1052 3880 1341 3938; x_wconf 87' lang='lat' dir='ltr'><strong>antequam</strong></span> <span class='ocrx_word' id='word_1_425' title='bbox 1370 3866 1631 3934; x_wconf 88' lang='lat' dir='ltr'><strong>baptisma</strong></span> <span class='ocrx_word' id='word_1_426' title='bbox 1657 3867 2025 3938; x_wconf 83' lang='lat' dir='ltr'><strong>susciperent,</strong></span> <span class='ocrx_word' id='word_1_427' title='bbox 2053 3877 2109 3921; x_wconf 92' lang='lat' dir='ltr'><strong>ut</strong></span> <span class='ocrx_word' id='word_1_428' title='bbox 2138 3883 2206 3923; x_wconf 80' lang='lat' dir='ltr'><strong>ex</strong></span> 
     </span>
    </p>
   </div>
   <div class='ocr_carea' id='block_1_59' title="bbox 602 3936 2201 4009">
    <p class='ocr_par' dir='ltr' id='par_1_59' title="bbox 602 3936 2201 4009">
     <span class='ocr_line' id='line_1_60' title="bbox 602 3936 2201 4009; baseline 0 -14"><span class='ocrx_word' id='word_1_429' title='bbox 602 3936 916 3995; x_wconf 80' lang='lat' dir='ltr'><strong>memoratis</strong></span> <span class='ocrx_word' id='word_1_430' title='bbox 959 3936 1226 4009; x_wconf 82' lang='lat' dir='ltr'><strong>superiori</strong></span> <span class='ocrx_word' id='word_1_431' title='bbox 1257 3937 1603 4009; x_wconf 87' lang='lat' dir='ltr'><strong>adnotatione</strong></span> <span class='ocrx_word' id='word_1_432' title='bbox 1652 3938 1972 3993; x_wconf 89' lang='lat' dir='ltr'><strong>testimoniis</strong></span> <span class='ocrx_word' id='word_1_433' title='bbox 2014 3936 2201 4007; x_wconf 89' lang='lat' dir='ltr'><strong>liquet.</strong></span> 
     </span>
    </p>
   </div>
   <div class='ocr_carea' id='block_1_60' title="bbox 601 4008 2205 4075">
    <p class='ocr_par' dir='ltr' id='par_1_60' title="bbox 601 4008 2205 4075">
     <span class='ocr_line' id='line_1_61' title="bbox 601 4008 2205 4075; baseline 0.001 -10"><span class='ocrx_word' id='word_1_434' title='bbox 601 4010 709 4067; x_wconf 85' lang='lat' dir='ltr'><strong>Alii</strong></span> <span class='ocrx_word' id='word_1_435' title='bbox 735 4020 903 4068; x_wconf 83' lang='lat' dir='ltr'><strong>testes</strong></span> <span class='ocrx_word' id='word_1_436' title='bbox 931 4008 1046 4066; x_wconf 87' lang='lat' dir='ltr'><strong>fuse</strong></span> <span class='ocrx_word' id='word_1_437' title='bbox 1076 4009 1131 4065; x_wconf 92' lang='lat' dir='ltr'><strong>in</strong></span> <span class='ocrx_word' id='word_1_438' title='bbox 1162 4012 1298 4064; x_wconf 90' lang='lat' dir='ltr'><strong>hanc</strong></span> <span class='ocrx_word' id='word_1_439' title='bbox 1330 4025 1443 4062; x_wconf 84' lang='lat' dir='ltr'><strong>rem</strong></span> <span class='ocrx_word' id='word_1_440' title='bbox 1471 4008 1775 4075; x_wconf 86' lang='lat' dir='ltr'><strong>allegantur</strong></span> <span class='ocrx_word' id='word_1_441' title='bbox 1814 4025 1842 4062; x_wconf 86' lang='lat' dir='ltr'><strong>a</strong></span> <span class='ocrx_word' id='word_1_442' title='bbox 1873 4010 1931 4064; x_wconf 88' lang='grc' dir='ltr'><strong>Ρ.</strong></span> <span class='ocrx_word' id='word_1_443' title='bbox 1965 4009 2205 4066; x_wconf 80' lang='lat' dir='ltr'><strong>Martene</strong></span> 
     </span>
    </p>
   </div>
   <div class='ocr_carea' id='block_1_61' title="bbox 601 4079 2205 4151">
    <p class='ocr_par' dir='ltr' id='par_1_61' title="bbox 601 4079 2205 4151">
     <span class='ocr_line' id='line_1_62' title="bbox 601 4079 2205 4151; baseline -0.002 -13"><span class='ocrx_word' id='word_1_444' title='bbox 601 4083 697 4138; x_wconf 86' lang='lat' dir='ltr'><strong>lib.</strong></span> <span class='ocrx_word' id='word_1_445' title='bbox 732 4100 784 4147; x_wconf 85' lang='grc' dir='ltr'>ι,</span> <span class='ocrx_word' id='word_1_446' title='bbox 830 4098 950 4151; x_wconf 90' lang='lat' dir='ltr'><strong>cap.</strong></span> <span class='ocrx_word' id='word_1_447' title='bbox 980 4082 1031 4150; x_wconf 86' lang='grc' dir='ltr'><strong>Ι,</strong></span> <span class='ocrx_word' id='word_1_448' title='bbox 1062 4090 1167 4137; x_wconf 90' lang='lat' dir='ltr'><strong>art.</strong></span> <span class='ocrx_word' id='word_1_449' title='bbox 1199 4082 1290 4144; x_wconf 79' lang='lat' dir='ltr'><strong>ill,</strong></span> <span class='ocrx_word' id='word_1_450' title='bbox 1339 4095 1489 4134; x_wconf 92' lang='lat' dir='ltr'><strong>num.</strong></span> <span class='ocrx_word' id='word_1_451' title='bbox 1527 4079 1617 4151; x_wconf 83' lang='lat' dir='ltr'><strong>l0.</strong></span> <span class='ocrx_word' id='word_1_452' title='bbox 1650 4079 1778 4149; x_wconf 81' lang='lat' dir='ltr'><strong>Ejus</strong></span> <span class='ocrx_word' id='word_1_453' title='bbox 1821 4088 2000 4136; x_wconf 90' lang='lat' dir='ltr'><strong>autem</strong></span> <span class='ocrx_word' id='word_1_454' title='bbox 2032 4083 2205 4150; x_wconf 68' lang='lat' dir='ltr'><strong>paeni-</strong></span> 
     </span>
    </p>
   </div>
   <div class='ocr_carea' id='block_1_62' title="bbox 604 4150 2200 4225">
    <p class='ocr_par' dir='ltr' id='par_1_62' title="bbox 604 4150 2200 4225">
     <span class='ocr_line' id='line_1_63' title="bbox 604 4150 2200 4225; baseline -0.002 -17"><span class='ocrx_word' id='word_1_455' title='bbox 604 4156 787 4209; x_wconf 73' lang='lat' dir='ltr'><strong>tentia:</strong></span> <span class='ocrx_word' id='word_1_456' title='bbox 813 4150 1155 4225; x_wconf 74' lang='lat' dir='ltr'><strong>imponenda:</strong></span> <span class='ocrx_word' id='word_1_457' title='bbox 1178 4152 1465 4225; x_wconf 80' lang='lat' dir='ltr'><strong>consilium</strong></span> <span class='ocrx_word' id='word_1_458' title='bbox 1495 4150 1623 4206; x_wconf 92' lang='lat' dir='ltr'><strong>illud</strong></span> <span class='ocrx_word' id='word_1_459' title='bbox 1661 4152 1824 4225; x_wconf 83' lang='lat' dir='ltr'><strong>fuisse</strong></span> <span class='ocrx_word' id='word_1_460' title='bbox 1850 4153 2200 4225; x_wconf 87' lang='lat' dir='ltr'><strong>arbitramur,</strong></span> 
     </span>
    </p>
   </div>
   <div class='ocr_carea' id='block_1_63' title="bbox 600 4222 2203 4293">
    <p class='ocr_par' dir='ltr' id='par_1_63' title="bbox 600 4222 2203 4293">
     <span class='ocr_line' id='line_1_64' title="bbox 600 4222 2203 4293; baseline -0.001 -13"><span class='ocrx_word' id='word_1_461' title='bbox 600 4240 710 4280; x_wconf 91' lang='lat' dir='ltr'><strong>non</strong></span> <span class='ocrx_word' id='word_1_462' title='bbox 752 4222 926 4281; x_wconf 83' lang='lat' dir='ltr'><strong>solum</strong></span> <span class='ocrx_word' id='word_1_463' title='bbox 966 4236 1018 4279; x_wconf 94' lang='lat' dir='ltr'><strong>ut</strong></span> <span class='ocrx_word' id='word_1_464' title='bbox 1048 4222 1360 4293; x_wconf 86' lang='lat' dir='ltr'><strong>baptizandi</strong></span> <span class='ocrx_word' id='word_1_465' title='bbox 1404 4232 1746 4291; x_wconf 88' lang='lat' dir='ltr'><strong>peccatorum</strong></span> <span class='ocrx_word' id='word_1_466' title='bbox 1776 4223 2007 4292; x_wconf 84' lang='lat' dir='ltr'><strong>aliquam</strong></span> <span class='ocrx_word' id='word_1_467' title='bbox 2040 4224 2203 4280; x_wconf 88' lang='lat' dir='ltr'><strong>satis-</strong></span> 
     </span>
    </p>
   </div>
   <div class='ocr_carea' id='block_1_64' title="bbox 600 4294 2202 4364">
    <p class='ocr_par' dir='ltr' id='par_1_64' title="bbox 600 4294 2202 4364">
     <span class='ocr_line' id='line_1_65' title="bbox 600 4294 2202 4364; baseline -0.001 -13"><span class='ocrx_word' id='word_1_468' title='bbox 600 4296 889 4353; x_wconf 80' lang='lat' dir='ltr'><strong>factionem</strong></span> <span class='ocrx_word' id='word_1_469' title='bbox 941 4296 1155 4363; x_wconf 86' lang='lat' dir='ltr'><strong>darent,</strong></span> <span class='ocrx_word' id='word_1_470' title='bbox 1200 4295 1472 4364; x_wconf 86' lang='lat' dir='ltr'><strong>simulque</strong></span> <span class='ocrx_word' id='word_1_471' title='bbox 1522 4294 1909 4362; x_wconf 72' lang='lat' dir='ltr'><strong>ostenderent,</strong></span> <span class='ocrx_word' id='word_1_472' title='bbox 1973 4310 2096 4349; x_wconf 91' lang='lat' dir='ltr'><strong>num</strong></span> <span class='ocrx_word' id='word_1_473' title='bbox 2137 4312 2202 4351; x_wconf 83' lang='lat' dir='ltr'><strong>ex</strong></span> 
     </span>
    </p>
   </div>
   <div class='ocr_carea' id='block_1_65' title="bbox 600 4365 2200 4438">
    <p class='ocr_par' dir='ltr' id='par_1_65' title="bbox 600 4365 2200 4438">
     <span class='ocr_line' id='line_1_66' title="bbox 600 4365 2200 4438; baseline -0.003 -15"><span class='ocrx_word' id='word_1_474' title='bbox 600 4369 783 4424; x_wconf 90' lang='lat' dir='ltr'><strong>animo</strong></span> <span class='ocrx_word' id='word_1_475' title='bbox 821 4370 1145 4438; x_wconf 62' lang='lat' dir='ltr'><strong>praeteritam</strong></span> <span class='ocrx_word' id='word_1_476' title='bbox 1180 4368 1341 4420; x_wconf 90' lang='lat' dir='ltr'><strong>vitam</strong></span> <span class='ocrx_word' id='word_1_477' title='bbox 1382 4365 1805 4438; x_wconf 85' lang='lat' dir='ltr'><strong>detestarentnr,</strong></span> <span class='ocrx_word' id='word_1_478' title='bbox 1846 4382 1907 4422; x_wconf 89' lang='lat' dir='ltr'><strong>ae</strong></span> <span class='ocrx_word' id='word_1_479' title='bbox 1938 4366 2200 4438; x_wconf 86' lang='lat' dir='ltr'><strong>baptisma</strong></span> 
     </span>
    </p>
   </div>
   <div class='ocr_carea' id='block_1_66' title="bbox 603 4437 2203 4508">
    <p class='ocr_par' dir='ltr' id='par_1_66' title="bbox 603 4437 2203 4508">
     <span class='ocr_line' id='line_1_67' title="bbox 603 4437 2203 4508; baseline -0.002 -13"><span class='ocrx_word' id='word_1_480' title='bbox 603 4437 883 4508; x_wconf 86' lang='lat' dir='ltr'><strong>peterent;</strong></span> <span class='ocrx_word' id='word_1_481' title='bbox 917 4439 1013 4495; x_wconf 79' lang='lat' dir='ltr'><strong>sed</strong></span> <span class='ocrx_word' id='word_1_482' title='bbox 1058 4439 1222 4493; x_wconf 86' lang='lat' dir='ltr'><strong>etiam</strong></span> <span class='ocrx_word' id='word_1_483' title='bbox 1267 4447 1323 4492; x_wconf 93' lang='lat' dir='ltr'><strong>nt</strong></span> <span class='ocrx_word' id='word_1_484' title='bbox 1362 4451 1492 4493; x_wconf 88' lang='lat' dir='ltr'><strong>caro</strong></span> <span class='ocrx_word' id='word_1_485' title='bbox 1543 4438 1593 4490; x_wconf 92' lang='lat' dir='ltr'><strong>in</strong></span> <span class='ocrx_word' id='word_1_486' title='bbox 1623 4437 1768 4491; x_wconf 87' lang='lat' dir='ltr'><strong>vitiis</strong></span> <span class='ocrx_word' id='word_1_487' title='bbox 1813 4438 2068 4501; x_wconf 83' lang='lat' dir='ltr'><strong>entnrita,</strong></span> <span class='ocrx_word' id='word_1_488' title='bbox 2102 4437 2203 4492; x_wconf 86' lang='lat' dir='ltr'><strong>hac</strong></span> 
     </span>
    </p>
   </div>
   <div class='ocr_carea' id='block_1_67' title="bbox 601 4507 2200 4581">
    <p class='ocr_par' dir='ltr' id='par_1_67' title="bbox 601 4507 2200 4581">
     <span class='ocr_line' id='line_1_68' title="bbox 601 4507 2200 4581; baseline -0.003 -16"><span class='ocrx_word' id='word_1_489' title='bbox 601 4507 966 4566; x_wconf 86' lang='lat' dir='ltr'><strong>maceratione</strong></span> <span class='ocrx_word' id='word_1_490' title='bbox 1012 4510 1246 4566; x_wconf 89' lang='lat' dir='ltr'><strong>edomita</strong></span> <span class='ocrx_word' id='word_1_491' title='bbox 1288 4507 1503 4581; x_wconf 77' lang='lat' dir='ltr'><strong>Spiritui</strong></span> <span class='ocrx_word' id='word_1_492' title='bbox 1546 4508 1812 4564; x_wconf 58' lang='lat' dir='ltr'><strong>inservire</strong></span> <span class='ocrx_word' id='word_1_493' title='bbox 1842 4518 2200 4581; x_wconf 79' lang='lat' dir='ltr'><strong>assuesceret.</strong></span> 
     </span>
    </p>
   </div>
   <div class='ocr_carea' id='block_1_68' title="bbox 601 4579 2200 4655">
    <p class='ocr_par' dir='ltr' id='par_1_68' title="bbox 601 4579 2200 4655">
     <span class='ocr_line' id='line_1_69' title="bbox 601 4579 2200 4655; baseline -0.001 -20"><span class='ocrx_word' id='word_1_494' title='bbox 601 4581 774 4655; x_wconf 88' lang='lat' dir='ltr'><strong>llujus</strong></span> <span class='ocrx_word' id='word_1_495' title='bbox 803 4579 1769 4655; x_wconf 15' lang='lat' dir='ltr'><strong>autemAptnnitenti-c‘institutionent</strong></span> <span class='ocrx_word' id='word_1_496' title='bbox 1788 4580 2019 4655; x_wconf 72' lang='lat' dir='ltr'><strong>quidam</strong></span> <span class='ocrx_word' id='word_1_497' title='bbox 2055 4581 2200 4655; x_wconf 64' lang='lat' dir='ltr'><strong>Petri</strong></span> 
     </span>
    </p>
   </div>
   <div class='ocr_carea' id='block_1_69' title="bbox 601 4650 2202 4724">
    <p class='ocr_par' dir='ltr' id='par_1_69' title="bbox 601 4650 2202 4724">
     <span class='ocr_line' id='line_1_70' title="bbox 601 4650 2202 4724; baseline -0.003 -17"><span class='ocrx_word' id='word_1_498' title='bbox 601 4650 875 4724; x_wconf 67' lang='lat' dir='ltr'><strong>praecepto</strong></span> <span class='ocrx_word' id='word_1_499' title='bbox 923 4650 1191 4721; x_wconf 80' lang='lat' dir='ltr'><strong>referunt,</strong></span> <span class='ocrx_word' id='word_1_500' title='bbox 1238 4660 1296 4708; x_wconf 90' lang='grc' dir='ltr'><strong>ιιι</strong></span> <span class='ocrx_word' id='word_1_501' title='bbox 1338 4652 1683 4705; x_wconf 81' lang='lat' dir='ltr'><strong>disciniusex</strong></span> <span class='ocrx_word' id='word_1_502' title='bbox 1715 4651 1939 4717; x_wconf 62' lang='lat' dir='ltr'><strong>egistola</strong></span> <span class='ocrx_word' id='word_1_503' title='bbox 1969 4650 2202 4724; x_wconf 46' lang='lat' dir='ltr'><strong>Herivati</strong></span> 
     </span>
    </p>
   </div>
   <div class='ocr_carea' id='block_1_70' title="bbox 2312 1875 3905 1952">
    <p class='ocr_par' dir='ltr' id='par_1_70' title="bbox 2312 1875 3905 1952">
     <span class='ocr_line' id='line_1_71' title="bbox 2312 1875 3905 1952; baseline 0.004 -21"><span class='ocrx_word' id='word_1_504' title='bbox 2312 1875 2633 1941; x_wconf 61' lang='lat' dir='ltr'><strong>homicida},</strong></span> <span class='ocrx_word' id='word_1_505' title='bbox 2694 1878 2975 1945; x_wconf 86' lang='lat' dir='ltr'><strong>adultero,</strong></span> <span class='ocrx_word' id='word_1_506' title='bbox 3034 1879 3347 1934; x_wconf 82' lang='lat' dir='ltr'><strong>incestatori</strong></span> <span class='ocrx_word' id='word_1_507' title='bbox 3376 1920 3392 1947; x_wconf 96' lang='lat'><strong>,</strong></span> <span class='ocrx_word' id='word_1_508' title='bbox 3440 1880 3711 1952; x_wconf 88' lang='lat' dir='ltr'><strong>sacrilego</strong></span> <span class='ocrx_word' id='word_1_509' title='bbox 3745 1924 3758 1946; x_wconf 89' lang='lat'><strong>,</strong></span> <span class='ocrx_word' id='word_1_510' title='bbox 3808 1882 3905 1937; x_wconf 91' lang='lat' dir='ltr'><strong>nisi</strong></span> 
     </span>
    </p>
   </div>
   <div class='ocr_carea' id='block_1_71' title="bbox 2311 1970 3907 2044">
    <p class='ocr_par' dir='ltr' id='par_1_71' title="bbox 2311 1970 3907 2044">
     <span class='ocr_line' id='line_1_72' title="bbox 2311 1970 3907 2044; baseline 0.001 -20"><span class='ocrx_word' id='word_1_511' title='bbox 2311 1970 2429 2040; x_wconf 87' lang='lat' dir='ltr'><strong>ejus</strong></span> <span class='ocrx_word' id='word_1_512' title='bbox 2468 1971 2737 2026; x_wconf 87' lang='lat' dir='ltr'><strong>curaverit</strong></span> <span class='ocrx_word' id='word_1_513' title='bbox 2765 1983 3031 2036; x_wconf 87' lang='lat' dir='ltr'><strong>mentem,</strong></span> <span class='ocrx_word' id='word_1_514' title='bbox 3063 1986 3170 2026; x_wconf 92' lang='lat' dir='ltr'><strong>non</strong></span> <span class='ocrx_word' id='word_1_515' title='bbox 3207 1970 3363 2026; x_wconf 89' lang='lat' dir='ltr'><strong>video</strong></span> <span class='ocrx_word' id='word_1_516' title='bbox 3409 1971 3544 2042; x_wconf 90' lang='lat' dir='ltr'><strong>quid</strong></span> <span class='ocrx_word' id='word_1_517' title='bbox 3585 1971 3657 2026; x_wconf 91' lang='lat' dir='ltr'><strong>illi</strong></span> <span class='ocrx_word' id='word_1_518' title='bbox 3709 1972 3907 2044; x_wconf 67' lang='lat' dir='ltr'><strong>praesti-</strong></span> 
     </span>
    </p>
   </div>
   <div class='ocr_carea' id='block_1_72' title="bbox 2313 2064 3908 2136">
    <p class='ocr_par' dir='ltr' id='par_1_72' title="bbox 2313 2064 3908 2136">
     <span class='ocr_line' id='line_1_73' title="bbox 2313 2064 3908 2136; baseline 0.002 -17"><span class='ocrx_word' id='word_1_519' title='bbox 2313 2065 2455 2119; x_wconf 84' lang='lat' dir='ltr'><strong>terit.</strong></span> <span class='ocrx_word' id='word_1_520' title='bbox 2503 2064 2549 2120; x_wconf 92' lang='grc' dir='ltr'>Ο</span> <span class='ocrx_word' id='word_1_521' title='bbox 2591 2065 2896 2120; x_wconf 79' lang='lat' dir='ltr'><strong>liberatoris</strong></span> <span class='ocrx_word' id='word_1_522' title='bbox 2938 2066 3105 2120; x_wconf 85' lang='lat' dir='ltr'><strong>nostri</strong></span> <span class='ocrx_word' id='word_1_523' title='bbox 3150 2065 3412 2136; x_wconf 83' lang='lat' dir='ltr'><strong>profunda</strong></span> <span class='ocrx_word' id='word_1_524' title='bbox 3459 2066 3835 2135; x_wconf 87' lang='lat' dir='ltr'><strong>providentia!</strong></span> <span class='ocrx_word' id='word_1_525' title='bbox 3868 2064 3908 2122; x_wconf 92' lang='grc'>0</span> 
     </span>
    </p>
   </div>
   <div class='ocr_carea' id='block_1_73' title="bbox 2314 2157 3914 2229">
    <p class='ocr_par' dir='ltr' id='par_1_73' title="bbox 2314 2157 3914 2229">
     <span class='ocr_line' id='line_1_74' title="bbox 2314 2157 3914 2229; baseline 0.001 -17"><span class='ocrx_word' id='word_1_526' title='bbox 2314 2160 2622 2229; x_wconf 64' lang='lat' dir='ltr'><strong>praestantia</strong></span> <span class='ocrx_word' id='word_1_527' title='bbox 2653 2158 2974 2228; x_wconf 86' lang='lat' dir='ltr'><strong>singularis!</strong></span> <span class='ocrx_word' id='word_1_528' title='bbox 3004 2157 3048 2216; x_wconf 92' lang='grc' dir='ltr'>Ο</span> <span class='ocrx_word' id='word_1_529' title='bbox 3078 2158 3254 2214; x_wconf 89' lang='lat' dir='ltr'><strong>dulcis</strong></span> <span class='ocrx_word' id='word_1_530' title='bbox 3292 2160 3564 2214; x_wconf 80' lang='lat' dir='ltr'><strong>sententia</strong></span> <span class='ocrx_word' id='word_1_531' title='bbox 3597 2158 3914 2214; x_wconf 83' lang='lat' dir='ltr'><strong>l0danma-</strong></span> 
     </span>
    </p>
   </div>
   <div class='ocr_carea' id='block_1_74' title="bbox 2313 2252 3914 2326">
    <p class='ocr_par' dir='ltr' id='par_1_74' title="bbox 2313 2252 3914 2326">
     <span class='ocr_line' id='line_1_75' title="bbox 2313 2252 3914 2326; baseline 0.001 -19"><span class='ocrx_word' id='word_1_532' title='bbox 2313 2253 2387 2307; x_wconf 92' lang='lat' dir='ltr'><strong>tio</strong></span> <span class='ocrx_word' id='word_1_533' title='bbox 2413 2253 2746 2309; x_wconf 87' lang='lat' dir='ltr'><strong>necessaria!</strong></span> <span class='ocrx_word' id='word_1_534' title='bbox 2781 2253 2953 2309; x_wconf 87' lang='lat' dir='ltr'><strong>Homo</strong></span> <span class='ocrx_word' id='word_1_535' title='bbox 2980 2253 3273 2325; x_wconf 79' lang='lat' dir='ltr'><strong>jttgulatur,</strong></span> <span class='ocrx_word' id='word_1_536' title='bbox 3296 2260 3356 2308; x_wconf 91' lang='lat' dir='ltr'><strong>ut</strong></span> <span class='ocrx_word' id='word_1_537' title='bbox 3384 2254 3573 2309; x_wconf 85' lang='lat' dir='ltr'><strong>vivat:</strong></span> <span class='ocrx_word' id='word_1_538' title='bbox 3598 2252 3678 2326; x_wconf 86' lang='grc'>(7)</span> <span class='ocrx_word' id='word_1_539' title='bbox 3703 2266 3914 2322; x_wconf 89' lang='lat' dir='ltr'><strong>percus-</strong></span> 
     </span>
    </p>
   </div>
   <div class='ocr_carea' id='block_1_75' title="bbox 2310 2345 3917 2419">
    <p class='ocr_par' dir='ltr' id='par_1_75' title="bbox 2310 2345 3917 2419">
     <span class='ocr_line' id='line_1_76' title="bbox 2310 2345 3917 2419; baseline -0.001 -19"><span class='ocrx_word' id='word_1_540' title='bbox 2310 2361 2438 2414; x_wconf 89' lang='lat' dir='ltr'><strong>sor,</strong></span> <span class='ocrx_word' id='word_1_541' title='bbox 2474 2347 2916 2419; x_wconf 87' lang='lat' dir='ltr'><strong>percussorisque</strong></span> <span class='ocrx_word' id='word_1_542' title='bbox 2946 2363 3051 2403; x_wconf 93' lang='lat' dir='ltr'><strong>non</strong></span> <span class='ocrx_word' id='word_1_543' title='bbox 3097 2347 3339 2403; x_wconf 88' lang='lat' dir='ltr'><strong>cernitur</strong></span> <span class='ocrx_word' id='word_1_544' title='bbox 3364 2346 3584 2419; x_wconf 87' lang='lat' dir='ltr'><strong>gladius</strong></span> <span class='ocrx_word' id='word_1_545' title='bbox 3612 2363 3624 2400; x_wconf 92' lang='lat'><strong>:</strong></span> <span class='ocrx_word' id='word_1_546' title='bbox 3658 2345 3917 2417; x_wconf 82' lang='lat' dir='ltr'><strong>percussi-</strong></span> 
     </span>
    </p>
   </div>
   <div class='ocr_carea' id='block_1_76' title="bbox 2307 2505 3916 2579">
    <p class='ocr_par' dir='ltr' id='par_1_76' title="bbox 2307 2505 3916 2579">
     <span class='ocr_line' id='line_1_77' title="bbox 2307 2505 3916 2579; baseline 0.005 -23"><span class='ocrx_word' id='word_1_547' title='bbox 2307 2506 2563 2579; x_wconf 74' lang='lat' dir='ltr'><strong>gratiam,</strong></span> <span class='ocrx_word' id='word_1_548' title='bbox 2596 2522 2699 2579; x_wconf 86' lang='lat' dir='ltr'><strong>qua</strong></span> <span class='ocrx_word' id='word_1_549' title='bbox 2730 2506 2881 2561; x_wconf 89' lang='lat' dir='ltr'><strong>modo</strong></span> <span class='ocrx_word' id='word_1_550' title='bbox 2908 2507 3069 2579; x_wconf 82' lang='lat' dir='ltr'><strong>geniti</strong></span> <span class='ocrx_word' id='word_1_551' title='bbox 3094 2506 3317 2576; x_wconf 76' lang='lat' dir='ltr'><strong>infantes</strong></span> <span class='ocrx_word' id='word_1_552' title='bbox 3336 2505 3596 2564; x_wconf 91' lang='lat' dir='ltr'><strong>dicuntur</strong></span> <span class='ocrx_word' id='word_1_553' title='bbox 3630 2526 3657 2562; x_wconf 88' lang='lat' dir='ltr'><strong>a</strong></span> <span class='ocrx_word' id='word_1_554' title='bbox 3691 2510 3845 2565; x_wconf 84' lang='lat' dir='ltr'><strong>Petro</strong></span> <span class='ocrx_word' id='word_1_555' title='bbox 3869 2526 3916 2575; x_wconf 86' lang='grc' dir='ltr'>ι,</span> 
     </span>
    </p>
   </div>
   <div class='ocr_carea' id='block_1_77' title="bbox 2309 2577 3914 2648">
    <p class='ocr_par' dir='ltr' id='par_1_77' title="bbox 2309 2577 3914 2648">
     <span class='ocr_line' id='line_1_78' title="bbox 2309 2577 3914 2648; baseline 0.004 -19"><span class='ocrx_word' id='word_1_556' title='bbox 2309 2591 2379 2648; x_wconf 72' lang='grc' dir='ltr'>ιι,</span> <span class='ocrx_word' id='word_1_557' title='bbox 2411 2577 2466 2638; x_wconf 77' lang='lat'><strong>2.</strong></span> <span class='ocrx_word' id='word_1_558' title='bbox 2503 2579 2554 2632; x_wconf 92' lang='lat' dir='ltr'><strong>in</strong></span> <span class='ocrx_word' id='word_1_559' title='bbox 2598 2578 2861 2633; x_wconf 88' lang='lat' dir='ltr'><strong>malitiam</strong></span> <span class='ocrx_word' id='word_1_560' title='bbox 2911 2577 2958 2632; x_wconf 80' lang='lat' dir='ltr'><strong>et</strong></span> <span class='ocrx_word' id='word_1_561' title='bbox 3003 2579 3215 2648; x_wconf 89' lang='lat' dir='ltr'><strong>culpam</strong></span> <span class='ocrx_word' id='word_1_562' title='bbox 3258 2594 3364 2634; x_wconf 88' lang='lat' dir='ltr'><strong>non</strong></span> <span class='ocrx_word' id='word_1_563' title='bbox 3413 2583 3769 2637; x_wconf 82' lang='lat' dir='ltr'><strong>mutaverint.</strong></span> <span class='ocrx_word' id='word_1_564' title='bbox 3823 2581 3914 2636; x_wconf 78' lang='lat' dir='ltr'><strong>Ms.</strong></span> 
     </span>
    </p>
   </div>
   <div class='ocr_carea' id='block_1_78' title="bbox 2308 2646 3109 2718">
    <p class='ocr_par' dir='ltr' id='par_1_78' title="bbox 2308 2646 3109 2718">
     <span class='ocr_line' id='line_1_79' title="bbox 2308 2646 3109 2718; baseline -0.002 -15"><span class='ocrx_word' id='word_1_565' title='bbox 2308 2646 2499 2718; x_wconf 86' lang='lat' dir='ltr'><strong>Potnp.</strong></span> <span class='ocrx_word' id='word_1_566' title='bbox 2527 2650 2579 2704; x_wconf 92' lang='lat' dir='ltr'><strong>in</strong></span> <span class='ocrx_word' id='word_1_567' title='bbox 2612 2651 2715 2704; x_wconf 86' lang='lat' dir='ltr'><strong>line</strong></span> <span class='ocrx_word' id='word_1_568' title='bbox 2744 2650 2889 2703; x_wconf 83' lang='lat' dir='ltr'><strong>addit</strong></span> <span class='ocrx_word' id='word_1_569' title='bbox 2933 2646 3109 2703; x_wconf 69' lang='lat' dir='ltr'><strong>Amen.</strong></span> 
     </span>
    </p>
   </div>
   <div class='ocr_carea' id='block_1_79' title="bbox 2381 2719 3925 2794">
    <p class='ocr_par' dir='ltr' id='par_1_79' title="bbox 2381 2719 3925 2794">
     <span class='ocr_line' id='line_1_80' title="bbox 2381 2719 3925 2794; baseline 0.003 -20"><span class='ocrx_word' id='word_1_570' title='bbox 2381 2719 2589 2777; x_wconf 67' lang='lat' dir='ltr'><strong>Tnscr.</strong></span> <span class='ocrx_word' id='word_1_571' title='bbox 2626 2720 2738 2794; x_wconf 67' lang='lat' dir='ltr'><strong>XL.</strong></span> <span class='ocrx_word' id='word_1_572' title='bbox 2774 2751 2845 2794; x_wconf 58' lang='grc' dir='ltr'><strong>έ-</strong></span> <span class='ocrx_word' id='word_1_573' title='bbox 2873 2720 2952 2793; x_wconf 86' lang='grc' dir='ltr'>(ι)</span> <span class='ocrx_word' id='word_1_574' title='bbox 2978 2720 3073 2794; x_wconf 70' lang='lat' dir='ltr'><strong>§ie</strong></span> <span class='ocrx_word' id='word_1_575' title='bbox 3104 2720 3210 2794; x_wconf 6' lang='lat' dir='ltr'><strong>(ed.</strong></span> <span class='ocrx_word' id='word_1_576' title='bbox 3238 2720 3367 2777; x_wconf 80' lang='lat' dir='ltr'><strong>Ver.</strong></span> <span class='ocrx_word' id='word_1_577' title='bbox 3398 2738 3413 2774; x_wconf 91' lang='lat'><strong>:</strong></span> <span class='ocrx_word' id='word_1_578' title='bbox 3451 2721 3747 2794; x_wconf 88' lang='lat' dir='ltr'><strong>inscriptio</strong></span> <span class='ocrx_word' id='word_1_579' title='bbox 3783 2724 3925 2779; x_wconf 91' lang='lat' dir='ltr'><strong>codi-</strong></span> 
     </span>
    </p>
   </div>
   <div class='ocr_carea' id='block_1_80' title="bbox 2306 2790 3916 2866">
    <p class='ocr_par' dir='ltr' id='par_1_80' title="bbox 2306 2790 3916 2866">
     <span class='ocr_line' id='line_1_81' title="bbox 2306 2790 3916 2866; baseline 0.004 -22"><span class='ocrx_word' id='word_1_580' title='bbox 2306 2805 2428 2866; x_wconf 64' lang='lat' dir='ltr'><strong>cum</strong></span> <span class='ocrx_word' id='word_1_581' title='bbox 2456 2803 2540 2866; x_wconf 83' lang='lat' dir='ltr'><strong>est</strong></span> <span class='ocrx_word' id='word_1_582' title='bbox 2559 2794 2621 2845; x_wconf 89' lang='lat' dir='ltr'><strong>de</strong></span> <span class='ocrx_word' id='word_1_583' title='bbox 2648 2790 2911 2866; x_wconf 71' lang='lat' dir='ltr'><strong>Baptistae</strong></span> <span class='ocrx_word' id='word_1_584' title='bbox 2934 2792 3152 2866; x_wconf 82' lang='lat' dir='ltr'><strong>:Editio</strong></span> <span class='ocrx_word' id='word_1_585' title='bbox 3172 2790 3374 2866; x_wconf 85' lang='lat' dir='ltr'><strong>Veneta</strong></span> <span class='ocrx_word' id='word_1_586' title='bbox 3393 2804 3524 2848; x_wconf 90' lang='lat' dir='ltr'><strong>cum</strong></span> <span class='ocrx_word' id='word_1_587' title='bbox 3552 2790 3916 2866; x_wconf 76' lang='lat' dir='ltr'><strong>manuscripto</strong></span> 
     </span>
    </p>
   </div>
   <div class='ocr_carea' id='block_1_81' title="bbox 2308 2862 3392 2931">
    <p class='ocr_par' dir='ltr' id='par_1_81' title="bbox 2308 2862 3392 2931">
     <span class='ocr_line' id='line_1_82' title="bbox 2308 2862 3392 2931; baseline 0.001 -15"><span class='ocrx_word' id='word_1_588' title='bbox 2308 2862 2622 2918; x_wconf 84' lang='lat' dir='ltr'><strong>Zenoniauo</strong></span> <span class='ocrx_word' id='word_1_589' title='bbox 2651 2881 2664 2918; x_wconf 90' lang='lat'>:</span> <span class='ocrx_word' id='word_1_590' title='bbox 2693 2863 2820 2917; x_wconf 86' lang='lat' dir='ltr'><strong>Post</strong></span> <span class='ocrx_word' id='word_1_591' title='bbox 2850 2865 3095 2918; x_wconf 85' lang='lat' dir='ltr'><strong>traditum</strong></span> <span class='ocrx_word' id='word_1_592' title='bbox 3119 2864 3392 2931; x_wconf 84' lang='lat' dir='ltr'><strong>baptisma.</strong></span> 
     </span>
    </p>
   </div>
   <div class='ocr_carea' id='block_1_82' title="bbox 2384 2934 3924 3010">
    <p class='ocr_par' dir='ltr' id='par_1_82' title="bbox 2384 2934 3924 3010">
     <span class='ocr_line' id='line_1_83' title="bbox 2384 2934 3924 3010; baseline 0.003 -23"><span class='ocrx_word' id='word_1_593' title='bbox 2384 2934 2460 3010; x_wconf 66' lang='lat'><strong>(‘2)</strong></span> <span class='ocrx_word' id='word_1_594' title='bbox 2495 2935 2694 3010; x_wconf 77' lang='lat' dir='ltr'><strong>sancto</strong></span> <span class='ocrx_word' id='word_1_595' title='bbox 2718 2936 3049 3010; x_wconf 20' lang='lat' dir='ltr'><strong>pr0priewl_ex</strong></span> <span class='ocrx_word' id='word_1_596' title='bbox 3076 2946 3181 3010; x_wconf 64' lang='lat' dir='ltr'><strong>est,</strong></span> <span class='ocrx_word' id='word_1_597' title='bbox 3213 2951 3332 3010; x_wconf 78' lang='lat' dir='ltr'><strong>qua:</strong></span> <span class='ocrx_word' id='word_1_598' title='bbox 3364 2951 3590 3010; x_wconf 68' lang='lat' dir='ltr'><strong>pinnam</strong></span> <span class='ocrx_word' id='word_1_599' title='bbox 3621 2937 3924 3010; x_wconf 78' lang='lat' dir='ltr'><strong>adjuni-tatn</strong></span> 
     </span>
    </p>
   </div>
   <div class='ocr_carea' id='block_1_83' title="bbox 2313 3005 3927 3080">
    <p class='ocr_par' dir='ltr' id='par_1_83' title="bbox 2313 3005 3927 3080">
     <span class='ocr_line' id='line_1_84' title="bbox 2313 3005 3927 3080; baseline 0.001 -21"><span class='ocrx_word' id='word_1_600' title='bbox 2313 3005 2494 3060; x_wconf 86' lang='lat' dir='ltr'><strong>habet.</strong></span> <span class='ocrx_word' id='word_1_601' title='bbox 2545 3005 2881 3080; x_wconf 27' lang='lat' dir='ltr'><strong>Justin’ianus</strong></span> <span class='ocrx_word' id='word_1_602' title='bbox 2932 3006 3021 3063; x_wconf 87' lang='lat' dir='ltr'><strong>lib.</strong></span> <span class='ocrx_word' id='word_1_603' title='bbox 3076 3022 3112 3061; x_wconf 90' lang='lat' dir='ltr'><strong>tt</strong></span> <span class='ocrx_word' id='word_1_604' title='bbox 3154 3006 3436 3080; x_wconf 78' lang='lat' dir='ltr'><strong>lustit.i:</strong></span> <span class='ocrx_word' id='word_1_605' title='bbox 3492 3008 3627 3065; x_wconf 84' lang='lat' dir='ltr'><strong>Ideo</strong></span> <span class='ocrx_word' id='word_1_606' title='bbox 3665 3005 3712 3065; x_wconf 74' lang='lat' dir='ltr'><strong>et</strong></span> <span class='ocrx_word' id='word_1_607' title='bbox 3763 3011 3927 3080; x_wconf 84' lang='lat' dir='ltr'><strong>legum</strong></span> 
     </span>
    </p>
   </div>
   <div class='ocr_carea' id='block_1_84' title="bbox 2310 3078 3928 3149">
    <p class='ocr_par' dir='ltr' id='par_1_84' title="bbox 2310 3078 3928 3149">
     <span class='ocr_line' id='line_1_85' title="bbox 2310 3078 3928 3149; baseline 0.002 -18"><span class='ocrx_word' id='word_1_608' title='bbox 2310 3094 2396 3131; x_wconf 86' lang='lat' dir='ltr'><strong>eas</strong></span> <span class='ocrx_word' id='word_1_609' title='bbox 2437 3087 2624 3145; x_wconf 82' lang='lat' dir='ltr'><strong>partes,</strong></span> <span class='ocrx_word' id='word_1_610' title='bbox 2668 3078 2847 3147; x_wconf 85' lang='lat' dir='ltr'><strong>quibus</strong></span> <span class='ocrx_word' id='word_1_611' title='bbox 2877 3095 3053 3149; x_wconf 74' lang='lat' dir='ltr'><strong>pmnas</strong></span> <span class='ocrx_word' id='word_1_612' title='bbox 3095 3079 3458 3133; x_wconf 86' lang='lat' dir='ltr'><strong>constituimus</strong></span> <span class='ocrx_word' id='word_1_613' title='bbox 3508 3082 3765 3137; x_wconf 81' lang='lat' dir='ltr'><strong>adversus</strong></span> <span class='ocrx_word' id='word_1_614' title='bbox 3810 3078 3890 3135; x_wconf 69' lang='lat' dir='ltr'><strong>eos</strong></span> <span class='ocrx_word' id='word_1_615' title='bbox 3914 3122 3928 3146; x_wconf 85' lang='lat'><strong>,</strong></span> 
     </span>
    </p>
   </div>
   <div class='ocr_carea' id='block_1_85' title="bbox 2310 3149 3929 3221">
    <p class='ocr_par' dir='ltr' id='par_1_85' title="bbox 2310 3149 3929 3221">
     <span class='ocr_line' id='line_1_86' title="bbox 2310 3149 3929 3221; baseline 0.001 -20"><span class='ocrx_word' id='word_1_616' title='bbox 2310 3149 2397 3216; x_wconf 86' lang='lat' dir='ltr'><strong>qui</strong></span> <span class='ocrx_word' id='word_1_617' title='bbox 2426 3161 2605 3205; x_wconf 89' lang='lat' dir='ltr'><strong>contra</strong></span> <span class='ocrx_word' id='word_1_618' title='bbox 2652 3152 2785 3221; x_wconf 83' lang='lat' dir='ltr'><strong>leges</strong></span> <span class='ocrx_word' id='word_1_619' title='bbox 2825 3153 3054 3219; x_wconf 86' lang='lat' dir='ltr'><strong>fecerint,</strong></span> <span class='ocrx_word' id='word_1_620' title='bbox 3078 3150 3365 3205; x_wconf 84' lang='lat' dir='ltr'><strong>sanctiones</strong></span> <span class='ocrx_word' id='word_1_621' title='bbox 3399 3166 3682 3207; x_wconf 82' lang='lat' dir='ltr'><strong>vocamus.</strong></span> <span class='ocrx_word' id='word_1_622' title='bbox 3734 3152 3929 3207; x_wconf 86' lang='lat' dir='ltr'><strong>Eodem</strong></span> 
     </span>
    </p>
   </div>
   <div class='ocr_carea' id='block_1_86' title="bbox 2312 3221 3933 3291">
    <p class='ocr_par' dir='ltr' id='par_1_86' title="bbox 2312 3221 3933 3291">
     <span class='ocr_line' id='line_1_87' title="bbox 2312 3221 3933 3291; baseline 0.004 -19"><span class='ocrx_word' id='word_1_623' title='bbox 2312 3236 2472 3275; x_wconf 86' lang='lat' dir='ltr'><strong>sensu</strong></span> <span class='ocrx_word' id='word_1_624' title='bbox 2519 3238 2549 3276; x_wconf 89' lang='lat' dir='ltr'><strong>a</strong></span> <span class='ocrx_word' id='word_1_625' title='bbox 2576 3221 2963 3277; x_wconf 79' lang='lat' dir='ltr'><strong>vetustioribus</strong></span> <span class='ocrx_word' id='word_1_626' title='bbox 3008 3222 3224 3291; x_wconf 82' lang='lat' dir='ltr'><strong>proprie</strong></span> <span class='ocrx_word' id='word_1_627' title='bbox 3255 3222 3569 3291; x_wconf 75' lang='lat' dir='ltr'><strong>appellatas</strong></span> <span class='ocrx_word' id='word_1_628' title='bbox 3599 3224 3689 3279; x_wconf 86' lang='lat' dir='ltr'><strong>vel</strong></span> <span class='ocrx_word' id='word_1_629' title='bbox 3732 3239 3796 3281; x_wconf 79' lang='lat' dir='ltr'><strong>ex</strong></span> <span class='ocrx_word' id='word_1_630' title='bbox 3838 3224 3933 3278; x_wconf 86' lang='lat' dir='ltr'><strong>hoc</strong></span> 
     </span>
    </p>
   </div>
   <div class='ocr_carea' id='block_1_87' title="bbox 2313 3291 3936 3367">
    <p class='ocr_par' dir='ltr' id='par_1_87' title="bbox 2313 3291 3936 3367">
     <span class='ocr_line' id='line_1_88' title="bbox 2313 3291 3936 3367; baseline 0.005 -23"><span class='ocrx_word' id='word_1_631' title='bbox 2313 3291 2546 3367; x_wconf 82' lang='lat' dir='ltr'><strong>Zenonis</strong></span> <span class='ocrx_word' id='word_1_632' title='bbox 2593 3294 2712 3367; x_wconf 87' lang='lat' dir='ltr'><strong>loco</strong></span> <span class='ocrx_word' id='word_1_633' title='bbox 2742 3293 2921 3367; x_wconf 85' lang='lat' dir='ltr'><strong>colligi</strong></span> <span class='ocrx_word' id='word_1_634' title='bbox 2955 3302 3172 3362; x_wconf 86' lang='lat' dir='ltr'><strong>potest,</strong></span> <span class='ocrx_word' id='word_1_635' title='bbox 3205 3292 3402 3367; x_wconf 86' lang='lat' dir='ltr'><strong>quippe</strong></span> <span class='ocrx_word' id='word_1_636' title='bbox 3438 3298 3542 3364; x_wconf 87' lang='lat' dir='ltr'><strong>qui</strong></span> <span class='ocrx_word' id='word_1_637' title='bbox 3585 3296 3936 3367; x_wconf 81' lang='lat' dir='ltr'><strong>interponens</strong></span> 
     </span>
    </p>
   </div>
   <div class='ocr_carea' id='block_1_88' title="bbox 2315 3365 3935 3436">
    <p class='ocr_par' dir='ltr' id='par_1_88' title="bbox 2315 3365 3935 3436">
     <span class='ocr_line' id='line_1_89' title="bbox 2315 3365 3935 3436; baseline 0.002 -21"><span class='ocrx_word' id='word_1_638' title='bbox 2315 3365 2666 3431; x_wconf 77' lang='lat' dir='ltr'><strong>parenthesin</strong></span> <span class='ocrx_word' id='word_1_639' title='bbox 2696 3405 2711 3428; x_wconf 87' lang='lat'><strong>.</strong></span> <span class='ocrx_word' id='word_1_640' title='bbox 2739 3375 2793 3418; x_wconf 88' lang='lat' dir='ltr'><strong>ut</strong></span> <span class='ocrx_word' id='word_1_641' title='bbox 2818 3365 2987 3430; x_wconf 86' lang='lat' dir='ltr'><strong>aiunt,</strong></span> <span class='ocrx_word' id='word_1_642' title='bbox 3017 3379 3138 3436; x_wconf 86' lang='lat' dir='ltr'><strong>cum</strong></span> <span class='ocrx_word' id='word_1_643' title='bbox 3174 3366 3408 3419; x_wconf 87' lang='lat' dir='ltr'><strong>clavium</strong></span> <span class='ocrx_word' id='word_1_644' title='bbox 3439 3365 3776 3421; x_wconf 70' lang='lat' dir='ltr'><strong>sanctionem</strong></span> <span class='ocrx_word' id='word_1_645' title='bbox 3802 3369 3935 3436; x_wconf 83' lang='lat' dir='ltr'><strong>piant</strong></span> 
     </span>
    </p>
   </div>
   <div class='ocr_carea' id='block_1_89' title="bbox 2312 3434 3937 3509">
    <p class='ocr_par' dir='ltr' id='par_1_89' title="bbox 2312 3434 3937 3509">
     <span class='ocr_line' id='line_1_90' title="bbox 2312 3434 3937 3509; baseline 0.001 -21"><span class='ocrx_word' id='word_1_646' title='bbox 2312 3449 2375 3488; x_wconf 80' lang='lat' dir='ltr'><strong>ex</strong></span> <span class='ocrx_word' id='word_1_647' title='bbox 2411 3452 2563 3509; x_wconf 89' lang='lat' dir='ltr'><strong>more</strong></span> <span class='ocrx_word' id='word_1_648' title='bbox 2595 3436 2843 3507; x_wconf 87' lang='lat' dir='ltr'><strong>loquendi</strong></span> <span class='ocrx_word' id='word_1_649' title='bbox 2875 3434 3143 3509; x_wconf 76' lang='lat' dir='ltr'><strong>appellat,</strong></span> <span class='ocrx_word' id='word_1_650' title='bbox 3174 3436 3308 3489; x_wconf 87' lang='lat' dir='ltr'><strong>satis</strong></span> <span class='ocrx_word' id='word_1_651' title='bbox 3336 3437 3628 3501; x_wconf 72' lang='lat' dir='ltr'><strong>vulgatam</strong></span> <span class='ocrx_word' id='word_1_652' title='bbox 3659 3441 3779 3509; x_wconf 84' lang='lat' dir='ltr'><strong>ejus</strong></span> <span class='ocrx_word' id='word_1_653' title='bbox 3804 3434 3937 3493; x_wconf 61' lang='lat' dir='ltr'><strong>tem»</strong></span> 
     </span>
    </p>
   </div>
   <div class='ocr_carea' id='block_1_90' title="bbox 2313 3505 3938 3573">
    <p class='ocr_par' dir='ltr' id='par_1_90' title="bbox 2313 3505 3938 3573">
     <span class='ocr_line' id='line_1_91' title="bbox 2313 3505 3938 3573; baseline 0.001 -14"><span class='ocrx_word' id='word_1_654' title='bbox 2313 3508 2461 3573; x_wconf 84' lang='lat' dir='ltr'><strong>poris</strong></span> <span class='ocrx_word' id='word_1_655' title='bbox 2495 3505 2776 3561; x_wconf 82' lang='lat' dir='ltr'><strong>formulam</strong></span> <span class='ocrx_word' id='word_1_656' title='bbox 2822 3505 2991 3562; x_wconf 78' lang='lat' dir='ltr'><strong>notat.</strong></span> <span class='ocrx_word' id='word_1_657' title='bbox 3038 3505 3187 3561; x_wconf 86' lang='lat' dir='ltr'><strong>Licet</strong></span> <span class='ocrx_word' id='word_1_658' title='bbox 3225 3517 3406 3562; x_wconf 87' lang='lat' dir='ltr'><strong>autem</strong></span> <span class='ocrx_word' id='word_1_659' title='bbox 3437 3505 3706 3564; x_wconf 56' lang='lat' dir='ltr'><strong>clavium&#39;</strong></span> <span class='ocrx_word' id='word_1_660' title='bbox 3734 3509 3938 3562; x_wconf 88' lang='lat' dir='ltr'><strong>sanctio</strong></span> 
     </span>
    </p>
   </div>
   <div class='ocr_carea' id='block_1_91' title="bbox 2313 3578 3936 3649">
    <p class='ocr_par' dir='ltr' id='par_1_91' title="bbox 2313 3578 3936 3649">
     <span class='ocr_line' id='line_1_92' title="bbox 2313 3578 3936 3649; baseline -0.002 -17"><span class='ocrx_word' id='word_1_661' title='bbox 2313 3590 2487 3644; x_wconf 58' lang='lat' dir='ltr'><strong>parum</strong></span> <span class='ocrx_word' id='word_1_662' title='bbox 2526 3579 2727 3649; x_wconf 89' lang='lat' dir='ltr'><strong>aliquid</strong></span> <span class='ocrx_word' id='word_1_663' title='bbox 2771 3581 3115 3648; x_wconf 89' lang='lat' dir='ltr'><strong>conjunctum</strong></span> <span class='ocrx_word' id='word_1_664' title='bbox 3161 3578 3417 3644; x_wconf 83' lang='lat' dir='ltr'><strong>haberet,</strong></span> <span class='ocrx_word' id='word_1_665' title='bbox 3465 3597 3576 3648; x_wconf 82' lang='lat' dir='ltr'><strong>qua</strong></span> <span class='ocrx_word' id='word_1_666' title='bbox 3628 3578 3936 3649; x_wconf 71' lang='grc' dir='ltr'>ιιωιιῑιοηιίιι</span> 
     </span>
    </p>
   </div>
   <div class='ocr_carea' id='block_1_92' title="bbox 2311 3648 3941 3724">
    <p class='ocr_par' dir='ltr' id='par_1_92' title="bbox 2311 3648 3941 3724">
     <span class='ocr_line' id='line_1_93' title="bbox 2311 3648 3941 3724; baseline 0.004 -25"><span class='ocrx_word' id='word_1_667' title='bbox 2311 3648 2687 3724; x_wconf 80' lang='lat' dir='ltr'><strong>alliciebat_itur</strong></span> <span class='ocrx_word' id='word_1_668' title='bbox 2714 3664 2819 3704; x_wconf 91' lang='lat' dir='ltr'><strong>non</strong></span> <span class='ocrx_word' id='word_1_669' title='bbox 2844 3651 2886 3724; x_wconf 90' lang='lat' dir='ltr'><strong>ii_</strong></span> <span class='ocrx_word' id='word_1_670' title='bbox 2909 3651 3117 3724; x_wconf 85' lang='lat' dir='ltr'><strong>solum,</strong></span> <span class='ocrx_word' id='word_1_671' title='bbox 3140 3650 3233 3724; x_wconf 79' lang='lat' dir='ltr'><strong>qui</strong></span> <span class='ocrx_word' id='word_1_672' title='bbox 3264 3660 3384 3718; x_wconf 88' lang='lat' dir='ltr'><strong>post</strong></span> <span class='ocrx_word' id='word_1_673' title='bbox 3414 3648 3698 3720; x_wconf 86' lang='lat' dir='ltr'><strong>baptisma</strong></span> <span class='ocrx_word' id='word_1_674' title='bbox 3724 3666 3941 3724; x_wconf 71' lang='lat' dir='ltr'><strong>peceati-</strong></span> 
     </span>
    </p>
   </div>
   <div class='ocr_carea' id='block_1_93' title="bbox 2316 3720 3939 3792">
    <p class='ocr_par' dir='ltr' id='par_1_93' title="bbox 2316 3720 3939 3792">
     <span class='ocr_line' id='line_1_94' title="bbox 2316 3720 3939 3792; baseline 0.002 -19"><span class='ocrx_word' id='word_1_675' title='bbox 2316 3729 2458 3792; x_wconf 85' lang='lat' dir='ltr'><strong>sent,</strong></span> <span class='ocrx_word' id='word_1_676' title='bbox 2492 3721 2586 3776; x_wconf 88' lang='lat' dir='ltr'><strong>sed</strong></span> <span class='ocrx_word' id='word_1_677' title='bbox 2615 3724 2776 3777; x_wconf 88' lang='lat' dir='ltr'><strong>etiam</strong></span> <span class='ocrx_word' id='word_1_678' title='bbox 2802 3722 2890 3791; x_wconf 91' lang='lat' dir='ltr'><strong>qui</strong></span> <span class='ocrx_word' id='word_1_679' title='bbox 2922 3722 2987 3775; x_wconf 90' lang='lat' dir='ltr'><strong>ad</strong></span> <span class='ocrx_word' id='word_1_680' title='bbox 3019 3720 3285 3789; x_wconf 84' lang='lat' dir='ltr'><strong>baptisma</strong></span> <span class='ocrx_word' id='word_1_681' title='bbox 3308 3726 3554 3792; x_wconf 89' lang='lat' dir='ltr'><strong>propriis</strong></span> <span class='ocrx_word' id='word_1_682' title='bbox 3585 3720 3939 3792; x_wconf 63' lang='lat' dir='ltr'><strong>cum&#39;pecCt-</strong></span> 
     </span>
    </p>
   </div>
   <div class='ocr_carea' id='block_1_94' title="bbox 2312 3791 3943 3856">
    <p class='ocr_par' dir='ltr' id='par_1_94' title="bbox 2312 3791 3943 3856">
     <span class='ocr_line' id='line_1_95' title="bbox 2312 3791 3943 3856; baseline 0.002 -14"><span class='ocrx_word' id='word_1_683' title='bbox 2312 3791 2383 3843; x_wconf 91' lang='lat' dir='ltr'><strong>tis</strong></span> <span class='ocrx_word' id='word_1_684' title='bbox 2409 3794 2767 3856; x_wconf 81' lang='lat' dir='ltr'><strong>accederent,</strong></span> <span class='ocrx_word' id='word_1_685' title='bbox 2804 3801 2860 3846; x_wconf 93' lang='lat' dir='ltr'><strong>ut</strong></span> <span class='ocrx_word' id='word_1_686' title='bbox 2884 3792 3223 3847; x_wconf 82' lang='lat' dir='ltr'><strong>ostendimus</strong></span> <span class='ocrx_word' id='word_1_687' title='bbox 3263 3791 3456 3847; x_wconf 89' lang='lat' dir='ltr'><strong>adnot.</strong></span> <span class='ocrx_word' id='word_1_688' title='bbox 3503 3793 3542 3849; x_wconf 81' lang='lat'><strong>5</strong></span> <span class='ocrx_word' id='word_1_689' title='bbox 3575 3796 3629 3849; x_wconf 92' lang='lat' dir='ltr'><strong>in</strong></span> <span class='ocrx_word' id='word_1_690' title='bbox 3664 3791 3823 3849; x_wconf 71' lang='lat' dir='ltr'><strong>traCt.</strong></span> <span class='ocrx_word' id='word_1_691' title='bbox 3855 3807 3943 3847; x_wconf 80' lang='lat' dir='ltr'><strong>su-</strong></span> 
     </span>
    </p>
   </div>
   <div class='ocr_carea' id='block_1_95' title="bbox 2312 3864 3946 3943">
    <p class='ocr_par' dir='ltr' id='par_1_95' title="bbox 2312 3864 3946 3943">
     <span class='ocr_line' id='line_1_96' title="bbox 2312 3864 3946 3943; baseline 0.003 -29"><span class='ocrx_word' id='word_1_692' title='bbox 2312 3864 2613 3943; x_wconf 70' lang='lat' dir='ltr'><strong>periorem;</strong></span> <span class='ocrx_word' id='word_1_693' title='bbox 2646 3875 2827 3943; x_wconf 73' lang='lat' dir='ltr'><strong>tamen</strong></span> <span class='ocrx_word' id='word_1_694' title='bbox 2854 3881 2975 3943; x_wconf 79' lang='lat' dir='ltr'><strong>cuni</strong></span> <span class='ocrx_word' id='word_1_695' title='bbox 3010 3879 3137 3943; x_wconf 59' lang='lat' dir='ltr'><strong>pro</strong></span> <span class='ocrx_word' id='word_1_696' title='bbox 3156 3865 3448 3943; x_wconf 81' lang='lat' dir='ltr'><strong>criminum</strong></span> <span class='ocrx_word' id='word_1_697' title='bbox 3484 3868 3768 3936; x_wconf 83' lang='lat' dir='ltr'><strong>gravitate</strong></span> <span class='ocrx_word' id='word_1_698' title='bbox 3794 3865 3946 3920; x_wconf 83' lang='lat' dir='ltr'><strong>levis-</strong></span> 
     </span>
    </p>
   </div>
   <div class='ocr_carea' id='block_1_96' title="bbox 2309 3935 3943 4007">
    <p class='ocr_par' dir='ltr' id='par_1_96' title="bbox 2309 3935 3943 4007">
     <span class='ocr_line' id='line_1_97' title="bbox 2309 3935 3943 4007; baseline 0.002 -22"><span class='ocrx_word' id='word_1_699' title='bbox 2309 3935 2446 4007; x_wconf 84' lang='lat' dir='ltr'><strong>sima</strong></span> <span class='ocrx_word' id='word_1_700' title='bbox 2480 3936 2593 3991; x_wconf 60' lang='lat' dir='ltr'><strong>haec</strong></span> <span class='ocrx_word' id='word_1_701' title='bbox 2621 3951 2773 4007; x_wconf 67' lang='lat' dir='ltr'><strong>paena</strong></span> <span class='ocrx_word' id='word_1_702' title='bbox 2804 3936 2996 4001; x_wconf 88' lang='lat' dir='ltr'><strong>fuerit,</strong></span> <span class='ocrx_word' id='word_1_703' title='bbox 3024 3946 3076 3989; x_wconf 90' lang='lat' dir='ltr'><strong>et</strong></span> <span class='ocrx_word' id='word_1_704' title='bbox 3126 3935 3240 3990; x_wconf 79' lang='lat' dir='ltr'><strong>lucc</strong></span> <span class='ocrx_word' id='word_1_705' title='bbox 3272 3936 3383 4006; x_wconf 90' lang='lat' dir='ltr'><strong>ipsa</strong></span> <span class='ocrx_word' id='word_1_706' title='bbox 3425 3935 3541 3991; x_wconf 87' lang='lat' dir='ltr'><strong>non</strong></span> <span class='ocrx_word' id='word_1_707' title='bbox 3603 3940 3659 3993; x_wconf 92' lang='lat' dir='ltr'><strong>in</strong></span> <span class='ocrx_word' id='word_1_708' title='bbox 3709 3950 3943 4007; x_wconf 58' lang='lat' dir='ltr'><strong>poenam,</strong></span> 
     </span>
    </p>
   </div>
   <div class='ocr_carea' id='block_1_97' title="bbox 2311 4004 3948 4079">
    <p class='ocr_par' dir='ltr' id='par_1_97' title="bbox 2311 4004 3948 4079">
     <span class='ocr_line' id='line_1_98' title="bbox 2311 4004 3948 4079; baseline 0.002 -24"><span class='ocrx_word' id='word_1_709' title='bbox 2311 4004 2407 4079; x_wconf 83' lang='lat' dir='ltr'><strong>sed</strong></span> <span class='ocrx_word' id='word_1_710' title='bbox 2435 4007 2504 4079; x_wconf 18' lang='lat' dir='ltr'><strong>Ain</strong></span> <span class='ocrx_word' id='word_1_711' title='bbox 2537 4004 2629 4062; x_wconf 40' lang='lat' dir='ltr'><strong>rci&#39;</strong></span> <span class='ocrx_word' id='word_1_712' title='bbox 2655 4006 2830 4076; x_wconf 85' lang='lat' dir='ltr'><strong>potius</strong></span> <span class='ocrx_word' id='word_1_713' title='bbox 2855 4007 3178 4063; x_wconf 80' lang='lat' dir='ltr'><strong>beneficium</strong></span> <span class='ocrx_word' id='word_1_714' title='bbox 3222 4004 3555 4077; x_wconf 83' lang='lat' dir='ltr'><strong>exigeretur</strong></span> <span class='ocrx_word' id='word_1_715' title='bbox 3578 4052 3594 4072; x_wconf 88' lang='lat'><strong>,</strong></span> <span class='ocrx_word' id='word_1_716' title='bbox 3627 4004 3785 4065; x_wconf 75' lang='lat' dir='ltr'><strong>recte</strong></span> <span class='ocrx_word' id='word_1_717' title='bbox 3813 4009 3948 4079; x_wconf 81' lang='lat' dir='ltr'><strong>piant</strong></span> 
     </span>
    </p>
   </div>
   <div class='ocr_carea' id='block_1_98' title="bbox 2309 4074 3911 4148">
    <p class='ocr_par' dir='ltr' id='par_1_98' title="bbox 2309 4074 3911 4148">
     <span class='ocr_line' id='line_1_99' title="bbox 2309 4074 3911 4148; baseline 0.001 -19"><span class='ocrx_word' id='word_1_718' title='bbox 2309 4074 2540 4148; x_wconf 85' lang='lat' dir='ltr'><strong>clavium</strong></span> <span class='ocrx_word' id='word_1_719' title='bbox 2573 4074 2888 4133; x_wconf 83' lang='lat' dir='ltr'><strong>sanctionem</strong></span> <span class='ocrx_word' id='word_1_720' title='bbox 2914 4080 3071 4147; x_wconf 88' lang='lat' dir='ltr'><strong>vulgo</strong></span> <span class='ocrx_word' id='word_1_721' title='bbox 3120 4074 3452 4148; x_wconf 69' lang='lat' dir='ltr'><strong>appellatam</strong></span> <span class='ocrx_word' id='word_1_722' title='bbox 3486 4080 3647 4135; x_wconf 84' lang='lat' dir='ltr'><strong>Zeno</strong></span> <span class='ocrx_word' id='word_1_723' title='bbox 3677 4074 3911 4135; x_wconf 79' lang='lat' dir='ltr'><strong>vocavit.</strong></span> 
     </span>
    </p>
   </div>
   <div class='ocr_carea' id='block_1_99' title="bbox 2409 4146 3111 4221">
    <p class='ocr_par' dir='ltr' id='par_1_99' title="bbox 2409 4146 3111 4221">
     <span class='ocr_line' id='line_1_100' title="bbox 2409 4146 3111 4221; baseline -0.004 -17"><span class='ocrx_word' id='word_1_724' title='bbox 2409 4146 2464 4221; x_wconf 74' lang='lat' dir='ltr'><strong>Ei)</strong></span> <span class='ocrx_word' id='word_1_725' title='bbox 2497 4149 2595 4204; x_wconf 61' lang='lat' dir='ltr'><strong>Ms.</strong></span> <span class='ocrx_word' id='word_1_726' title='bbox 2628 4150 2784 4205; x_wconf 81' lang='lat' dir='ltr'><strong>Rem.</strong></span> <span class='ocrx_word' id='word_1_727' title='bbox 2814 4146 3111 4204; x_wconf 80' lang='lat' dir='ltr'><strong>occludunt.</strong></span> 
     </span>
    </p>
   </div>
   <div class='ocr_carea' id='block_1_100' title="bbox 2408 4220 3955 4294">
    <p class='ocr_par' dir='ltr' id='par_1_100' title="bbox 2408 4220 3955 4294">
     <span class='ocr_line' id='line_1_101' title="bbox 2408 4220 3955 4294; baseline 0.001 -19"><span class='ocrx_word' id='word_1_728' title='bbox 2408 4220 2463 4292; x_wconf 75' lang='grc'>4)</span> <span class='ocrx_word' id='word_1_729' title='bbox 2493 4220 2668 4291; x_wconf 88' lang='lat' dir='ltr'><strong>Aliqui</strong></span> <span class='ocrx_word' id='word_1_730' title='bbox 2697 4236 2825 4294; x_wconf 86' lang='lat' dir='ltr'><strong>mss.</strong></span> <span class='ocrx_word' id='word_1_731' title='bbox 2853 4222 3032 4290; x_wconf 83' lang='lat' dir='ltr'><strong>legunt</strong></span> <span class='ocrx_word' id='word_1_732' title='bbox 3051 4220 3314 4294; x_wconf 71' lang='lat' dir='ltr'><strong>subsicivi,</strong></span> <span class='ocrx_word' id='word_1_733' title='bbox 3341 4220 3457 4294; x_wconf 82' lang='lat' dir='ltr'><strong>Sed</strong></span> <span class='ocrx_word' id='word_1_734' title='bbox 3486 4233 3626 4279; x_wconf 86' lang='lat' dir='ltr'><strong>sunt</strong></span> <span class='ocrx_word' id='word_1_735' title='bbox 3647 4223 3745 4294; x_wconf 89' lang='lat' dir='ltr'><strong>qui</strong></span> <span class='ocrx_word' id='word_1_736' title='bbox 3775 4223 3955 4293; x_wconf 82' lang='lat' dir='ltr'><strong>legen-</strong></span> 
     </span>
    </p>
   </div>
   <div class='ocr_carea' id='block_1_101' title="bbox 2308 4290 3955 4363">
    <p class='ocr_par' dir='ltr' id='par_1_101' title="bbox 2308 4290 3955 4363">
     <span class='ocr_line' id='line_1_102' title="bbox 2308 4290 3955 4363; baseline 0.002 -19"><span class='ocrx_word' id='word_1_737' title='bbox 2308 4290 2658 4363; x_wconf 43' lang='lat' dir='ltr'><strong>dnm&#39;puteut</strong></span> <span class='ocrx_word' id='word_1_738' title='bbox 2682 4293 2917 4347; x_wconf 77' lang='lat' dir='ltr'><strong>succisiui</strong></span> <span class='ocrx_word' id='word_1_739' title='bbox 2938 4335 2951 4356; x_wconf 96' lang='lat'><strong>,</strong></span> <span class='ocrx_word' id='word_1_740' title='bbox 2981 4292 3065 4346; x_wconf 85' lang='lat' dir='ltr'><strong>vel</strong></span> <span class='ocrx_word' id='word_1_741' title='bbox 3103 4292 3368 4348; x_wconf 84' lang='lat' dir='ltr'><strong>subcisivi.</strong></span> <span class='ocrx_word' id='word_1_742' title='bbox 3418 4293 3567 4349; x_wconf 83' lang='lat' dir='ltr'><strong>Nota</strong></span> <span class='ocrx_word' id='word_1_743' title='bbox 3615 4290 3806 4349; x_wconf 79' lang='lat' dir='ltr'><strong>autem</strong></span> <span class='ocrx_word' id='word_1_744' title='bbox 3833 4290 3955 4347; x_wconf 54' lang='lat' dir='ltr'><strong>&#39;lioc</strong></span> 
     </span>
    </p>
   </div>
   <div class='ocr_carea' id='block_1_102' title="bbox 2308 4363 3957 4434">
    <p class='ocr_par' dir='ltr' id='par_1_102' title="bbox 2308 4363 3957 4434">
     <span class='ocr_line' id='line_1_103' title="bbox 2308 4363 3957 4434; baseline -0.001 -16"><span class='ocrx_word' id='word_1_745' title='bbox 2308 4363 2430 4419; x_wconf 89' lang='lat' dir='ltr'><strong>loco</strong></span> <span class='ocrx_word' id='word_1_746' title='bbox 2453 4367 2558 4419; x_wconf 87' lang='lat' dir='ltr'><strong>vim</strong></span> <span class='ocrx_word' id='word_1_747' title='bbox 2581 4364 2808 4418; x_wconf 88' lang='lat' dir='ltr'><strong>clavium</strong></span> <span class='ocrx_word' id='word_1_748' title='bbox 2849 4367 2900 4418; x_wconf 92' lang='lat' dir='ltr'><strong>in</strong></span> <span class='ocrx_word' id='word_1_749' title='bbox 2926 4364 3266 4434; x_wconf 88' lang='lat' dir='ltr'><strong>baptismate,</strong></span> <span class='ocrx_word' id='word_1_750' title='bbox 3299 4365 3506 4433; x_wconf 79' lang='lat' dir='ltr'><strong>quibus</strong></span> <span class='ocrx_word' id='word_1_751' title='bbox 3536 4368 3786 4421; x_wconf 74' lang='lat' dir='ltr'><strong>absoluto</strong></span> <span class='ocrx_word' id='word_1_752' title='bbox 3815 4380 3957 4418; x_wconf 86' lang='lat' dir='ltr'><strong>accr-</strong></span> 
     </span>
    </p>
   </div>
   <div class='ocr_carea' id='block_1_103' title="bbox 2308 4434 3955 4507">
    <p class='ocr_par' dir='ltr' id='par_1_103' title="bbox 2308 4434 3955 4507">
     <span class='ocr_line' id='line_1_104' title="bbox 2308 4434 3955 4507; baseline 0 -19"><span class='ocrx_word' id='word_1_753' title='bbox 2308 4438 2465 4490; x_wconf 87' lang='lat' dir='ltr'><strong>vatim</strong></span> <span class='ocrx_word' id='word_1_754' title='bbox 2509 4435 2761 4507; x_wconf 86' lang='lat' dir='ltr'><strong>quidquid</strong></span> <span class='ocrx_word' id='word_1_755' title='bbox 2785 4435 3087 4499; x_wconf 84' lang='lat' dir='ltr'><strong>invenerint,</strong></span> <span class='ocrx_word' id='word_1_756' title='bbox 3122 4436 3257 4489; x_wconf 88' lang='lat' dir='ltr'><strong>nihil</strong></span> <span class='ocrx_word' id='word_1_757' title='bbox 3298 4437 3601 4503; x_wconf 86' lang='lat' dir='ltr'><strong>subcisivi,</strong></span> <span class='ocrx_word' id='word_1_758' title='bbox 3642 4440 3729 4494; x_wconf 80' lang='lat' dir='ltr'><strong>vel</strong></span> <span class='ocrx_word' id='word_1_759' title='bbox 3765 4434 3955 4505; x_wconf 78' lang='lat' dir='ltr'><strong>reliqui</strong></span> 
     </span>
    </p>
   </div>
   <div class='ocr_carea' id='block_1_104' title="bbox 2309 4507 3960 4578">
    <p class='ocr_par' dir='ltr' id='par_1_104' title="bbox 2309 4507 3960 4578">
     <span class='ocr_line' id='line_1_105' title="bbox 2309 4507 3960 4578; baseline -0.003 -16"><span class='ocrx_word' id='word_1_760' title='bbox 2309 4507 2423 4562; x_wconf 82' lang='lat' dir='ltr'><strong>sive</strong></span> <span class='ocrx_word' id='word_1_761' title='bbox 2443 4507 2620 4577; x_wconf 85' lang='lat' dir='ltr'><strong>quoad</strong></span> <span class='ocrx_word' id='word_1_762' title='bbox 2647 4509 2883 4577; x_wconf 87' lang='lat' dir='ltr'><strong>culpam,</strong></span> <span class='ocrx_word' id='word_1_763' title='bbox 2912 4508 3455 4576; x_wconf 73' lang='lat' dir='ltr'><strong>siveqnoadpmnam</strong></span> <span class='ocrx_word' id='word_1_764' title='bbox 3494 4510 3840 4578; x_wconf 84' lang='lat' dir='ltr'><strong>relinquitur</strong></span> <span class='ocrx_word' id='word_1_765' title='bbox 3864 4526 3875 4566; x_wconf 87' lang='lat'>;</span> <span class='ocrx_word' id='word_1_766' title='bbox 3904 4512 3960 4559; x_wconf 91' lang='lat' dir='ltr'><strong>ct</strong></span> 
     </span>
    </p>
   </div>
   <div class='ocr_carea' id='block_1_105' title="bbox 2312 4578 3961 4646">
    <p class='ocr_par' dir='ltr' id='par_1_105' title="bbox 2312 4578 3961 4646">
     <span class='ocr_line' id='line_1_106' title="bbox 2312 4578 3961 4646; baseline -0.002 -15"><span class='ocrx_word' id='word_1_767' title='bbox 2312 4586 2573 4645; x_wconf 76' lang='lat' dir='ltr'><strong>praeterea</strong></span> <span class='ocrx_word' id='word_1_768' title='bbox 2606 4578 2799 4634; x_wconf 84' lang='lat' dir='ltr'><strong>deletis</strong></span> <span class='ocrx_word' id='word_1_769' title='bbox 2838 4579 3004 4633; x_wconf 83' lang='lat' dir='ltr'><strong>semel</strong></span> <span class='ocrx_word' id='word_1_770' title='bbox 3043 4580 3256 4633; x_wconf 89' lang='lat' dir='ltr'><strong>cunctis</strong></span> <span class='ocrx_word' id='word_1_771' title='bbox 3295 4578 3645 4635; x_wconf 86' lang='lat' dir='ltr'><strong>criminibus</strong></span> <span class='ocrx_word' id='word_1_772' title='bbox 3670 4621 3686 4646; x_wconf 92' lang='lat'><strong>,</strong></span> <span class='ocrx_word' id='word_1_773' title='bbox 3718 4578 3861 4635; x_wconf 83' lang='lat' dir='ltr'><strong>nihil</strong></span> <span class='ocrx_word' id='word_1_774' title='bbox 3890 4592 3961 4629; x_wconf 71' lang='lat' dir='ltr'><strong>ex</strong></span> 
     </span>
    </p>
   </div>
   <div class='ocr_carea' id='block_1_106' title="bbox 2309 4649 3955 4719">
    <p class='ocr_par' dir='ltr' id='par_1_106' title="bbox 2309 4649 3955 4719">
     <span class='ocr_line' id='line_1_107' title="bbox 2309 4649 3955 4719; baseline -0.002 -15"><span class='ocrx_word' id='word_1_775' title='bbox 2309 4650 2500 4705; x_wconf 90' lang='lat' dir='ltr'><strong>iisdem</strong></span> <span class='ocrx_word' id='word_1_776' title='bbox 2558 4650 2885 4706; x_wconf 89' lang='lat' dir='ltr'><strong>reviviscere</strong></span> <span class='ocrx_word' id='word_1_777' title='bbox 2922 4651 3105 4705; x_wconf 89' lang='lat' dir='ltr'><strong>sinunt</strong></span> <span class='ocrx_word' id='word_1_778' title='bbox 3130 4664 3148 4717; x_wconf 85' lang='lat'><strong>;</strong></span> <span class='ocrx_word' id='word_1_779' title='bbox 3177 4649 3320 4719; x_wconf 88' lang='lat' dir='ltr'><strong>quod</strong></span> <span class='ocrx_word' id='word_1_780' title='bbox 3354 4665 3500 4706; x_wconf 87' lang='lat' dir='ltr'><strong>sane</strong></span> <span class='ocrx_word' id='word_1_781' title='bbox 3533 4651 3793 4707; x_wconf 88' lang='lat' dir='ltr'><strong>indicant</strong></span> <span class='ocrx_word' id='word_1_782' title='bbox 3826 4652 3913 4703; x_wconf 88' lang='lat' dir='ltr'><strong>illa</strong></span> <span class='ocrx_word' id='word_1_783' title='bbox 3942 4665 3955 4698; x_wconf 94' lang='lat'>:</span> 
     </span>
    </p>
   </div>
   <div class='ocr_carea' id='block_1_107' title="bbox 600 4719 3960 4794">
    <p class='ocr_par' dir='ltr' id='par_1_107' title="bbox 600 4719 3960 4794">
     <span class='ocr_line' id='line_1_108' title="bbox 600 4719 3960 4794; baseline -0.001 -16"><span class='ocrx_word' id='word_1_784' title='bbox 600 4719 886 4781; x_wconf 73' lang='lat' dir='ltr'><strong>Bernensis</strong></span> <span class='ocrx_word' id='word_1_785' title='bbox 925 4724 992 4780; x_wconf 88' lang='lat' dir='ltr'><strong>ad</strong></span> <span class='ocrx_word' id='word_1_786' title='bbox 1026 4719 1320 4780; x_wconf 87' lang='lat' dir='ltr'><strong>Wittonem</strong></span> <span class='ocrx_word' id='word_1_787' title='bbox 1347 4723 1836 4794; x_wconf 65' lang='lat' dir='ltr'><strong>Ruthomagensem</strong></span> <span class='ocrx_word' id='word_1_788' title='bbox 1868 4737 1988 4794; x_wconf 88' lang='lat' dir='ltr'><strong>cap.</strong></span> <span class='ocrx_word' id='word_1_789' title='bbox 2024 4724 2077 4782; x_wconf 89' lang='lat'><strong>6.</strong></span> <span class='ocrx_word' id='word_1_790' title='bbox 2111 4723 2201 4775; x_wconf 90' lang='lat' dir='ltr'><strong>ubi</strong></span> <span class='ocrx_word' id='word_1_791' title='bbox 2231 4723 2285 4783; x_wconf 90' lang='lat' dir='ltr'><strong>D</strong></span> <span class='ocrx_word' id='word_1_792' title='bbox 2315 4721 2595 4794; x_wconf 84' lang='lat' dir='ltr'><strong>Diligenter</strong></span> <span class='ocrx_word' id='word_1_793' title='bbox 2624 4723 2859 4794; x_wconf 80' lang='lat' dir='ltr'><strong>universa</strong></span> <span class='ocrx_word' id='word_1_794' title='bbox 2896 4721 3112 4794; x_wconf 85' lang='lat' dir='ltr'><strong>crimina</strong></span> <span class='ocrx_word' id='word_1_795' title='bbox 3134 4719 3431 4794; x_wconf 2' lang='lat' dir='ltr'><strong>(expellunt</strong></span> <span class='ocrx_word' id='word_1_796' title='bbox 3453 4763 3471 4788; x_wconf 89' lang='lat'><strong>,</strong></span> <span class='ocrx_word' id='word_1_797' title='bbox 3507 4740 3579 4778; x_wconf 91' lang='lat' dir='ltr'><strong>ac</strong></span> <span class='ocrx_word' id='word_1_798' title='bbox 3622 4738 3816 4776; x_wconf 77' lang='lat' dir='ltr'><strong>rursus</strong></span> <span class='ocrx_word' id='word_1_799' title='bbox 3842 4721 3960 4794; x_wconf 45' lang='lat' dir='ltr'><strong>diti:</strong></span> 
     </span>
    </p>
   </div>
   <div class='ocr_carea' id='block_1_108' title="bbox 598 4792 2204 4867">
    <p class='ocr_par' dir='ltr' id='par_1_108' title="bbox 598 4792 2204 4867">
     <span class='ocr_line' id='line_1_109' title="bbox 598 4792 2204 4867; baseline -0.004 -16"><span class='ocrx_word' id='word_1_800' title='bbox 598 4795 945 4855; x_wconf 65' lang='lat' dir='ltr'><strong>Clodovaeum</strong></span> <span class='ocrx_word' id='word_1_801' title='bbox 977 4795 1267 4867; x_wconf 82' lang='lat' dir='ltr'><strong>aliquantis</strong></span> <span class='ocrx_word' id='word_1_802' title='bbox 1301 4809 1435 4867; x_wconf 5' lang='lat' dir='ltr'><strong>(cum</strong></span> <span class='ocrx_word' id='word_1_803' title='bbox 1488 4792 1546 4847; x_wconf 88' lang='lat' dir='ltr'><strong>S.</strong></span> <span class='ocrx_word' id='word_1_804' title='bbox 1582 4792 1833 4867; x_wconf 77' lang='lat' dir='ltr'><strong>Remigio</strong></span> <span class='ocrx_word' id='word_1_805' title='bbox 1866 4793 2055 4848; x_wconf 88' lang='lat' dir='ltr'><strong>diebus</strong></span> <span class='ocrx_word' id='word_1_806' title='bbox 2088 4808 2204 4867; x_wconf 81' lang='lat' dir='ltr'><strong>mo-</strong></span> 
     </span>
    </p>
   </div>
   <div class='ocr_carea' id='block_1_109' title="bbox 598 4863 2205 4939">
    <p class='ocr_par' dir='ltr' id='par_1_109' title="bbox 598 4863 2205 4939">
     <span class='ocr_line' id='line_1_110' title="bbox 598 4863 2205 4939; baseline -0.004 -17"><span class='ocrx_word' id='word_1_807' title='bbox 598 4878 775 4923; x_wconf 87' lang='lat' dir='ltr'><strong>ratum</strong></span> <span class='ocrx_word' id='word_1_808' title='bbox 814 4869 992 4939; x_wconf 91' lang='lat' dir='ltr'><strong>prodit</strong></span> <span class='ocrx_word' id='word_1_809' title='bbox 1018 4863 1143 4923; x_wconf 82' lang='lat' dir='ltr'><strong>ante</strong></span> <span class='ocrx_word' id='word_1_810' title='bbox 1168 4866 1454 4939; x_wconf 75' lang='lat' dir='ltr'><strong>baptisma,</strong></span> <span class='ocrx_word' id='word_1_811' title='bbox 1488 4863 1882 4939; x_wconf 68' lang='lat' dir='ltr'><strong>utptenitentia:</strong></span> <span class='ocrx_word' id='word_1_812' title='bbox 1922 4863 2205 4939; x_wconf 78' lang='lat' dir='ltr'><strong>secundum</strong></span> 
     </span>
    </p>
   </div>
   <div class='ocr_carea' id='block_1_110' title="bbox 598 4932 2204 5009">
    <p class='ocr_par' dir='ltr' id='par_1_110' title="bbox 598 4932 2204 5009">
     <span class='ocr_line' id='line_1_111' title="bbox 598 4932 2204 5009; baseline -0.002 -17"><span class='ocrx_word' id='word_1_813' title='bbox 598 4932 937 5009; x_wconf 65' lang='lat' dir='ltr'><strong>apostolicum</strong></span> <span class='ocrx_word' id='word_1_814' title='bbox 978 4932 1311 5009; x_wconf 13' lang='lat' dir='ltr'><strong>prwceptuini</strong></span> <span class='ocrx_word' id='word_1_815' title='bbox 1342 4938 1483 5003; x_wconf 88' lang='lat' dir='ltr'><strong>prius</strong></span> <span class='ocrx_word' id='word_1_816' title='bbox 1508 4932 1796 5009; x_wconf 81' lang='lat' dir='ltr'><strong>ablueretur</strong></span> <span class='ocrx_word' id='word_1_817' title='bbox 1826 4935 2204 5009; x_wconf 28' lang='lat' dir='ltr'><strong>lacrgmispdi-</strong></span> 
     </span>
    </p>
   </div>
   <div class='ocr_carea' id='block_1_111' title="bbox 599 5003 2208 5079">
    <p class='ocr_par' dir='ltr' id='par_1_111' title="bbox 599 5003 2208 5079">
     <span class='ocr_line' id='line_1_112' title="bbox 599 5003 2208 5079; baseline -0.004 -14"><span class='ocrx_word' id='word_1_818' title='bbox 599 5003 741 5066; x_wconf 79' lang='lat' dir='ltr'><strong>cente</strong></span> <span class='ocrx_word' id='word_1_819' title='bbox 767 5009 925 5066; x_wconf 88' lang='lat' dir='ltr'><strong>Beato</strong></span> <span class='ocrx_word' id='word_1_820' title='bbox 966 5003 1122 5065; x_wconf 81' lang='lat' dir='ltr'><strong>Petro</strong></span> <span class='ocrx_word' id='word_1_821' title='bbox 1147 5003 1379 5079; x_wconf 78' lang='lat' dir='ltr'><strong>principe</strong></span> <span class='ocrx_word' id='word_1_822' title='bbox 1406 5003 1754 5075; x_wconf 76' lang='lat' dir='ltr'><strong>apostolorum</strong></span> <span class='ocrx_word' id='word_1_823' title='bbox 1782 5022 1799 5059; x_wconf 88' lang='lat'><strong><em>:</em></strong></span> <span class='ocrx_word' id='word_1_824' title='bbox 1843 5003 2208 5079; x_wconf 52' lang='lat' dir='ltr'><strong>Paenitentiam</strong></span> 
     </span>
    </p>
   </div>
   <div class='ocr_carea' id='block_1_112' title="bbox 602 5075 2206 5156">
    <p class='ocr_par' dir='ltr' id='par_1_112' title="bbox 602 5075 2206 5156">
     <span class='ocr_line' id='line_1_113' title="bbox 602 5075 2206 5156; baseline -0.003 -21"><span class='ocrx_word' id='word_1_825' title='bbox 602 5083 766 5156; x_wconf 88' lang='lat' dir='ltr'><strong>agite,</strong></span> <span class='ocrx_word' id='word_1_826' title='bbox 796 5092 853 5156; x_wconf 8' lang='lat' dir='ltr'><strong>et,</strong></span> <span class='ocrx_word' id='word_1_827' title='bbox 871 5075 1157 5156; x_wconf 69' lang='lat' dir='ltr'><strong>baptizatur</strong></span> <span class='ocrx_word' id='word_1_828' title='bbox 1185 5075 1530 5156; x_wconf 68' lang='lat' dir='ltr'><strong>unusquisque</strong></span> <span class='ocrx_word' id='word_1_829' title='bbox 1556 5085 1813 5156; x_wconf 52' lang='lat' dir='ltr'><strong>pestrum.</strong></span> <span class='ocrx_word' id='word_1_830' title='bbox 1842 5075 2001 5134; x_wconf 81' lang='lat' dir='ltr'><strong>Certe</strong></span> <span class='ocrx_word' id='word_1_831' title='bbox 2034 5080 2206 5156; x_wconf 52' lang='lat' dir='ltr'><strong>pteni-</strong></span> 
     </span>
    </p>
   </div>
   <div class='ocr_carea' id='block_1_113' title="bbox 604 5147 2205 5226">
    <p class='ocr_par' dir='ltr' id='par_1_113' title="bbox 604 5147 2205 5226">
     <span class='ocr_line' id='line_1_114' title="bbox 604 5147 2205 5226; baseline -0.003 -18"><span class='ocrx_word' id='word_1_832' title='bbox 604 5147 770 5210; x_wconf 77' lang='lat' dir='ltr'><strong>téntia</strong></span> <span class='ocrx_word' id='word_1_833' title='bbox 808 5147 1073 5226; x_wconf 78' lang='lat' dir='ltr'><strong>ejusmodi</strong></span> <span class='ocrx_word' id='word_1_834' title='bbox 1109 5154 1158 5204; x_wconf 91' lang='lat' dir='ltr'><strong>in</strong></span> <span class='ocrx_word' id='word_1_835' title='bbox 1186 5147 1693 5226; x_wconf 28' lang='lat' dir='ltr'><strong>Constit_u‘tionibns,</strong></span> <span class='ocrx_word' id='word_1_836' title='bbox 1726 5163 1846 5226; x_wconf 72' lang='lat' dir='ltr'><strong>qua:</strong></span> <span class='ocrx_word' id='word_1_837' title='bbox 1893 5149 2205 5226; x_wconf 71' lang='lat' dir='ltr'><strong>apostolica:</strong></span> 
     </span>
    </p>
   </div>
   <div class='ocr_carea' id='block_1_114' title="bbox 600 5218 2209 5291">
    <p class='ocr_par' dir='ltr' id='par_1_114' title="bbox 600 5218 2209 5291">
     <span class='ocr_line' id='line_1_115' title="bbox 600 5218 2209 5291; baseline -0.004 -11"><span class='ocrx_word' id='word_1_838' title='bbox 600 5218 871 5289; x_wconf 73' lang='lat' dir='ltr'><strong>dicuntur,</strong></span> <span class='ocrx_word' id='word_1_839' title='bbox 918 5225 1011 5278; x_wconf 94' lang='lat' dir='ltr'><strong>lib.</strong></span> <span class='ocrx_word' id='word_1_840' title='bbox 1047 5237 1160 5286; x_wconf 86' lang='lat' dir='ltr'><strong>vn,</strong></span> <span class='ocrx_word' id='word_1_841' title='bbox 1215 5235 1335 5291; x_wconf 91' lang='lat' dir='ltr'><strong>cap.</strong></span> <span class='ocrx_word' id='word_1_842' title='bbox 1382 5220 1471 5281; x_wconf 72' lang='grc'><strong>52,</strong></span> <span class='ocrx_word' id='word_1_843' title='bbox 1506 5218 1731 5287; x_wconf 86' lang='lat' dir='ltr'><strong>altisque</strong></span> <span class='ocrx_word' id='word_1_844' title='bbox 1774 5222 2014 5289; x_wconf 89' lang='lat' dir='ltr'><strong>pluribus</strong></span> <span class='ocrx_word' id='word_1_845' title='bbox 2043 5235 2209 5274; x_wconf 86' lang='lat' dir='ltr'><strong>cano—</strong></span> 
     </span>
    </p>
   </div>
   <div class='ocr_carea' id='block_1_115' title="bbox 597 5292 2209 5362">
    <p class='ocr_par' dir='ltr' id='par_1_115' title="bbox 597 5292 2209 5362">
     <span class='ocr_line' id='line_1_116' title="bbox 597 5292 2209 5362; baseline -0.005 -11"><span class='ocrx_word' id='word_1_846' title='bbox 597 5312 726 5351; x_wconf 91' lang='lat' dir='ltr'><strong>num</strong></span> <span class='ocrx_word' id='word_1_847' title='bbox 757 5296 991 5350; x_wconf 89' lang='lat' dir='ltr'><strong>decretis</strong></span> <span class='ocrx_word' id='word_1_848' title='bbox 1041 5303 1168 5347; x_wconf 88' lang='lat' dir='ltr'><strong>ante</strong></span> <span class='ocrx_word' id='word_1_849' title='bbox 1209 5292 1532 5362; x_wconf 86' lang='lat' dir='ltr'><strong>baptismnm</strong></span> <span class='ocrx_word' id='word_1_850' title='bbox 1561 5292 1905 5360; x_wconf 85' lang='lat' dir='ltr'><strong>&#39;imponenda</strong></span> <span class='ocrx_word' id='word_1_851' title='bbox 1952 5304 2004 5346; x_wconf 90' lang='lat' dir='ltr'><strong>et</strong></span> <span class='ocrx_word' id='word_1_852' title='bbox 2036 5292 2209 5346; x_wconf 85' lang='lat' dir='ltr'><strong>susci—</strong></span> 
     </span>
    </p>
   </div>
   <div class='ocr_carea' id='block_1_116' title="bbox 597 5362 2203 5436">
    <p class='ocr_par' dir='ltr' id='par_1_116' title="bbox 597 5362 2203 5436">
     <span class='ocr_line' id='line_1_117' title="bbox 597 5362 2203 5436; baseline -0.004 -15"><span class='ocrx_word' id='word_1_853' title='bbox 597 5364 789 5436; x_wconf 89' lang='lat' dir='ltr'><strong>pienda</strong></span> <span class='ocrx_word' id='word_1_854' title='bbox 824 5367 1168 5435; x_wconf 68' lang='lat' dir='ltr'><strong>praecipitur;</strong></span> <span class='ocrx_word' id='word_1_855' title='bbox 1197 5363 1622 5436; x_wconf 66' lang='lat' dir='ltr'><strong>quiedisciplina</strong></span> <span class='ocrx_word' id='word_1_856' title='bbox 1647 5362 1789 5436; x_wconf 86' lang='lat' dir='ltr'><strong>adeo</strong></span> <span class='ocrx_word' id='word_1_857' title='bbox 1806 5364 1863 5436; x_wconf 91' lang='lat' dir='ltr'><strong>iu</strong></span> <span class='ocrx_word' id='word_1_858' title='bbox 1902 5363 2067 5417; x_wconf 88' lang='lat' dir='ltr'><strong>multa</strong></span> <span class='ocrx_word' id='word_1_859' title='bbox 2097 5378 2203 5417; x_wconf 65' lang='lat' dir='ltr'><strong>sae-</strong></span> 
     </span>
    </p>
   </div>
   <div class='ocr_carea' id='block_1_117' title="bbox 593 5432 2200 5508">
    <p class='ocr_par' dir='ltr' id='par_1_117' title="bbox 593 5432 2200 5508">
     <span class='ocr_line' id='line_1_118' title="bbox 593 5432 2200 5508; baseline -0.004 -15"><span class='ocrx_word' id='word_1_860' title='bbox 593 5432 715 5493; x_wconf 73' lang='lat' dir='ltr'><strong>cula</strong></span> <span class='ocrx_word' id='word_1_861' title='bbox 746 5432 933 5508; x_wconf 82' lang='lat' dir='ltr'><strong>viguit,</strong></span> <span class='ocrx_word' id='word_1_862' title='bbox 964 5432 1020 5492; x_wconf 78' lang='lat' dir='ltr'><strong>ut</strong></span> <span class='ocrx_word' id='word_1_863' title='bbox 1060 5432 1247 5508; x_wconf 79' lang='lat' dir='ltr'><strong>auctor</strong></span> <span class='ocrx_word' id='word_1_864' title='bbox 1294 5434 1578 5508; x_wconf 70' lang='lat' dir='ltr'><strong>sermonis</strong></span> <span class='ocrx_word' id='word_1_865' title='bbox 1607 5432 1675 5508; x_wconf 82' lang='lat' dir='ltr'><strong>in.</strong></span> <span class='ocrx_word' id='word_1_866' title='bbox 1693 5435 2035 5489; x_wconf 87' lang='lat' dir='ltr'><strong>dedicatione</strong></span> <span class='ocrx_word' id='word_1_867' title='bbox 2066 5442 2200 5508; x_wconf 72' lang='lat' dir='ltr'><strong>tent-</strong></span> 
     </span>
    </p>
   </div>
   <div class='ocr_carea' id='block_1_118' title="bbox 594 5504 2199 5579">
    <p class='ocr_par' dir='ltr' id='par_1_118' title="bbox 594 5504 2199 5579">
     <span class='ocr_line' id='line_1_119' title="bbox 594 5504 2199 5579; baseline -0.004 -16"><span class='ocrx_word' id='word_1_868' title='bbox 594 5508 692 5579; x_wconf 85' lang='lat' dir='ltr'><strong>pli.</strong></span> <span class='ocrx_word' id='word_1_869' title='bbox 725 5504 877 5579; x_wconf 81' lang='lat' dir='ltr'><strong>quia</strong></span> <span class='ocrx_word' id='word_1_870' title='bbox 923 5506 1197 5579; x_wconf 84' lang='lat' dir='ltr'><strong>nonnullis</strong></span> <span class='ocrx_word' id='word_1_871' title='bbox 1235 5507 1475 5561; x_wconf 88' lang='lat' dir='ltr'><strong>creditur</strong></span> <span class='ocrx_word' id='word_1_872' title='bbox 1529 5506 1591 5560; x_wconf 84' lang='lat' dir='ltr'><strong>S.</strong></span> <span class='ocrx_word' id='word_1_873' title='bbox 1617 5505 1910 5579; x_wconf 75' lang='lat' dir='ltr'><strong>Cznsaritis,</strong></span> <span class='ocrx_word' id='word_1_874' title='bbox 1938 5519 2107 5579; x_wconf 27' lang='lat' dir='ltr'><strong>Anum.</strong></span> <span class='ocrx_word' id='word_1_875' title='bbox 2142 5504 2199 5567; x_wconf 83' lang='lat'><strong>5,</strong></span> 
     </span>
    </p>
   </div>
   <div class='ocr_carea' id='block_1_119' title="bbox 596 5575 2201 5650">
    <p class='ocr_par' dir='ltr' id='par_1_119' title="bbox 596 5575 2201 5650">
     <span class='ocr_line' id='line_1_120' title="bbox 596 5575 2201 5650; baseline -0.007 -12"><span class='ocrx_word' id='word_1_876' title='bbox 596 5575 925 5650; x_wconf 67' lang='lat' dir='ltr'><strong>paenitentia:</strong></span> <span class='ocrx_word' id='word_1_877' title='bbox 953 5577 1219 5650; x_wconf 87' lang='lat' dir='ltr'><strong>ejusmodi</strong></span> <span class='ocrx_word' id='word_1_878' title='bbox 1249 5586 1679 5645; x_wconf 89' lang='lat' dir='ltr'><strong>contemptorem</strong></span> <span class='ocrx_word' id='word_1_879' title='bbox 1706 5592 1807 5629; x_wconf 87' lang='lat' dir='ltr'><strong>non</strong></span> <span class='ocrx_word' id='word_1_880' title='bbox 1850 5575 1974 5630; x_wconf 80' lang='lat' dir='ltr'><strong>levis</strong></span> <span class='ocrx_word' id='word_1_881' title='bbox 2004 5580 2201 5647; x_wconf 84' lang='lat' dir='ltr'><strong>peccati</strong></span> 
     </span>
    </p>
   </div>
   <div class='ocr_carea' id='block_1_120' title="bbox 592 5649 1551 5723">
    <p class='ocr_par' dir='ltr' id='par_1_120' title="bbox 592 5649 1551 5723">
     <span class='ocr_line' id='line_1_121' title="bbox 592 5649 1551 5723; baseline -0.008 -16"><span class='ocrx_word' id='word_1_882' title='bbox 592 5649 743 5709; x_wconf 84' lang='lat' dir='ltr'><strong>reum</strong></span> <span class='ocrx_word' id='word_1_883' title='bbox 777 5649 1037 5723; x_wconf 72' lang='lat' dir='ltr'><strong>peragere</strong></span> <span class='ocrx_word' id='word_1_884' title='bbox 1066 5663 1178 5705; x_wconf 91' lang='lat' dir='ltr'><strong>non</strong></span> <span class='ocrx_word' id='word_1_885' title='bbox 1205 5649 1551 5723; x_wconf 81' lang='lat' dir='ltr'><strong>dubitaverit.</strong></span> 
     </span>
    </p>
   </div>
   <div class='ocr_carea' id='block_1_121' title="bbox 658 5719 1804 5796">
    <p class='ocr_par' dir='ltr' id='par_1_121' title="bbox 658 5719 1804 5796">
     <span class='ocr_line' id='line_1_122' title="bbox 658 5719 1804 5796; baseline -0.005 -19"><span class='ocrx_word' id='word_1_886' title='bbox 658 5724 739 5796; x_wconf 81' lang='lat'><strong>(6)</strong></span> <span class='ocrx_word' id='word_1_887' title='bbox 777 5719 933 5796; x_wconf 54' lang='lat' dir='ltr'><strong>Mssf</strong></span> <span class='ocrx_word' id='word_1_888' title='bbox 948 5724 1321 5796; x_wconf 11' lang='lat' dir='ltr'><strong>Rctnensisget</strong></span> <span class='ocrx_word' id='word_1_889' title='bbox 1353 5721 1493 5796; x_wconf 83' lang='lat' dir='ltr'><strong>V_at.,</strong></span> <span class='ocrx_word' id='word_1_890' title='bbox 1520 5719 1804 5796; x_wconf 71' lang='lat' dir='ltr'><strong>receperit.</strong></span> 
     </span>
    </p>
   </div>
   <div class='ocr_carea' id='block_1_122' title="bbox 663 5788 2199 5870">
    <p class='ocr_par' dir='ltr' id='par_1_122' title="bbox 663 5788 2199 5870">
     <span class='ocr_line' id='line_1_123' title="bbox 663 5788 2199 5870; baseline -0.005 -16"><span class='ocrx_word' id='word_1_891' title='bbox 663 5788 749 5870; x_wconf 77' lang='lat'><strong>(7)</strong></span> <span class='ocrx_word' id='word_1_892' title='bbox 808 5793 863 5846; x_wconf 72' lang='lat' dir='ltr'><strong>Si</strong></span> <span class='ocrx_word' id='word_1_893' title='bbox 924 5793 1188 5853; x_wconf 85' lang='lat' dir='ltr'><strong>nimirum</strong></span> <span class='ocrx_word' id='word_1_894' title='bbox 1246 5788 2037 5869; x_wconf 73' lang='lat' dir='ltr'><strong>baptistnaletninnocentiam</strong></span> <span class='ocrx_word' id='word_1_895' title='bbox 2102 5804 2199 5846; x_wconf 88' lang='lat' dir='ltr'><strong>scu</strong></span> 
     </span>
    </p>
   </div>
   <div class='ocr_carea' id='block_1_123' title="bbox 2310 4789 3958 4864">
    <p class='ocr_par' dir='ltr' id='par_1_123' title="bbox 2310 4789 3958 4864">
     <span class='ocr_line' id='line_1_124' title="bbox 2310 4789 3958 4864; baseline -0.002 -18"><span class='ocrx_word' id='word_1_896' title='bbox 2310 4789 2484 4862; x_wconf 65' lang='lat' dir='ltr'><strong>genter</strong></span> <span class='ocrx_word' id='word_1_897' title='bbox 2513 4792 2830 4853; x_wconf 85' lang='lat' dir='ltr'><strong>occludunt,</strong></span> <span class='ocrx_word' id='word_1_898' title='bbox 2859 4809 2921 4846; x_wconf 89' lang='lat' dir='ltr'><strong>ne</strong></span> <span class='ocrx_word' id='word_1_899' title='bbox 2947 4793 3069 4862; x_wconf 87' lang='lat' dir='ltr'><strong>quid</strong></span> <span class='ocrx_word' id='word_1_900' title='bbox 3102 4790 3195 4846; x_wconf 87' lang='lat' dir='ltr'><strong>illo</strong></span> <span class='ocrx_word' id='word_1_901' title='bbox 3224 4789 3303 4845; x_wconf 75' lang='lat' dir='ltr'><strong>uel</strong></span> <span class='ocrx_word' id='word_1_902' title='bbox 3331 4794 3626 4864; x_wconf 78' lang='lat' dir='ltr'><strong>frivolum,</strong></span> <span class='ocrx_word' id='word_1_903' title='bbox 3663 4795 3795 4848; x_wconf 86' lang='lat' dir='ltr'><strong>inde</strong></span> <span class='ocrx_word' id='word_1_904' title='bbox 3822 4789 3958 4864; x_wconf 77' lang='lat' dir='ltr'><strong>quod</strong></span> 
     </span>
    </p>
   </div>
   <div class='ocr_carea' id='block_1_124' title="bbox 2308 4862 3962 4932">
    <p class='ocr_par' dir='ltr' id='par_1_124' title="bbox 2308 4862 3962 4932">
     <span class='ocr_line' id='line_1_125' title="bbox 2308 4862 3962 4932; baseline -0.002 -16"><span class='ocrx_word' id='word_1_905' title='bbox 2308 4863 2619 4928; x_wconf 74' lang='lat' dir='ltr'><strong>excluditur,</strong></span> <span class='ocrx_word' id='word_1_906' title='bbox 2649 4873 2947 4918; x_wconf 78' lang='lat' dir='ltr'><strong>revertatur.</strong></span> <span class='ocrx_word' id='word_1_907' title='bbox 2985 4864 3150 4917; x_wconf 84' lang='lat' dir='ltr'><strong>l‘aulo</strong></span> <span class='ocrx_word' id='word_1_908' title='bbox 3177 4873 3296 4932; x_wconf 88' lang='lat' dir='ltr'><strong>post</strong></span> <span class='ocrx_word' id='word_1_909' title='bbox 3331 4862 3474 4919; x_wconf 86' lang='lat' dir='ltr'><strong>inss.</strong></span> <span class='ocrx_word' id='word_1_910' title='bbox 3515 4866 3750 4921; x_wconf 84' lang='lat' dir='ltr'><strong>Tolent.</strong></span> <span class='ocrx_word' id='word_1_911' title='bbox 3775 4875 3830 4919; x_wconf 91' lang='lat' dir='ltr'><strong>et</strong></span> <span class='ocrx_word' id='word_1_912' title='bbox 3864 4862 3962 4914; x_wconf 79' lang='lat' dir='ltr'><strong>Va-</strong></span> 
     </span>
    </p>
   </div>
   <div class='ocr_carea' id='block_1_125' title="bbox 2312 4934 3959 5007">
    <p class='ocr_par' dir='ltr' id='par_1_125' title="bbox 2312 4934 3959 5007">
     <span class='ocr_line' id='line_1_126' title="bbox 2312 4934 3959 5007; baseline 0.001 -22"><span class='ocrx_word' id='word_1_913' title='bbox 2312 4936 2427 5007; x_wconf 71' lang='lat' dir='ltr'><strong>tic..</strong></span> <span class='ocrx_word' id='word_1_914' title='bbox 2453 4944 2778 5007; x_wconf 86' lang='lat' dir='ltr'><strong>peccatorum</strong></span> <span class='ocrx_word' id='word_1_915' title='bbox 2809 4950 2904 5004; x_wconf 89' lang='lat' dir='ltr'><strong>pro</strong></span> <span class='ocrx_word' id='word_1_916' title='bbox 2933 4944 3213 5007; x_wconf 79' lang='lat' dir='ltr'><strong>pectorum,</strong></span> <span class='ocrx_word' id='word_1_917' title='bbox 3245 4942 3301 4988; x_wconf 92' lang='lat' dir='ltr'><strong>ct</strong></span> <span class='ocrx_word' id='word_1_918' title='bbox 3332 4951 3442 4989; x_wconf 80' lang='lat' dir='ltr'><strong>ms.</strong></span> <span class='ocrx_word' id='word_1_919' title='bbox 3476 4935 3613 4993; x_wconf 91' lang='lat' dir='ltr'><strong>Tol.</strong></span> <span class='ocrx_word' id='word_1_920' title='bbox 3651 4953 3783 4992; x_wconf 89' lang='lat' dir='ltr'><strong>cum</strong></span> <span class='ocrx_word' id='word_1_921' title='bbox 3828 4934 3959 4989; x_wconf 83' lang='lat' dir='ltr'><strong>edit.</strong></span> 
     </span>
    </p>
   </div>
   <div class='ocr_carea' id='block_1_126' title="bbox 2310 5004 3212 5075">
    <p class='ocr_par' dir='ltr' id='par_1_126' title="bbox 2310 5004 3212 5075">
     <span class='ocr_line' id='line_1_127' title="bbox 2310 5004 3212 5075; baseline -0.002 -15"><span class='ocrx_word' id='word_1_922' title='bbox 2310 5004 2444 5060; x_wconf 80' lang='lat' dir='ltr'><strong>Ven.</strong></span> <span class='ocrx_word' id='word_1_923' title='bbox 2478 5006 2760 5061; x_wconf 81' lang='lat' dir='ltr'><strong>occludunt</strong></span> <span class='ocrx_word' id='word_1_924' title='bbox 2790 5021 2885 5075; x_wconf 90' lang='lat' dir='ltr'><strong>pro</strong></span> <span class='ocrx_word' id='word_1_925' title='bbox 2911 5004 3212 5060; x_wconf 80' lang='lat' dir='ltr'><strong>occludunt.</strong></span> 
     </span>
    </p>
   </div>
   <div class='ocr_carea' id='block_1_127' title="bbox 2384 5075 3957 5148">
    <p class='ocr_par' dir='ltr' id='par_1_127' title="bbox 2384 5075 3957 5148">
     <span class='ocr_line' id='line_1_128' title="bbox 2384 5075 3957 5148; baseline 0.006 -18"><span class='ocrx_word' id='word_1_926' title='bbox 2384 5075 2465 5148; x_wconf 82' lang='lat'><strong>(5)</strong></span> <span class='ocrx_word' id='word_1_927' title='bbox 2496 5076 2800 5148; x_wconf 84' lang='lat' dir='ltr'><strong>chebatur</strong></span> <span class='ocrx_word' id='word_1_928' title='bbox 2822 5079 2873 5131; x_wconf 87' lang='lat' dir='ltr'><strong>in</strong></span> <span class='ocrx_word' id='word_1_929' title='bbox 2896 5094 2975 5141; x_wconf 92' lang='lat' dir='ltr'><strong>eo,</strong></span> <span class='ocrx_word' id='word_1_930' title='bbox 2999 5076 3093 5132; x_wconf 87' lang='lat' dir='ltr'><strong>sed</strong></span> <span class='ocrx_word' id='word_1_931' title='bbox 3119 5076 3335 5141; x_wconf 72' lang='lat' dir='ltr'><strong>codices</strong></span> <span class='ocrx_word' id='word_1_932' title='bbox 3358 5076 3530 5146; x_wconf 85' lang='lat' dir='ltr'><strong>Tol.,</strong></span> <span class='ocrx_word' id='word_1_933' title='bbox 3558 5078 3720 5140; x_wconf 78' lang='lat' dir='ltr'><strong>Vat..</strong></span> <span class='ocrx_word' id='word_1_934' title='bbox 3737 5080 3957 5139; x_wconf 84' lang='lat' dir='ltr'><strong>Urbiu..</strong></span> 
     </span>
    </p>
   </div>
   <div class='ocr_carea' id='block_1_128' title="bbox 2313 5146 3964 5223">
    <p class='ocr_par' dir='ltr' id='par_1_128' title="bbox 2313 5146 3964 5223">
     <span class='ocr_line' id='line_1_129' title="bbox 2313 5146 3964 5223; baseline 0.001 -22"><span class='ocrx_word' id='word_1_935' title='bbox 2313 5146 2530 5223; x_wconf 64' lang='lat' dir='ltr'><strong>l’oinp.,</strong></span> <span class='ocrx_word' id='word_1_936' title='bbox 2562 5146 2657 5216; x_wconf 88' lang='lat' dir='ltr'><strong>Sp.</strong></span> <span class='ocrx_word' id='word_1_937' title='bbox 2686 5160 2740 5205; x_wconf 88' lang='lat' dir='ltr'><strong>et</strong></span> <span class='ocrx_word' id='word_1_938' title='bbox 2781 5148 2911 5204; x_wconf 90' lang='lat' dir='ltr'><strong>Zen.</strong></span> <span class='ocrx_word' id='word_1_939' title='bbox 2943 5149 2996 5202; x_wconf 89' lang='lat' dir='ltr'><strong>in</strong></span> <span class='ocrx_word' id='word_1_940' title='bbox 3030 5165 3115 5202; x_wconf 85' lang='lat' dir='ltr'><strong>reo</strong></span> <span class='ocrx_word' id='word_1_941' title='bbox 3154 5150 3409 5223; x_wconf 80' lang='lat' dir='ltr'><strong>scribunt</strong></span> <span class='ocrx_word' id='word_1_942' title='bbox 3429 5192 3447 5216; x_wconf 95' lang='lat'><strong>,</strong></span> <span class='ocrx_word' id='word_1_943' title='bbox 3484 5160 3549 5207; x_wconf 88' lang='lat' dir='ltr'><strong>et</strong></span> <span class='ocrx_word' id='word_1_944' title='bbox 3580 5152 3830 5223; x_wconf 90' lang='lat' dir='ltr'><strong>idipsum</strong></span> <span class='ocrx_word' id='word_1_945' title='bbox 3868 5152 3964 5208; x_wconf 86' lang='lat' dir='ltr'><strong>ha-</strong></span> 
     </span>
    </p>
   </div>
   <div class='ocr_carea' id='block_1_129' title="bbox 2316 5218 3961 5297">
    <p class='ocr_par' dir='ltr' id='par_1_129' title="bbox 2316 5218 3961 5297">
     <span class='ocr_line' id='line_1_130' title="bbox 2316 5218 3961 5297; baseline 0.002 -27"><span class='ocrx_word' id='word_1_946' title='bbox 2316 5218 2805 5297; x_wconf 24' lang='lat' dir='ltr'><strong>bentomnes‘cum</strong></span> <span class='ocrx_word' id='word_1_947' title='bbox 2837 5236 2968 5274; x_wconf 87' lang='lat' dir='ltr'><strong>mss.</strong></span> <span class='ocrx_word' id='word_1_948' title='bbox 3008 5230 3117 5297; x_wconf 84' lang='lat' dir='ltr'><strong>tum</strong></span> <span class='ocrx_word' id='word_1_949' title='bbox 3145 5219 3275 5274; x_wconf 89' lang='lat' dir='ltr'><strong>editi</strong></span> <span class='ocrx_word' id='word_1_950' title='bbox 3303 5227 3558 5297; x_wconf 69' lang='lat' dir='ltr'><strong>tractatu</strong></span> <span class='ocrx_word' id='word_1_951' title='bbox 3583 5218 3874 5297; x_wconf 77' lang='lat' dir='ltr'><strong>seqttenti,</strong></span> <span class='ocrx_word' id='word_1_952' title='bbox 3910 5224 3961 5274; x_wconf 91' lang='lat' dir='ltr'><strong>in</strong></span> 
     </span>
    </p>
   </div>
   <div class='ocr_carea' id='block_1_130' title="bbox 2311 5290 3964 5370">
    <p class='ocr_par' dir='ltr' id='par_1_130' title="bbox 2311 5290 3964 5370">
     <span class='ocr_line' id='line_1_131' title="bbox 2311 5290 3964 5370; baseline 0.002 -27"><span class='ocrx_word' id='word_1_953' title='bbox 2311 5304 2419 5370; x_wconf 80' lang='lat' dir='ltr'><strong>quo</strong></span> <span class='ocrx_word' id='word_1_954' title='bbox 2449 5290 2589 5347; x_wconf 88' lang='lat' dir='ltr'><strong>idem</strong></span> <span class='ocrx_word' id='word_1_955' title='bbox 2631 5291 2719 5348; x_wconf 85' lang='lat' dir='ltr'><strong>hic</strong></span> <span class='ocrx_word' id='word_1_956' title='bbox 2742 5307 2934 5347; x_wconf 86' lang='lat' dir='ltr'><strong>sensus</strong></span> <span class='ocrx_word' id='word_1_957' title='bbox 2965 5291 3187 5347; x_wconf 86' lang='lat' dir='ltr'><strong>totidem</strong></span> <span class='ocrx_word' id='word_1_958' title='bbox 3218 5291 3406 5345; x_wconf 87' lang='lat' dir='ltr'><strong>verbis</strong></span> <span class='ocrx_word' id='word_1_959' title='bbox 3449 5290 3777 5365; x_wconf 54' lang='lat' dir='ltr'><strong>expressus</strong></span> <span class='ocrx_word' id='word_1_960' title='bbox 3810 5308 3964 5364; x_wconf 77' lang='lat' dir='ltr'><strong>repe-</strong></span> 
     </span>
    </p>
   </div>
   <div class='ocr_carea' id='block_1_131' title="bbox 2313 5371 2470 5415">
    <p class='ocr_par' dir='ltr' id='par_1_131' title="bbox 2313 5371 2470 5415">
     <span class='ocr_line' id='line_1_132' title="bbox 2313 5371 2470 5415; baseline 0.013 -2"><span class='ocrx_word' id='word_1_961' title='bbox 2313 5371 2470 5415; x_wconf 78' lang='lat' dir='ltr'><strong>l&#39;lllll&#39;.</strong></span> 
     </span>
    </p>
   </div>
   <div class='ocr_carea' id='block_1_132' title="bbox 2384 5432 3960 5505">
    <p class='ocr_par' dir='ltr' id='par_1_132' title="bbox 2384 5432 3960 5505">
     <span class='ocr_line' id='line_1_133' title="bbox 2384 5432 3960 5505; baseline 0 -18"><span class='ocrx_word' id='word_1_962' title='bbox 2384 5432 2462 5505; x_wconf 88' lang='lat'><strong>(6)</strong></span> <span class='ocrx_word' id='word_1_963' title='bbox 2494 5436 2566 5490; x_wconf 82' lang='lat' dir='ltr'><strong>De</strong></span> <span class='ocrx_word' id='word_1_964' title='bbox 2593 5435 2935 5490; x_wconf 87' lang='lat' dir='ltr'><strong>confessione</strong></span> <span class='ocrx_word' id='word_1_965' title='bbox 2957 5450 2984 5487; x_wconf 90' lang='lat' dir='ltr'><strong>a</strong></span> <span class='ocrx_word' id='word_1_966' title='bbox 3008 5434 3420 5490; x_wconf 89' lang='lat' dir='ltr'><strong>catechumenis</strong></span> <span class='ocrx_word' id='word_1_967' title='bbox 3450 5446 3593 5491; x_wconf 87' lang='lat' dir='ltr'><strong>ante</strong></span> <span class='ocrx_word' id='word_1_968' title='bbox 3624 5438 3960 5503; x_wconf 86' lang='lat' dir='ltr'><strong>baptismum</strong></span> 
     </span>
    </p>
   </div>
   <div class='ocr_carea' id='block_1_133' title="bbox 2309 5501 3963 5580">
    <p class='ocr_par' dir='ltr' id='par_1_133' title="bbox 2309 5501 3963 5580">
     <span class='ocr_line' id='line_1_134' title="bbox 2309 5501 3963 5580; baseline 0.001 -23"><span class='ocrx_word' id='word_1_969' title='bbox 2309 5501 2488 5560; x_wconf 80' lang='lat' dir='ltr'><strong>habita</strong></span> <span class='ocrx_word' id='word_1_970' title='bbox 2522 5506 2608 5580; x_wconf 86' lang='lat' dir='ltr'><strong>hic</strong></span> <span class='ocrx_word' id='word_1_971' title='bbox 2638 5519 2817 5580; x_wconf 91' lang='lat' dir='ltr'><strong>sermo</strong></span> <span class='ocrx_word' id='word_1_972' title='bbox 2844 5516 3099 5580; x_wconf 5' lang='lat' dir='ltr'><strong>e_st,gcum</strong></span> <span class='ocrx_word' id='word_1_973' title='bbox 3122 5506 3207 5580; x_wconf 81' lang='lat' dir='ltr'><strong>hic</strong></span> <span class='ocrx_word' id='word_1_974' title='bbox 3230 5514 3514 5580; x_wconf 83' lang='lat' dir='ltr'><strong>tractatus</strong></span> <span class='ocrx_word' id='word_1_975' title='bbox 3542 5507 3619 5564; x_wconf 84' lang='lat' dir='ltr'><strong>ad</strong></span> <span class='ocrx_word' id='word_1_976' title='bbox 3651 5501 3963 5580; x_wconf 84' lang='lat' dir='ltr'><strong>nenphytos</strong></span> 
     </span>
    </p>
   </div>
   <div class='ocr_carea' id='block_1_134' title="bbox 2308 5577 3963 5649">
    <p class='ocr_par' dir='ltr' id='par_1_134' title="bbox 2308 5577 3963 5649">
     <span class='ocr_line' id='line_1_135' title="bbox 2308 5577 3963 5649; baseline 0.002 -21"><span class='ocrx_word' id='word_1_977' title='bbox 2308 5590 2499 5632; x_wconf 88' lang='lat' dir='ltr'><strong>recens</strong></span> <span class='ocrx_word' id='word_1_978' title='bbox 2536 5578 2832 5647; x_wconf 88' lang='lat' dir='ltr'><strong>baptizatos</strong></span> <span class='ocrx_word' id='word_1_979' title='bbox 2881 5578 3093 5632; x_wconf 84' lang='lat' dir='ltr'><strong>habitus</strong></span> <span class='ocrx_word' id='word_1_980' title='bbox 3126 5577 3309 5649; x_wconf 77' lang='lat' dir='ltr'><strong>fuerit,</strong></span> <span class='ocrx_word' id='word_1_981' title='bbox 3354 5586 3422 5630; x_wconf 89' lang='lat' dir='ltr'><strong>ut</strong></span> <span class='ocrx_word' id='word_1_982' title='bbox 3471 5595 3546 5634; x_wconf 75' lang='lat' dir='ltr'><strong>ex</strong></span> <span class='ocrx_word' id='word_1_983' title='bbox 3596 5577 3963 5649; x_wconf 83' lang='lat' dir='ltr'><strong>inscriptione</strong></span> 
     </span>
    </p>
   </div>
   <div class='ocr_carea' id='block_1_135' title="bbox 2305 5647 3962 5719">
    <p class='ocr_par' dir='ltr' id='par_1_135' title="bbox 2305 5647 3962 5719">
     <span class='ocr_line' id='line_1_136' title="bbox 2305 5647 3962 5719; baseline -0.001 -17"><span class='ocrx_word' id='word_1_984' title='bbox 2305 5654 2362 5702; x_wconf 91' lang='lat' dir='ltr'><strong>ct</strong></span> <span class='ocrx_word' id='word_1_985' title='bbox 2392 5649 2496 5703; x_wconf 80' lang='lat' dir='ltr'><strong>line</strong></span> <span class='ocrx_word' id='word_1_986' title='bbox 2519 5650 2703 5719; x_wconf 81' lang='lat' dir='ltr'><strong>liquet.</strong></span> <span class='ocrx_word' id='word_1_987' title='bbox 2731 5650 2805 5704; x_wconf 87' lang='lat' dir='ltr'><strong>De</strong></span> <span class='ocrx_word' id='word_1_988' title='bbox 2831 5648 2931 5704; x_wconf 89' lang='lat' dir='ltr'><strong>hac</strong></span> <span class='ocrx_word' id='word_1_989' title='bbox 2965 5662 3127 5719; x_wconf 90' lang='lat' dir='ltr'><strong>porro</strong></span> <span class='ocrx_word' id='word_1_990' title='bbox 3155 5647 3525 5705; x_wconf 86' lang='lat' dir='ltr'><strong>confessione</strong></span> <span class='ocrx_word' id='word_1_991' title='bbox 3549 5655 3695 5706; x_wconf 87' lang='lat' dir='ltr'><strong>satis</strong></span> <span class='ocrx_word' id='word_1_992' title='bbox 3719 5647 3962 5706; x_wconf 57' lang='lat' dir='ltr'><strong>diximus</strong></span> 
     </span>
    </p>
   </div>
   <div class='ocr_carea' id='block_1_136' title="bbox 2305 5717 3419 5788">
    <p class='ocr_par' dir='ltr' id='par_1_136' title="bbox 2305 5717 3419 5788">
     <span class='ocr_line' id='line_1_137' title="bbox 2305 5717 3419 5788; baseline -0.001 -16"><span class='ocrx_word' id='word_1_993' title='bbox 2305 5719 2487 5772; x_wconf 89' lang='lat' dir='ltr'><strong>adnot.</strong></span> <span class='ocrx_word' id='word_1_994' title='bbox 2525 5717 2638 5772; x_wconf 60' lang='lat' dir='ltr'><strong>diu</strong></span> <span class='ocrx_word' id='word_1_995' title='bbox 2673 5717 3419 5788; x_wconf 66' lang='lat' dir='ltr'><strong>tractatumprmcedentem.</strong></span> 
     </span>
    </p>
   </div>
   <div class='ocr_carea' id='block_1_137' title="bbox 2379 5790 3962 5871">
    <p class='ocr_par' dir='ltr' id='par_1_137' title="bbox 2379 5790 3962 5871">
     <span class='ocr_line' id='line_1_138' title="bbox 2379 5790 3962 5871; baseline -0.001 -25"><span class='ocrx_word' id='word_1_996' title='bbox 2379 5790 2459 5863; x_wconf 82' lang='lat'><strong>(7)</strong></span> <span class='ocrx_word' id='word_1_997' title='bbox 2482 5790 2725 5864; x_wconf 79' lang='lat' dir='ltr'><strong>Intelligo</strong></span> <span class='ocrx_word' id='word_1_998' title='bbox 2757 5809 2855 5848; x_wconf 87' lang='lat' dir='ltr'><strong>non</strong></span> <span class='ocrx_word' id='word_1_999' title='bbox 2888 5793 3111 5848; x_wconf 78' lang='lat' dir='ltr'><strong>cernitur</strong></span> <span class='ocrx_word' id='word_1_1000' title='bbox 3140 5807 3468 5867; x_wconf 78' lang='lat' dir='ltr'><strong>percussor,</strong></span> <span class='ocrx_word' id='word_1_1001' title='bbox 3504 5811 3605 5851; x_wconf 78' lang='lat' dir='ltr'><strong>nec</strong></span> <span class='ocrx_word' id='word_1_1002' title='bbox 3636 5791 3962 5871; x_wconf 74' lang='lat' dir='ltr'><strong>percussoris</strong></span> 
     </span>
    </p>
   </div>
  </div>
