4230 6168
530 287 638 344 495

1896 277 2142 335 SANCTI
2179 278 2471 339 ZENONIS

3724 284 3834 341 496

528 402 744 459 infudit.
764 401 910 456 Idem
938 414 1043 454 non
1064 397 1301 465 tumidus
1316 395 1546 462 cervice,
1578 410 1685 451 non
1711 401 1896 449 torvus
1925 394 2122 459 fronte,
2153 393 2207 454 A
2232 411 2324 465 per
2353 397 2490 466 quod
2519 397 2753 468 poteritis
2784 412 2959 451 omnes
2987 399 3202 468 sagittas
3218 397 3362 451 illius
3389 398 3535 460 ntali,
3567 413 3684 468 qua?
3714 408 3839 451 sunt

530 510 640 552 non
676 495 854 549 minax
880 508 1047 547 cornu
1069 490 1304 555 Taurus,
1333 488 1426 545 sed
1459 489 1717 561 optimus,
1751 487 1948 551 dulcis,
1977 486 2132 541 blan-

530 586 637 645 dus
677 600 740 641 ac
770 586 918 640 milis
947 598 1044 639 vos
1074 583 1331 638 admonet
1359 581 1438 654 (9)
1482 581 1725 648 Vitulus,
1758 589 1818 634 ut
1849 578 1993 634 nulla
2022 578 2131 634 ullo

530 678 587 735 in
615 691 780 748 opere
806 685 1086 747 captantes
1110 676 1355 746 auguria,
1390 674 1508 746 ejus
1547 675 1665 729 sine
1702 673 1904 727 malitia
1941 662 2150 727 succei

492 844 495 847 _
530 776 724 831 dentes
755 776 905 846 jugo,
943 787 1253 845 terramque
1295 782 1492 829 vestra:
1527 771 1706 828 carnis
1746 769 2019 827 domando
2049 768 2129 824 fe-

529 868 857 932 cundantes,
888 868 1067 922 laetam
1109 867 1415 922 divinorum
1446 866 1715 921 seminum
1759 877 1991 920 messem
2018 877 2128 919 cm-

529 961 757 1017 lestibus
780 961 993 1016 horreis
1011 959 1279 1015 inferatis.
1312 960 1374 1015 Et
1395 959 1651 1015 admonet
1677 957 2131 1030 prosequentibus

528 1052 807 1118 Geminis,
838 1053 889 1107 id
918 1063 1001 1109 est
1048 1052 1263 1108 duobus
1310 1053 1547 1107 salutare
1594 1052 1917 1108 canentibus
1965 1060 2132 1106 testa-

526 1150 748 1211 mentis,
783 1155 841 1200 ut
868 1144 1239 1217 principaliter
1266 1144 1654 1210 idololatriam,
1705 1144 2127 1214 impudicitiam,

529 1239 925 1309 avaritiamque
971 1238 1183 1309 fugiatis
1209 1280 1224 1307 ,
1267 1253 1391 1308 quae
1419 1247 1502 1292 est
1550 1237 1866 1292 incurabilis
1909 1251 2126 1292 cancer.

525 1332 641 1389 Leo
683 1340 861 1389 autem
913 1341 1119 1397 noster,
1161 1334 1304 1387 sicut
1331 1329 1563 1387 Genesis
1613 1329 2125 1401 protestatur(Gen.

525 1442 672 1490 xux,
707 1424 788 1497 9),
811 1426 983 1479 leonis
1001 1434 1084 1480 est
1112 1425 1347 1491 catulus,
1379 1424 1533 1494 cujus
1554 1424 1655 1478 ista
1680 1423 1762 1493 pia
1790 1433 2131 1480 sacramenta

497 1520 889 1583 ‘celebramus,
944 1517 1035 1588 qui
1085 1516 1154 1572 ad
1212 1517 1314 1573 hoc
1356 1517 1624 1571 recubans
1664 1516 2022 1579 obdormivit.
2073 1524 2128 1571 ut

522 1613 768 1670 vinceret
797 1620 1057 1675 mortem;
1086 1608 1152 1664 ad
1184 1609 1289 1666 hoc
1327 1610 1623 1680 evigilavit,
1653 1618 1711 1663 ut
1737 1610 1915 1665 beata:
1944 1624 2129 1664 resuro

521 1708 785 1765 rectionis
814 1720 926 1761 suae
958 1705 1009 1759 in
1034 1718 1132 1759 nos
1155 1719 1351 1758 munus
1377 1702 1802 1758 immortalitatis
1833 1700 2126 1757 conferret.

523 1798 695 1867 Quem
727 1805 1104 1869 competenter
1132 1796 1378 1866 sequitur
1425 1794 1586 1865 Virgo
1619 1795 1994 1863 praenuntiatus
2039 1792 2131 1849 Li-
2159 1812 2209 1873 Β

518 1891 697 1958 bram,
718 1899 776 1945 ut
806 1903 1159 1945 nosceremus
1188 1887 1304 1960 (l0)
1327 1888 1419 1942 Dei
1448 1903 1544 1957 per
1570 1886 1793 1954 Filium,
1828 1887 1919 1958 qui
1948 1888 2122 1942 incar-

520 1993 683 2040 natus
711 1983 982 2054 processit
1010 1997 1076 2037 ex
1124 1979 1370 2050 virgine,
1415 1980 1726 2050 aequitatem
1754 1980 2133 2049 justitiamque

522 2078 690 2134 terris
716 2077 920 2131 illatam
947 2093 959 2128 :
991 2089 1150 2145 quam
1181 2073 1274 2144 qui
1305 2081 1617 2127 constanter
1646 2073 1885 2127 tenuerit
1909 2085 1972 2127 ac
2000 2070 2134 2127 fide—

522 2170 648 2226 liter
693 2166 1111 2233 ministraverit,
1164 2180 1273 2220 non
1314 2164 1493 2220 dicam
1555 2163 1947 2233 Scorpionem,
2002 2163 2132 2228 sed,

522 2264 664 2319 sicut
720 2261 979 2315 Dominus
1034 2259 1111 2314 ait
1175 2258 1228 2313 in
1279 2258 1605 2336 Evangelio‘,
1657 2273 1851 2313 omnes
1906 2257 2134 2313 omnino

522 2363 812 2428 serpentes
838 2354 1002 2409 illaesa
1028 2352 1207 2423 planta
1232 2353 1486 2407 calcabit.
1520 2351 1626 2408 Sed
1652 2349 1817 2423 264
1836 2365 1935 2406 nec
1957 2351 2132 2420 ipsum

520 2463 740 2519 quoque
769 2446 1045 2502 diabolum
1067 2486 1081 2511 ,
1112 2446 1203 2516 qui
1232 2460 1359 2501 vere
1402 2453 1489 2499 est
1536 2445 1837 2501 acerrimus
1899 2445 2136 2515 Sagitta-

519 2541 656 2604 rius,
692 2536 1001 2594 formidabit
1030 2552 1286 2608 umquam
1308 2577 1322 2602 ,
1356 2537 1521 2591 variis
1562 2546 1725 2608 atque
1755 2538 1926 2607 igneis
1966 2536 2135 2608 sagit-

524 2634 595 2689 tis
612 2632 631 2706 (
645 2636 662 2689 l
676 2632 727 2705 1)
750 2641 1010 2696 armatus,
1035 2631 1204 2691 totius
1219 2630 1441 2685 humani
1460 2630 1677 2699 generis
1691 2633 1841 2686 omni
1859 2640 2134 2685 momento

522 2725 689 2782 corda
717 2722 1048 2793 diStringens
1083 2740 1097 2775 :
1132 2731 1356 2792 propter
1385 2721 1528 2791 quod
1559 2721 1639 2776 sic
1669 2721 1870 2776 Paulus
1902 2724 2134 2792 Aposm-

520 2816 608 2873 lus
638 2817 715 2871 ait
747 2833 761 2870 :
793 2813 1007 2869 Induite
1043 2828 1132 2868 vos
1161 2823 1483 2867 armaturam
1528 2811 1656 2880 Dei,
1705 2823 1758 2866 ut
1795 2814 2005 2883 possitis
2046 2831 2132 2868 eos

521 2918 759 2963 constare
784 2906 1030 2961 adversus
1051 2907 1308 2975 nequitias
1329 2905 1545 2972 diaboli,
1572 2915 1781 2976 accepto
1809 2917 1955 2961 scuto
1984 2907 2129 2978 ﬁdei,

525 3055 637 3113 cari
662 3055 897 3120 videtur,
927 3053 1172 3108 diximus
1195 3051 1380 3107 adnot.
1411 3053 1442 3105 7
1473 3053 1523 3108 in
1556 3062 1711 3107 tract.
1744 3050 1834 3116 52,
1863 3062 1919 3109 et
1943 3054 2130 3110 adnot.

529 3129 585 3189 5.
616 3126 671 3182 in
700 3138 860 3182 tract.
890 3124 983 3180 42.
1021 3124 1154 3179 lleic
1180 3137 1362 3179 autem
1406 3125 1485 3178 tae
1528 3131 1729 3179 beatum
1769 3125 1875 3180 dici
1922 3126 2139 3181 Videtur

528 3198 728 3256 Christi
772 3198 1017 3265 sanguis,
1048 3195 1141 3266 qui
1173 3195 1506 3264 baptizandis
1536 3203 1811 3263 tamquam
1842 3197 2137 3252 infantibus

2233 491 2351 561 igne
2377 490 2563 559 plenw,
2597 491 2897 562 extinguere
2934 489 3132 561 (Ep/res
3172 505 3246 553 vi,
3298 490 3409 560 ll).
3447 490 3562 562 (12)
3595 490 3645 545 ls
3688 491 3837 546 enim

2234 580 2544 637 infelicibus
2601 596 2710 636 non
2779 596 3072 651 numquam
3140 581 3385 635 immittit
3441 581 3840 651 Capricornmn

2234 674 2386 729 vultu
2413 672 2737 740 deformem,
2762 682 2818 729 et
2846 689 2940 743 per
2962 688 3130 728 cornu
3163 672 3409 728 exilioris
3436 671 3587 728 labra
3616 672 3840 729 liventia

2235 767 2609 841 spumantibus
2632 768 2783 822 venis
2809 765 3096 833 ebulliens,
3124 765 3424 836 palpitante
3451 766 3604 821 ruina
3634 764 3843 836 captivi

2235 871 2347 919 tota
2384 860 2774 916 miserabiliter
2804 874 2900 930 per
2928 859 3173 914 membra
3197 857 3440 914 desaevit.
3475 859 3622 914 Alios
3652 872 3847 913 amen-

2234 965 2339 1024 tes,
2372 954 2510 1009 alios
2541 953 2794 1014 furiosos,
2830 952 2965 1007 alios
2998 950 3321 1018 homicidas,
3358 949 3497 1006 alios
3534 949 3843 1019 adulteros,

2235 1049 2372 1105 alios
2393 1048 2709 1117 sacrilegos,
2750 1046 2890 1100 alios
2920 1045 3147 1099 avaritia
3176 1044 3341 1099 efficit
3365 1058 3562 1100 czccos.
3589 1043 3840 1116 Longum

2234 1151 2319 1198 est
2346 1142 2425 1197 ire
2470 1155 2566 1210 per
2591 1138 2825 1209 singula.
2855 1135 3050 1192 Varias
3080 1147 3242 1207 atque
3289 1134 3713 1191 innumerabiles
3744 1150 3848 1191 no-

2234 1236 2390 1294 cendi
2418 1245 2565 1291 artes
2604 1233 2805 1288 habet:
2837 1232 2931 1287 sed
2962 1231 3061 1285 has
3085 1244 3274 1285 omnes
3301 1228 3533 1284 salutari
3561 1227 3845 1299 profluens

2236 1327 2353 1402 (t3)
2379 1342 2540 1383 amne
2588 1341 2697 1381 non
2740 1338 3072 1395 magnopere
3108 1330 3294 1378 noster
3338 1320 3609 1391 Aquarius
3654 1320 3847 1378 delere

2234 1420 2519 1479 consuevit
2537 1436 2551 1484 ;
2576 1433 2737 1490 quem
2757 1417 3067 1473 necessario
3083 1430 3193 1470 uno
3206 1423 3508 1485 sequuntur
3523 1412 3631 1467 duo
3650 1413 3847 1469 Pisces

2236 1515 2291 1570 in
2324 1514 2498 1584 signo,
2532 1511 2585 1565 id
2627 1518 2711 1566 est
2750 1508 2860 1565 duo
2890 1524 2955 1565 ex
2981 1507 3183 1563 Judacis
3228 1515 3286 1562 et
3331 1503 3596 1562 Gentibus
3621 1506 3845 1576 populi,

2235 1608 2574 1680 baptismatis
2601 1621 2739 1677 aqua
2764 1606 3029 1671 viventes,
3060 1604 3112 1658 in
3145 1618 3311 1659 unum
3343 1602 3607 1675 populum
3631 1601 3845 1659 Christi

2236 1719 2345 1760 uno
2377 1703 2534 1773 signo
2563 1699 2782 1772 signati.

2723 1788 3143 1847 TRAC'I‘ATUS
3168 1788 3357 1846 XLIV.

2515 1889 2597 1962 (i)
2627 1885 2707 1940 Ad
2750 1883 3056 1955 Neaphytos
3084 1892 3197 1955 post
3229 1883 3486 1952 baptisma
3510 1880 3621 1937 VII.

2480 1984 2575 2038 Die
2603 1979 2878 2036 dominico
2903 1976 2975 2033 de
3002 1976 3412 2047 comparatione
3440 1975 3626 2031 tritici.

2308 2079 2350 2133 Ι.
2404 2074 2745 2138 Exultemus,
2779 2069 2997 2134 fratres,
3049 2070 3102 2122 in
3146 2067 3389 2132 Christo,
3436 2068 3679 2139 tantique
3720 2083 3857 2139 pro-

2242 2183 2438 2228 ventus
2468 2166 2686 2222 redditu
2717 2164 2903 2230 dilati,
2934 2163 3050 2217 Deo
3084 2162 3218 2228 patri
3263 2160 3627 2231 omnipotenti
3662 2160 3859 2216 laudes

2237 2274 2294 2322 et
2314 2262 2517 2335 gratias
2556 2260 2898 2323 referamus;
2922 2258 3010 2327 qui
3044 2254 3206 2327 265
3244 2254 3472 2323 zizania,
3500 2254 3712 2321 lolium,
3737 2254 3862 2325 lap-

2238 2371 2358 2428 pas,
2384 2354 2613 2409 tribulos
2644 2355 2694 2406 in
2721 2353 2843 2405 lmta
2874 2349 3140 2404 frumenta
3166 2349 3397 2403 mutavit
3418 2389 3433 2415 ,
3460 2363 3579 2419 quae
3604 2347 3859 2419 diligenti

2240 2451 2391 2506 cultu
2428 2456 2677 2518 purgata,
2719 2444 3048 2514 molarisqne
3077 2440 3273 2512 lapidis
3312 2443 3401 2513 pio
3450 2441 3691 2514 pondere
3734 2442 3864 2498 feli-

2239 2543 2379 2598 citer
2424 2540 2618 2606 fracta,
2670 2536 3049 2594 ordinabiliter
3101 2537 3183 2611 (‘2)
3232 2546 3402 2604 creta,
3456 2538 3604 2594 omni
3645 2536 3864 2595 furfure

2243 2636 2483 2703 abiecto,
2515 2632 2744 2688 mirifico
2776 2630 3067 2702 Splendore
3090 2632 3143 2686 in
3171 2632 3401 2686 farinam
3428 2631 3714 2688 candidam
3746 2632 3863 2687 mi-

2238 2740 2505 2794 cuerunt;
2559 2742 2680 2796 qua:
2730 2726 2883 2780 nullo
2933 2724 3234 2781 adulterata
3290 2725 3558 2783 fermento
3604 2734 3710 2793 est,
3765 2724 3859 2799 (5)

2245 2836 2534 2892 conspersa
2577 2836 2639 2876 ac
2665 2821 2887 2876 subacta
2914 2820 3223 2892 diligenter.
3255 2820 3347 2878 Sal
3375 2821 3607 2878 inditum
3633 2832 3715 2878 est
3737 2822 3862 2888 illi;

2242 2914 2475 2986 levigata
2517 2922 2601 2969 est
2640 2912 2763 2968 oleo
2796 2911 2876 2986 (6)
2906 2912 3171 2982 cremiali,
3198 2912 3392 2970 officiis
3418 2914 3870 2987 competentibus

2244 3056 2407 3111 lectio
2447 3056 2528 3111 vel
2559 3070 2701 3110 nunc
2727 3054 2975 3127 pasizbali
3002 3064 3246 3127 tempore
3288 3056 3505 3127 legitur.
3540 3055 3648 3127 llac
3694 3054 3864 3125 panis

2243 3128 2465 3196 quidem
2492 3126 2902 3197 comparatione
2932 3126 3024 3182 alii
3054 3142 3269 3196 quoque
3296 3125 3489 3183 Patres
3506 3127 3576 3182 de
3600 3125 3868 3198 Neophy-

2244 3203 2315 3254 tis
2359 3200 2649 3267 loquentes
2688 3207 2934 3263 utuntur,
2960 3213 3081 3252 cum
3116 3198 3239 3253 illos
3269 3214 3336 3254 ex
3369 3199 3539 3254 Paulo
3567 3214 3727 3268 panes
3756 3213 3866 3268 ap-

526 3269 929 3342 porrigehatur.
960 3267 1060 3322 Ms.
1108 3266 1261 3320 Rem.
1278 3282 1577 3388 perperam
1607 3266 1739 3321 tacte
1765 3268 1965 3323 beatum
1992 3270 2136 3339 oagi-
2160 3266 2206 3330 C
2243 3266 2620 3340 pellant.Vidc
2650 3270 2789 3323 inter
2806 3280 3034 3324 czcteros
3060 3267 3420 3340 Augustinum
3442 3266 3609 3327 serui.
3634 3266 3865 3326 ccxxv"

530 3343 661 3388 turis
692 3342 974 3388 hiantibus.
1002 3348 1111 3388 etc.
1141 3337 1239 3388 Ms.
1327 3347 1401 3388 at.
1436 3339 1567 3388 lacte
1598 3339 1724 3388 item
1770 3341 1977 3388 scribit.
2009 3339 2134 3388 Pns-
2240 3350 2296 3388 et
2321 3356 2537 3388 manu-
2571 3341 2660 3388 nhi
2700 3342 2950 3388 eamdem
2982 3340 3294 3388 allegoriam
3328 3344 3445 3388 fuse
3480 3342 3860 3388 iirnsenuitur-

530 3337 661 3397 turis
686 3337 974 3404 hiantibus,
1002 3348 1111 3394 etc.
1141 3337 1239 3392 Ms.
1278 3337 1401 3391 Vat.
1436 3339 1567 3393 lacte
1598 3339 1724 3392 item
1770 3341 1977 3395 scribit.
2009 3337 2134 3394 Pos-

530 3422 619 3467 tea
660 3427 791 3466 mss.
840 3409 1024 3474 Rem.,
1070 3408 1285 3477 Pomp..
1321 3406 1467 3475 Vat.,
1519 3408 1676 3476 Urb.,
1712 3408 1844 3465 Zen.
1893 3418 1951 3466 et
2001 3411 2135 3466 edit.

532 3483 701 3547 Ven.,
731 3480 963 3550 infundit
985 3495 1083 3550 pro
1110 3479 1322 3547 infudit.

606 3551 689 3625 (9)
738 3550 1101 3625 Christumuin
1135 3550 1432 3625 Scripturis
1462 3566 1655 3621 agnum
1682 3564 1829 3619 Stepe
1874 3553 2139 3625 appellari

536 3621 715 3697 palam
760 3631 846 3678 est
879 3622 1166 3697 omnibqu
1201 3621 1450 3697 eumdem
1480 3628 1673 3697 autem
1705 3624 1883 3697 vocari
1915 3621 2139 3693 quoque

536 3691 768 3751 vitulum
797 3703 1021 3748 testatur
1043 3692 1102 3749 S.
1124 3691 1384 3747 Barnabte
1408 3691 1637 3765 epistola
1664 3709 1812 3748 num.
1830 3693 1884 3759 8,
1909 3691 2069 3765 quam
2086 3698 2136 3749 in

536 3767 680 3822 hanc
708 3782 819 3821 rem
852 3765 1309 3836 Sullieronymus
1339 3764 1586 3818 laudatin
1602 3779 1720 3833 cap.
1745 3764 2138 3827 xcut,vers.19

537 3838 866 3894 Ezechielis.
917 3834 1163 3889 Inferius
1194 3836 1492 3889 idolatriam
1535 3850 1631 3903 pro
1676 3837 2029 3891 idololatriam
2087 3839 2137 3892 in

541 3925 679 3964 mss.
713 3908 870 3963 Rem.
901 3916 957 3961 et
978 3908 1168 3978 Pomp.
1195 3906 1336 3978 quod
1360 3908 1611 3978 frequens
1634 3921 1755 3963 esse
1783 3909 1834 3962 in
1861 3909 2140 3966 codicibus

537 3981 658 4052 jam,
681 3977 1066 4052 animadvertit
1090 3977 1360 4052 Baltizius.

619 4049 730 4123 (l0)
764 4049 893 4123 Mss.
916 4048 1070 4123 Rem.
1101 4060 1155 4105 et
1183 4048 1340 4112 Zen.,
1370 4064 1463 4119 per
1482 4046 1680 4123 Filium
1710 4047 1822 4123 Dei.
1853 4049 1989 4107 Nota
2020 4068 2143 4123 pro-

434 4130 447 4140 '
545 4121 694 4176 cessit
722 4138 785 4176 ea:
833 4119 1038 4191 Virgine
1067 4136 1166 4191 pro
1198 4130 1348 4174 natus
1386 4130 1461 4174 est
1490 4136 1551 4174 ea:
1588 4119 1820 4191 Virgine.

623 4191 739 4265 (ll)
773 4191 868 4247 Hic
901 4191 1199 4265 adjectivus
1239 4207 1361 4265 cum
1383 4192 1643 4265 sequenti
1670 4207 1813 4265 rara,
1858 4192 1951 4265 sed
1974 4203 2007 4245 ‘a
2042 4194 2145 4249 Ze-

548 4262 691 4318 none
720 4262 853 4318 non.
886 4262 1061 4317 aliena
1086 4264 1296 4333 syntaxi
1329 4263 1394 4315 ad
1424 4262 1766 4332 Sugittarium
1796 4263 2048 4320 refertur.

620 4334 900 4407 (12)Mss.
930 4333 1129 4407 Pomp._
1151 4348 1271 4389 cum
1296 4333 1415 4388 aliis
1445 4334 1500 4386 et
1538 4349 1658 4407 cum
1683 4334 1841 4390 editis
1872 4337 1941 4390 ita
1974 4337 2145 4405 prima

549 4404 713 4460 manu
748 4406 1001 4476 habebat,
1035 4405 1132 4459 sed
1165 4415 1464 4460 correctum
1499 4416 1584 4460 est
1625 4404 1740 4470 Iis;
1780 4420 1885 4461 non
1934 4404 2142 4476 placet:

550 4478 597 4529 is
627 4487 806 4549 autem
832 4488 912 4532 est
941 4475 1207 4549 diabolus.
1228 4478 1356 4549 Dein
1376 4491 1482 4549 pro
1508 4478 1787 4547 deformem
1808 4489 1856 4549 et
1880 4475 1970 4549 per
1989 4495 2147 4533 cornu

550 4547 799 4614 exitioris,
835 4548 1185 4617 manuscripti
1219 4548 1335 4603 libri
1372 4547 1585 4603 Toleni.
1633 4557 1794 4617 atque
1823 4547 2144 4615 lenoniam,

2240 3350 2296 3396 ct
2321 3356 2549 3405 ccxxrx,
2571 3341 2665 3412 ubi
2700 3342 2951 3396 eamdem
2982 3340 3295 3411 allegoriam
3328 3344 3445 3396 fuse
3479 3342 3860 3412 prosequitur,

2242 3425 2298 3468 et
2330 3414 2495 3467 simul
2526 3411 2783 3482 explicat.

2315 3484 2398 3557 (9)
2429 3482 2611 3539 Cretas
2642 3483 2743 3537 hoc
2770 3483 2891 3538 loco
2919 3498 3028 3557 non
3054 3498 3084 3537 a
3113 3499 3305 3557 cresco,
3339 3483 3481 3538 unde
3507 3492 3678 3557 cretus
3707 3482 3865 3557 idem

2242 3554 2415 3610 est'ac
2443 3566 2681 3614 creatus,
2709 3555 3046 3625 progenitus,
3079 3554 3174 3609 sed
3211 3570 3237 3607 a
3269 3572 3422 3609 cerno
3451 3554 3721 3625 originem
3756 3555 3867 3610 dn-

2241 3627 2337 3691 cit,
2368 3626 2509 3695 quod
2534 3625 2801 3695 significat
2826 3629 3069 3680 cribrare.
3113 3624 3316 3681 Plinius
3344 3627 3441 3681 lib.
3472 3624 3663 3691 xum,
3694 3641 3859 3681 num.

2240 3697 2333 3756 26.
2370 3712 2489 3767 pag.
2522 3696 2650 3762 260,
2686 3706 2820 3751 tom.
2868 3713 2927 3761 n,
2961 3697 3145 3753 Cribro
3191 3699 3328 3753 tenui
3366 3699 3614 3762 cernitur,
3653 3705 3711 3752 et
3754 3697 3859 3752 lib.

2244 3783 2401 3840 xvnt,
2429 3784 2576 3822 num.
2613 3768 2702 3840 10,
2736 3782 2857 3840 pag.
2889 3769 2975 3833 14,
3009 3769 3262 3840 farinario
3299 3769 3465 3823 cribro
3505 3769 3862 3824 subcernitur.

2245 3839 2382 3895 Hinc
2407 3854 2537 3909 ergo
2566 3838 2922 3893 ordinabiliter
2947 3838 3087 3895 creta
3109 3840 3387 3902 dicuntur,
3412 3857 3532 3909 qua:
3557 3855 3623 3893 ex
3654 3840 3865 3898 ordine

2243 3911 2478 3965 cribrata
2511 3919 2658 3966 sunt.
2695 3910 2866 3966 Simili
2896 3923 3059 3965 sensu
3095 3911 3236 3980 apud
3270 3909 3564 3966 Palladium
3613 3909 3713 3966 lib.
3752 3927 3863 3979 xu,

2244 3996 2362 4051 cap.
2396 3981 2500 4046 22,
2535 3981 2660 4037 bene
2689 3982 2813 4036 creti
2843 3982 3051 4036 cineris.
3194 4002 3199 4005 ’

2342 4051 2397 4124 3)
2425 4053 2523 4107 Ms.
2558 4054 2711 4125 Item.
2738 4062 2796 4109 et
2828 4053 2959 4125 edit.
2990 4052 3146 4125 νειμ,
3177 4069 3462 4125 consparsa
3494 4071 3506 4106 :
3535 4062 3589 4109 et
3617 4068 3752 4125 sane
3779 4054 3867 4109 si-

2246 4123 2448 4179 militer
2490 4124 2632 4194 apud
2661 4124 3054 4179 Tertullianum
3096 4124 3189 4178 lib.
3235 4140 3284 4178 IV
3307 4123 3572 4180 adversus
3621 4123 3863 4180 Marcio-

2248 4209 2371 4250 nem
2401 4208 2522 4264 cap.
2553 4210 2709 4261 xxrv,
2751 4196 2843 4250 alii
2873 4195 3058 4265 legunt
3097 4198 3527 4264 eousparsionum
3567 4211 3664 4265 pro
3701 4213 3864 4252 cons-

2248 4267 2674 4339 persionumqnt
2719 4282 2995 4337 conspersa
3039 4280 3107 4322 ex
3150 4268 3507 4321 communiori
3551 4267 3864 4339 scriptione

2250 4338 2553 4409 prtefertur.
2585 4337 2737 4409 Hunc
2767 4348 2948 4392 autem
2989 4348 3194 4394 textura
3238 4340 3453 4409 egregie
3491 4337 3727 4392 illustrat
3768 4339 3863 4392 lo-

2250 4406 2347 4463 cus
2372 4406 2593 4463 Catonis
2624 4408 2692 4464 de
2720 4408 2800 4464 Re
2828 4416 2963 4463 rust.
2986 4423 3110 4478 cap.
3149 4409 3218 4465 74
3254 4406 3554 4463 {Farinam
3581 4410 3635 4463 in
3655 4419 3865 4463 morta-

2250 4480 2385 4533 rium
2434 4481 2602 4533 indito
2625 4496 2644 4534 .'
2672 4496 2860 4547 aquam
2890 4480 3143 4550 paulatim
3165 4482 3368 4547 addito,
3393 4480 3715 4551 iubigitoque
3734 4482 3865 4551 pul-

2252 4551 2374 4623 elrre
2404 4569 2421 4605 :
2470 4551 2561 4606 ubi
2603 4552 2839 4623 subigere
2878 4565 2974 4621 pro
3020 4561 3322 4619 attrectare,
3367 4552 3597 4623 agitare,
3643 4553 3867 4608 miseere

551 4618 779 4701 deforme
822 4635 1111 4716 per'teorntt
1150 4619 1399 4674 exilioris.
1433 4619 1533 4675 Ms.
1582 4617 1800 4685 Urbiu.,
1843 4620 2144 4689 deformem,
2174 4655 2228 4716 Β
2253 4622 2468 4677 dicitur.

551 4690 639 4761 qui
662 4688 831 4761 cornu
851 4688 1084 4761 exiliens.

626 4760 740 4832 (15)
772 4762 911 4815 Edit.
945 4760 1070 4816 Ver.
1103 4777 1223 4815 cum
1253 4760 1461 4831 aliquot
1490 4774 1619 4815 mss.
1650 4775 2142 4832 omne,perperam.

556 4829 678 4885 Non
707 4829 1013 4903 magnOpere
1040 4849 1135 4903 pro
1162 4850 1265 4887 non
1304 4829 1491 4902 magno
1530 4848 1702 4898 opere,
1732 4829 2045 4899 seu—facile,
2080 4833 2149 4888 de

553 4918 660 4972 quo
686 4904 809 4958 vide
832 4903 1020 4958 adnot.
1053 4908 1085 4959 9
1126 4905 1179 4959 in
1210 4911 1372 4958 tract.
1407 4904 1460 4965 6,
1496 4903 1592 4957 lib.
1624 4917 1663 4956 ι.

626 4994 829 5069 Tnscr.
846 4994 1127 5069 XLIV/.24
1138 4993 1380 5069 l)_Prima
1397 4992 1616 5069 inscrip.
1634 4991 1688 5069 in
1703 4992 1789 5047 ed.
1809 4993 1929 5049 Ver.
1944 4992 2000 5048 In
2014 4994 2147 5051 Zeu.

555 5074 611 5122 et
629 5068 717 5122 ed.
745 5063 902 5134 VenI,
926 5067 994 5120 ad
1022 5063 1327 5136 Neophgtos
1349 5080 1367 5117 :
1400 5066 1451 5117 in
1478 5063 1687 5117 earteris
1710 5081 1840 5119 mss.
1866 5078 2043 5120 autem
2067 5082 2152 5122 sc-

554 5139 747 5193 cunda.
763 5138 918 5195 Sicut
943 5149 1123 5193 autem
1140 5138 1312 5190 vineae
1334 5136 1791 5205 comparationem
1815 5136 1873 5192 S.
1889 5136 2033 5191 Zeno
2059 5154 2147 5193 ex-

556 5208 762 5279 plicans
790 5221 859 5264 tr.
892 5209 962 5263 27
995 5208 1257 5263 rationein
1283 5206 1387 5258 vini
1413 5206 1569 5279 apud
1601 5208 1849 5277 antiquos
1879 5208 2147 5263 condendi

553 5276 688 5336 satis
699 5282 983 5337 enucleate
1006 5279 1353 5349 breviterque
1374 5276 1445 5349 ob
1459 5279 1648 5333 oculos
1673 5276 1881 5349 posuit;
1908 5281 1980 5334 ita
2006 5295 2147 5335 nunc

554 5352 1015 5421 comparationem
1048 5347 1538 5421 triticiNeophytis
1569 5347 1962 5418 propositurus,
1996 5352 2139 5405 anti-

552 5418 712 5490 quati]
752 5423 904 5489 Inanis
929 5418 1252 5491 COItﬁciendi
1285 5418 1546 5477 rationem
1577 5436 1681 5475 non
1715 5423 1891 5476 minus
1915 5421 2143 5491 diligen-

552 5503 637 5548 ter
684 5495 868 5564 paucis
916 5490 1138 5564 exhibet
1170 5507 1183 5543 :
1215 5491 1297 5564 de
1328 5506 1431 5564 qua
1479 5492 1699 5562 allegari
1750 5494 1887 5564 s_o|et
1936 5490 2141 5549 Seneca

551 5561 713 5628 epist.
764 5563 856 5627 90,
902 5562 998 5617 sed
1044 5575 1111 5614 eo
1159 5561 1483 5618 luculentius
1531 5561 1701 5618 multo
1756 5562 1904 5617 Zeno
1961 5572 2143 5619 noster

544 5635 694 5690 illam
720 5633 979 5704 exponit.
1012 5630 1181 5701 Hujus
1223 5644 1403 5693 autem
1432 5632 1853 5704 comparationis
1897 5636 2141 5691 occasio-

548 5722 671 5760 nem
698 5702 849 5776 dedit
894 5704 1127 5776 fortasse
1157 5703 1353 5761 Paulus
1382 5702 1667 5776 apostolus
1704 5721 1799 5776 per
1827 5704 2139 5774 allegoriam

540 5776 605 5833 de
649 5775 863 5844 azymis
906 5772 1254 5850 paschalibus
1280 5776 1325 5847 (Ι
1371 5772 1494 5834 Ger.
1544 5796 1598 5851 v,
1625 5772 1719 5850 7)ξ
1763 5792 1885 5853 quae
1920 5772 2141 5848 quidem

2327 4713 2408 4786 (4)
2434 4713 2717 4769 Germinali
2744 4714 3020 4786 habebant
3046 4717 3175 4771 editi
3210 4727 3264 4771 et
3294 4715 3538 4772 nonnulli
3567 4730 3726 4781 mss.,
3755 4718 3862 4772 sed

2258 4785 2310 4860 in
2344 4788 2464 4860 aliis
2494 4787 2667 4860 tribus
2695 4786 2876 4848 Rem.,
2910 4785 3031 4842 Tol.
3079 4796 3136 4842 et
3181 4787 3309 4843 Urb.
3358 4788 3595 4860 gremiali
3632 4787 3863 4858 legitur.

2259 4856 2409 4930 llauc
2452 4857 2739 4930 lectionem
2772 4867 2829 4912 ut
2863 4860 3224 4914 retineremus
3253 4856 3394 4930 pene
3429 4856 3719 4914 suaserant
3745 4860 3862 4915 duo

2258 4927 2503 5001 ejusdem
2535 4928 2722 5001 saeculi
2759 4936 3029 5001 auctores,
3063 4930 3156 4998 qui
3182 4927 3425 5001 gremiale
3452 4930 3622 4985 oleum
3652 4929 3861 4985 simili-

2261 5008 2341 5070 ter
2374 4999 2593 5062 habent,
2614 4999 2888 5070 Quiuctus
2910 5000 3164 5057 Octavius
3184 4999 3517 5057 Horatianus
3545 5016 3667 5070 cap.
3701 5001 3758 5067 9,
3796 5011 3861 5057 et

2261 5066 2581 5124 Theodorus
2612 5069 2918 5128 Priscianus
2949 5072 3044 5139 lib,
3075 5087 3115 5135 ι.
3142 5088 3263 5138 cap.
3288 5073 3349 5143 ᾗ,
3380 5087 3517 5143 quos
3545 5066 3725 5126 tamen
3746 5066 3862 5141 pro

2258 5155 2364 5213 uno
2396 5142 2694 5213 eodemque
2723 5152 2945 5198 aut-tore
2975 5143 3255 5197 habendos
3284 5140 3564 5199 Fabiicius
3611 5140 3863 5213 ostendit

2258 5214 2308 5265 in
2344 5212 2668 5267 bibliotheca
2720 5213 2903 5268 latina.
2936 5214 3040 5269 Sed
3070 5216 3264 5269 melius
3291 5215 3532 5270 cremfale
3558 5212 3862 5285 legendum

2254 5292 2366 5345 est;
2399 5301 2431 5355 g
2459 5286 2600 5338 enim
2627 5298 2724 5353 pro
2745 5301 2773 5337 ο
2795 5285 2848 5339 in
2880 5300 3013 5356 mss.
3044 5285 3306 5355 scriptum
3330 5301 3475 5356 saepe
3504 5287 3859 5351 observatur,

2252 5363 2307 5407 et
2354 5354 2453 5409 hac
2503 5356 2710 5410 ratione
2752 5356 2894 5423 apud
2935 5354 3296 5412 Columellam
3330 5354 3424 5412 lib.
3460 5371 3565 5413 xu.
3598 5371 3723 5425 cap.
3757 5357 3854 5421 i9.

2250 5428 2443 5498 gremia
2473 5426 2668 5498 legitur
2713 5427 2765 5479 in
2797 5442 2927 5481 mss.
2964 5427 3054 5481 uhi
3083 5429 3273 5481 eremia
3313 5439 3460 5483 reete
3485 5427 3694 5498 editum
3717 5428 3854 5492 fuit;

2249 5496 2304 5551 et
2322 5496 2572 5552 similiter
2593 5498 2858 5552 eremiales
2875 5498 3084 5553 arbores
3112 5498 3397 5565 legendum
3426 5498 3631 5552 notavit
3655 5497 3859 5553 Nerius

2251 5569 2635 5639 Analectorum
2680 5585 2827 5623 num.
2866 5570 2951 5635 11,
2982 5570 3123 5639 apud
3153 5567 3446 5635 lllpianum
3473 5567 3568 5623 lib.
3604 5583 3752 5630 xnv,
3788 5569 3855 5623 Ι).

2253 5640 2331 5713 tit.
2362 5641 2423 5713 Ii.
2449 5638 2510 5692 L.
2542 5641 2604 5713 de
2643 5640 2809 5713 soluto
2838 5638 3186 5707 matrimonio,
3219 5640 3248 5713 §
3279 5641 3366 5702 10,
3398 5641 3483 5713 ubi
3515 5642 3568 5695 in
3604 5640 3861 5713 Pandcc~

2253 5712 2321 5764 tis
2366 5710 2695 5765 Florentinis
2740 5714 3004 5781 gremiales
3044 5709 3255 5768 arbores
3284 5712 3558 5767 seribitttr.
3590 5709 3859 5766 Cremium

2249 5789 2430 5837 autem
2459 5792 2512 5836 et
2538 5783 2785 5838 crcmiale
2809 5798 2835 5838 a
2866 5785 3144 5840 crcmundo
3173 5791 3416 5851 vocatur,
3448 5781 3593 5854 quod
3616 5783 3860 5840 cremari
