4230 6168
479 298 587 353 ἧυῦ

1806 292 2051 348 ΒᾹΝΩΊῚ
2096 290 2393 350 ZENONIS

3676 290 3781 345 aut

479 420 780 479 temporum
829 408 1052 467 solemni
1105 406 1329 477 vestigio
1377 405 1493 464 dies
1541 406 1793 462 salutaris
1839 405 2074 462 advenit.

2187 420 2399 477 quoque
2422 404 2580 461 hodie
2605 405 3036 476 competentibus
3066 404 3228 480 274
3252 415 3622 478 ρτίθειιιιιινιιε,
3647 426 3785 480 quos

479 499 625 556 Idem
649 501 731 557 sui
752 513 1050 565 successor,
1083 497 1331 567 idemque
1364 496 1643 563 decessor,
1668 497 1910 568 longaeva
1935 512 2079 551 sem-

478 608 576 663 per
606 601 765 648 :etate
796 590 1063 657 novellus,
1095 588 1175 662 (5)
1204 591 1329 645 anni
1370 589 1851 661 parens,-annique
1882 605 2078 660 proge-

477 684 615 752 nies,
646 682 937 746 antecedit,
971 684 1322 753 sequiturque
1366 691 1605 752 tempora
1635 692 1690 737 et
1727 683 1923 736 s:ccu|a
1955 680 2077 736 inti-

477 778 607 832 nisa.
640 775 787 831 Parit
808 776 909 830 sibi
937 775 1004 831 de
1035 775 1141 832 fine
1172 777 1530 847 principium;
1572 785 1626 832 et
1657 785 1835 831 tamen
1867 791 1895 829 a
1926 776 2079 832 cunis

475 868 802 941 genitalibus
831 883 937 945 non
982 869 1206 924 recedit.
1237 867 1488 924 Profecto
1531 871 1856 925 sacramenti
1901 868 2077 923 domi-

476 964 585 1020 nici
617 964 906 1035 imaginem
938 972 1146 1034 portat;
1182 978 1303 1017 nam
1328 977 1523 1019 occasu
1547 964 1876 1035 passionem,
1900 977 2082 1017 resur-

475 1056 884 1127 rectionemque
930 1066 1050 1113 ortu
1098 1056 1339 1113 redivivo
1383 1055 1759 1122 concelebrat,
1794 1071 1887 1126 per
1916 1070 2081 1126 quem
2124 1096 2127 1099 -

478 1150 634 1206 nobis
682 1165 891 1223 (munus
947 1150 1139 1206 futura:
1197 1150 1545 1207 beatitudinis
1610 1151 1895 1221 pollicetur
1930 1168 1942 1203 '.
1977 1150 2080 1205 hoc

478 1258 695 1313 quoque
726 1244 925 1299 nostris
958 1243 1037 1315 (.l)
1070 1243 1507 1311 competentibus
1538 1253 1911 1312 przrstaturus,
1944 1256 2079 1311 quos

478 1349 621 1388 nunc
654 1336 841 1389 invitat
868 1334 999 1390 felix
1028 1350 1273 1401 occasus,
1299 1343 1356 1390 ut
1378 1336 1520 1391 sacri
1544 1336 1730 1391 oceani
1758 1336 1932 1392 lacteo
1958 1348 2082 1407 pro-

478 1426 647 1481 fundo
686 1426 944 1501 demersi,
980 1428 1059 1501 (5)
1085 1428 1211 1482 inde
1243 1428 1455 1484 novello
1487 1428 1688 1484 novelli
1711 1442 1796 1496 lue
1826 1442 1946 1482 cum
1995 1428 2082 1482 die

478 1530 845 1591 resurgentes,
873 1520 1153 1575 nobiscum
1179 1520 1387 1591 possint
1418 1519 1483 1576 ad
1509 1519 1931 1576 immortalitatis
1962 1520 2081 1590 glo-

479 1616 614 1671 riam
645 1617 947 1686 pervenire.

854 1752 1015 1825 273
1053 1751 1469 1810 TRACTATUS
1507 1751 1713 1809 XLVII.

998 1870 1074 1924 De
1104 1867 1185 1941 (I)
1222 1867 1426 1924 Pascha
1454 1868 1540 1924 Ill.

550 1986 773 2042 Stabilis
801 1999 1014 2049 cursor,
1042 1958 1357 2040 multiformi
1379 1984 1549 2055 gratia
1578 1985 1858 2040 redimitus
1885 1985 1962 2059 (ξ)
1990 2000 2085 2055 per

480 2090 784 2150 temporum
816 2078 1070 2150 ambages
1102 2078 1409 2149 pernicibus
1445 2077 1646 2149 plantis
1681 2092 1774 2132 sua
1806 2078 2084 2133 recalcans

477 2173 661 2229 officio
701 2174 929 2228 solemni
970 2173 1196 2242 vestigia
1233 2171 1351 2227 dies
1390 2170 1641 2227 salutaris
1669 2170 1904 2227 advenit.
1939 2170 2082 2227 Idem

480 2265 582 2322 sibi
628 2279 932 2333 successor,
967 2263 1219 2334 idemque
1263 2263 1549 2331 decessor,
1584 2263 1821 2333 longaeva
1870 2277 2086 2333 semper
2172 2312 2173 2315 η

482 2366 645 2414 :etate
676 2357 940 2425 novellus,
973 2358 1099 2412 anni
1129 2370 1347 2427 parens,
1376 2356 1612 2427 annique
1652 2356 1957 2428 progenies,
1991 2371 2086 2409 an-

480 2449 699 2519 tecedit,
729 2464 850 2522 quae
893 2451 1176 2521 sequitur,
1208 2456 1453 2520 tempora
1475 2491 1490 2514 ,
1528 2457 1584 2504 et
1629 2449 1825 2505 smcula
1878 2448 2085 2505 inﬁnita

479 2543 817 2601 dissentiunt.
848 2543 996 2599 Parit
1016 2542 1119 2599 sibi
1138 2542 1208 2600 de
1237 2542 1342 2598 line
1373 2542 1728 2613 principium;
1764 2541 1864 2597 hoc
1886 2544 2087 2597 nostris

483 2732 743 2788 Vaticano
787 2738 843 2785 et
887 2728 1145 2787 Urbinate
1174 2744 1264 2800 per
1292 2738 1602 2796 temporum,
1633 2726 1735 2797 sed.
1763 2726 1937 2800 mate;
1978 2727 2079 2781 nisi

479 2804 620 2859 forte
648 2802 793 2858 desit
821 2802 1160 2858 accusativus
1175 2797 1443 2870 ambages,
1472 2800 1551 2854 uti
1587 2797 1837 2869 sequenti
1875 2799 1926 2853 in
1969 2809 2076 2853 tra-

479 2884 625 2932 ctatu
656 2874 903 2929 habetur.

555 2946 638 3020 (5)
680 2942 961 3020 Paschalis
987 2942 1270 3020 dies_anni
1305 2939 1752 3020 parensndicitur,
1782 2941 1924 3020 quod
1955 2938 2082 3020 inde

480 3012 655 3073 annus
686 3016 930 3085 incipiat,
961 3030 1063 3083 qua
1101 3014 1168 3069 de
1210 3029 1270 3068 re
1311 3013 1444 3068 satis
1472 3012 1706 3067 diximus
1747 3012 1932 3066 adnot.
1964 3012 1999 3066 2
2029 3014 2080 3065 in

481 3098 772 3145 tractatum
800 3090 1160 3157 superiorem.

555 3161 635 3231 (4)
682 3160 762 3215 De
803 3153 1239 3231 contpeteutihus
1259 3155 1384 3211 vide
1414 3171 1532 3226 quae
1563 3155 1813 3213 dicentur
1841 3155 1893 3210 in
1927 3162 2083 3210 tract.
2116 3153 2163 3218 C

482 3230 574 3296 50,
602 3230 785 3303 adnot.
818 3230 872 3286 δ.

555 3297 918 3375 (5)’Τι·;ιοιιιιιι
955 3299 1201 3375 sequenti
1248 3299 1364 3375 haec
1410 3299 1597 3375 eadem
1644 3297 1943 3353 eII‘eruntnr
1969 3297 2085 3353 sic:

484 3371 764 3446 Surgentcs
792 3374 911 3427 inde
939 3372 1139 3426 novello
1163 3371 1349 3425 novelli
1384 3387 1499 3424 cum
1523 3371 1607 3424 die
1626 3412 1642 3437 ,
1671 3379 1776 3424 etc.

554 3450 1151 3519 Tum.XLVlI.——(l)
1173 3448 1231 3504 In
1257 3459 1459 3505 uisset
1486 3450 1617 3503 edit.
1650 3448 1810 3511 Ven.,
1838 3447 2088 3519 Prwfatio

484 3524 793 3588 Paschalis;
813 3525 866 3577 in
891 3521 1017 3576 Ver.
1034 3519 1165 3575 edit.
1181 3522 1246 3575 tle
1258 3520 1464 3575 Pascha
1489 3519 1617 3573 VII.
1637 3519 1841 3576 Similis
1853 3531 1933 3573 est
1951 3537 2088 3588 prac-

482 3596 721 3660 cedenti,
756 3609 820 3648 ac
847 3592 1074 3662 proinde
1100 3592 1353 3646 adnotata
1402 3591 1599 3647 ibidem
1628 3592 1748 3648 heic
1793 3592 2086 3661 repetenda

483 3677 629 3721 sunt.
662 3665 717 3720 lu
752 3663 1037 3734 marginali
1064 3662 1416 3718 adnotatione
1440 3678 1540 3717 ms.
1563 3662 1719 3718 Rem.
1755 3663 1871 3719 lucc
1902 3664 2088 3732 legun-

485 3747 572 3792 tur
602 3756 613 3790 :
650 3737 842 3803 Quinta
865 3735 997 3806 feria
1023 3738 1228 3803 pascha:
1266 3734 1321 3788 in
1366 3748 1612 3789 conventu
1640 3734 1884 3802 fratribus
1913 3750 2087 3789 coram

487 3810 729 3878 pontiﬁce
756 3806 1177 3878 recitandagante
1203 3806 1491 3878 stationem.
1544 3806 1617 3861 De
1655 3813 1923 3861 conventu
1955 3807 2086 3861 satis

484 3875 720 3934 diximus
760 3879 996 3934 adnot.l
1032 3876 1086 3931 in
1119 3887 1255 3933 tract
1296 3875 1387 3932 41.
1430 3877 1598 3941 Statio
1627 3885 1805 3931 autem
1833 3892 1861 3930 a
1892 3879 2086 3931 stando

484 3951 654 4015 dicta,
671 3950 813 4020 quod
845 3950 1076 4018 populus
1096 3958 1222 4020 ante
1247 3948 1413 4003 Deum
1441 3958 1610 4020 stans,
1637 3962 1823 4018 preces
1841 3947 2082 4015 offerret,

484 4025 585 4077 etsi
613 4018 740 4077 olim
773 4036 869 4089 pro
896 4020 1014 4091 ipso
1035 4018 1240 4089 jejunio
1267 4027 1478 4088 sumpta
1530 4019 1689 4076 fuerit
1724 4024 1812 4088 (ιιι
1846 4030 1989 4091 patet
2016 4037 2084 4075 ex

488 4092 702 4148 Herm-.13
748 4094 839 4147 lib.
869 4090 949 4156 ιιι,
985 4091 1160 4156 Silnil.
1191 4091 1246 4154 4,
1279 4090 1331 4144 in
1374 4106 1532 4157 quem
1564 4091 1740 4147 locum
1776 4090 1891 4144 vide
1921 4090 2084 4145 Coti--

484 4164 605 4220 lerii
632 4164 820 4219 adnot.
838 4162 955 4234 56).
974 4170 1260 4233 i’ropterea
1276 4162 1418 4231 quod
1442 4162 1868 4234 singulisjejutni
1894 4163 2084 4219 diebus

485 4236 748 4291 stationes
775 4235 1141 4298 traherentur;
1175 4246 1350 4287 tamen
1379 4233 1608 4293 subinde
1641 4235 1876 4302 precitio
1909 4237 2083 4288 nninis

485 4306 743 4363 solemnis
766 4348 780 4372 ,
813 4322 933 4376 qua:
983 4305 1329 4374 processione
1374 4305 1572 4360 indicta
1603 4305 1671 4359 de
1698 4322 1798 4358 una
1828 4305 1893 4357 ad
1921 4305 2081 4360 aliam

483 4380 795 4442 ecclesiam,
820 4381 897 4433 vel
919 4378 1235 4436 oratorium.
1264 4387 1355 4430 aut
1379 4381 1543 4432 etiam
1564 4377 1628 4430 atl
1652 4376 1867 4445 aliquod
1890 4376 2081 4441 altare,

484 4450 685 4506 ibidem
716 4449 908 4507 stando
940 4448 1238 4502 habebatur
1259 4466 1285 4498 ιι
1318 4450 1538 4517 populo,
1570 4449 1722 4502 statio
1752 4447 1856 4501 dici
1887 4446 2075 4513 cmpit.

485 4520 603 4578 Hoc
642 4535 806 4576 sensu
839 4523 890 4574 in
919 4518 1201 4588 marginali
1238 4519 1584 4574 adnotatione
1609 4521 1761 4571 statio
1791 4519 2072 4588 accipitur,

483 4606 608 4647 eum
664 4606 758 4660 per
806 4590 1087 4660 paschales
1128 4589 1267 4655 dies,
1315 4590 1512 4660 quibus
1564 4589 1767 4643 nullum
1815 4588 2075 4657 jejunium

484 4672 627 4733 erat,
660 4662 743 4717 hte
772 4662 1001 4733 aliaeque
1030 4662 1290 4733 stationes
1318 4662 1385 4733 ad
1414 4672 1713 4733 sequentes
1735 4670 1989 4713 tractatus
2024 4662 2077 4713 in

486 4732 742 4791 Remensi
787 4731 1233 4801 ms.‘designat:e
1280 4732 1625 4786 haberentur.
1678 4731 1872 4801 latarum
1920 4745 2081 4799 porro

486 4799 1325 4876 supplicationum“paschalium
1360 4801 1624 4876 meminit
1787 4799 2081 4876 Gregorius

486 4869 819 4930 Turonensis
848 4873 901 4928 in
938 4869 1075 4926 libro
1100 4874 1168 4925 de
1191 4869 1327 4924 Vitis
1359 4871 1488 4935 PP.,
1526 4886 1643 4940 cap.
1670 4871 1723 4931 6,
1748 4869 1972 4942 ejusque
2012 4875 2084 4927 ri-

489 4956 575 5000 tus
606 4946 879 5000 nonnullas
903 4945 1131 4997 rubricte
1166 4941 1220 4995 in
1252 4941 1485 5011 antiquis
1515 4941 1863 5011 quarumdam
1892 4941 2082 4998 Eccle-

486 5016 689 5071 siarum
712 5016 1029 5078 Ordinibus,
1055 5028 1148 5068 seu
1161 5012 1461 5067 Ordinariis
1484 5013 1853 5082 reperiuntur.
1878 5013 1932 5071 In
1959 5030 2083 5069 nus-

491 5099 570 5141 tra
627 5098 808 5141 autem
839 5085 1137 5142 Veronensi
1170 5083 1407 5141 Ecclesia
1442 5086 1659 5139 easdem
1691 5088 1950 5140 stationes
1988 5088 2083 5141 ba-

486 5157 628 5213 bitas
660 5157 807 5211 feriis
832 5159 888 5223 2‘,
919 5156 974 5220 5,
1008 5157 1040 5210 4
1079 5164 1131 5209 et
1282 5154 1417 5210 infra
1459 5165 1715 5226 octavam,
1750 5157 1985 5223 paschae,
2014 5173 2079 5213 ex

489 5230 590 5285 hac
632 5228 861 5300 aliisque
909 5225 1777 5300 marginalibns(adnotationibus
1824 5227 2080 5284 Remensi

487 5302 676 5356 codici'
707 5298 883 5354 aftlsis
927 5313 1027 5353 suo
1070 5299 1203 5369 loco
1237 5298 1493 5369 deinceps
1538 5298 1836 5354 referendis
1892 5302 2077 5369 Itquel,

486 5387 715 5441 quarum
745 5373 1048 5439 catatogum
1089 5369 1144 5423 in
1185 5367 1677 5441 feriarmniseriem
1709 5370 1779 5441 ob
1807 5367 1995 5428 oculos
2028 5373 2078 5425 in

488 5444 725 5509 generali
756 5442 1066 5510 praefatione
1097 5443 1392 5509 posuimus.
1423 5440 1559 5496 Num
1582 5441 1705 5495 aliis
1727 5440 1917 5496 diebus
1937 5440 2083 5509 ejus-

487 5514 610 5569 dem
644 5511 993 5570 bebdomadaa
1024 5512 1285 5567 stationes
1314 5514 1639 5566 haberentur
1667 5525 1849 5569 necne.
1882 5526 1951 5568 os
1984 5527 2080 5565 no-

490 5587 558 5639 tis
600 5585 789 5640 iisdem
836 5600 940 5638 non
968 5593 1229 5642 constat:
1261 5590 1317 5636 at
1362 5583 1547 5637 haberi
1587 5580 1939 5636 nihilominus
1985 5598 2079 5650 po-

488 5664 659 5718 tuere,
684 5668 738 5711 nt
767 5671 835 5709 ne
856 5657 905 5709 itt
931 5655 1125 5711 codice
1146 5654 1360 5708 laudato
1390 5655 1591 5706 mentio
1616 5652 1858 5708 facienda
1892 5652 2073 5718 fuerit,

482 5727 622 5795 quod
656 5729 752 5782 bas
793 5735 918 5780 ante
965 5722 1229 5795 stationes
1271 5725 1350 5778 vti
1397 5723 1549 5795 nihil,
1584 5726 1664 5779 vel
1714 5724 1815 5777 alia
1856 5724 2077 5795 aliunde

479 5792 637 5855 lectio
676 5797 1019 5856 recitaretur.
1062 5793 1327 5860 Equidem
1375 5796 1427 5851 in
1473 5792 1668 5867 Carpso
1713 5794 1890 5853 rituali
1936 5794 2075 5853 libro

2176 500 2289 571 jam
2324 516 2467 555 nunc
2494 499 2620 555 felix
2654 499 2845 556 invitat
2866 514 3113 566 occasus,
3142 513 3198 556 ut
3225 502 3364 558 sacri
3391 504 3577 558 oceani
3608 504 3786 559 lacteo

2186 591 2448 660 profundo
2472 591 2726 659 demersi,
2748 600 3029 663 surgentes
3050 592 3173 648 inde
3199 593 3411 648 n0vello
3435 594 3631 649 novelli
3658 611 3784 650 cum

2182 683 2292 749 die,
2326 699 2421 737 sua
2460 684 2576 738 luce
2618 684 2913 750 radiantes,
2946 685 3222 740 nobiscum
3256 686 3463 755 possint
3506 687 3789 742 immortao

2184 778 2351 833 litatis
2391 793 2487 845 per
2521 778 2727 833 aerium
2761 779 3029 833 tramitem
3062 794 3222 833 cursu
3252 790 3469 835 serrato
3499 780 3563 836 ad
3591 796 3785 851 repro-

2184 873 2459 928 missionis
2486 880 2715 947 tempus,
2753 873 2841 928 ubi
2873 872 2923 927 in
2958 884 3273 944 perpetuum
3304 873 3420 945 quis
3444 875 3636 940 oritur,
3663 890 3790 946 per-

2184 979 2389 1022 VCIIII‘C.

2633 1101 3048 1159 TRACTATUS
3090 1102 3318 1158 XLVIII.

2706 1213 2784 1268 De
2812 1214 2894 1287 (l)
2927 1214 3129 1275 Pascha
3158 1214 3247 1271 ιγ.

2256 1328 2339 1402 (2)
2372 1328 2546 1385 Morte
2590 1344 2684 1386 sua
2715 1329 2924 1396 vivens,
2951 1329 3187 1400 sepulcri
3219 1330 3344 1385 nido
3372 1337 3668 1402 vegetatus,
3696 1332 3785 1387 in-

2186 1422 2550 1478 numerabiles
2583 1435 2887 1492 temporum
2916 1433 3086 1478 metas
3113 1420 3192 1494 (5)
3219 1424 3439 1493 perenni
3465 1439 3656 1492 curru,
3679 1442 3789 1480 una

2183 1518 2484 1587 eademque
2544 1516 2720 1573 orbita
2784 1519 3018 1573 lustrans
3073 1517 3188 1574 dies
3242 1532 3466 1589 magnus
3520 1517 3788 1573 advenit:

2185 1625 2399 1665 menses
2439 1608 2492 1664 in
2539 1620 2807 1680 tempora,
2833 1618 3073 1681 tempora
3104 1610 3154 1663 in
3179 1624 3375 1675 annos,
3402 1625 3575 1665 annos
3601 1610 3652 1664 in
3685 1624 3795 1664 sa:-

2185 1702 2301 1756 cnla
2331 1700 2595 1771 panden.
2630 1701 2760 1757 Sine
2784 1714 2946 1773 pausa
2966 1703 3159 1758 crescit
3184 1702 3235 1755 in
3260 1702 3504 1767 senium;
3530 1712 3585 1757 et
3607 1714 3790 1757 tamen

2110 1804 2160 1864 Β
2187 1811 2214 1851 a
2248 1794 2402 1851 cunis
2433 1794 2757 1866 genitalibus
2782 1811 2887 1851 non
2921 1794 3145 1850 recedit.
3176 1793 3428 1849 Profecto
3463 1796 3792 1849 sacramenti

2190 1886 2450 1942 dominici
2483 1889 2769 1958 imaginem
2802 1897 3010 1959 portat;
3050 1904 3181 1957 nam
3223 1903 3418 1944 occasu
3456 1890 3787 1960 pasiionem,

2192 1981 2753 2051 resurrectioucmque
2802 1990 2923 2036 ortu
2972 1981 3211 2036 redivivo
3261 1982 3638 2049 concelebrat,
3686 1994 3791 2052 per

2192 2093 2352 2145 quem
2403 2077 2561 2129 nobis
2591 2092 2804 2147 quoque
2838 2076 3287 2132 resurrectionem
3335 2076 3525 2131 futurae
3556 2075 3791 2135 beatitu-

2192 2167 2335 2227 diuis
2363 2168 2665 2239 pollicetur.

2563 2303 2725 2377 275
2754 2304 3179 2364 ΤΒΑΟΤΛΤυὸι
3208 2302 3397 2362 XLIX.

2732 2415 2814 2475 De
2840 2420 2921 2493 (I)
2955 2417 3159 2474 Pascha
3191 2418 3258 2475 V.

2262 2543 2591 2615 Sempiterni
2623 2543 2707 2617 (Ξ)
2733 2558 2928 2601 currus
2957 2545 3140 2615 auriga
3183 2543 3371 2600 teretis
3399 2555 3559 2601 meta:
3587 2559 3682 2599 sua
3712 2559 3801 2599 rc-

2191 2741 2293 2782 ms.
2322 2723 2655 2784 Veronensis
2685 2726 2971 2792 Ecclesizc,
3000 2728 3091 2798 qui
3122 2735 3246 2782 ante
3275 2727 3507 2783 medium
3538 2727 3803 2784 duodeci-

2190 2814 2337 2854 mum
2388 2800 2649 2854 saeculum
2699 2814 2727 2851 a
2777 2799 3421 2870 Stephatiupresbytero
3470 2809 3526 2855 et
3569 2810 3802 2855 cautore

2190 2878 2427 2941 scriptus
2448 2870 2565 2937 fuit,
2598 2881 2654 2924 ut
2682 2871 2853 2926 fusius
2876 2869 3236 2935 ostendimus,
3265 2869 3484 2926 dissert.
3510 2871 3567 2936 3,
3587 2886 3709 2941 Cap.
3737 2870 3797 2938 2,

2194 2939 2311 3013 ει,
2336 2941 2560 3011 singulis
2595 2941 2946 2997 hebdomadas
2991 2941 3256 3010 paschalis
3297 2941 3487 2997 diebus
3532 2939 3802 2999 stationes

2192 3011 2258 3065 ad
2304 3022 2479 3067 certas
2507 3013 2768 3069 ecclesias
2799 3015 3143 3085 assignantur
3164 3056 3176 3075 .
3210 3028 3436 3083 quarum
3481 3013 3568 3069 hic
3591 3017 3802 3069 catato-

2191 3098 2317 3153 gum
2348 3085 2767 3155 appendendum
2802 3095 3072 3154 putamus,
3100 3100 3221 3156 cum
3270 3086 3571 3156 praesertim
3620 3087 3801 3141 cccle-

2195 3156 2421 3220 siarutn,
2450 3156 2517 3210 ad
2551 3171 2684 3224 quas
2711 3159 2973 3212 stationes
3016 3158 3067 3210 in
3117 3155 3376 3212 Remensi
3422 3156 3611 3213 codice
3660 3157 3800 3212 indi-

2192 3236 2329 3280 cata:
2356 3226 2952 3299 liabelmntttr,nomina
2974 3241 3304 3299 cognoscere
3332 3241 3635 3299 pergratum
3661 3244 3800 3284 non-

2195 3299 2360 3370 nul_lis
2387 3298 2658 3370 praecipue
2686 3298 3088 3354 Veronensibus
3116 3298 3354 3354 futurum
3386 3301 3477 3355 sit.

2265 3367 2425 3442 Iféria
2458 3367 2741 3442 [LVStatio
2768 3373 2835 3424 ad
2861 3370 2924 3427 S.
2958 3370 3300 3442 Stephanum.

2223 3513 2234 3524 .
2265 3440 2423 3496 Feria
2452 3439 2573 3506 III.
2604 3442 2774 3498 Statio
2811 3444 2879 3497 ad
2923 3443 3030 3500 SS.
3056 3439 3338 3515 'Apostolos
3382 3460 3429 3500 ct
3471 3443 3531 3500 S.
3562 3442 3802 3501 Lauren-

2194 3522 2342 3566 tium.
2754 3565 2761 3571 δ

2263 3581 2420 3639 Feria
2449 3583 2557 3650 IV,
2589 3583 2759 3641 Statio
2780 3588 2847 3641 ad
2875 3584 2980 3644 SS.
3018 3583 3233 3641 Petrum
3261 3596 3308 3643 ct
3336 3585 3613 3643 Joannem.

2264 3653 2422 3709 Feria
2460 3652 2721 3719 V,,Statio
2749 3660 2816 3711 ad
2846 3657 2904 3712 S.
2944 3655 3204 3712 Firmum.

2244 3724 2423 3852 [Ἐστία
2457 3724 2560 3795 VI,
2596 3727 2766 3783 Statio
2791 3730 2860 3783 ad
2889 3729 2951 3785 S.
2986 3728 3214 3797 Mariam
3248 3729 3510 3803 Organam
3539 3740 3584 3785 ct
3609 3729 3670 3786 S.
3702 3730 3801 3786 Vi-

2268 3816 2363 3852 em.

2191 3807 2363 3853 talem.

2265 3869 2512 3935 Sabbato,
2546 3869 2717 3926 Statio
2740 3872 2807 3925 ad
2840 3871 2899 3927 S.
2925 3870 3185 3928 Zenonem
3214 3884 3260 3929 ct
3289 3873 3347 3929 S.
3377 3870 3679 3927 Proculum.

2223 4012 2235 4023 υ
2263 3939 2329 3995 In
2362 3941 2632 3996 Damt'm'ca
2672 3954 2867 3997 octava:
2912 3943 3149 4009 Paschtr,
3184 3944 3353 4001 Statio
3379 3946 3449 3998 ad
3480 3945 3540 3999 S.
3572 3944 3801 4000 Anasta-

2188 4028 2343 4068 stant.

2262 4084 2485 4157 (2))18.
2515 4083 2733 4157 Urbiu_.,
2767 4103 2855 4155 per
2884 4087 3147 4157 temporis.
3196 4084 3332 4143 Dein
3360 4104 3455 4142 suo
3489 4103 3585 4155 pro
3612 4105 3708 4143 sua
3742 4090 3799 4145 in

2189 4155 2634 4231 tttss._Vqticano,
2677 4155 2935 4231 Retnensi
2978 4155 3046 4231 ac
3092 4158 3424 4229 Pompeiano
3469 4160 3709 4231 legitur:
3741 4173 3796 4215 et

2187 4225 2296 4280 dies
2320 4225 2606 4282 Salvaton‘s
2632 4243 2727 4297 pro
2745 4229 2853 4284 dies
2873 4225 3115 4284 salutaris
3136 4230 3190 4284 in
3220 4225 3409 4285 eodem
3435 4225 3621 4286 codice
3647 4230 3803 4287 Vati-

2187 4310 2348 4353 cano.

2258 4368 2710 4445 Tgscr.Xl.Vlll.
2735 4371 2902 4445 ——(l)
2933 4371 3207 4445 Tractatus
3239 4372 3457 4428 Pascha:
3479 4374 3531 4428 in
3561 4389 3691 4429 mss.
3731 4380 3803 4430 At
3848 4413 3860 4424 .

2186 4440 2250 4493 de
2286 4439 2492 4495 Pascha
2532 4458 2698 4496 sermo
2741 4459 2796 4498 Ill
2832 4439 2891 4497 in
2931 4442 3063 4500 edit.
3100 4442 3228 4501 Ver.
3258 4445 3306 4502 A
3335 4446 3512 4500 medio
3534 4446 3598 4499 ad
3629 4445 3799 4502 liuent

2186 4513 2376 4569 similis
2404 4523 2485 4569 est
2514 4516 2759 4569 tractatui
2783 4512 2876 4577 46,
2905 4524 2959 4570 ιιι
2979 4518 3280 4573 conl'erenti
3311 4517 3531 4586 patebit.

2265 4592 2344 4663 (‘2)
2380 4592 2501 4648 "sec
2526 4603 2737 4668 Sumpta
2754 4603 2893 4668 sunt
2912 4610 2978 4649 ex
3003 4596 3090 4661 iis,
3113 4610 3233 4666 qua:
3258 4595 3326 4651 de
3357 4595 3612 4652 Plimuice
3634 4598 3803 4668 vulgo

2191 4661 2463 4738 dicuntur,
2502 4661 2891 4738 quodquitletn
2923 4661 3146 4738 animal'
3170 4668 3584 4723 resurrcCtionis
3614 4676 3669 4722 et
3703 4661 3801 4738 pa-

2190 4735 2393 4790 schatis
2420 4736 2987 4808 proinde_symbnlnm
3037 4737 3226 4792 Patres
3268 4753 3413 4808 smpe
3461 4735 3804 4796 commemo-

2195 4816 2336 4871 rant,
2366 4809 2440 4861 uti
2473 4817 2527 4863 et
2557 4807 2613 4861 ὃ.
2643 4806 2815 4875 Zeno,
2849 4819 3005 4864 tract.
3038 4808 3124 4874 16,
3149 4810 3243 4864 lib.
3275 4825 3315 4875 I,
3344 4806 3493 4865 imm.
3526 4810 3580 4865 9.

2267 4899 2347 4971 (5)
2380 4898 2632 4971 'l‘ra_ctattt
2657 4898 2750 4962 49,
2778 4900 3087 4971 Serupiterui
3126 4917 3312 4956 currus
3339 4902 3396 4956 fit
3431 4904 3665 4968 manilio;
3701 4904 3798 4959 ubi

2198 4966 2446 5033 licet'tns.
2475 4969 2663 5041 Potnp.
2695 4988 2874 5026 cursus
2901 4966 3120 5036 habeat,
3151 4984 3331 5028 tamen
3364 4980 3421 5027 ιιι
3445 4989 3633 5028 currus
3654 4966 3804 5029 ireti-

2191 5049 2397 5101 neatur.
2432 5040 2674 5096 additum
2699 5045 2897 5113 auriga:
2923 5059 3117 5099 nomen
3147 5045 3357 5100 suadet.
3388 5045 3458 5099 At
3488 5047 3608 5099 heic
3633 5062 3800 5100 cursu

2190 5126 2287 5179 pro
2332 5127 2489 5165 curru
2535 5114 2697 5169 habet
2739 5114 2907 5170 editio
2945 5114 3171 5180 Veneta;
3200 5130 3255 5171 et
3285 5125 3353 5169 tr.
3384 5114 3473 5183 50,
3502 5132 3596 5170 nec
3622 5118 3799 5171 otioso

2187 5199 2344 5236 cursu
2372 5198 2563 5238 omnes
2591 5196 2648 5240 et
2674 5200 2804 5241 mss.
2838 5197 2891 5241 et
2919 5185 3049 5241 editi
3079 5186 3198 5240 libri
3243 5203 3350 5241 non
3390 5189 3623 5241 absimili
3654 5190 3801 5243 scri-

2187 5262 2350 5332 ptura
2372 5255 2685 5323 praeferunt.
2719 5256 3019 5327 Utrunth
3052 5258 3213 5312 scribi
3244 5266 3300 5314 et
3328 5258 3550 5329 intelligi
3580 5257 3797 5328 ἐφύε-

2188 5340 2326 5380 srmo
2356 5336 2551 5393 potest.

2260 5418 2970 5494 Tntcr.XL_IX.+(I)_AStc
3001 5423 3051 5476 in
3085 5422 3273 5487 editts;
3309 5425 3358 5477 in
3392 5439 3523 5478 mss.
3555 5432 3737 5478 autem
3773 5443 3794 5479 :

2185 5487 2317 5545 Item
2348 5494 2400 5545 in
2430 5492 2514 5548 die
2565 5487 2799 5546 Paschal
2827 5487 2943 5547 'Hic
2965 5508 3179 5564 quoque
3227 5504 3515 5559 tractatus,
3559 5499 3701 5550 sicut
3736 5507 3801 5553 et

2182 5564 2363 5638 ctcteri
2389 5572 2697 5631 sequentes,
2717 5565 2970 5638 nonnulla
2989 5566 3145 5638 habet
3175 5565 3395 5632 similia,
3425 5565 3614 5621 iisdem
3642 5582 3801 5638 sarpe

2181 5634 2360 5688 verbis
2388 5648 2667 5703 expressa,
2699 5636 2843 5704 quod
2875 5636 3044 5692 semel
3073 5639 3344 5693 monuisse
3382 5638 3632 5693 snftieiat.

2254 5724 2331 5796 (2)
2365 5723 2461 5779 Ms.
2498 5725 2683 5801 Ριιηὶρ.
2704 5767 2718 5790 ,
2744 5742 2944 5780 cursus.
2978 5726 3033 5781 In
3066 5743 3162 5784 ms.
3189 5727 3323 5795 Tol.,
3339 5745 3435 5801 pro
3461 5737 3631 5783 teretis
3653 5730 3802 5785 serie

2182 5794 2323 5852 bitur
2352 5796 2575 5851 terrestt‘s
2600 5837 2613 5861 ,
2644 5797 2783 5854 forte
2811 5800 3083 5856 terrestris.
