4230 6168
519 323 617 380 fill

1900 322 2141 380 SANC'I'I
2185 324 2476 383 ZENONIS

3701 328 3812 384 519.

515 443 806 503 carnaliter
833 443 1112 509 sentiunt,
1153 441 1205 497 in
1235 444 1598 515 gregibusque
1644 445 1887 514 pecuinis
1912 458 2109 514 agnum
2142 448 2186 504 Α
2220 447 2291 498 tui
2347 445 2591 499 criminis
2643 443 2972 515 gratularis?
3007 442 3062 499 In
3115 442 3353 517 Egypto
3390 445 3555 521 284
3594 450 3818 507 senisu

517 537 810 611 (5)bifaria
835 545 1024 595 natura
1061 535 1414 592 commissum
1439 577 1454 602 ,
1486 536 1576 609 qui
1614 536 1842 593 inveniri
1874 552 1980 592 non
2023 552 2118 608 po—
2218 537 2333 604 ditt,
2366 537 2447 612 (4)
2476 554 2582 594 non
2637 548 2786 596 sorte
2836 540 3124 611 peregrini,
3170 538 3266 594 sed
3315 544 3531 599 merito.
3579 543 3821 613 Ereptus

522 645 667 701 test,
712 639 1002 704 quaerunt,
1056 631 1137 687 sic
1188 630 1271 705 (4)
1308 645 1507 702 agnum
1563 646 1753 687 verum
1793 629 2072 689 Christum
2100 673 2114 696 ,

517 741 680 798 quem
736 725 1100 790 invenerant,
1163 722 1548 792 perdiderunt:
1606 737 1714 778 non
1764 724 1909 779 enim
1961 723 2121 779 intel-

520 819 751 886 lexere,
784 818 909 888 quia
960 832 1029 874 ex
1067 816 1238 874 hxdis
1287 817 1523 873 humana
1562 817 1949 888 designabatur
1991 832 2119 874 caro

521 912 632 967 suis
659 921 855 967 onusta
888 910 1126 980 peccatis
1159 952 1174 976 ,
1207 925 1275 966 ex
1318 910 1509 967 ovibus
1536 911 1760 981 spiritus
1786 911 2116 981 majestatis:

522 1020 643 1076 qua:
670 1014 896 1074 utraque
918 1004 971 1058 in
997 1003 1217 1060 Christo
1262 1014 1517 1061 concreta
1544 1046 1560 1070 ,
1592 1021 1788 1076 agnum
1821 1006 2120 1077 legitimum

523 1097 917 1166 praestiterunt.
952 1096 1050 1152 Hic
1070 1107 1155 1152 est
1184 1112 1352 1166 agnus
1371 1141 1385 1164 ,
1419 1097 1634 1166 fratres,
1664 1097 1735 1154 de
1760 1113 1869 1169 quo
1898 1099 1981 1171 (5)
2010 1099 2120 1155 Lex

524 1191 631 1245 ait:
665 1189 872 1245 Pascha
898 1198 975 1245 est
999 1188 1211 1244 Domini
1234 1189 1434 1259 (Exod.
1476 1207 1586 1259 xu,
1612 1192 1670 1247 ll
1698 1233 1712 1257 ,
1741 1191 1854 1263 27).
1887 1192 2119 1263 Aposto-

525 1282 612 1339 lus
646 1298 861 1354 quoque
911 1282 1138 1338 Paulus:
1190 1282 1401 1338 Pascha
1458 1294 1687 1340 nostrum
1726 1286 2021 1340 immolatus
2049 1296 2125 1340 est

528 1378 765 1431 Christus
788 1376 832 1448 (Ι
896 1374 1020 1431 Cor.
1050 1393 1083 1430 v
1114 1418 1128 1440 ,
1156 1377 1232 1447 7).
1270 1375 1380 1432 Cur
1425 1386 1606 1432 autem
1656 1377 1910 1449 dignatus
1965 1376 2127 1432 fuerit

530 1467 822 1533 immolari,
842 1467 1079 1523 Joannes
1105 1467 1344 1538 Baptista
1366 1480 1492 1524 ante
1516 1469 1829 1539 prmdicavit
1858 1469 1942 1523 his
1963 1468 2125 1543 283

528 1560 746 1617 verbis:
792 1561 925 1616 Ecce
958 1577 1121 1635 agnus
1159 1559 1293 1629 Dei,
1325 1579 1473 1629 ecce,
1503 1565 1590 1633 qui
1630 1563 1763 1617 tollit
1793 1563 1869 1635 (6)
1920 1573 2127 1631 peccata

529 1654 727 1708 mundi.
760 1652 939 1726 (Joan.
968 1670 1004 1721 ι,
1029 1652 1145 1727 29).
1173 1654 1269 1711 llic
1288 1656 1471 1726 itaque
1494 1656 1670 1712 dictus
1685 1663 1772 1712 est
1799 1656 1877 1729 (7)
1895 1656 2128 1725 primiti-

533 1764 653 1815 vus,
679 1748 803 1819 quia
821 1758 1059 1815 paterna:
1089 1750 1429 1820 antiquitatis
1445 1753 1593 1806 solus
1623 1760 1708 1805 eat
1729 1750 2003 1805 conscius.
2027 1749 2127 1805 Hic

530 1840 610 1914 (8)
642 1850 904 1911 maturus,
927 1842 1051 1914 quia
1074 1852 1197 1912 post
1222 1843 1397 1912 ipsum
1412 1858 1519 1898 non
1548 1852 1634 1899 est
1657 1842 1818 1898 ullus.
1854 1842 1953 1897 Hic
1977 1857 2123 1898 sem-
2158 1834 2206 1894 B

535 1936 803 2003 piternus,
825 1937 952 2006 quia
973 1936 1187 1991 occisus
1213 1945 1318 2003 est,
1348 1947 1403 1993 et
1433 1937 1683 1992 inventus
1711 1946 1796 1993 est
1818 1938 1994 1992 vivus.
2026 1936 2126 1992 llic

530 2028 910 2086 immaculatus
936 2045 965 2082 a
1000 2039 1247 2100 peccato,
1279 2030 1403 2099 quia
1450 2030 1601 2085 solus
1628 2040 1712 2084 est
1742 2028 1994 2084 mundus.
2030 2029 2131 2084 Hie

528 2120 785 2175 salutaris
819 2162 835 2187 ,
872 2120 997 2190 quia
1047 2136 1142 2189 per
1170 2121 1343 2189 ipsum
1394 2122 1666 2177 vincimus
1718 2130 1972 2178 mortem.
2033 2121 2131 2177 Hic

530 2214 826 2277 masculus,
860 2214 983 2284 quia
1018 2213 1111 2269 Dei
1135 2223 1219 2269 est
1241 2214 1431 2269 virtus.
1480 2214 1576 2268 Hic
1606 2256 1620 2279 ,
1652 2216 1867 2285 inquam
1904 2256 1918 2281 ,
1959 2229 2130 2283 agnus

529 2305 822 2378 perfectus,
844 2307 969 2378 quia
993 2308 1045 2362 in
1075 2307 1195 2378 ipso
1218 2322 1445 2379 magnus
1469 2307 1560 2363 ille
1581 2307 1839 2363 sacerdos
1860 2310 1949 2377 pio
1980 2322 2130 2380 mys-

528 2400 670 2454 terio
697 2414 792 2455 sua
819 2401 1037 2454 victima
1071 2400 1334 2468 inclusus,
1370 2400 1530 2457 hodie
1560 2400 1729 2456 Deum
1762 2399 2000 2456 reddidit
2033 2402 2134 2453 ho-

530 2496 754 2559 minem,
785 2508 945 2564 quem
976 2492 1060 2564 (9)
1089 2493 1278 2549 litavit.

954 2604 959 2609 ’
1025 2628 1447 2688 maereres
1484 2628 1653 2712 ch.

1030 2744 1112 2801 De
1152 2743 1239 2820 (Ι)
1284 2744 1471 2800 Exodo
1505 2743 1591 2799 Ill.

601 2884 840 2953 Tempus
893 2896 1002 2938 non
1049 2882 1201 2947 sinit,
1231 2880 1428 2936 fratres
1457 2923 1470 2945 ,
1517 2880 1596 2950 (‘2)
1630 2880 1849 2951 imagini
1900 2878 2130 2934 reddere

529 2978 838 3032 veritatem.
872 2974 1257 3032 Verumtamen
1291 2974 1477 3030 Juda‘e
1504 2974 1631 3044 quid
1652 2974 1733 3045 (3)
1760 2974 2129 3029 monumentis

597 3136 907 3220 (5)_Bi[_aria
937 3146 1125 3193 natura
1149 3154 1342 3220 agnum
1372 3145 1557 3220 auctor
1589 3144 1778 3220 vocat,
1808 3134 1897 3220 qui
1930 3150 1995 3195 ex
2025 3133 2125 3189 du—
2153 3142 2199 3205 (ζ

527 3208 655 3280 plici
687 3208 964 3264 haedorum
993 3220 1062 3271 et,
1095 3210 1274 3262 ovium
1327 3208 1508 3278 specie
1533 3217 1750 3262 constat
1782 3249 1797 3273 ,
1829 3217 1886 3261 ut
1931 3223 1998 3262 ex
2040 3221 2124 3262 se—

524 3283 815 3352 quentibus
857 3280 1173 3337 tractatibus
1201 3280 1446 3352 liquebit.

601 3351 679 3421 (4)
712 3352 886 3423 VOCes
915 3369 1107 3423 agnum
1136 3364 1195 3423 et
1217 3348 1480 3423 Christum
1511 3349 1712 3405 absunt
1758 3365 1787 3403 ιι
1821 3364 1923 3405 ms.
1966 3348 2124 3405 Rcui.

525 3425 582 3479 In
614 3420 963 3479 'l‘olentinate'
1002 3438 1130 3478 vero
1159 3422 1419 3477 Christum
1450 3422 1625 3478 deest.

602 3495 681 3565 (5)
717 3493 863 3549 Edit.
897 3493 1029 3548 Ven.
1065 3511 1160 3560 pro
1202 3493 1312 3547 Lex
1364 3495 1435 3547 ait
1485 3492 1716 3548 habebat
1762 3493 1949 3565 iitare:
1980 3491 2124 3547 Edit.

530 3564 669 3621 Ver.
716 3566 926 3619 lauari:
976 3580 1078 3620 ms.
1136 3565 1275 3634 Zen.
1314 3575 1367 3619 et
1413 3567 1509 3634 Sp.
1556 3566 1781 3634 lit-tare:
1827 3564 1921 3619 sed
1978 3564 2128 3619 nullo

527 3651 690 3692 sensu
719 3678 733 3701 ,
764 3637 854 3706 qui
885 3635 1203 3692 satisfaciat.
1252 3633 1695 3691 Caelericodices
1736 3633 1844 3689 Lex
1878 3636 1986 3697 ait,
2036 3636 2128 3691 ubi

528 3707 636 3779 Lex
664 3707 820 3779 sicuti
852 3709 1050 3778 passim
1083 3723 1179 3778 pro
1208 3707 1408 3779 Moysis
1438 3706 1589 3761 libris
1620 3707 1885 3779 sumiturJ
1917 3708 2125 3779 utalibi

527 3777 1010 3835 animadvertimus
1032 3820 1047 3844 ,
1088 3777 1168 3833 ita
1203 3777 1347 3834 nunc
1380 3779 1581 3834 iudicat
1609 3778 1805 3832 librum
1840 3777 2044 3839 Exodi.
2075 3780 2124 3831 iu

529 3866 634 3918 quo
666 3848 881 3919 quidem
917 3859 1098 3905 textus
1154 3850 1358 3905 Pascha
1400 3860 1473 3905 est
1512 3849 1719 3903 Domini
1772 3849 1989 3919 legitur.
2025 3848 2129 3903 Ne-

527 3937 633 3991 que
656 3930 886 3991 moveat,
918 3921 1061 3991 quod
1092 3923 1143 3974 in
1166 3926 1375 3991 vulgata
1402 3923 1521 3990 eius
1543 3920 1646 3975 loci
1681 3920 2128 3990 interpretatione

526 3990 594 4046 sit
625 4010 638 4045 :
674 3990 866 4060 Phase,
900 3990 955 4046 id
980 3990 1317 4047 esttranst'ttts
1365 3992 1610 4047 Domini:
1663 3992 1854 4061 pascha
1895 3991 2037 4044 enim
2074 4001 2129 4046 et

530 4062 711 4131 phase,
736 4065 818 4119 vel
846 4066 1096 4119 transitus
1125 4066 1263 4120 idem
1302 4080 1423 4119 sunt
1452 4081 1466 4129 ;
1511 4078 1632 4117 nam
1659 4105 1672 4127 ,
1708 4074 1779 4133 ut
1817 4062 2125 4133 Hieronymi

529 4134 710 4207 verbis
737 4143 951 4190 utamur
978 4136 1029 4191 in
1063 4152 1182 4207 cap.
1210 4136 1277 4191 δί
1328 4136 1479 4191 Isaia:
1505 4176 1519 4199 ,
1549 4150 1670 4207 pag.
1719 4131 1846 4207 ηρ,
1881 4131 2123 4207 ιοιη.ἰν;

531 4204 865 4278 Manifestum
892 4218 965 4262 est
1010 4201 1200 4277 pascha
1232 4250 1246 4274 ,
1297 4210 1392 4261 hoc
1423 4217 1494 4259 est
1521 4201 1722 4278 ,r'pltase
1747 4201 1985 4278 ﬂamini
2025 4223 2127 4259 non

528 4276 817 4349 passionem
866 4276 1159 4349 signiﬁcare
1188 4322 1202 4341 ,
1250 4281 1340 4333 sed
1384 4277 1682 4332 transitum.
1743 4276 1877 4331 Hinc
1915 4278 2122 4349 eadem

527 4346 840 4405 Zenoniana
873 4346 1247 4420 ititcrpretatlo
1295 4362 1549 4420 usurpata
1595 4349 1788 4403 visitur
1832 4363 1861 4401 a
1913 4347 2129 4420 Tertul-

530 4421 673 4493 liano
713 4422 973 4477 adversus
1004 4419 1364 4493 Judaeoscap.
1404 4419 1485 4489 ll,
1520 4428 1576 4476 et
1596 4421 1900 4492 praesertim
1931 4435 1959 4473 a
1980 4419 2127 4476 Gau-

530 4490 712 4564 dentio
744 4507 911 4548 serm.
943 4493 1002 4559 ‘2,
1031 4508 1150 4564 pag.
1177 4492 1269 4549 40.
1313 4490 1326 4493 ⁷
1598 4490 1612 4492 ⁷
1674 4502 1683 4507 ’

608 4561 691 4634 (6)
732 4564 822 4619 Sic
852 4579 984 4619 mss.
1033 4561 1190 4620 Rem.
1224 4576 1278 4619 et
1314 4564 1433 4619 Tol.
1472 4565 1548 4619 lta
1585 4564 1750 4618 etiam
1790 4573 1906 4618 erat
1940 4563 1992 4616 in
2015 4576 2118 4616 ms.

533 4632 747 4706 Pomp.,
790 4636 883 4692 sed
914 4647 1219 4692 correctum
1251 4646 1547 4706 peccatum,
1579 4636 1656 4689 uti
1697 4644 1752 4690 et
1780 4636 1831 4689 in
1859 4634 2022 4690 editis
2047 4635 2124 4688 le-

564 4707 689 4761 itur.

525 4719 689 4850 ὝἛΙῚΙ.)⁸
723 4778 977 4835 Tractatu
1001 4779 1071 4837 62
1102 4778 1261 4845 hujus
1282 4778 1426 4840 libri,
1446 4777 1534 4833 ubi
1558 4775 1754 4830 similia
1776 4782 2121 4850 repetuntur,

532 4844 830 4904 Primitivus
859 4892 874 4913 .
907 4851 1084 4918 inquit
1132 4844 1322 4903 auctor
1371 4850 1494 4917 quia
1545 4855 1731 4918 prater
1764 4844 1977 4901 Patrem
2005 4858 2124 4901 ante

525 4918 695 4987 ipsum
724 4923 897 4976 nullus
916 4929 969 4974 et
993 4922 1208 4989 primus.

599 4992 681 5062 (8)
721 4991 1079 5062 Sparaverius
1119 4992 1305 5048 uallet
1350 4991 1433 5060 leg

528 5061 744 5117 laudato
772 5074 928 5118 tract.
959 5062 1053 5127 62,
1073 5074 1307 5117 maturus
1331 5062 1613 5131 repetitur,
1637 5062 1732 5117 sed
1756 5062 1860 5117 alia
1886 5062 2120 5128 ratione,

526 5134 646 5199 quia
674 5144 896 5189 alemus
928 5144 1024 5189 est.
1076 5135 1244 5189 Porro
1284 5135 1603 5189 auctoritate
1642 5149 1744 5188 ms.
1788 5133 1943 5188 Rem.
1984 5138 2124 5186 ami-

527 5206 773 5272 quissimi
819 5208 1139 5274 scripsimus
1164 5222 1266 5261 non
1290 5215 1366 5262 est
1396 5205 1538 5260 ullus
1597 5218 1695 5275 pro
1718 5220 1785 5261 eo
1814 5204 1958 5275 quod
1993 5205 2120 5259 alibi

527 5277 782 5332 scribitur
814 5290 885 5332 est
918 5278 1113 5333 nullus.

600 5346 681 5421 (9)
723 5349 987 5404 Nimirum
1013 5344 1373 5421 sacriﬁcavit,’
1391 5347 1590 5418 quippe
1616 5346 1756 5421 quod
1785 5346 2035 5421 Christus
2062 5362 2122 5401 se

526 5418 783 5475 hominem
809 5422 917 5476 Deo
949 5420 1083 5490 patri
1119 5418 1212 5488 per
1234 5432 1468 5476 mortem
1491 5420 1669 5474 crucis
1694 5418 1908 5484 obtulit,
1940 5429 1998 5472 ut
2019 5425 2118 5473 lio-

516 5491 726 5547 ‘minetu
754 5494 957 5547 faceret
983 5491 1215 5561 quodam
1244 5492 1404 5546 modo
1438 5492 1622 5561 vetuo.

597 5558 1047 5635 Tnscr_._LVl.—‘:
1063 5561 1145 5635 (1)
1185 5562 1309 5635 Mss
1344 5561 1504 5635 Rem.
1525 5558 1644 5615 Tol.
1678 5558 1988 5635 γει-μή)...
2019 5560 2119 5635 Se-

523 5636 728 5706 quentia
766 5629 1214 5706 Exodiygomp.
1275 5633 1434 5699 Zeu.,
1478 5632 1610 5686 Item
1660 5629 2015 5706 _de__Exodo;
2068 5634 2120 5687 in

521 5700 681 5761 editis
706 5707 772 5761 de
800 5701 1005 5761 Exodo.
1032 5703 1130 5759 Hic
1160 5700 1321 5773 porro
1346 5714 1599 5759 tractatus
1629 5700 1822 5756 similis
1851 5713 1934 5757 est
1964 5709 2119 5758 tract.

520 5773 589 5827 58
618 5787 672 5831 ct
703 5777 920 5842 utrique
939 5820 955 5844 ,
1008 5784 1069 5831 ut
1098 5775 1307 5832 facilius
1343 5777 1745 5845 intelligantur,
1771 5773 2080 5845 conferendi
2105 5791 2119 5828 :

512 5845 703 5904 n‘licubi
734 5850 901 5911 enim,
939 5847 1033 5904 ubi
1064 5852 1292 5918 Variani,
1328 5863 1466 5905 unus
1494 5843 1561 5901 ei
1590 5849 1767 5903 altero
1795 5843 2113 5915 explicatur.

1438 4990 1689 5053 iunicus,
1740 4999 1794 5044 et
1833 4990 1991 5045 bene.
2053 4991 2122 5044 At

2220 645 2281 688 es
2333 631 2500 686 inde:
2562 646 2668 687 non
2722 642 2810 688 tua
2843 636 3065 691 evasisti
3096 638 3312 695 virtute.
3348 637 3612 693 Columna
3656 637 3822 694 nubis

2222 730 2277 780 te
2328 724 2581 793 perduxit
2634 739 2729 795 per
2783 726 2947 794 diem,
3002 738 3058 783 ut
3109 729 3192 803 (5)
3249 730 3566 787 ostenderet
3611 744 3820 786 caecum

2225 816 2423 888 (Exod.
2449 816 2568 889 xm)
2588 836 2599 871 :
2618 819 2756 887 ignis
2783 820 3032 876 columna
3051 837 3145 892 per
3163 833 3399 889 noctem,
3417 834 3473 877 ut
3498 823 3827 881 admoneret

2223 924 2492 965 arsurum.
2537 910 2774 982 Angelus
2807 908 3039 982 praevius
3070 924 3158 972 tua
3190 926 3370 971 castra
3427 916 3732 985 promovit,
3765 924 3826 971 ut

2223 1000 2389 1055 etiam
2440 1005 2695 1071 pra'scnti
2727 1004 2859 1077 Deo_
2885 1006 3196 1073 probareris
3224 1008 3465 1079 ingratus
3507 1008 3644 1080 (cap.
3675 1010 3822 1077 xlv).

2227 1094 2329 1149 Per
2359 1110 2507 1151 mare
2553 1097 2780 1164 pedibus
2820 1098 3128 1165 ambulasti,
3164 1111 3219 1155 ut
3263 1100 3525 1170 patereris
3568 1100 3624 1155 in
3677 1110 3825 1155 terra

2228 1186 2567 1257 naufragium
2602 1187 2740 1261 (cap.
2762 1190 2914 1258 χιιι).
2946 1190 3025 1246 Ad
3050 1190 3153 1246 hoc
3180 1207 3311 1248 sane
3335 1192 3390 1247 in
3419 1207 3602 1247 eremo
3627 1208 3823 1263 aquam

2227 1279 2295 1334 de
2328 1290 2476 1349 petra
2514 1281 2720 1349 bibisti,
2761 1298 2955 1337 manna
2988 1284 3055 1338 de
3085 1284 3225 1339 cmlo
3254 1284 3648 1357 gustasti(cap.
3683 1285 3823 1359 xvi),

2231 1382 2433 1427 uteum
2487 1389 2637 1429 esses
2685 1376 2748 1429 ad
2801 1386 3098 1445 egestatem
3134 1376 3476 1448 postmodum
3520 1378 3825 1443 devolutus,

2230 1465 2628 1535 praeteritorum
2671 1463 2934 1524 bdnorum
2980 1469 3360 1526 recordatione
3402 1471 3580 1525 acrius
3609 1477 3831 1542 torque-

2231 1574 2389 1613 l'CflS.

2654 1628 2659 1635 ’
2723 1673 3142 1734 suasurus
3181 1676 3337 1733 LVII.

2731 1808 2812 1865 De
2852 1811 2932 1883 (Ι)
2974 1810 3163 1868 Exodo
3204 1813 3291 1869 IV.

2305 1945 2457 2013 Mira,
2493 1945 2684 2001 fratres
2717 1946 2794 2018 (9.)
2829 1948 3117 2012 carissimi,
3152 1947 3397 2005 historia:
3426 1965 3597 2005 sacrm
3625 1950 3703 2007 sic
3750 1961 3839 2007 est

2237 2041 2477 2111 perlecta
2527 2041 2789 2096 narratio.
2836 2042 2967 2096 Cum
3005 2040 3221 2097 lsraelis
3261 2043 3492 2115 populus
3523 2045 3839 2113 (5)euornti

2234 2132 2561 2202 captivitatis
2586 2132 2718 2204 jugo
2752 2133 3049 2202 depressus
3078 2176 3092 2200 ,
3138 2149 3167 2188 a
3209 2120 3339 2205 rege
3370 2134 3652 2191 Pharaone
3682 2136 3839 2191 duris

2235 2226 2642 2282 conditionibus
2673 2227 2723 2280 in
2771 2212 3008 2299 Egypto
3040 2238 3327 2282 necaretur
3349 2227 3551 2298 (Exod.
3580 2244 3697 2298 cap.
3754 2228 3835 2299 ι);

2241 2320 2590 2374 miseratione
2619 2318 2737 2386 Dei,
2787 2322 2926 2376 duce
2970 2319 3155 2392 Moyse
3181 2361 3199 2387 ,
3227 2321 3413 2390 jussus
3443 2329 3525 2376 est
3569 2320 3839 2391 proﬁcisci

2243 2415 2380 2484 (cap.
2420 2413 2537 2486 xu).
2570 2414 2705 2469 lluic
2737 2428 2843 2469 non
2872 2415 3108 2471 circulus
3138 2416 3269 2470 solis
3299 2430 3394 2488 per
3420 2416 3587 2480 diem,
3620 2415 3714 2471 sed
3742 2432 3846 2472 co—

2239 2505 2422 2561 lumna
2457 2507 2649 2569 nubis;
2679 2523 2784 2562 non
2813 2508 3042 2563 candida
3074 2509 3205 2562 luna
3225 2550 3240 2575 ,
3274 2510 3369 2563 sed
3416 2509 3553 2579 ignis
3581 2509 3840 2564 columna

2238 2616 2337 2671 per
2368 2610 2582 2656 noctem
2612 2600 2719 2656 iter
2750 2601 3014 2671 pandebat
3047 2601 3289 2673 ignotum
3324 2620 3336 2656 :
3368 2602 3456 2673 qui
3481 2611 3536 2656 ut
3560 2603 3701 2657 inter
3725 2602 3842 2660 duo

2237 2695 2509 2749 elementa
2548 2695 2814 2762 pervenit,
2850 2694 3046 2749 ibidem
3097 2692 3177 2767 (l)
3215 2696 3586 2765 praesentaria:
3626 2695 3840 2750 exitum

2236 2787 2426 2841 mortis
2464 2786 2687 2854 expavit
2719 2786 2860 2854 (cap.
2891 2785 3025 2856 xw).
3062 2785 3198 2841 Hinc
3219 2786 3364 2841 enim
3394 2787 3840 2856 persequentium

2235 2879 2398 2951 285
2430 2877 2811 2948 Egyptiorum
2837 2878 3044 2933 infestis
3068 2878 3423 2933 mucronibus
3444 2876 3526 2953 (5)
3547 2878 3840 2949 premeba-

2236 2984 2364 3028 tur:
2394 2972 2521 3027 inde
2564 2974 2729 3027 maris
2762 2988 2954 3044 magno
3002 2973 3222 3029 clausus
3274 2974 3430 3031 obice
3463 2973 3837 3045 premebatur.

2305 3132 2386 3208 (2)
2430 3133 2664 3208 Reddere
2708 3136 2969 3208 veritatem
3020 3136 3234 3208 imagini
3272 3138 3411 3192 idem
3440 3147 3523 3208 est
3557 3139 3842 3208 acrexpli-

2232 3206 2518 3279 carc‘quid
2560 3207 2741 3275 imago
2781 3224 2875 3264 seu
2907 3207 3073 3279 ﬁgura
3103 3206 3234 3263 vere
3284 3206 3569 3279 signiﬁcet.
3626 3206 3841 3265 Iudicat

2233 3291 2411 3351 autem
2470 3278 2618 3351 Zeno
2664 3294 2723 3333 se
2768 3278 3033 3334 brevitate
3073 3278 3370 3351 temporis,
3402 3279 3543 3349 quod
3584 3279 3725 3335 inter
3756 3290 3841 3337 tot

2233 3347 2411 3404 ofﬁcia
2464 3350 2733 3419 paschalia
2766 3352 3027 3422 reliquum
3065 3347 3201 3416 est;
3225 3347 3504 3421 impedi—ri,
3541 3353 3839 3421 quominus

2233 3422 2405 3494 possit
2432 3437 2705 3494 exp_onere
2727 3421 2900 3494 ,unid
2934 3425 3194 3494 spectarit
3214 3466 3228 3487 ,
3271 3421 3411 3490 quod
3436 3422 3636 3479 Judmis
3661 3426 3836 3491 olim,

2233 3492 2360 3565 dum
2381 3509 2452 3565 ex
2489 3490 2722 3564 Egypto
2754 3490 2975 3549 liberati
3003 3493 3249 3560 fuerunt,
3299 3497 3351 3548 in
3396 3494 3627 3565 imagine
3657 3490 3839 3550 conti;

2233 3562 2327 3632 git.
2380 3563 2438 3618 lu
2493 3562 2846 3634 ms.‘l’omp.,
2878 3565 3115 3635 imaginis
3148 3566 3344 3636 legitur
3374 3585 3386 3620 :
3428 3565 3479 3621 in
3510 3562 3637 3619 edit.
3693 3567 3833 3622 Ven.

2210 3636 2467 3700 .ueritate,
2493 3652 2719 3701 quorum
2747 3646 2994 3692 neutrum
3029 3636 3222 3704 placet.

2308 3707 2387 3778 (ὅ)
2436 3705 2765 3779 Monumenta
2788 3709 3032 3779 criminis
3075 3706 3387 3763 Judacorum
3430 3718 3619 3762 auctor
3646 3709 3839 3779 appel-

2235 3775 2324 3850 lat
2359 3775 2527 3847 ipsmu
2566 3777 2733 3850 Exodi
2768 3778 3070 3843 historiam,
3103 3795 3169 3850 ex
3200 3794 3305 3850 qua
3340 3780 3513 3847 palam
3556 3788 3638 3833 est
3683 3775 3837 3847 ipsos

2233 3848 2349 3903 sive
2382 3852 2431 3902 in
2462 3848 2790 3918 captivitate,
2816 3852 2928 3906 sive
2957 3852 3082 3903 ιΙιιιιι
3118 3848 3501 3914 liberarentur,
3525 3853 3638 3904 sive
3662 3850 3833 3908 etiam

2235 3930 2378 3988 post,
2412 3920 2572 3973 variis
2601 3920 2920 3975 criminibus
2941 3936 3064 3976 reos
3093 3919 3263 3977 fuisse
3282 3964 3297 3986 ,
3327 3922 3470 3991 quod
3503 3922 3555 3975 in
3596 3936 3838 3991 sequen-

2235 3990 2377 4045 tibus
2401 3994 2534 4045 satis
2564 3996 2803 4060 exlvouit.
2833 3992 3051 4047 .Iudgnos'
3072 4008 3233 4060 porro
3264 3990 3433 4049 Exodi
3467 3990 3751 4049 historiam
3777 3997 3832 4050 in

2233 4062 2314 4116 siti
2346 4063 2577 4116 nominis
2609 4063 3130 4136 couuucmlationem
3183 4066 3473 4136 ingessisse
3498 4104 3512 4127 ,
3560 4065 3610 4115 iu
3655 4082 3836 4136 eaque

2235 4147 2513 4203 perperam
2538 4139 2834 4203 gratulatus
2862 4135 3007 4191 Zeno
3032 4133 3289 4200 aliirmai,
3314 4134 3457 4203 quod
3496 4150 3602 4197 non
3646 4133 3833 4191 minus

2234 4205 2357 4258 inde
2386 4204 2769 4278 glorize,qu:un
2791 4206 3099 4278 ignominia:
3120 4205 3334 4274 inipsos
3354 4206 3539 4261 redeat
3563 4224 3575 4259 :
3603 4207 3646 4259 si
3675 4211 3829 4262 cnim

2236 4285 2418 4343 patent
2442 4277 2618 4330 tliviIIa
2652 4279 2782 4345 ipsis
2799 4276 2991 4332 collata
3021 4276 3307 4343 beneﬁcia,
3333 4278 3633 4345 produntur
3659 4279 3833 4333 etiam

2232 4346 2363 4419 dura
2392 4355 2447 4402 et
2473 4347 2759 4401 criminosa
2787 4360 2961 4419 gesta,
2991 4350 3186 4418 quibus
3219 4349 3295 4404 illi
3322 4346 3520 4406 divinis
3543 4349 3833 4406 beneficiis

2233 4418 2375 4472 male
2406 4418 2821 4488 responderunt.

2303 4490 2387 4561 (4)
2417 4489 2636 4545 Judaros
2652 4508 2753 4563 non
2774 4501 2907 4546 sorte
2928 4492 3207 4563 peregrini,
3223 4489 3318 4547 sed
3342 4490 3831 4563 utloquiturtnct.

2151 4534 2206 4595 Ι)
2341 4534 2443 4614 η’οῆ
2473 4534 3549 4626 ιιεεεδεὶιαιεῑξξιῑηςὲτῖὧέιεῖιίἕὲι-οιιέἶιδ
3570 4561 3703 4619 etin.
3718 4534 3833 4632 4;,

2231 4630 2285 4686 in
2316 4633 2629 4701 captivitate
2654 4633 2853 4688 diutius
2885 4636 3102 4689 relictos
3128 4636 3381 4691 aflirtuat.

2305 4704 2383 4771 (5)
2422 4704 2520 4759 Ms.
2554 4703 2739 4770 Reum,
2768 4706 3067 4760 custodiret.

2304 4774 2509 4847 Tutior.
2528 4774 2685 4830 LVII.
2701 4779 2861 4847 —(l)
2878 4778 3004 4833 Mss.
3037 4775 3229 4845 Incipit
3256 4775 3424 4833 Exodi
3454 4775 3679 4847 secunda
3692 4794 3713 4843 ;
3738 4777 3830 4831 eti.

2232 4843 2315 4919 de)
2344 4844 2548 4919 Exodo.
2610 4847 2704 4919 llic
2737 4843 2993 4904 tractatus
3048 4843 3170 4919 post
3209 4850 3499 4905 lectionem
3528 4846 3598 4906 de
3638 4847 3835 4905 Exodo

2233 4913 2548 4990 habitusex
2582 4917 2752 4990 prima
2781 4921 3003 4988 periodo
3029 4913 3391 4990 cognoscitur.

2306 4986 2383 5055 (2)
2416 4988 2551 5062 Mss.
2581 4987 2726 5062 Tol.,
2760 4986 2971 5062 Pomp.,
3005 4986 3147 5050 VaC.
3175 4993 3333 5057 Urb.,
3361 4992 3701 5053 dilectissimi.
3740 4992 3835 5048 Sic

2230 5055 2384 5114 deest
2415 5060 2464 5113 in
2499 5075 2602 5115 ms.
2645 5059 2767 5116 Vat.
2805 5071 2862 5119 et
2896 5055 3040 5118 'saue
3084 5055 3364 5120 abundare
3403 5063 3635 5121 videtur.
3692 5063 3832 5120 Dein

2229 5129 2469 5203 prxfeota
2501 5147 2597 5200 pro
2625 5133 2848 5203 perlecta
2878 5135 2933 5191 in
2962 5153 3062 5191 ms.
3096 5133 3217 5191 Tol.

2301 5201 2386 5277 (5)
2431 5201 2704 5277 Duoinss.
2754 5204 2914 5260 Rem.
2947 5218 2998 5261 et
3030 5205 3174 5271 Tol.,
3208 5208 3264 5263 in
3295 5207 3426 5261 armi
3447 5223 3466 5261 :
3495 5222 3601 5263 ms.
3634 5204 3831 5277 Pomp.

2229 5275 2405 5327 mortis
2431 5291 2442 5327 :
2472 5276 2561 5328 alii
2592 5286 2773 5330 autem
2801 5288 2912 5332 tum
2932 5294 3088 5343 mss.,
3118 5290 3228 5334 tum
3258 5278 3387 5334 editi
3410 5281 3462 5332 in
3487 5290 3606 5332 artat
3632 5275 3835 5345 pra-tct‘

2229 5358 2396 5419 unum
2424 5344 2667 5402 codicem
2704 5348 3016 5419 Urbiuatem
3039 5390 3054 5415 ,
3083 5354 3174 5418 qui
3206 5354 3492 5419 genuinam
3514 5417 3521 5419 Α
3541 5344 3832 5417 lectionem

2231 5417 2399 5495 textui
2446 5424 2704 5495 insertam
2740 5417 3006 5495 exhibuit.
3034 5417 3222 5495 unus
3265 5431 3383 5489 post
3408 5417 3694 5495 prehensas
3734 5436 3835 5489 pro
3902 5484 3916 5495 .

2228 5488 2497 5565 depressus
2527 5490 2578 5542 in
2605 5490 2793 5565 eodem
2820 5508 2922 5565 tus.
2955 5490 3110 5565 Urb.,
3133 5488 3383 5565 deiupro
3407 5488 3550 5547 Duce
3572 5488 3759 5561 Moyse
3777 5495 3833 5547 iu

2230 5573 2329 5633 ms.
2361 5560 2574 5633 Potnp.,
2593 5560 2815 5633 uagus
2841 5564 3016 5617 solum
3047 5563 3264 5633 legitur.

2300 5630 2377 5771 (.5)
2419 5632 2560 5686 Edit.
2590 5630 2729 5705 Ven.
2763 5645 3106 5700 prazsentata'.

2328 5701 2385 5767 5)
2425 5700 2502 5755 Ne
2532 5713 2807 5770 repetatur
2830 5719 2931 5758 vox
2958 5722 3106 5771 prem.

2328 5700 2385 5767 5’)
2425 5700 2502 5755 Ne
2532 5704 2807 5770 repetatur
2830 5719 2931 5758 vox
2958 5705 3303 5775 premebatur,
3333 5720 3455 5775 qua:
3490 5703 3686 5775 iterum
3721 5703 3831 5761 hoc

2227 5773 2711 5845 eodemnmembro
2737 5773 2995 5839 occurrit,
3033 5790 3154 5831 eam
3186 5773 3539 5845 Sparaverius
3563 5774 3667 5830 hoc
3705 5777 3830 5831 loco

2228 5843 2505 5899 Subaudiri
2538 5845 2742 5911 mallet,
2778 5844 2994 5917 veltlegi
3024 5843 3331 5902 terrebatUr.
3371 5844 3498 5902 Post
3525 5859 3700 5915 palma
3730 5847 3835 5916 pro
