4230 6168
504 234 612 293 519

1901 227 2147 285 SANCTI
2187 226 2482 285 ZENONIS

3704 222 3811 280 510

499 350 707 424 (Joau.
742 311 850 415 xiv,
883 349 981 423 6).
1033 349 1249 405 Illorum
1283 351 1542 419 profugus
1572 349 1801 419 populus
1834 364 1928 418 per
1957 363 2108 403 mare
2138 353 2185 412 Α
2214 347 2402 404 stinuit
2427 346 2719 403 adunatum
2746 387 2761 410 ,
2813 358 2919 400 non
2957 351 3138 416 potest
3171 352 3314 401 terra
3338 344 3578 417 bajulare
3601 346 3817 418 disper-

500 447 729 503 rubruut
758 445 957 501 dextra
1012 443 1255 513 lanaque
1290 441 1552 497 undarum
1582 440 1928 512 stupentibus
1956 441 2104 510 rupi-

505 538 610 595 bus
642 538 775 609 pede
799 538 945 593 sicco
975 534 1222 590 transivit
1245 533 1440 602 (Exod.
1469 549 1585 601 xiv,
1610 532 1708 604 2|)
1737 553 1751 590 :
1778 545 1835 590 at
1863 542 2108 590 uestrum

504 647 679 696 mare,
710 630 792 701 (Δ)
822 642 960 700 quos
986 628 1319 683 voluntarios
1346 628 1593 697 suscipit,
1626 626 1856 683 feliciter
1887 625 2106 682 naufra-

504 739 604 795 gos
645 723 809 778 facit:
862 722 1290 793 interimensque
1336 722 1588 776 universa
1625 730 1845 791 peccata
1889 720 2109 790 genitali

507 816 651 873 unda
679 815 997 887 submergit,
1021 824 1080 870 ut
1100 814 1358 871 caelestes
1378 813 1552 869 clI'ecti
1579 824 1775 869 terram
1798 813 2110 868 desiderare

505 925 615 966 non
647 908 849 964 norint.
895 908 1142 979 Denique
1169 906 1247 964 illi
1276 917 1400 977 post
1427 921 1576 963 mare
1617 906 1684 961 ad
1714 920 1959 962 eremum
1988 920 2112 975 per-

505 1010 809 1060 venerunt:
860 1017 960 1057 nos
1010 1011 1135 1071 post
1177 1001 1505 1071 baptismum
1552 999 1635 1073 (5)
1681 999 1746 1055 ad
1796 999 2106 1069 paradisum

507 1097 878 1169 pervenimus.
930 1094 1042 1150 Illis
1091 1094 1320 1150 irrorata
1367 1105 1453 1150 est
1499 1093 1868 1150 esurientibus
1913 1109 2109 1149 manna

509 1189 708 1263 (Exod.
744 1187 833 1260 I5)
860 1206 874 1242 :
906 1186 1068 1261 293
1092 1203 1190 1243 nos
1219 1197 1401 1243 autem
1426 1187 1634 1242 esurire
1666 1202 1772 1241 non
1820 1200 2112 1257 possumus

511 1283 594 1355 (6)
621 1282 1036 1354 sempiternum,
1060 1282 1149 1350 qui
1166 1281 1403 1337 Caelestis
1421 1279 1665 1353 pauis(7)
1682 1281 1963 1337 nobiscum
1989 1295 2114 1351 por-

510 1384 685 1431 tamus
714 1389 1007 1429 annonam.
1036 1373 1151 1428 Illis
1177 1372 1483 1429 sitientibus
1507 1384 1659 1443 petra
1688 1372 1845 1428 ﬂuxit
1877 1373 1930 1427 in
1959 1387 2114 1443 pocu-

506 1469 616 1525 lum
644 1468 666 1542 (
695 1466 829 1528 Ibid.
862 1482 993 1534 xvn,
1026 1463 1101 1536 6)
1135 1483 1148 1520 :
1178 1465 1261 1538 (8)
1291 1464 1359 1521 ad
1384 1465 1585 1520 Christi
1620 1463 1820 1520 fontem
1844 1467 1932 1536 qui
1963 1463 2112 1518 bibe-

509 1564 600 1626 rit,
629 1562 684 1617 in
715 1570 979 1615 aeternum
1005 1560 1158 1614 sitire
1184 1573 1291 1614 non
1321 1559 1494 1613 novit.
1531 1558 1639 1614 Illis
1665 1559 1716 1611 in
1749 1557 1967 1614 deserto
1992 1571 2115 1610 sua-

458 1686 463 1699 ι
506 1657 646 1711 vitas
669 1654 827 1710 lactis
856 1665 912 1709 et
938 1653 1116 1709 mellis
1142 1650 1380 1708 exhibita
1410 1660 1495 1706 est
1520 1673 1532 1707 .-
1581 1650 1736 1705 nobis
1763 1665 1896 1706 vero
1919 1692 1933 1717 ,
1965 1649 2112 1721 quod

505 1747 629 1820 plus
658 1753 768 1813 est,
802 1745 966 1851 melle
1014 1744 1225 1800 dulcior
1272 1759 1336 1799 ae
1365 1744 1505 1799 lacte
1530 1741 1814 1798 candidior
1838 1784 1853 1809 ,
1888 1752 2112 1798 aeterna;
2144 1752 2191 1814 Β
2220 1741 2380 1845 mas;

508 1842 636 1896 vitae
663 1836 945 1897 beatitudo
972 1837 1070 1894 Dei
1102 1837 1369 1892 tribuetur
1390 1839 1442 1891 in
1466 1851 1655 1908 regno.

995 1993 1415 2052 TRACTATUS
1444 1993 1631 2050 LXIV.

1052 2129 1127 2185 De
1156 2127 1236 2202 (1)
1264 2128 1449 2184 Exodo
1479 2128 1569 2183 XI.

578 2295 717 2367 Quid
749 2301 917 2350 tumet
939 2291 1245 2349 Pharistcus
1278 2289 1453 2347 inanis
1478 2332 1493 2356 ,
1539 2304 1697 2360 quem
1737 2288 1822 2363 (2)
1852 2289 2110 2344 momenti

505 2390 779 2462 praeterita
802 2387 1038 2444 delectat
1067 2385 1298 2441 umbra?
1328 2384 1601 2449 Exsultat,
1624 2386 1766 2456 quod
1795 2385 1846 2438 in
1878 2383 2113 2455 [Egypto

509 2480 747 2538 creverit
773 2496 786 2533 :
813 2489 866 2533 at
892 2479 945 2533 in
973 2475 1219 2548 originali
1248 2475 1492 2531 decrevit
1517 2476 1655 2531 solo.
1707 2475 1861 2542 Quod
1889 2475 2113 2545 captivi-

508 2577 636 2628 tatis
661 2572 731 2627 sit
753 2571 981 2627 nexibus
1003 2568 1284 2626 exsolutus
1316 2588 1329 2620 :
1372 2568 1465 2622 sed
1494 2578 1576 2624 est
1603 2583 1747 2623 nunc
1777 2583 1950 2637 usque
1989 2567 2111 2622 bar-

513 2665 680 2722 barici
726 2663 927 2721 luroris
971 2662 1215 2719 moribus
1259 2661 1535 2732 alligatus.
1582 2661 1725 2737 Deus
1754 2661 1832 2716 illi
1859 2662 2111 2717 ducatum

510 2757 771 2827 praebuit:
821 2756 962 2811 idem
1001 2769 1031 2809 a
1063 2768 1159 2808 sua
1183 2768 1309 2808 cum
1339 2753 1473 2807 facie
1517 2751 1855 2822 postmodum
1892 2752 2109 2821 abjecit.

507 2850 849 2906 Consecutus
879 2858 963 2904 est
986 2861 1209 2916 regnum
1236 2888 1252 2914 ,
1300 2853 1359 2900 ut
1397 2854 1518 2914 post
1548 2844 1752 2915 regiam
1792 2845 2109 2915 dignitatem

511 2944 719 3013 majore
742 2940 1010 2998 dedecore
1037 2937 1118 3013 (5)
1147 2938 1379 3008 Imperio
1406 2937 1650 2993 Romano
1676 2938 1925 2995 serviret.
1971 2938 2111 2995 Sane

518 3035 682 3090 vultis
710 3033 857 3090 scire
884 3040 1099 3105 quantae
1138 3030 1210 3088 sit
1238 3030 1580 3087 sanctitatis?
1624 3031 1796 3100 Quem
1839 3047 1988 3087 mare
2013 3047 2109 3089 sn-

2213 459 2357 500 sum'
2607 533 2772 608 394
2806 532 3220 592 suasurus
3255 532 3419 591 va.

2713 647 2795 704 De
2825 649 2903 722 (I)
2933 649 3119 705 Exodo
3151 649 3267 707 XII.

2287 763 2584 834 Quamdiu,
2615 764 2802 821 Judtee
2827 807 2841 831 ,
2873 764 2954 839 (2)
2985 764 3125 821 bruti
3153 766 3336 823 cordis
3367 782 3467 824 nec
3490 766 3619 824 dum
3644 768 3817 826 discu-

2217 855 2285 911 tis
2315 856 2566 912 tenebras
2592 901 2606 925 ,
2650 874 2928 928 suoneque
2954 858 3089 929 legis
3114 861 3332 915 oracula
3352 861 3464 931 jam
3504 860 3558 917 in
3593 860 3816 920 Christo

2214 949 2486 1022 completa
2516 965 2616 1007 nec
2649 950 2926 1021 probando
2953 953 3277 1022 cognoscis?
3306 952 3690 1012 Verumtamen
3716 972 3815 1028 pro

2218 1051 2310 1097 tuo
2336 1058 2498 1097 sensu
2530 1043 2577 1098 si
2612 1044 2690 1097 vis
2716 1042 2915 1114 pascha
2961 1043 3255 1114 legitimum
3282 1045 3556 1103 celebrare
3581 1090 3596 1115 ,
3644 1064 3816 1120 agnus

2217 1134 2571 1204 requirendus
2600 1146 2681 1191 est
2710 1136 2805 1191 tibi
2833 1134 3031 1210 (Exod.
3060 1152 3155 1203 xu,
3184 1135 3251 1208 5)
3279 1180 3293 1203 ,
3318 1140 3458 1193 sicut
3488 1153 3813 1212 praeceptum

2217 1232 2322 1289 est,
2345 1224 2425 1298 (ὅ)
2452 1240 2521 1281 ex
2549 1227 2700 1297 agnis
2725 1236 2781 1283 et
2810 1227 2976 1284 haidis
3000 1227 3235 1284 discordi
3263 1238 3449 1284 natura
3465 1232 3814 1297 commissus,

2217 1332 2378 1385 quem
2409 1318 2462 1371 in
2492 1319 2745 1389 gregibus
2775 1321 3017 1389 pecuinis
3049 1320 3147 1390 ipsi
3179 1320 3254 1376 tui
3285 1337 3392 1377 non
3424 1322 3679 1380 invenere
3704 1342 3820 1379 nta-

2214 1408 2385 1477 jores.
2434 1412 2612 1480 Atque
2661 1411 2864 1466 utinam
2917 1421 2971 1466 tu
3020 1412 3299 1468 invenias:
3340 1413 3533 1486 dignus
3568 1432 3630 1472 es
3671 1419 3819 1473 enim

2219 1500 2592 1558 immolatione
2635 1502 2725 1558 tali
2754 1545 2769 1567 ,
2811 1505 2900 1574 qui
2932 1505 3160 1559 salutem
3211 1516 3354 1561 tuam
3401 1507 3452 1561 in
3505 1508 3592 1578 (4)
3620 1507 3823 1565 incerti

2219 1596 2431 1665 pecoris
2458 1597 2614 1652 sitam
2647 1598 2944 1653 visceribus
2964 1599 3223 1670 opinaris.
3275 1600 3420 1657 Sane
3443 1602 3588 1673 quod
3618 1606 3823 1673 passim

2218 1689 2418 1744 multos
2447 1690 2650 1745 occidis
2679 1733 2692 1753 ,
2736 1690 3018 1747 edacitatis
3038 1702 3125 1747 est
3154 1702 3278 1748 tuae.
3324 1692 3477 1762 Quod
3503 1694 3734 1751 diversis
3766 1698 3822 1752 in

2511 1781 2785 1840 vanitatis.
2824 1783 2978 1851 Quod
3009 1799 3132 1839 cum
3161 1786 3526 1843 amaritudine
3549 1789 3822 1858 comedis,

2218 1873 2569 1930 infelicitatis.
2619 1875 2817 1940 Taceo,
2851 1876 2995 1946 quod
3022 1880 3468 1935 commemoratio
3493 1889 3578 1937 est
3598 1881 3824 1952 ingrati,

2219 1982 2327 2022 non
2356 1967 2679 2033 remedium,
2711 1967 2789 2039 (6)
2821 1969 3151 2025 sacriﬁcium
3180 2013 3194 2037 ,
3233 1972 3375 2042 quod
3418 1974 3536 2042 ipse
3563 1976 3825 2045 reprobat

2221 2060 2360 2127 lteri,
2388 2060 2479 2130 qui
2502 2060 2779 2130 praecepit.
2810 2060 2926 2117 Hoc
2950 2062 3125 2117 solum
3156 2064 3298 2119 dico.
3333 2062 3500 2136 Imple
3527 2068 3609 2122 vel
3639 2068 3692 2124 in
3711 2084 3825 2124 ca:-

2223 2154 2353 2210 teris
2393 2155 2568 2224 legem
2597 2195 2612 2222 ,
2653 2156 2796 2209 sicut
2842 2146 3103 2223 scriptum
3149 2166 3267 2213 est:
3330 2156 3595 2231 Prxcinge
3620 2160 3828 2218 lumbos

2222 2256 2359 2301 tuos.
2390 2245 2561 2302 Indue
2587 2248 2800 2319 pedibus
2827 2249 3183 2304 calciamenta.
3230 2249 3417 2319 Arripe
3440 2252 3680 2308 baculum
3708 2271 3827 2310 nm-

2220 2336 2469 2408 nu(lbid.
2498 2338 2596 2410 st).
2627 2339 2684 2395 In
2716 2356 2957 2396 eremum
2987 2341 3420 2412 proliciscere,si
3445 2352 3566 2400 tuos
3589 2344 3668 2401 vis
3696 2344 3826 2401 iuti-

2223 2433 2323 2487 tari
2349 2432 2605 2503 majores.
2650 2434 2731 2504 (7)

2590 2548 2753 2621 295
2793 2546 3209 2605 macruus
3245 2547 3430 2605 LXVI.

2695 2659 2773 2717 De
2820 2662 2901 2734 (I)
2946 2659 3134 2715 Exodo
3183 2660 3325 2718 XIII.

2288 2753 2505 2809 Judzeos
2562 2754 2861 2824 legitimum
2917 2754 3115 2823 pascha
3164 2755 3441 2810 celebrare
3502 2770 3606 2809 non
3658 2770 3825 2826 posse

2219 2849 2403 2916 paucis
2430 2848 2617 2917 accipe
2641 2887 2657 2914 ,
2687 2846 3014 2902 Christiane.
3047 2846 3356 2903 Salomonis
3396 2849 3654 2917 templum
3687 2849 3817 2902 bos-

2216 2941 2293 2995 tili
2320 2942 2619 2995 vastatione
2650 2942 2967 2997 subversum
2993 2955 3116 2996 cum
3149 2942 3302 2995 ruina
3321 2958 3412 2996 sua
3431 2941 3609 3012 jaceat
3631 2943 3822 3012 sepul-

2218 3041 2330 3087 tum
2364 3051 2376 3088 :
2414 3033 2503 3089 ubi
2551 3031 2893 3089 sacriﬁcant?
2922 3033 3246 3090 Sacerdotes
3271 3034 3382 3103 jam
3428 3048 3532 3090 non
3579 3033 3820 3103 habent,

581 3173 659 3247 (4)
691 3173 997 3247 Relativutn
1031 3190 1181 3247 quos,
1204 3170 1344 3243 quod
1376 3184 1565 3247 omnes
1597 3168 1725 3224 editi
1756 3168 1975 3236 habent,
2004 3175 2106 3247 etsi
2136 3178 2179 3239 C
2216 3170 2364 3237 Tol.,
2391 3172 2549 3247 Urb.,
2581 3172 2635 3247 in
2654 3182 2950 3247 perpetuum
2973 3168 3212 3247 Romano
3230 3170 3401 3247 ,'_cdit.
3427 3168 3589 3247 Veia,
3618 3173 3671 3226 in
3695 3189 3822 3247 pcr-

511 3242 654 3302 absit
677 3264 705 3300 a
734 3261 893 3313 mss.,
926 3242 1279 3301 nihilominus
1308 3242 1659 3308 retinuitnus,
1685 3256 1808 3296 cum
1840 3242 2109 3298 sententia

511 3315 643 3373 illud
673 3319 948 3388 postulare
970 3317 1234 3388 videatur.

581 3383 1015 3461 (5)'Paradisum
1038 3387 1142 3442 hoc
1172 3387 1290 3461 loco
1311 3402 1415 3461 non
1445 3386 1661 3461 coelum,
1690 3383 1783 3461 sed
1810 3384 2105 3461 Ecclesium

507 3456 697 3516 auctor
722 3470 899 3522 vocat,
929 3459 982 3514 in
1013 3474 1172 3527 quam
1200 3456 1413 3527 quidem
1449 3471 1541 3524 per
1580 3459 1843 3525 baptisma
1869 3457 2107 3526 ingredi-

508 3547 650 3586 mur.
696 3529 942 3585 Paradisi
966 3530 1183 3599 quidem
1218 3544 1319 3583 vox
1348 3527 1737 3599 apudGrmcos
1770 3530 1962 3599 usitata
1981 3569 1996 3591 ,
2024 3529 2108 3599 ab

507 3601 778 3659 Hebraico
821 3607 964 3662 DTI'EI
988 3598 1311 3672 pomarium,
1371 3599 1455 3652 vel
1485 3598 1687 3672 hortum
1711 3598 1973 3666 originem
2003 3598 2104 3654 du-

507 3688 638 3730 cens
663 3714 680 3741 ,
705 3674 952 3731 eamdem
991 3671 1438 3743 Signiﬁcationcm
1487 3671 1757 3743 propriam
1812 3672 1972 3725 habet
2000 3712 2015 3735 ,
2048 3680 2108 3724 ut

506 3740 694 3801 videre
734 3757 817 3801 est
869 3744 1012 3815 apud
1046 3740 1472 3815 Xenophontem
1498 3740 1959 3815 inAOCCQIIOIIIIAct)
1989 3783 2004 3807 ,
2053 3751 2108 3796 et

508 3811 919 3873 Helleuicoruui
957 3814 1052 3869 lib.
1081 3830 1133 3870 tv
1159 3854 1173 3880 ,
1217 3828 1334 3882 cap.
1369 3812 1423 3866 4.
1481 3812 1526 3867 Α
1564 3812 1766 3869 Gratcis
1789 3811 1854 3865 ad
1885 3812 2107 3868 Latinos

512 3888 707 3944 eadem
737 3903 841 3943 Vox
895 3885 1135 3941 traducta
1183 3885 1428 3939 eamdem
1459 3885 1727 3953 propriam
1759 3884 2102 3952 signiﬁcatio-

509 3975 633 4015 nem
664 3960 852 4015 sortita
883 3967 988 4021 est.
1016 3958 1093 4013 uti
1123 3965 1430 4025 apparetes
1448 3954 1748 4010 Firmiliani
1770 3956 1926 4023 epist.
1942 3972 2102 4022 Luxv,

507 4029 652 4101 inter
672 4030 1022 4101 Cyprianicas
1052 4042 1219 4101 inec
1243 4043 1351 4082 non
1381 4026 1695 4101 es__vulgato
1726 4025 2023 4101 interprete
2050 4026 2102 4080 iu

507 4100 664 4157 Cant.
694 4098 770 4168 tv,
796 4102 884 4167 15,
909 4110 1015 4157 etc.
1050 4100 1184 4153 Ilinc
1209 4100 1397 4155 hortus
1426 4098 1514 4152 ille
1534 4112 1897 4165 perammnus,
1920 4098 1971 4151 in
1999 4114 2108 4168 quo

512 4175 935 4243 primipareutes
958 4187 987 4226 a
1016 4172 1128 4227 Deo
1152 4171 1311 4243 positi
1337 4171 1569 4243 fuerant,
1600 4168 1875 4243 paradisus
1885 4170 2107 4243 pr0prie

511 4240 752 4301 vocatur.
801 4243 873 4299 At
899 4245 1055 4300 sicuti
1089 4258 1186 4311 per
1211 4240 1520 4312 allegoriam
1560 4240 1800 4295 caelestis
1844 4240 1929 4293 illa
1960 4242 2107 4310 regio

508 4317 721 4372 deliciis
748 4316 999 4381 afﬂuens,
1023 4330 1126 4385 qua
1158 4312 1299 4367 beati
1320 4323 1582 4385 aeternum
1616 4312 1885 4385 podrntnr
1905 4352 1919 4376 ,
1946 4328 2103 4385 para:

509 4388 653 4442 disus
681 4388 912 4443 dicitur:
941 4381 1102 4442 sim-ili
1129 4385 1382 4452 allegoria
1424 4381 1723 4438 Ecclesium
1744 4426 1757 4448 ,
1785 4397 1942 4453 quam
1973 4384 2109 4437 horti

510 4460 742 4513 conclusi
783 4461 1001 4513 nomine
1040 4458 1093 4511 in
1147 4455 1443 4525 Scripturis
1504 4455 1788 4509 indicatam
1864 4455 2106 4509 nonnulli

506 4528 695 4585 Patres
725 4530 1104 4591 observarunt,
1129 4529 1431 4593 paradisum
1457 4526 1513 4581 S.
1546 4525 1694 4580 Zeno
1714 4525 1989 4593 appellare
2012 4541 2105 4591 po—

509 4601 648 4668 tuit,
695 4609 751 4655 et
795 4601 897 4656 hac
943 4598 1163 4671 quidem
1220 4597 1613 4669 signiﬁcatione
1663 4598 1808 4651 illam
1866 4596 2106 4666 perbelle

508 4686 676 4727 eremo
696 4672 970 4741 opposuit.

584 4741 663 4815 (6)
713 4737 918 4811 Légere
949 4740 1236 4815 maluimus
1268 4738 1664 4815 sempiternum:
1697 4752 1805 4807 quo
1846 4737 2107 4815 adverbio

508 4808 730 4883 Plautus
767 4808 982 4883 quoque
1009 4812 1179 4883 utitur
1213 4808 1388 4864 Aulul.
1421 4824 1481 4875 Il,
1509 4812 1568 4883 I,
1594 4809 1663 4864 16
1687 4850 1702 4875 ,
1736 4825 1830 4875 pro
1856 4824 1922 4883 eo
1961 4808 2105 4879 quod

502 4884 634 4940 editi
662 4882 716 4939 ei
738 4880 1102 4938 tnss.eodices
1118 4881 1236 4935 sine
1259 4894 1422 4935 sensu
1448 4880 1690 4935 scribunt
1711 4880 2103 4950 sempiternam.

508 4954 630 5011 Mox
661 4955 783 5021 quia
814 4969 911 5025 pro
940 4953 1027 5022 qui
1057 4952 1112 5007 iu
1140 4967 1240 5025 ms.
1269 4950 1386 5005 Vat.

583 5026 664 5099 (7)
685 5022 845 5099 _Nutit
868 5031 1114 5093 spectant
1146 5024 1493 5099 baaemorem
1524 5022 1672 5077 illum
1702 5023 2104 5099 antiqunmde-

511 5093 717 5154 ferendi
741 5110 957 5165 semper
986 5110 1171 5151 secum
1199 5136 1213 5160 ,
1246 5093 1463 5148 domum
1493 5110 1705 5163 quoque
1727 5137 1741 5161 ,
1773 5093 2106 5151 Eucliaristi-

510 5185 632 5225 cum
680 5183 874 5237 panem
902 5208 916 5231 ,
962 5165 1032 5222 de
1069 5181 1178 5236 quo
1225 5180 1376 5223 more
1419 5167 1552 5220 satis
1595 5166 1797 5223 dictum
1838 5176 1997 5223 tract.
2029 5168 2063 5223 5
2091 5210 2105 5233 ,

511 5241 607 5298 lib.
637 5255 678 5305 ι,
706 5240 945 5295 adnotat.
971 5237 1060 5293 29.

608 5312 663 5381 8)
688 5312 745 5367 In
773 5308 1052 5381 “SLPQIII.
1084 5318 1261 5381 atpro
1287 5309 1357 5364 ad
1385 5308 1658 5381 scribitur.

633 5378 1165 5506 immuta—(1)
1191 5380 1532 5449 Titulibujus
1561 5389 1715 5434 tract.
1732 5388 1843 5435 tum
1873 5382 1925 5436 in
1941 5395 2099 5447 mss.,

648 5456 699 5506 in
727 5453 1091 5506 edit.itdemn
1113 5468 1216 5506 ane
1232 5459 1378 5506 sunt.
1396 5455 1523 5506 acin
1552 5463 1777 5505 tractatu
1806 5452 2097 5506 superiori.

509 5463 623 5512 tum
648 5456 699 5509 in
727 5453 1039 5510 edit.itdem
1056 5452 1216 5523 plane
1232 5459 1378 5523 sunt,
1396 5455 1523 5506 acin
1552 5463 1777 5523 tractatu
1806 5452 2097 5523 superiori.

579 5523 660 5600 (9)
691 5524 976 5600 ῌξηνειςη
1002 5521 1291 5578 momentis.
1331 5522 1521 5600 Postea
1551 5538 1681 5600 tnss.
1713 5522 1906 5600 Rem._,
1935 5521 2054 5600 T_ol.
2088 5565 2100 5585 ,

509 5592 872 5661 Val.'etUrb.,
891 5597 1176 5650 delectatur
1205 5610 1299 5660 pro
1327 5592 1545 5647 delectat
1570 5593 1765 5662 :‘nlqne
1791 5592 2103 5660 scripsisse-

506 5687 625 5725 tntts
654 5669 906 5731 libenter,
937 5669 980 5720 si
1014 5667 1288 5730 Irgcrctur
1315 5664 1401 5733 qui
1427 5680 1522 5730 pro
1559 5681 1725 5734 quem.

575 5738 651 5815 (5)
697 5739 798 5794 llis.
841 5738 1041 5804 lienn,
1085 5738 1136 5789 in
1169 5748 1469 5808 pcrprtuunt
1497 5735 1770 5803 Romanu;
1800 5734 1927 5793 Mss.
1961 5735 2101 5803 \'at.,

2216 3254 2424 3313 petuum
2451 3244 2665 3312 imperio
2702 3242 2934 3297 Romano
2960 3258 2978 3295 :
3020 3242 3111 3297 alii
3142 3243 3360 3298 codices
3382 3253 3437 3298 ct
3461 3242 3591 3299 editi
3618 3284 3633 3309 ,
3676 3254 3736 3298 ut
3763 3244 3823 3301 in

2215 3322 2367 3369 textu
2394 3317 2733 3379 scripsimus.

2288 3386 2488 3441 Tnscr.
2509 3384 2723 3441 LXV.»
2741 3386 2789 3458 (l
2803 3382 2822 3456 )
2837 3384 2962 3439 Mss.
2981 3382 3113 3438 Item
3125 3385 3188 3441 de
3199 3386 3281 3439 die
3298 3384 3514 3458 Pascha:
3528 3399 3658 3458 ;_tns.
3677 3385 3820 3443 Zen.

2212 3458 2282 3510 ad
2303 3458 2516 3512 Judteos
2559 3458 2698 3511 hunc
2725 3455 3011 3512 tractatum
3049 3458 3313 3512 inscribit.
3357 3456 3502 3512 Edit.
3550 3455 3684 3512 Ven.
3708 3499 3724 3519 ,
3754 3459 3824 3514 de

2212 3527 2452 3593 Judwis;
2494 3529 2823 3583 Veronensis
2868 3529 2932 3581 de
2967 3528 3144 3583 Exodo
3181 3536 3237 3583 et
3280 3530 3342 3582 de
3384 3530 3582 3582 ludatis
3630 3531 3817 3584 simul.

2211 3599 2325 3655 Nos
2352 3602 2414 3655 de
2454 3599 2640 3655 Exodo
2670 3602 3024 3667 retinuitnus,
3072 3616 3193 3654 cum
3241 3599 3293 3654 id
3335 3599 3701 3668 superioribus
3753 3603 3822 3655 dc

2213 3668 2399 3725 Exodo
2428 3671 2705 3740 inscriptis
2732 3680 2991 3741 congruat
3019 3713 3033 3735 ,
3077 3686 3175 3726 nec
3201 3671 3611 3742 iuscriptionutn
3640 3674 3820 3730 series

2213 3743 2284 3798 ob
2313 3743 2456 3800 hunc
2484 3760 2645 3798 unum
2679 3742 3010 3797 itnmutanda
3037 3742 3331 3797 videretur.

2287 3814 2369 3885 (2)
2402 3814 2608 3869 Nonius
2638 3831 2697 3879 tt,
2731 3815 2827 3870 75:
2848 3813 3063 3867 Brutum
3092 3814 3281 3868 dicitur
3310 3814 3456 3867 hebes
3475 3823 3525 3868 et
3555 3813 3815 3869 obtusum.

2220 3885 2388 3941 Vetus
2416 3886 2747 3942 Scholiastes
2796 3889 2847 3939 in
2891 3885 3167 3939 Horatium
3193 3926 3209 3949 ,
3243 3887 3332 3955 qui
3365 3886 3457 3939 lib.
3487 3901 3537 3945 ι.
3575 3885 3677 3939 ode
3705 3885 3778 3940 51
3799 3929 3817 3953 ,

2215 3971 2356 4028 vers.
2382 3958 2437 4020 9,
2472 3958 2569 4012 bac
2599 3974 2728 4012 voce
2758 3961 2945 4019 utitur,
2977 3966 3157 4012 notat:
3196 3955 3344 4009 Bruti
3378 3968 3556 4028 graves
3599 3960 3819 4011 ct-mrdi

2213 4027 2493 4084 dicuntur:
2537 4028 2678 4091 unde
2708 4028 2945 4084 Isidorus
2978 4029 3071 4082 lib.
3101 4044 3128 4081 κ
3150 4068 3164 4090 ,
3197 4028 3276 4082 Ιίι.
3314 4026 3408 4081 κίε
3436 4026 3629 4081 Brutus
3665 4032 3822 4095 quasi

2213 4100 2452 4171 obrutus,
2483 4100 2607 4171 quia
2626 4117 2778 4155 sensu
2807 4109 2984 4166 caret;
3029 4110 3101 4154 est
3131 4100 3267 4153 enim
3294 4100 3405 4153 sine
3430 4100 3660 4161 ratione,
3704 4102 3820 4155 sine

2214 4170 2512 4239 prudentia.

2288 4242 2368 4309 (5)
2404 4242 2537 4298 Vide
2556 4243 2742 4298 adnot.
2771 4245 2827 4307 ‘5,
2856 4243 2908 4298 in
2934 4251 3090 4298 tract.
3126 4242 3217 4298 61.

2286 4312 2362 4385 (4)
2403 4314 2666 4369 Incertum
2703 4330 2893 4385 pecus;
2925 4324 3116 4369 auctor
3156 4324 3311 4369 vocat
3359 4328 3553 4384 agnum
3601 4315 3689 4385 qui
3743 4330 3813 4370 ex

2212 4398 2473 4456 agnorum
2503 4384 2888 4456 hmdorutnqne
2915 4392 3101 4440 natura
3132 4389 3420 4453 particeps,
3445 4384 3635 4440 nullibi
3667 4386 3814 4440 inter

2216 4454 2451 4523 lanigera
2488 4457 2737 4512 aiiimalia
2768 4454 3055 4511 invenitur.
3102 4457 3247 4526 Lege
3269 4456 3671 4511 adnotatiuncm
3706 4473 3813 4509 tm-

2217 4540 2310 4592 per
2337 4528 2645 4600 allegatum.
2677 4528 2819 4583 Inter
2840 4529 3073 4600 lanigera
3098 4528 3365 4590 animalia,
3397 4528 3648 4596 inquam;
3684 4542 3813 4582 nam

2136 4576 2188 4636 D
2215 4576 2413 4662 itecoris
2448 4576 2576 4655 lieic
2599 4600 2800 4655 dictum
2830 4608 2913 4654 est
2935 4576 3096 4665 ,anon
3145 4576 3391 4668 pecudis;
3432 4576 3584 4668 picus
3626 4576 3813 4652 autem

2214 4670 2423 4735 pecudis
2446 4687 2606 4726 Ollllle
2628 4671 2831 4724 animal
2859 4672 3144 4740 signiﬁcat.
3180 4669 3324 4740 quod
3348 4670 3544 4740 pabulo
3569 4670 3817 4725 terrestri

2215 4740 2481 4824 vescitur;
2515 4750 2568 4796 at
2604 4759 2760 4824 pecus
2796 4741 2996 4812 pecoris
3016 4743 3351 4824 animalium,
3375 4756 3495 4824 quas
3522 4741 3697 4824 lanam
3729 4741 3817 4823 in-

2213 4809 2381 4881 duunt
2407 4854 2420 4874 ,
2458 4808 2897 4881 praecipunm'est
2920 4854 2934 4877 ,
2970 4822 3028 4866 nt
3067 4814 3253 4867 statuit
3285 4808 3510 4867 Basilius
3540 4808 3715 4865 Faber
3754 4811 3813 4866 in

2216 4879 2476 4937 Thesauro
2505 4879 2812 4939 eruditionis
2847 4899 2961 4939 voc.
3000 4882 3185 4938 Pecus.
3217 4884 3377 4939 'l‘raet
3401 4882 3467 4938 61
3493 4923 3509 4949 ,
3544 4882 3676 4936 inter
3715 4900 3812 4953 pc-

2212 4968 2354 5008 cora.

2289 5023 2368 5165 (ὃ)
2401 5023 2546 5079 Edit.
2581 5023 2721 5080 Ven.
2749 5042 3031 5097 perperam
3059 5026 3261 5097 vagaris
3290 5016 3387 5095 pro
3409 5024 3669 5080 vanitatis.

2289 5096 2344 5165 (b‘
2413 5095 2563 5150 Hane
2608 5099 2875 5165 syntaxim
2924 5097 2976 5151 in
2999 5096 3276 5165 juuiorutn
3310 5097 3535 5165 gratiam
3564 5098 3641 5152 sic

2288 5095 2368 5166 (b‘)
2413 5095 2563 5168 Hane
2608 5095 2875 5168 syntaxim
2914 5097 2976 5168 in
2999 5095 3276 5166 juuiorum
3310 5097 3535 5168 gratiam
3564 5098 3641 5152 sic
3671 5111 3812 5152 con-

2212 5167 2522 5221 struendam
2552 5167 2836 5223 monemus
2861 5190 2874 5221 ;
2906 5167 3094 5233 Taceo,
3136 5170 3274 5238 quod
3294 5167 3638 5237 sacri/icium,
3666 5171 3813 5235 quod

2209 5240 2319 5308 ipse
2336 5238 2575 5300 reprobat
2606 5241 2741 5309 ﬁeri,
2765 5241 2854 5311 qui
2874 5240 3139 5311 praecepit,
3156 5252 3228 5295 est
3250 5243 3686 5306 commemoratio,
3706 5257 3811 5294 non

2207 5311 2488 5383 remedium
2514 5312 2724 5383 ingrati.

2277 5379 2357 5452 (7)
2395 5381 2465 5455 _In
2513 5379 2615 5436 ms.
2666 5383 2783 5436 Tol.
2817 5396 3103 5455 morespro
3132 5386 3361 5455 majores
3386 5381 3659 5455 scribitur.
3686 5382 3809 5455 Ms.

2208 5450 2363 5524 lieni.
2394 5452 2531 5507 hanc
2560 5455 2859 5508 clausulam
2880 5452 3132 5522 subjicit:
3156 5450 3383 5524 Explicit
3407 5452 3470 5510 S.
3497 5451 3719 5508 Zenonis
3746 5453 3815 5507 de

2208 5523 2290 5576 die
2314 5522 2535 5578 Pascha:
2571 5525 2804 5588 feliciter.
3241 5522 3249 5524 ἡ
3280 5570 3287 5575 .

2280 5593 2872 5668 'fnacr.LXVI.+(l)
2915 5596 3011 5668 Ms.
3044 5594 3233 5668 Incipit
3261 5594 3453 5668 Exodi.
3485 5594 3523 5650 S
3547 5594 3644 5650 .Ius
3684 5596 3813 5650 cod.

2210 5665 2342 5720 Zeti.
2389 5684 2507 5719 cum
2545 5666 2676 5720 Ven.
2711 5667 2841 5720 (καὶαι.
2873 5668 2935 5720 de
2976 5665 3198 5721 ludatis.
3237 5671 3377 5721 I'Ltltt.
3409 5666 3535 5721 Ver.
3583 5676 3818 5737 utroque

2212 5740 2367 5794 titulo
2397 5739 2583 5793 utitur.
2619 5738 2825 5794 Similia
2882 5741 3123 5795 continet
3162 5756 3225 5795 at:
3248 5748 3510 5795 tractatus
3541 5741 3630 5794 bl).
