4230 6168
501 304 605 360 5ὲ7

1435 293 1683 352 SANCTI
1720 290 2009 349 ZENONIS
2046 290 2177 347 LIB.
2216 292 2283 360 ll,
2323 291 2573 349 TRACT.
2615 293 2875 350 LXXVII.

3690 299 3798 355 5‘28

502 420 546 475 0
577 418 699 474 felix
726 415 1073 487 supplicium,
1101 411 1245 482 quod
1280 409 1648 466 incolumitate
1687 416 1974 480 superante
2000 406 2097 462 im-
2126 408 2173 468 A
2204 406 2357 462 alveo
2377 407 2531 462 navis
2557 404 2705 479 (Jan.
2740 423 2757 461 ι
2794 416 2841 462 et
2884 404 2979 477 tt):
3010 419 3109 460 nec
3138 414 3249 461 tres
3273 407 3446 476 pueri,
3470 422 3578 478 quo
3603 408 3801 466 ardere

504 510 808 567 mortalitas
836 508 1199 579 prosequitur,
1230 510 1285 559 et
1312 516 1511 557 corona
1542 502 1555 555 !

951 636 1366 696 TRACTATUS
1390 635 1653 693 LXXVII.

1018 755 1096 810 De
1123 755 1203 828 (1)
1243 753 1460 808 Daniele
1485 752 1579 808 IX.

577 872 695 929 Non
716 870 880 927 hodie
910 869 1041 926 mihi
1071 869 1137 924 ad
1162 884 1257 925 vos
1276 884 1456 924 sermo
1478 877 1583 933 est,
1603 866 1797 921 fratres
1811 864 2097 932 carissimi,

505 964 862 1038 305.306
896 962 972 1034 (2)
1011 962 1078 1016 de
1105 960 1353 1015 humanis
1373 960 1562 1030 gestis,
1591 968 1685 1013 aut
1713 958 1923 1013 meritis
1955 976 1968 1008 :
2000 971 2101 1013 nec

509 1058 591 1130 (5)
624 1058 807 1112 Daniel
831 1056 1099 1111 inducitur
1119 1054 1262 1109 inter
1288 1053 1633 1110 frementium
1656 1053 1869 1108 leonum
1885 1051 2104 1108 rabidos

509 1153 682 1208 rictus
706 1150 1006 1221 intrepidus
1038 1148 1198 1221 (Dan.
1225 1166 1271 1202 c.
1318 1146 1447 1218 xxv),
1482 1146 1690 1202 ccelesti
1739 1145 1970 1216 prandio
2017 1161 2103 1199 sa-

508 1255 596 1300 tur
630 1261 641 1297 :
674 1257 775 1297 nec
801 1241 887 1315 (4)
913 1241 1079 1297 Jonas
1108 1241 1249 1296 inter
1277 1247 1571 1294 :estuantes
1604 1237 1869 1307 procellas
1896 1236 2101 1293 sollici-

508 1335 656 1407 tique
678 1334 843 1389 maris
858 1332 1054 1389 ﬂuctus
1076 1332 1297 1387 insanos
1318 1331 1483 1385 tutior
1498 1330 1660 1401 piscis
1677 1329 1818 1395 alvo,
1838 1345 1996 1400 quam
2020 1327 2101 1400 (5)

509 1532 674 1586 plena.
706 1516 998 1571 Cumvero
1046 1529 1177 1568 mss.
1221 1512 1342 1568 libri
1375 1512 1673 1586 dignatione
1700 1525 1800 1581 pro
1851 1509 2102 1581 dignitate

509 1583 779 1670 habeant;
811 1597 1011 1641 mutata
1040 1587 1473 1654 interpunctione
1502 1583 1736 1653 optimus
1757 1595 1950 1637 sensus
1971 1596 2102 1636 con-

510 1667 670 1715 Sisttt.

578 1729 783 1786 Taac'r.
822 1725 1244 1800 LXXVII.-—_(l)
1267 1725 1322 1800 In
1347 1724 1435 1781 ed.
1460 1725 1646 1780 titulus
1662 1732 1780 1779 crat
1803 1722 1954 1800 :_Pro
1978 1724 2101 1800 ﬁdei

510 1801 747 1865 veritate,
777 1816 935 1870 quem
962 1793 1265 1870 reperimus
1284 1799 1334 1870 i_n
1366 1813 1474 1870 uno
1497 1795 1954 1870 recent‘ms.»Zen.
1979 1793 2097 1850 Ca:-

2204 497 2527 568 putabantur
2558 496 2828 561 incendio,
2852 496 2920 551 de
2949 495 3062 552 suis
3095 496 3465 553 incensorihus
3501 498 3758 554 vindicati
3786 518 3799 554 :

2203 589 2300 645 scd
2320 589 2388 644 de
2416 588 2647 644 Domino
2674 596 2886 654 nostro,
2918 603 3079 658 quem
3130 589 3151 660 (
3176 587 3310 658 proh
3338 588 3489 643 nefas
3519 589 3532 643 ε
3558 587 3577 662 )
3630 606 3802 647 vene-

2205 689 2395 736 rantur
2423 678 2515 750 (6).
2530 680 2740 736 externi
2789 677 2867 752 (si
2894 688 3076 735 tamen
3108 679 3394 736 dicendum
3418 681 3525 754 est)
3553 682 3638 738 sui
3683 698 3807 740 car-

2206 779 2361 843 punt.
2396 771 2540 833 Sane
2569 770 2650 844 (7)
2688 771 2849 827 nullis
2906 773 3237 842 argumentis
3282 784 3554 839 armatus,
3605 775 3809 846 quibus

2208 865 2290 920 illi
2319 863 2551 921 libenter
2581 875 2805 920 utuntur
2829 906 2844 933 ,
2911 866 3000 935 qui
3050 864 3295 921 adversis
3332 868 3618 922 veritatem
3670 867 3808 924 falsa

2208 967 2560 1026 componunt,
2593 956 2688 1011 sed
2716 956 3027 1012 caelestibus
3055 957 3380 1013 testimoniis
3438 959 3653 1024 multis,
3687 975 3809 1015 ma-

2208 1049 2436 1116 nifestis,
2472 1064 2536 1104 ac
2561 1050 2731 1120 puris,
2764 1060 2821 1104 ut
2853 1048 2996 1104 docti
3024 1050 3285 1120 probent,
3329 1050 3508 1107 minus
3553 1053 3808 1108 instructi

2206 1155 2267 1196 se
2311 1156 2371 1195 se
2423 1140 2773 1206 confirment,
2806 1140 2969 1195 rudes
3001 1140 3243 1209 discant,
3291 1141 3383 1219 ,(8)
3426 1142 3657 1213 ipsique,
3716 1144 3807 1215 qui

2207 1232 2587 1303 blasphemare
2611 1233 2875 1297 nituntur,
2915 1232 3108 1289 salutis
3146 1249 3260 1289 sua:
3283 1233 3428 1291 bono
3455 1236 3538 1291 vel
3579 1249 3730 1304 sero,
3762 1237 3809 1294 si

2204 1336 2384 1397 potest
2411 1324 2548 1391 fieri,
2576 1325 2893 1397 resipiscant
2917 1325 3020 1396 (9).
3070 1335 3074 1339 '

2210 1521 2294 1568 ter
2323 1521 2395 1585 tot
2426 1511 2763 1585 Arianorum
2771 1525 2897 1585 cum
2911 1509 3244 1585 Christianis
3269 1510 3513 1585 dissidia,
3538 1512 3810 1571 Christia-

2210 1599 2308 1638 nos
2336 1580 2680 1638 divinitatem
2724 1580 2924 1637 Christi
2976 1582 3207 1651 simplici
3259 1583 3363 1638 fide
3411 1598 3477 1638 ac
3521 1585 3811 1645 traditione

2208 1652 2561 1710 defendentes
2591 1653 2883 1723 probabant
2909 1652 3140 1722 quodam
3166 1652 3348 1720 modo,
3377 1654 3809 1714 adversabantur

2209 1734 2386 1780 autem
2413 1727 2735 1781 Arianorum
2768 1733 2911 1778 artes
2958 1733 3009 1778 et
3059 1725 3168 1778 vim
3195 1765 3211 1787 ,
3258 1740 3363 1787 qua
3409 1725 3494 1780 isti
3532 1726 3598 1781 ad
3649 1743 3805 1786 suam

2210 1796 2461 1851 haeresim
2508 1795 2760 1850 tuendam
2817 1794 3120 1849 utebantur.
3178 1794 3439 1850 Audiatur
3481 1796 3803 1857 Ammianus

514 1871 616 1926 teri
662 1864 900 1926 habent:
958 1864 1222 1923 Tractatus
1269 1866 1505 1937 Danielis
1552 1868 1606 1920 in
1654 1864 1876 1926 Pascha.
1930 1882 2088 1936 quem
2120 1867 2170 1927 B
2206 1868 2564 1927 Marcellinus,
2590 1867 2839 1937 ethnicus
2861 1866 3093 1936 scriptor
3133 1865 3292 1934 hujus
3335 1868 3509 1922 artatis
3552 1871 3793 1937 celeber,

511 1943 737 2012 proinde
751 1944 803 1996 in
817 1943 1012 2012 seriem
1029 1946 1349 2012 tractatuum
1371 1938 1437 1992 de
1468 1936 2092 2012 Danieleconjiciendum

506 2007 835 2083 putavimus.
867 2010 1071 2083 Ultimo
1095 2019 1273 2064 autem
1325 2009 1448 2083 loco
1493 2007 1772 2083 ponendus
1803 2008 1950 2061 visus
1978 2018 2092 2083 est,

505 2079 627 2138 cum
672 2083 877 2137 Auctor
923 2082 1057 2134 alios
1084 2087 1342 2133 tractatus
1370 2080 1438 2133 de
1482 2079 1643 2133 trium
1694 2094 1981 2146 puerorum
2017 2080 2097 2131 in-

506 2154 700 2209 cendio
728 2154 795 2207 ab
824 2168 883 2207 se
909 2151 1018 2220 jam
1043 2150 1254 2205 habitos
1283 2159 1692 2204 commemoret.
1718 2147 1854 2203 Male
1880 2148 2096 2219 quidem

510 2224 573 2279 de
598 2223 813 2278 Daniele
860 2225 1002 2276 hunc
1054 2230 1339 2275 tractatum
1381 2221 1600 2275 inscribi
1654 2225 1921 2288 putamus,
1976 2235 2099 2274 cum

512 2311 621 2351 non
650 2296 722 2349 sit
748 2303 1032 2357 tractatus,
1061 2295 1114 2346 in
1145 2306 1252 2362 quo
1274 2290 1342 2347 de
1371 2291 1591 2362 Daniele
1619 2300 1827 2359 agatur,
1880 2291 1975 2362 sed
2009 2307 2103 2360 po—

508 2369 613 2422 tius
640 2365 901 2433 longioris
928 2361 1186 2418 tractatus
1207 2362 1517 2426 exordium,
1550 2361 1603 2415 in
1630 2375 1737 2431 quo
1769 2378 1874 2416 non
1904 2361 1971 2433 de
1998 2362 2103 2433 Da-

507 2436 672 2497 niele,
705 2432 806 2491 nec
834 2435 903 2490 de
922 2434 1078 2498 .lona,
1111 2448 1211 2487 nec
1231 2434 1297 2486 de
1327 2433 1500 2486 tribus
1523 2432 1703 2500 pueris
1722 2473 1736 2496 ,
1762 2447 1861 2485 nec
1889 2432 1957 2486 de
2003 2432 2103 2486 hu-

507 2507 684 2563 manis
712 2507 906 2578 gestis,
950 2514 1040 2559 aut
1067 2504 1310 2578 meritis,
1355 2503 1449 2558 sed
1478 2503 1541 2556 de
1578 2500 1803 2556 Domino
1839 2513 2026 2578 nostro
2038 2518 2101 2578 se

507 2573 753 2633 acturum
785 2577 1087 2642 pollicetur.
1114 2573 1274 2628 Forte
1299 2573 1402 2628 hoc
1423 2584 1539 2628 erat
1562 2588 1727 2626 unum
1755 2589 1821 2627 ex
1843 2574 2102 2640 exordiis,

505 2664 627 2719 quae
658 2664 688 2703 a
718 2647 926 2717 magnis
946 2658 1160 2716 quoque
1183 2645 1489 2719 oratoribus
1513 2644 2103 2719 parataadnotavimus

507 2714 563 2774 iit
593 2714 976 2775 Admonitionc
999 2725 1123 2770 ante
1153 2726 1307 2769 tract.
1339 2716 1430 2780 50,
1464 2715 1659 2782 quibus
1687 2714 1809 2769 dein
1842 2715 2102 2769 orationis

508 2804 706 2860 corpus
730 2805 799 2845 ex
827 2798 1068 2860 tempore
1096 2785 1518 2860 subjiciebatur;
1551 2795 1608 2839 et
1638 2784 1761 2860 hinc
1808 2786 1945 2860 forte
1995 2785 2105 2840 fac-

510 2854 624 2915 tum
657 2868 743 2915 est
784 2868 846 2914 ut
882 2854 1085 2925 reliqua
1135 2857 1308 2911 oratio
1337 2871 1402 2912 ex
1456 2865 1702 2921 tempore
1745 2854 1950 2920 habita,
2002 2871 2103 2911 nec

510 2933 709 2997 scripta
739 2928 1097 2984 desideretur.
1128 2925 1199 2981 At
1240 2941 1360 2980 cum
1400 2927 1540 2981 absit
1563 2928 1736 2980 oratio
1776 2926 1928 2996 ipsa,
1982 2942 2104 2997 qure

509 3002 578 3056 ad
606 3000 806 3057 Christi
838 3008 1096 3054 :eternam
1142 2998 1543 3067 generationem
1588 2998 1909 3065 pertinuisse
1951 2998 2101 3053 vide-

514 3082 601 3126 tur
629 3073 795 3146 (nam_
808 3070 1093 3146 adversum
1118 3068 1443 3146 Arianorum
1492 3067 1740 3122 haeresim
1773 3083 1831 3123 se
1862 3068 2106 3139 disputa-

513 3137 691 3198 turum
760 3141 909 3195 Zeno
964 3137 1194 3210 recipit)
1247 3153 1477 3208 cumque
1532 3154 1660 3194 mss.
1713 3137 1963 3205 omnes,
1999 3155 2105 3193 uno

512 3221 759 3284 excepto,
800 3215 860 3265 de
889 3210 1107 3284 Daniele
1152 3210 1479 3284 inscribant,
1523 3224 1749 3284 eamque
1796 3210 2106 3284 inscriptio-

511 3279 887 3339 nem-laudent
906 3282 1148 3337 Joannes
1174 3280 1497 3336 Veronensis
1522 3279 1932 3343 Mansionarius,
1953 3279 2107 3336 Guil-

513 3354 708 3410 lelmus
736 3354 1088 3416 PaStrenzus,
1118 3351 1392 3421 etPetrus
1414 3351 1482 3407 de
1522 3350 1824 3416 Natalibus,
1855 3354 1944 3421 qui
1974 3352 2107 3421 alle-

513 3437 645 3496 gant
695 3425 759 3478 de
816 3423 1031 3496 _D_aniele
1071 3423 1126 3475 in
1170 3420 1379 3476 Pascha
1427 3430 1673 3496 tractatus
1713 3439 1805 3496 _n,_
1853 3420 2103 3496 nimirum

514 3493 772 3550 tractatus
810 3493 902 3559 69,
947 3502 1005 3547 et
1051 3501 1410 3562 praesentem,
1456 3493 1545 3560 qui
1577 3507 1643 3546 eo
1690 3493 1846 3547 titulo
1890 3493 1941 3547 in
1974 3507 2103 3547 mss.

515 3574 908 3636 prmnotantur,
957 3563 1069 3634 jam
1115 3563 1258 3618 hunc
1314 3562 1527 3618 titulum
1576 3563 1717 3618 haud
1747 3562 2109 3618 deserendum

559 3636 843 3691 utavimus.

519 3652 843 3707 putavimus.

590 3706 672 3778 (2)
708 3705 950 3778 Indicare
980 3704 1083 3778 hoc
1109 3704 1229 3778 loco
1258 3705 1459 3778 Auctor
1486 3704 1698 3759 videtur
1727 3704 1970 3778 habitum
1996 3706 2107 3778 jam

518 3773 679 3833 tract.
714 3776 783 3832 16
810 3776 903 3830 lib.
932 3791 992 3840 ll,
1023 3773 1101 3828 De
1123 3774 1388 3841 Susanna,
1422 3776 1473 3829 in
1510 3792 1618 3846 quo
1652 3775 1870 3846 quidem
1900 3777 1964 3830 de
2000 3773 2109 3830 hu-

518 3848 688 3903 manis
716 3848 891 3917 gestis,
920 3854 1008 3899 aut
1036 3847 1227 3900 meritis
1255 3847 1451 3917 agitur.

598 3919 676 3988 (5)
708 3916 919 3988 Dehoc
949 3918 1129 3985 paucis
1157 3917 1265 3987 egit
1288 3927 1445 3971 tract.
1469 3916 1522 3979 8,
1555 3917 1649 3971 lih.
1677 3934 1716 3980 ι,
1748 3934 1802 3970 n.
1835 3919 1890 3973 5.

514 4002 521 4057 ς
591 3987 675 4057 (⁷4)
704 3987 839 4044 Vide
870 3996 1022 4043 tract.
1060 3988 1146 4051 17,
1181 3988 1276 4042 lib.
1302 4003 1369 4051 ll,
1401 3988 1490 4057 qui
1513 3989 1575 4041 de
1607 3988 1746 4043 Jona
1774 3988 2107 4044 inscribitur.

616 4058 673 4113 5i
703 4060 855 4112 Alveo
892 4060 1046 4113 abest
1067 4073 1097 4112 a
1130 4073 1230 4111 ms.
1257 4058 1378 4113 Tol.

591 4126 669 4212 (6)
694 4128 928 4212 Eatern‘i,
953 4130 1050 4212 qui
1070 4126 1351 4210 Dominum
1377 4136 1607 4212 nostrum
1632 4129 1813 4212 Jesum
1841 4130 2112 4212 Christum

422 4202 433 4209 '
521 4216 554 4253 a
576 4199 705 4273 suis,
735 4199 787 4255 id
815 4210 899 4273 est
926 4201 995 4254 ab
1026 4201 1257 4273 Arianis,
1286 4209 1521 4273 carptum
1546 4203 1916 4273 venerabantur
1941 4201 2008 4273 (si
2037 4211 2111 4257 ta-

519 4271 925 4325 mendicendam
949 4281 1071 4334 est;
1118 4269 1261 4339 quod
1310 4270 1364 4324 hi
1400 4284 1505 4323 non
1536 4286 1662 4326 vero
1705 4281 1759 4326 ct
1804 4269 2114 4329 Christiano

519 4342 666 4397 cultu
706 4343 852 4396 illum
881 4341 1294 4412 venerarentur)
1328 4339 1569 4410 profecto
1611 4343 1821 4399 Ethnici
1850 4352 2011 4410 sunt;
2058 4353 2115 4399 et

527 4412 670 4469 forte
698 4412 775 4467 illi
797 4427 863 4468 ex
895 4411 1158 4468 Gentibus
1188 4411 1526 4482 potissimum
1552 4412 1881 4481 iunuuntor,
1912 4416 2004 4486 qui
2033 4416 2115 4470 in-

2201 1939 2291 1992 lib.
2328 1954 2444 2000 xxr,
2478 1952 2598 2007 cap.
2636 1937 2740 1993 i6:
2786 1935 3130 1991 Christianam
3180 1936 3477 2006 religionem
3517 1935 3811 1997 absolutam

2202 2019 2247 2082 et
2269 2010 2558 2079 simplicem
2604 2007 2747 2082 anili
2780 2008 3141 2077 superstitione
3171 2010 3491 2079 confundens
3521 2010 3818 2082 (Constan-

2204 2076 2309 2135 tius
2338 2076 2634 2149 Imperator
2655 2076 2982 2134 Arianorum
3014 2076 3294 2151 patronus)
3323 2081 3376 2134 in
3400 2097 3500 2150 qua
3527 2076 3816 2139 scrutanda

2204 2151 2499 2222 perplexius
2528 2167 2680 2220 quant
2724 2151 3080 2218 componenda
3118 2152 3347 2220 grauius,
3387 2153 3630 2208 excitauit
3657 2155 3815 2209 dissi-

2204 2222 2543 2295 diaplurima
2570 2240 2588 2285 ;
2628 2236 2743 2291 quae
2772 2238 3042 2295 progressa
3071 2222 3240 2295 fusius
3267 2223 3395 2277 aluit
3431 2226 3817 2282 concertatione

2203 2294 2508 2365 verborum,
2551 2304 2605 2346 ut
2647 2293 2879 2365 catervis
2917 2293 3256 2365 Antistitum,
3296 2295 3546 2364 jumentia
3590 2297 3815 2365 publicis

2205 2364 2344 2419 ultro
2371 2364 2601 2435 citroque
2622 2363 3040 2436 discurrentibus,
3058 2381 3146 2433 per
3171 2363 3416 2436 synodos,
3443 2381 3569 2435 quas
3591 2363 3598 2365 “
3621 2368 3780 2435 appet
3795 2398 3812 2409 -

2207 2436 2339 2501 lant,
2373 2436 2497 2488 dum
2541 2436 2697 2487 ritum
2742 2451 2945 2488 omnem
2973 2434 3043 2489 ad
3088 2434 3239 2489 suum
3293 2434 3491 2491 trahere
3533 2434 3816 2493 conaretur

2208 2505 2501 2571 arbitrium,
2552 2506 2627 2560 rei
2663 2505 2989 2560 vehiculariae
3032 2507 3316 2563 succideret
3358 2524 3555 2563 neruos.
3586 2508 3817 2566 Themi-

2208 2577 2347 2632 stius
2370 2576 2474 2650 alia
2504 2576 2714 2632 ratione
2732 2575 2986 2650 Arianos,
3017 2579 3105 2647 qui
3137 2588 3327 2635 contra
3359 2579 3661 2635 Catholicos
3685 2595 3816 2650 per-

2209 2649 2546 2702 secutionem
2598 2647 3004 2702 acerbissimam
3058 2657 3341 2704 moverant
3386 2650 3486 2705 sub
3538 2647 3810 2716 Valente,

2210 2719 2570 2786 comprimere
2596 2726 2820 2771 conatus
2848 2718 2900 2772 in
2924 2734 2983 2773 ea
3001 2721 3246 2776 oratione
3266 2721 3332 2775 ad
3360 2720 3609 2776 eumdem
3637 2722 3817 2790 impe-

2209 2800 2467 2853 ratorem,
2502 2804 2621 2858 quae
2650 2791 3082 2867 _1rpoa'qmvnrtxog
3126 2790 3458 2867 inscribitur,
3492 2792 3635 2867 dum
3667 2794 3816 2867 άξνί-

2212 2875 2308 2912 nas
2337 2876 2424 2934 res
2455 2875 2615 2928 supra
2632 2860 2936 2934 lnima'nam
2984 2861 3407 2918 ratiocinationis
3453 2865 3559 2918 vim
3603 2865 3816 2934 positas

2211 2930 2499 2985 ostendere
2526 2930 2751 2995 studuit,
2786 2940 3072 2988 veneratus
3113 2942 3199 2987 est
3248 2934 3354 2988 alio
3380 2934 3541 2990 modo
3570 2930 3814 2992 divinam

2212 3001 2371 3055 Verbi
2396 3002 2826 3076 generationem,
2850 3003 3168 3076 perinde_ac
3192 3003 3480 3071 Catholici,
3512 3009 3615 3076 qui
3656 3007 3818 3061 Aria-

2212 3088 2401 3124 norum
2452 3072 2822 3127 curiositatem
2875 3086 2999 3129 cum
3066 3073 3286 3131 Zenone
3336 3072 3813 3132 criminabantur:

2211 3158 2380 3218 eaque
2405 3145 2620 3218 ratione
2663 3142 2811 3218 idem
2849 3145 3067 3218 gentilis
3108 3145 3472 3218 Philosophus
3520 3164 3552 3202 a
3582 3148 3817 3205 Valente

2212 3213 2553 3290 olitinuit,__ut
2582 3228 2705 3268 cum
2735 3212 3060 3290 Christianis
3085 3218 3273 3272 mitius
3299 3212 3500 3290 ageret,
3532 3220 3676 3290 quod
3705 3218 3817 3275 So-

2210 3292 2406 3357 crates,
2449 3284 2545 3357 lib_.
2575 3300 2647 3349 tv,
2681 3300 2801 3355 cap.
2831 3285 2921 3357 572,
2950 3295 3006 3340 et
3033 3284 3370 3344 Snzontenus
3400 3289 3498 3343 lib.
3539 3284 3612 3356 vi,
3636 3306 3687 3346 c.
3716 3291 3815 3357 56,

2212 3356 2449 3409 ῑτίιειιιηι.
2504 3353 2580 3409 Ea
2631 3353 2810 3410 autem
2861 3356 3145 3412 Thentistii
3191 3360 3365 3415 oratio
3415 3361 3481 3415 ad
3530 3353 3815 3419 Valentem

2212 3424 2389 3479 adhuc
2412 3434 2606 3480 exstat.

2283 3496 2362 3570 (7)
2419 3496 2746 3570 Argumentis
2800 3514 2854 3552 se
2887 3499 3045 3570 nullis
3090 3508 3336 3556 acturum
3389 3502 3694 3570 pollicetur,
3747 3504 3818 3558 iis

2215 3566 2446 3630 scilicet,
2487 3566 2682 3637 quibus
2702 3567 2886 3623 Ariani
2912 3569 3148 3624 divinam
3172 3571 3373 3627 Christi
3389 3566 3818 3638 generationem

2213 3638 2479 3692 curiosius
2534 3640 3338 3714 perscrutari“delecgtbantur,
3386 3658 3548 3714 quam
3580 3642 3817 3700 Ariano-

2215 3723 2331 3783 rum
2361 3709 2806 3783 consuetudinem
2838 3710 2964 3766 alibi
2990 3711 3218 3783 S.7Zeno
3243 3709 3812 3783 saspe'reprchendit.

2214 3777 2351 3833 Vide
2378 3781 2516 3834 inter
2543 3781 2646 3833 alia
2669 3788 2842 3835 totum
2868 3791 3024 3836 tract.
3052 3782 3104 3845 1.
3133 3783 3226 3837 lib.
3259 3800 3296 3847 t,
3325 3777 3434 3840 'ms.
3468 3777 3612 3848 Vat.,
3641 3803 3818 3841 arma-

2215 3858 2300 3925 tur
2315 3864 2420 3925 pro
2448 3860 2678 3925 armatus
2701 3868 2720 3917 ;
2750 3852 2846 3907 sed
2880 3863 3166 3925 utrumque
3195 3855 3299 3925 legi
3322 3866 3518 3925 potest,
3541 3856 3666 3910 dum
3702 3873 3817 3913 non

2215 3919 2546 3995 adAZenonis
2581 3937 2892 3990 personam,
2942 3924 3037 3977 sed
3082 3919 3149 3978 ad
3177 3919 3463 3982 sermonem
3503 3919 3815 3995 referatur,

2215 3992 2305 4059 qui
2324 3993 2487 4065 nullis
2515 3995 2831 4065 argumentis
2852 4002 3078 4049 armatus
3109 3997 3373 4064 proditur.

2292 4062 2374 4129 (8)
2421 4061 2619 4136 Contra
2654 4065 2883 4119 Arianos
2928 4081 3059 4135 ergo
3085 4061 3365 4136 disputare
3406 4069 3572 4125 multa
3622 4069 3726 4125 hoc
3761 4070 3819 4127 in

2220 4141 2447 4211 tractatu
2475 4134 2685 4189 volebat
2714 4137 2771 4191 S.
2799 4134 3038 4211 Antistes
3068 4153 3082 4187 :
3112 4134 3314 4211 et'hinc
3342 4156 3553 4211 quoque
3579 4140 3822 4198 Arianos

2216 4203 2447 4282 aliquot,
2480 4220 2725 4282 quorum
2774 4207 2936 4282 saluti
2991 4203 3403 4265 sermocinando
3456 4203 3820 4282 prospiceret,

2224 4273 2450 4347 Verona:
2476 4275 2640 4347 fuisse
2666 4277 3002 4347 exploratum
3027 4287 3133 4332 est.

2291 4343 2369 4415 (9)
2398 4346 2457 4423 in
2482 4361 2583 4423 ms.
2608 4343 2774 4423 _Rm_n'.
2805 4348 2920 4423 hrec
2942 4348 3181 4405 clausula
3207 4351 3420 4423 legitur.
3446 4352 3832 4423 Explicittrac-

2220 4424 2355 4470 tatus
2384 4415 2571 4472 Daniel
2600 4419 2655 4472 in
2688 4417 2914 4474 Pascha.

531 4550 3803 4577 Μ

1304 4642 2311 4817 APPENDIX
2402 4651 3045 4794 PRIMA

826 4890 998 4961 AD
1098 4883 1554 4957 OPERA
1653 4880 2156 4958 SANCTI‘
2227 4891 2775 4966 ZENONIS
2875 4895 3509 4997 EPISCOPI,

516 5041 1024 5131 Q’OMPLECTENS
1066 5060 1078 5095 ε
1123 5042 1183 5094 to
1224 5036 1963 5131 PQi‘hilill_'i‘i{ACTATUS
2023 5040 2199 5098 DUOS
2261 5042 2351 5096 ET
2423 5044 2814 5104 EPISTULAM
2875 5048 3112 5116 UNAM;
3154 5052 3219 5105 2°
3258 5051 3500 5109 SANC'l‘i
3562 5053 3827 5112 ntLann

774 5128 1479 5194 lNTERPRETATlONEM
1514 5129 1821 5199 QUINQUE
1876 5133 2296 5190 PSALMORUM
2328 5151 2341 5200 ;
2384 5135 2447 5189 5°
2487 5137 2733 5195 SANCTI
2773 5139 3019 5197 BASlLll
3074 5140 3573 5202 CIESAREENSIS

1775 5227 1817 5282 Τ
1822 5227 2187 5285 RACTATUS
2222 5226 2576 5294 QUATUOR.
3557 5238 3562 5242 ’

1913 5368 2387 5427 -οθῑφδὲ-ο-

1540 5499 1923 5582 ΜΟΝΙΤ
1936 5500 2116 5584 UM
2169 5501 2761 5592 EDITORIS.

577 5674 880 5748 Triplicem
910 5668 1051 5724 hanc
1072 5660 1460 5734 opusculorum
1481 5661 1674 5731 seriem
1702 5659 1791 5717 hic
1815 5661 2114 5720 rescribere
2140 5673 2193 5735 D
2218 5667 2451 5723 secunda
2483 5669 2539 5724 in
2580 5677 2727 5727 tomo
2770 5687 2825 5727 ιχ
2872 5672 3192 5750 Patrologia:
3246 5689 3445 5737 nostra:
3488 5698 3555 5739 ex
3606 5686 3825 5760 integro

494 5787 603 5837 non
639 5765 963 5834 debuimus,
1002 5756 1440 5831 quandoquidem
1480 5754 1655 5826 prima
1706 5754 1759 5812 in
1802 5764 2099 5852 tomo'vm,

2204 5756 2416 5831 jaceat,
2450 5761 2606 5818 tertia
2634 5778 2765 5823 vero
2801 5763 2939 5822 inter
2965 5766 3142 5839 Opera
3187 5769 3244 5826 S.
3279 5771 3463 5830 Basilii
3494 5756 3813 5837 collocanda
