4230 6168
378 247 488 307 529

1484 248 2055 308 BALLERINIORUM
2093 247 2706 314 OBSERVATIONES.

3625 265 3730 320 550

377 367 584 442 potiori
604 366 735 437 jure
766 377 1097 422 reservetur.
1122 361 1274 421 Hinc
1307 365 1470 435 igitur
1499 364 1759 453 lectorum
1789 362 2017 419 rationi-
2047 369 2099 429 Α
2125 366 2311 423 nullas
2341 370 2602 441 epistolas
2641 373 2749 446 jam
2789 375 2915 432 alibi
2954 386 3080 459 ante
3128 378 3303 435 editas
3328 379 3693 439 recuderimus
3713 424 3729 448 ,

376 465 504 529 bus,
539 461 672 517 inde
715 459 927 515 Cursus
973 460 1140 514 nostri
1188 459 1393 513 unitati
1423 448 1797 524 consulentes,
1830 458 2016 513 nullas

374 557 586 614 charta:
615 553 904 624 impensas
925 555 978 607 in
1001 549 1333 623 superﬂuam
1364 553 1699 608 reensionem
1727 551 2011 617 iaciemus,

373 648 515 706 nihil
546 647 782 702 omnino
812 645 1165 714 exscripturi,
1196 644 2018 715 nisiobservationesquasdam

371 759 403 799 a
431 740 756 797 Balleriniis
786 737 919 792 huic
944 736 1202 792 editionis
1223 751 1340 790 suae
1363 736 1482 792 loco
1507 736 1829 806 prmmissas.
1853 732 2027 803 Quod

370 846 556 893 autem
586 834 658 890 ad
686 834 803 906 ipsa
833 846 1004 902 opera
1030 844 1362 900 praesentem
1385 829 1738 900 appendicem
1759 828 2017 884 efﬁcien-

374 934 447 988 tia
474 929 761 1003 pertinet,
797 927 1062 983 lectorem
1093 939 1162 979 eo
1202 933 1478 978 tomorutn
1510 940 1603 979 vnt
1631 934 1684 979 et
1715 940 1769 978 ιι
1808 923 2025 978 Βίὺιίο-

376 1025 547 1082 theca:
563 1030 777 1079 nostra:
800 1019 1174 1083 remittemus,
1202 1017 1300 1072 ubi
1331 1017 1559 1072 Potamii
1576 1033 1675 1073 nec
1700 1034 1806 1072 non
1824 1017 2019 1071 Hilarii

370 1124 637 1174 tractatus
669 1113 758 1168 hic
783 1120 1121 1169 memoratos
1149 1108 1345 1180 legere
1371 1117 1473 1175 est,
1506 1108 1572 1163 de
1599 1121 1788 1163 sancto
1810 1107 2018 1162 Basilio

368 1218 634 1281 rogantes
679 1217 738 1261 ut
769 1204 949 1262 Patris
981 1203 1135 1258 illius
1164 1200 1413 1271 Operum
1460 1202 1749 1256 editionem
1783 1216 2012 1271 exspec-

368 1313 483 1360 tare
511 1303 671 1359 velit.

437 1400 509 1451 At
536 1408 697 1460 vero,
723 1407 814 1461 ne,
844 1391 925 1447 sic
944 1397 1179 1461 agentes
1207 1386 1375 1442 nobis
1401 1384 1534 1459 ipsis
1562 1403 1802 1459 pugnare
1822 1387 2011 1444 videa-

366 1507 512 1559 mur,
546 1497 608 1545 ut
637 1488 731 1560 qui
761 1487 814 1543 in
842 1483 1083 1543 secundo
1111 1490 1280 1538 tomo
1305 1480 1365 1537 S.
1397 1481 1584 1538 Hilarii
1606 1483 1845 1554 Operum
1873 1498 2010 1538 non~

2126 461 2435 517 notandum
2467 475 2585 531 est,
2628 467 2745 523 illas
2792 454 3238 539 epistolas-non,
3291 482 3346 526 ut
3398 473 3469 529 ita
3512 473 3724 543 dicam,
3778 492 3783 499 ‘

2127 563 2359 625 propter
2387 574 2446 612 se
2477 558 2668 627 citari,
2698 562 2850 631 quasi
2883 561 3086 617 Hilario
3115 578 3145 617 a
3182 564 3502 635 quibusdam
3533 582 3729 637 perpe-

2127 659 2249 733 ram
2296 647 2557 715 tributas;
2604 651 2695 706 sed
2725 653 2907 721 operis
2934 651 3178 709 historici
3226 671 3253 708 a
3289 655 3347 711 S.
3384 657 3587 713 Hilario
3614 659 3729 713 elu-

2129 737 2344 793 cubrati
2389 749 2597 810 partem
2650 743 3005 814 integrantem
3051 747 3416 813 constituere,
3465 764 3565 804 nec
3609 751 3727 806 sine

2127 828 2350 885 lectoris
2381 834 2627 889 molestia
2670 850 2699 889 a
2745 836 2916 890 sancti
2948 837 3194 907 Episcopi
3242 822 3725 909 argumentationi-

2126 920 2265 989 bus,
2299 923 2494 992 quibus
2538 927 2997 993 intermiscentur,
3034 931 3274 999 potuisse
3319 932 3523 989 divelli.
3568 934 3725 991 Unde

2128 1015 2261 1069 satis
2283 1029 2555 1085 superque
2586 1033 2707 1073 cum
2757 1018 3236 1087 contradictionis,
3288 1030 3399 1076 tum
3440 1024 3724 1093 imperitia:

2123 1107 2332 1161 crimen
2366 1107 2683 1180 ell'ugimus;
2731 1109 2799 1165 de
2828 1119 3048 1178 eastero,
3089 1113 3212 1182 quia
3263 1129 3323 1169 se
3370 1113 3463 1170 dat
3482 1116 3720 1184 occasio,

2122 1208 2440 1267 monentes,
2471 1201 2551 1255 sic
2587 1217 2685 1256 nos
2712 1202 2764 1283 in
2792 1201 3057 1257 similibus
3086 1204 3507 1259 circumstantiis
3536 1213 3724 1276 gestu-

2121 1304 2215 1345 ros
2243 1301 2299 1344 ut
2319 1292 2775 1361 scrupulosiorem
2796 1293 3217 1367 liberioremque
3237 1296 3430 1367 agendi
3454 1298 3720 1353 rationem

2119 1385 2323 1456 pariter
2351 1387 2602 1443 vitemus.
2811 1387 2882 1443 Μ.

366 1617 3691 1652 ’,Μ

913 1720 1073 1793 307
1118 1733 2053 1809 BALLERINIORUM
2106 1735 2889 1813 OBSERVATION
2897 1741 3021 1815 ES

999 1889 1283 1953 PRIM‘IE
1330 1888 1667 1953 ZENONIS
1737 1892 2073 1956 OPERUM
2147 1892 2574 1956 APPENDICI
2646 1896 3109 1962 PR/EMISSJE.

442 2163 487 2218 ι.
529 2160 828 2216 Tractatus
873 2154 998 2209 illos
1045 2151 1294 2208 undecim
1327 2150 1534 2224 (acinpe
1568 2153 1700 2207 duos
1735 2148 1997 2213 Potamii,
2031 2148 2080 2209 B
2108 2149 2337 2205 omnino
2365 2153 2649 2214 adhaerens
2681 2160 2893 2218 inventa
2934 2172 3115 2232 esset,
3158 2177 3353 2219 novam
3402 2164 3722 2234 interpreta-

368 2253 573 2311 Hilarii
602 2250 856 2320 quinque,
887 2245 1075 2300 Basilii
1109 2247 1374 2316 quatuor),
1408 2245 1498 2314 qui
1525 2260 1592 2300 ex
1624 2245 1789 2299 variis
1810 2251 2001 2296 aucto-

366 2350 521 2407 ribus
552 2349 606 2401 in
651 2361 758 2399 ms.
800 2340 1058 2396 Remeusi
1103 2339 1280 2393 aliena
1313 2354 1482 2394 manu
1512 2336 1834 2392 Zenoniauis
1870 2334 2002 2390 suh-

362 2443 518 2514 jecti,
546 2441 617 2496 ab
645 2438 771 2493 aliis
798 2448 929 2489 vero
949 2434 1381 2491 amanuensibus
1413 2433 1465 2486 iu
1496 2433 1723 2487 aliorum
1748 2429 1998 2486 codicum

367 2536 520 2593 calce
549 2533 748 2590 eodem
792 2529 990 2584 ordine
1017 2527 1317 2599 eademque
1354 2542 1524 2583 manu
1558 2525 1901 2590 transcripti,
1935 2539 2001 2579 ac

368 2644 470 2701 pro
491 2624 827 2682 Zenonianis
853 2621 923 2677 ab
947 2619 1237 2676 editoribus
1262 2619 1471 2685 ltabiti,
1497 2620 1638 2673 inter
1658 2617 2001 2672 Zenonianos

368 2720 612 2792 permisti
634 2728 691 2773 et
714 2714 849 2771 editi
877 2721 1001 2767 sunt
1025 2712 1189 2784 (quod
1216 2713 1477 2768 omnium
1502 2709 1998 2764 controversiarum

370 2828 533 2871 causa
579 2808 870 2882 potissima
902 2804 988 2859 vel
1019 2804 1228 2860 occasio
1273 2804 1448 2876 fuit),
1482 2817 1579 2856 nos
1621 2816 1765 2855 nunc
1808 2814 2001 2854 manu-

372 2907 702 2979 scriptorum
730 2917 864 2973 ope,
895 2909 950 2955 et
977 2899 1138 2954 certis
1165 2899 1390 2955 indiciis
1416 2896 1630 2959 moniti,
1656 2904 1937 2965 separatos
1968 2907 1997 2945 a

374 3001 588 3057 emeris
619 2999 673 3053 in
722 2991 1100 3064 Appendicem
1132 2991 1366 3060 primum
1416 2988 1725 3059 rejicimus,
1775 2987 1844 3041 de
1890 2997 1999 3055 quo

375 3093 512 3149 Satis
540 3092 684 3154 sint,
715 3101 843 3156 qua:
893 3083 1132 3154 pluribus
1165 3083 1523 3138 disseruimus
1572 3082 1624 3135 in
1671 3079 1999 3150 praefatione

375 3180 782 3240 dissertationis
838 3177 1046 3247 primae.
1096 3175 1248 3231 Nunc
1294 3176 1620 3247 quibusnam
1676 3171 1995 3228 auctoribus

376 3277 541 3332 iidem
586 3274 696 3329 sint
743 3268 1124 3340 adjudicandi,
1169 3269 1308 3338 quod
1338 3284 1404 3323 ex
1437 3266 1663 3320 laudatis
1706 3264 1994 3321 codicibus

376 3387 485 3426 non
514 3376 782 3441 apparet,
814 3363 1160 3437 quaerendum
1192 3373 1244 3419 et
1288 3360 1633 3419 statuendum
1684 3360 1852 3415 nobis
1883 3365 1989 3414 est.

375 3463 623 3533 Quinque
655 3467 922 3516 tractatus
953 3457 1004 3510 in
1018 3455 1257 3510 Psalmos
1284 3469 1418 3524 Opus
1440 3467 1560 3507 esse
1588 3452 1766 3506 coaevi
1809 3453 1992 3508 Picta-

2108 2242 2312 2297 tionem
2346 2258 2406 2299 se
2441 2246 2629 2305 iniisse
2669 2251 2864 2307 ibidem
2899 2254 3202 2325 proﬁtetur.
3235 2253 3389 2320 Quod
3428 2256 3473 2309 si
3516 2257 3716 2323 reperi,

2107 2332 2308 2401 inquit,
2340 2334 2746 2419 interpretatum,
2777 2354 2943 2398 tamen
2972 2354 3180 2413 propter
3209 2344 3590 2415 diligentiorem
3617 2348 3720 2400 veri

2106 2424 2289 2491 ﬁdem.
2319 2427 2523 2483 verbum
2551 2443 2596 2485 et
2625 2435 2775 2489 uerbo
2800 2436 2963 2489 malui
2996 2438 3281 2505 transferre
3307 2438 3371 2488 de
3400 2435 3601 2490 Gra’co.
3635 2436 3721 2491 In-

2106 2520 2518 2582 terpretatiouis
2542 2534 2718 2580 autem
2745 2538 3024 2582 auctorem
3047 2528 3091 2579 si
3117 2526 3238 2594 quis
3259 2541 3286 2576 a
3313 2526 3470 2580 nobis
3490 2537 3715 2596 qumrat,

2107 2608 2363 2664 Ruﬁnum
2420 2616 2818 2685 Aquileiensem
2850 2616 3228 2688 presbyterum
3260 2631 3380 2672 esse
3410 2618 3713 2688 Opinamur.

2106 2698 2266 2756 Hunc
2293 2706 2437 2761 enim
2473 2711 2757 2765 nonnullas
2805 2725 2875 2764 ex
2905 2708 3086 2762 Basilii
3115 2708 3349 2764 homiliis
3376 2709 3566 2766 Latine
3591 2714 3717 2769 red-

2105 2791 2313 2850 didisse
2351 2798 2469 2862 ipse
2518 2801 2569 2856 in
2611 2801 2843 2858 historia
2876 2801 3010 2855 satis
3056 2801 3234 2869 prodit
3278 2801 3373 2857 lib.
3419 2819 3488 2869 tt,
3535 2821 3635 2877 cap
3661 2807 3714 2865 9.

2107 2883 2278 2943 Porro
2305 2892 2432 2963 styli
2464 2895 2601 2951 ratio
2632 2904 2690 2949 et
2716 2893 3108 2960 interpretandi
3136 2893 3384 2961 libertas,
3418 2914 3536 2966 qua:
3567 2899 3721 2957 hisce

2104 2978 2158 3032 in
2193 2981 2742 3054 interpretationibus
2768 2984 2986 3050 emicat,
3013 3002 3132 3042 cum
3160 2991 3371 3047 earteris
3414 2992 3719 3055 Ruﬁnianis

2102 3077 2273 3143 probe
2302 3085 2570 3152 congruit.
2606 3084 2747 3138 Πειιο
2781 3079 3091 3150 probabilia.
3121 3082 3227 3141 Sed
3271 3064 3353 3143 his
3381 3088 3447 3144 ad
3488 3090 3718 3149 demun-

2099 3172 2419 3228 strationem
2470 3177 2693 3233 accedit
2733 3171 2974 3246 pra-latio
3017 3176 3250 3247 ejusdem
3303 3180 3517 3254 Ruﬁni,
3553 3204 3712 3261 quam

2096 3264 2221 3319 octo
2248 3265 2433 3322 Basilii
2465 3271 2811 3329 tractatibus
2836 3270 2902 3327 ab
2929 3271 3109 3327 eodem
3135 3273 3328 3334 Ruﬁno
3375 3279 3564 3340 Latine
3591 3287 3711 3343 red.

2094 3353 2222 3410 ditis
2254 3360 2527 3426 pra-ﬁxam
2555 3364 2626 3419 P.
2655 3363 2895 3420 Garnier
2915 3364 3302 3439 Benedictinus,
3335 3372 3386 3426 in
3417 3376 3708 3434 novissima

2094 3447 2279 3505 Basilii
2310 3467 2536 3522 operum
2563 3457 2844 3523 editione,
2863 3475 2927 3515 ex
2953 3458 3158 3515 duobus
3174 3478 3305 3519 mss.
3336 3470 3485 3539 regio
3507 3482 3561 3525 et
3586 3472 3712 3529 Col-

373 3557 580 3612 viensis
608 3552 851 3627 episcopi
877 3550 935 3608 S.
969 3548 1147 3603 Hilarii
1175 3547 1305 3602 nihil
1328 3557 1408 3602 est
1438 3542 1834 3608 dubitandum,
1862 3558 1989 3599 cum
2020 3533 2067 3597 C
2099 3542 2313 3598 bertino
2335 3546 2507 3603 edidit
2537 3558 2681 3603 tom.
2714 3566 2773 3614 ιι,
2818 3567 2933 3622 pag.
2963 3552 3083 3618 715,
3114 3554 3163 3607 iu
3193 3571 3296 3625 qua
3324 3533 3438 3616 hinc
3483 3562 3710 3622 Ruﬁnus

375 3665 484 3705 non
516 3659 623 3704 tam
650 3646 826 3718 Stylus
848 3641 1107 3698 Hilarium
1148 3640 1320 3709 palam
1360 3636 1590 3698 referat,
1618 3632 1714 3688 sed
1748 3636 1989 3691 totidem

374 3742 542 3798 etiam
574 3740 753 3795 verbis
781 3738 927 3792 inter
955 3733 1137 3789 Hilarii
1169 3747 1330 3799 opera
1359 3729 1736 3798 reperiantur;
1777 3740 1841 3782 et
1880 3743 1992 3782 non

374 3835 698 3892 ﬂinctnarus
730 3830 904 3887 solum
953 3829 1005 3882 in
1052 3826 1188 3881 libro
1231 3830 1299 3878 (te
1343 3821 1706 3883 Prmdestin.,
1738 3832 1867 3890 cap.
1896 3820 1991 3887 25,

375 3926 475 3982 sed
501 3926 859 3996 Hieronymus
882 3934 1095 3991 quoque
1123 3919 1173 3971 in
1219 3914 1376 3983 epist.
1411 3927 1612 3972 xxxw,
1646 3909 1715 3962 ad
1757 3908 1997 3967 Mareel-

378 4022 512 4087 lam,
538 4034 684 4074 num.
714 4017 750 4072 5
784 4026 839 4072 et
866 4017 921 4079 5,
965 4011 1220 4084 quasdam
1268 4006 1573 4062 sententias
1611 4002 1815 4058 recitet
1859 4015 1999 4059 tant-

379 4131 542 4185 quam
571 4111 794 4178 Hilarii,
828 4125 946 4180 qua:
980 4107 1032 4160 itt
1065 4105 1211 4158 hisce
1242 4099 1563 4157 tractatibus
1593 4097 1952 4151 inveniuntur
1984 4118 2000 4152 :

380 4218 446 4259 nt
468 4205 778 4260 omittamus
796 4202 847 4254 in
868 4197 1249 4266 explanatione
1272 4190 1466 4262 psalmi
1490 4203 1706 4250 cut-tt,
1734 4204 1885 4244 num.
1910 4190 1998 4251 l-l,

384 4298 864 4367 interpretationes
896 4295 946 4345 in
993 4290 1281 4357 superiores
1309 4282 1539 4355 psalmos
1578 4280 1837 4349 allegari,
1881 4295 2003 4350 qua:

390 4389 725 4445 llilariauum
750 4384 993 4455 profecto
1015 4379 1462 4435 commentarium
1491 4373 1549 4429 in
1579 4372 1716 4426 alios
1742 4371 1998 4441 psalmos,

388 4481 465 4536 de
509 4481 701 4549 quibus
756 4479 807 4532 iu
854 4475 1091 4532 Zenonis
1134 4470 1411 4528 codicibus
1461 4467 1599 4521 nihil
1647 4472 1763 4528 est,
1818 4472 2005 4532 aperte

392 4573 648 4627 iunuunL

472 4663 639 4735 308
655 4662 715 4718 11.
734 4662 976 4730 Quatuor
990 4671 1152 4728 porro
1165 4664 1429 4715 tracmtus
1441 4653 1504 4706 de
1518 4651 1704 4705 Livore
1714 4657 1762 4703 et
1778 4647 2006 4714 Invidia;

400 4755 469 4808 de
499 4755 730 4807 Adtende
759 4751 868 4816 tibi,
897 4750 961 4802 de
982 4747 1219 4821 Jejunio,
1250 4754 1307 4800 et
1334 4745 1397 4800 de
1418 4743 1584 4796 Avaro
1605 4740 1762 4794 diuite
1791 4752 1913 4792 esse
1940 4751 2009 4791 ex

398 4850 463 4903 S.
496 4846 697 4901 Basilio
728 4845 918 4900 Latine
948 4840 1263 4906 translatos,
1296 4837 1394 4893 sed
1422 4837 1494 4891 ita
1517 4844 1574 4890 ut
1597 4834 1707 4888 duo
1735 4829 1893 4902 primi
1926 4834 2012 4883 ln-

2097 3647 2285 3706 aperte
2316 3643 2636 3708 pronuntiat
2664 3657 2679 3691 :
2712 3643 2899 3712 Aliqua
2937 3646 3027 3699 tibi
3062 3647 3114 3701 in
3152 3647 3395 3706 Latinum
3423 3658 3549 3711 verti
3583 3659 3707 3713 olim

2100 3747 2431 3804 poposceras,
2464 3732 2768 3803 Aproniano
2802 3737 2883 3805 ﬁli
2909 3739 3236 3810 charissime;
3280 3747 3419 3817 quod
3459 3766 3524 3804 ea:
3561 3761 3706 3822 parte

2099 3823 2276 3890 aliqua
2308 3825 2407 3895 feci
2450 3825 2504 3877 in
2548 3826 2822 3893 pra’senti,
2857 3828 2978 3883 dum
3016 3832 3070 3884 in
3105 3832 3240 3888 Urbe
3286 3853 3478 3899 essem.
3529 3841 3618 3894 sed
3659 3851 3706 3896 et

2103 3932 2240 3969 nunc
2270 3916 2591 3983 aliquantum
2619 3916 2817 3970 addidi.
2852 3919 2981 3974 Octo
3005 3940 3126 3994 ergo
3167 3926 3298 3981 beati
3326 3929 3506 3985 Basilii
3538 3932 3706 3988 breves

2103 4008 2226 4063 istos
2267 4008 2576 4061 homiliticos
2605 4010 2848 4063 transtuli
2877 4011 3096 4068 libellos.
3132 4017 3198 4070 Et
3230 4028 3286 4072 ut
3313 4021 3442 4076 nihil
3486 4024 3704 4094 quidem

2105 4098 2255 4154 dubii
2278 4098 2366 4160 sit,
2393 4097 2532 4151 inter
2550 4108 2673 4151 octo
2692 4107 2949 4155 tractatus
2973 4104 3094 4159 huic
3113 4107 3412 4175 praefationi
3434 4115 3707 4183 subjectos

2107 4190 2450 4258 reperiuntur
2471 4196 2580 4242 tres
2602 4203 2665 4241 ex
2696 4187 2802 4255 his,
2831 4192 2920 4260 qui
2947 4195 3085 4250 inter
3111 4197 3453 4258 Zenonianos
3476 4205 3706 4262 eircum~

2106 4283 2440 4343 ferebantur,
2473 4281 2535 4333 de
2562 4280 2748 4335 Livore
2772 4292 2821 4336 et
2850 4284 3055 4340 Invidia
3076 4330 3091 4354 ,
3120 4291 3211 4359 qui
3255 4293 3451 4349 ibidem
3482 4307 3565 4351 est
3603 4299 3702 4354 lto-

2108 4374 2252 4427 milia
2280 4388 2355 4438 tv,
2381 4387 2500 4442 pag.
2535 4372 2659 4437 726;
2686 4374 2750 4427 de
2782 4375 3011 4432 Adtende
3039 4380 3149 4444 tibi,
3181 4384 3268 4451 qui
3293 4394 3378 4440 est
3406 4388 3621 4443 homilia
3646 4406 3708 4459 ιι,

2106 4480 2228 4536 pag.
2263 4465 2386 4530 717,
2422 4473 2474 4519 et
2500 4466 2563 4518 de
2590 4465 2757 4520 Avaro
2784 4469 2956 4534 divite,
2986 4473 3077 4542 qni
3103 4484 3186 4529 est
3212 4475 3432 4534 homilia
3463 4496 3556 4547 ιιι,
3582 4498 3704 4554 pag,

2112 4557 2238 4623 723;
2271 4568 2493 4626 quartus
2519 4569 2699 4613 autem
2738 4560 2799 4614 de
2823 4560 3058 4636 Jejanio,
3092 4568 3181 4634 qui
3211 4569 3404 4627 ibidem
3427 4572 3705 4630 desidera-

2112 4658 2219 4713 tur,
2255 4658 2337 4705 est
2368 4649 2454 4703 ille
2493 4664 2651 4719 quem
2697 4653 3026 4721 Augustinus
3050 4656 3182 4713 locis
3208 4660 3436 4719 laudatis
3473 4666 3703 4736 allegat,

2112 4742 2309 4811 quique
2356 4741 2598 4797 eamdem
2649 4741 3036 4812 interpretandi
3083 4747 3354 4807 licentiam
3398 4767 3463 4808 ac
3506 4757 3706 4827 stylum

2114 4830 2353 4899 [)l‘il‘fel‘i,
2380 4840 2432 4885 ut
2458 4832 2522 4885 de
2543 4831 2734 4887 eodem
2758 4833 3051 4919 interprete
3068 4837 3314 4895 dubitare
3338 4844 3506 4911 possit
3526 4862 3707 4905 nemo.

404 4940 582 5010 legri,
627 4936 719 4991 alii
757 4935 865 4989 duo
895 4933 1067 4987 ntutili
1116 4932 1438 4995 habeantur,
1469 4927 1511 4979 si
1558 4925 1680 4995 quis
1711 4922 2010 4977 Basilianos
2037 4928 2094 4989 ])
2121 4922 2255 4978 Hinc
2300 4939 2460 4990 porro
2506 4939 2569 4978 ea
2615 4925 2841 4979 solvitur
2889 4933 3292 4999 controversia,
3342 4951 3500 5004 quam
3530 4922 3712 4996 versat

407 5036 634 5087 Graecos
674 5028 917 5097 ejusdem
951 5025 1259 5092 argumenti
1298 5021 1577 5081 conferat,
1618 5016 1864 5071 dubitare
1895 5028 2017 5083 pro-

408 5126 558 5180 fecto
601 5137 707 5176 non
741 5119 958 5190 poterit.
995 5117 1232 5187 Antiqua
1262 5123 1442 5168 autem
1486 5110 1602 5163 haec
1642 5102 2018 5176 interpretatio

408 5228 495 5271 est
517 5258 532 5281 ,
563 5224 618 5270 et
659 5227 797 5279 atro,
828 5212 903 5266 uti
932 5209 1167 5274 videtur,
1200 5206 1513 5262 Zenoniauo
1556 5198 1867 5261 lucubrata;
1899 5210 2019 5265 quae

409 5328 537 5367 cum
568 5307 759 5365 Grzeco
781 5314 928 5360 textu
958 5317 1065 5356 nan
1098 5301 1164 5355 ad
1193 5300 1428 5354 litteram
1454 5292 1675 5348 omnino
1699 5300 2018 5357 congruens,

410 5400 660 5461 liberiori
688 5397 906 5468 ingenio
935 5394 1144 5449 reddita
1175 5393 1294 5447 luit.
1333 5389 1478 5442 Hanc
1504 5383 1744 5455 quidem,
1776 5383 1849 5433 uti
1874 5386 2024 5433 certo

412 5495 717 5558 credimus,
752 5488 1260 5561 interpretationem
1293 5489 1551 5539 tractatus
1580 5478 1643 5531 de
1664 5473 1876 5547 Jejunio
1900 5472 2028 5541 jam-

410 5592 507 5647 diu
541 5602 638 5659 per
663 5585 853 5641 orbem
884 5584 1153 5652 vulgatam
1190 5580 1271 5634 his
1297 5581 1563 5632 memorat
1589 5571 1650 5627 S.
1685 5567 2028 5639 Augustinus,

416 5686 520 5743 lib.
552 5692 780 5738 tcontra
817 5677 1118 5739 lulianum,
1149 5688 1297 5727 num.
1336 5669 1418 5731 18,
1458 5677 1511 5722 et
1538 5666 1632 5719 lib.
1669 5679 1684 5717 ι
1711 5660 1900 5730 Operis
1930 5660 2027 5713 lm-

428 5776 661 5847 perfecti
695 5782 844 5829 nutu.
876 5770 966 5831 62,
1003 5782 1237 5835 rumque
1272 5780 1335 5818 ea
1365 5758 1553 5818 Grieco
1594 5755 1890 5823 exemplari
1932 5768 2035 5805 non

2119 5017 2295 5071 editor
2308 5016 2684 5103 Benedictinus
2698 5018 2747 5071 iu
2760 5021 2994 5088 generali
3011 5023 3542 5099 prmlationetomJt,
3560 5050 3707 5090 num.

2120 5107 2211 5173 61,
2241 5118 2371 5179 quot
2397 5109 2604 5164 scilicet
2639 5110 2804 5183 309
2841 5111 3017 5167 Basilii
3044 5130 3323 5173 sermones
3370 5119 3594 5180 Ruﬁnus
3631 5126 3713 5181 in-

2126 5209 2453 5267 terpretatus
2484 5202 2585 5267 sit,
2613 5212 2756 5269 octo,
2787 5218 2855 5257 an
2880 5202 3087 5261 decem.
3120 5207 3402 5265 Rationem
3431 5213 3712 5271 dubitandi

2124 5292 2375 5363 ingerunt
2398 5292 2507 5347 duo
2532 5292 2770 5364 ejusdem
2796 5293 2973 5349 Ruﬁni
3006 5299 3341 5369 testimonia,
3370 5303 3599 5371 primum
3660 5308 3714 5361 in

2132 5383 2347 5439 laudata
2379 5384 2711 5454 praefatione,
2740 5386 2833 5442 ubi
2863 5395 2973 5441 octo
3001 5388 3250 5445 homilias
3277 5392 3375 5447 abs
3401 5409 3459 5449 se
3486 5397 3714 5451 transla-

2137 5486 2219 5532 tas
2262 5478 2573 5548 Aproniano
2621 5478 2802 5547 misit,
2853 5480 3080 5536 alterum
3126 5498 3192 5539 ex
3237 5482 3475 5539 historia:
3521 5486 3612 5540 lib.
3652 5502 3719 5550 ιι,

2139 5584 2257 5641 eap.
2304 5571 2359 5636 9,
2398 5570 2486 5625 ubi
2536 5570 2692 5625 denas
2738 5571 2901 5627 ferme
2944 5573 3041 5628 abs
3084 5589 3144 5629 se
3187 5573 3449 5628 latinitate
3494 5574 3725 5629 donatas

2144 5671 2389 5719 testatur.
2423 5662 2640 5719 Exstant
2677 5682 2876 5736 quoque
2902 5665 3163 5733 utriusque
3204 5664 3393 5731 ingenii
3437 5664 3649 5733 (Basilii
3678 5675 3735 5723 et

2154 5757 2419 5828 Gregorii
2441 5757 2633 5813 aniat.
2646 5757 2786 5821 aeui)
2814 5757 3124 5811 tuoaimenta
3144 5755 3421 5821 magniﬁca
3439 5762 3746 5809 tractatuum
