4230 6168
490 245 586 300 2.3!

1536 240 2101 298 BALLERINIUBUM
2142 239 2736 304 OBSERVATIUNES.

3684 242 3795 307 532

490 378 618 431 quos
646 375 709 415 ea:
746 369 971 430 tempore
1013 360 1065 411 in
1108 357 1330 411 ecclesiis
1376 356 1727 410 declamabant
1757 373 1775 409 :
1800 372 1866 409 ea:
1905 355 2089 427 quibus
2116 359 2168 419 Α
2193 372 2301 425 que
2326 352 2571 427 epismlaz
2605 362 2910 416 versionem
2951 362 3199 417 ediderit.
3241 361 3365 416 llwc
3409 364 3680 418 sententia
3711 378 3799 420 rc-

494 470 587 507 iios
616 454 773 508 denas
804 456 961 523 ferme
989 447 1309 520 singulorum
1340 445 1693 502 oratiunculas
1719 448 2092 519 transfudimus

494 542 817 597 inLatinum.
852 543 929 596 Ex
951 542 1051 595 hoc
1075 550 1348 608 postremo
1378 539 1498 594 loco
1520 538 1918 605 Tillemontitis,
1945 545 1985 592 t.
2013 555 2088 605 is,

496 651 552 706 p.
585 636 709 700 501,
740 636 926 687 decem
955 633 1134 687 Basilii
1175 631 1422 685 homilias
1449 645 1480 684 a
1522 629 1720 684 Ruﬁno
1745 628 1936 684 Latine
1966 631 2093 684 red-

495 729 634 783 ditas
678 727 948 796 opinatur.
987 725 1048 779 P.
1082 723 1313 780 Garnicr
1354 722 1601 777 venulam
1649 726 1807 792 [erute
1848 720 2094 776 conside-

495 836 644 880 rans,
673 835 776 873 non
799 819 917 890 plus
939 827 1052 873 octo
1074 816 1333 871 orationes
1359 831 1482 870 eum
1510 815 1738 870 vertisse
1762 816 2091 885 snspieattir,

494 912 634 985 quod
674 929 777 967 non
802 912 995 983 plures,
1028 910 1118 964 sed
1154 910 1362 963 totidem
1392 907 1460 961 ad
1491 908 1841 980 Apronianum
1878 902 2095 962 miserit.

496 1007 561 1061 At
594 1005 639 1059 si
685 1014 807 1059 octo
850 1005 965 1058 istis
995 1002 1222 1057 addatur
1249 1001 1467 1054 humilia
1498 1000 1562 1055 de
1605 997 1850 1073 Jejuni'o,
1882 1015 2000 1070 qua:
2027 999 2098 1054 ab

497 1096 800 1168 Augustino
847 1103 1053 1158 notata,
1102 1094 1152 1148 in
1187 1092 1387 1146 nostris
1432 1090 1710 1146 codicibus
1752 1090 1965 1160 legitur,
2000 1104 2099 1145 no.

500 1204 617 1246 vein
648 1188 842 1242 saltem
895 1201 927 1241 a
972 1184 1169 1240 Ruﬁno
1200 1184 1486 1238 translatas
1535 1183 1707 1252 palam
1737 1194 1848 1247 est,
1882 1191 1938 1236 et
1967 1182 2097 1236 toti-

499 1280 625 1335 dem
653 1279 787 1334 forte
813 1279 1073 1331 latinitate
1099 1276 1337 1341 donavit,
1360 1274 1503 1346 quod
1527 1288 1648 1329 cum
1681 1274 1910 1328 formula
1939 1273 2100 1343 ferme

502 1373 674 1426 decem
703 1370 927 1424 miriﬁce
950 1368 1216 1423 convenit.

574 1463 658 1517 Ill.
692 1462 843 1516 Nunc
872 1460 1136 1530 reliquum
1166 1469 1250 1514 est
1280 1458 1348 1514 de
1376 1459 1608 1513 duorum
1638 1457 1878 1513 brevium
1902 1467 2099 1514 traeia-

503 1563 651 1607 tuuin
690 1559 915 1607 auctore
945 1552 1243 1621 inquirere,
1274 1553 1363 1622 qui
1396 1551 1535 1604 inter
1562 1548 1866 1603 Hilai-iaiios
1909 1566 1971 1605 ac
1998 1550 2100 1605 Ba-

502 1645 723 1700 silianos
751 1644 949 1699 nostris
988 1645 1041 1697 in
1076 1643 1354 1698 codicibus
1393 1644 1581 1698 inserti
1618 1651 1763 1696 sunt.
1798 1642 2101 1698 Latinitatis

2196 448 2308 504 feili
2331 466 2436 505 non
2463 459 2693 519 poterat,
2713 453 2968 524 quamdiu
2989 456 3055 508 de
3079 471 3180 509 una
3204 455 3433 524 epistola
3456 470 3639 510 sermo
3662 458 3796 511 fuit:

2195 540 2393 609 scripta
2422 542 2566 595 enim
2597 543 2649 597 id
2675 546 2892 613 generis
2916 559 2948 600 e
2972 545 3162 600 Grtcco
3186 544 3377 600 Latine
3402 545 3612 601 reddita
3640 545 3801 604 facile

2197 633 2441 688 invenies
2492 633 2562 688 At
2603 649 2669 691 ex
2702 638 3053 703 tractatibus,
3101 652 3240 707 quos
3269 654 3373 692 non
3407 639 3508 693 nisi
3537 655 3605 694 ex
3649 640 3799 695 cclc-

2198 726 2470 784 brioribus
2497 731 2851 800 scriptoribus
2882 732 3150 788 latinitate
3193 733 3424 787 donatos
3465 733 3706 804 reperire
3736 734 3802 789 li-

2203 826 2329 885 cet,
2357 831 2631 875 auctorem
2660 821 2865 878 Graicae
2892 821 3031 877 forte
3055 823 3279 894 originis
3297 864 3312 889 ,
3343 823 3440 879 sed
3466 823 3674 880 Latina:
3700 824 3800 880 alid

2199 911 2354 981 cujus
2381 913 2529 968 urbis
2558 916 2869 985 episeopum
2910 914 3077 970 fuisse
3105 916 3406 986 colligimus
3427 958 3440 983 ,
3468 918 3559 986 qui
3588 918 3804 975 scilicet

2199 1004 2317 1072 ejus
2359 1005 2539 1071 urbis,
2589 1008 2676 1060 cui
2710 1008 2994 1077 praefectus
3016 1015 3161 1074 erat,
3196 1009 3373 1079 lingua
3409 1010 3646 1065 scribere
3675 1024 3803 1065 coao

2199 1104 2351 1163 ctus,
2382 1097 2590 1152 difﬁcili
2636 1101 2777 1171 stylo
2830 1112 2958 1154 usus
2988 1100 3090 1166 sit;
3124 1099 3575 1171 quemadmodum
3624 1108 3679 1156 et
3706 1101 3803 1159 alii

2201 1189 2405 1246 Graeca:
2431 1190 2656 1261 originis
2686 1201 2936 1246 auctores
2978 1191 3167 1247 Latine
3205 1191 3533 1257 scribentes,
3565 1202 3593 1245 a
3620 1194 3802 1248 nativa

2200 1282 2461 1337 Romana:
2514 1282 2707 1352 linguze
2774 1274 3124 1353 puritate'ac
3178 1283 3433 1338 felicitate
3480 1285 3805 1355 plerumque

2202 1378 2417 1432 absunt.
2449 1376 2546 1432 Hic
2586 1383 2766 1431 tamen
2800 1378 3075 1432 Poiainius
3103 1377 3243 1431 alius
3270 1377 3429 1446 plane
3457 1387 3537 1432 est
3568 1377 3635 1431 ah
3664 1377 3809 1448 ejus-

2203 1470 2326 1526 dem
2372 1470 2549 1523 ietatis
2581 1483 2646 1523 ac
2690 1469 2923 1524 nominis
2952 1469 3209 1540 episcopo
3243 1468 3643 1540 Ulysslpoiicnsi
3665 1504 3681 1536 ,
3712 1471 3806 1526 cui

2204 1563 2487 1633 epistolam
2510 1562 2652 1633 apud
2690 1562 2949 1618 Sirmium
2973 1564 3359 1633 conscriptam,
3389 1578 3508 1633 quin
3534 1563 3587 1616 in
3616 1562 3808 1617 Hilarii

2204 1658 2545 1728 Fraguientis
2591 1656 2804 1727 legitur,
2850 1672 2957 1711 non
2980 1656 3211 1711 obscure
3255 1655 3420 1711 refert
3444 1655 3805 1723 Plitebadius,

502 1738 716 1808 quidem
740 1737 832 1791 ille
856 1752 920 1791 ac
943 1745 1235 1808 syntaxeos
1258 1736 1413 1792 valde
1436 1738 1680 1792 obscurae
1709 1746 1759 1793 et
1787 1738 2098 1808 implicatae,
2130 1738 2178 1797 B
2208 1766 2330 1824 pag.
2373 1748 2500 1818 3m,
2544 1758 2676 1805 tom.
2732 1765 2780 1805 iv
2823 1749 3170 1805 Bibliotheca)
3215 1748 3321 1805 PP.
3361 1746 3811 1819 Ulyssipouensis

503 1845 621 1899 qua:
662 1845 691 1882 a
722 1828 1027 1883 Zenoniaua
1074 1830 1365 1898 plurimum
1403 1830 1604 1884 distat:
1637 1839 1687 1883 ut
1721 1828 1927 1900 Gaspar
1969 1830 2102 1885 Bar-

506 1921 648 1975 thius
680 1923 776 1975 hos
809 1922 1049 1990 profecto
1071 1929 1330 1976 tractatus
1360 1920 1655 1991 reSplcieus
1680 1925 1975 1993 scripserit,
2007 1926 2104 1980 ali-

505 2028 640 2081 quos
663 2012 988 2066 Zenonianis
1018 2014 1347 2067 interinistos
1371 2028 1651 2068 sermones
1679 2013 1829 2087 longe
1848 2018 2101 2071 recentio-

505 2121 584 2159 res
608 2119 750 2170 esse,
781 2122 931 2173 quam
952 2105 1162 2174 quilibet
1183 2106 1246 2159 de
1266 2122 1418 2177 grege
1438 2115 1739 2160 cieterarum
1767 2110 2066 2163 concinnum
2080 2126 2102 2176 ,-

505 2210 570 2251 ac
600 2194 645 2251 si
674 2196 914 2266 ipsorum
946 2207 1135 2251 auctor
1161 2192 1227 2250 ad
1270 2184 1622 2266 posteriorem
1660 2198 1829 2253 multo
1851 2209 2063 2254 tetatem
2083 2242 2099 2267 ,

504 2293 558 2346 iti
597 2299 701 2361 qiia
743 2290 974 2345 barbare
1021 2289 1368 2352 scriberetur,
1401 2291 1689 2359 pertineat.
1741 2290 1891 2346 Unus
1924 2305 2101 2348 tamen

504 2383 688 2445 locus,
737 2397 897 2451 quem
942 2381 994 2435 in
1026 2379 1260 2436 editione
1282 2378 1584 2435 Veroneiisi
1624 2391 1678 2435 et
1725 2381 1948 2452 reliquis
1979 2383 2104 2440 inde

486 2473 755 2528 'dedllCliS
805 2476 1223 2543 prietermissum
1247 2514 1262 2539 ,
1298 2487 1398 2528 nos
1446 2489 1510 2526 cx
1554 2473 1790 2530 editione
1818 2474 2019 2531 Veneta
2050 2485 2107 2533 et

506 2565 889 2636 manuscriptis
935 2564 1184 2620 omnibus
1233 2564 1596 2633 restituimus,
1645 2576 1919 2623 auctorem
1968 2570 2108 2625 auti-

506 2670 670 2728 quuin
703 2660 760 2712 et
785 2667 992 2712 certum
1026 2656 1256 2728 prodere
1282 2659 1429 2713 visus
1453 2670 1557 2713 est.
1592 2658 1681 2716 Sic
1705 2662 1849 2716 enim
1880 2661 1933 2716 in
1960 2669 2103 2717 trac-

507 2756 618 2807 tatu
648 2744 712 2806 de
750 2740 952 2806 Lazaro
978 2750 1170 2822 legitur
1195 2770 1208 2806 :
1240 2748 1377 2824 Age,
1406 2769 1500 2824 age
1519 2750 1785 2820 Pliotaiiii,
1808 2770 1982 2809 servus
2010 2754 2107 2809 Dei

506 2847 639 2914 vivi,
668 2849 714 2903 si
742 2849 940 2917 aliquid
978 2849 1257 2922 prtevalcs,
1308 2850 1371 2904 de
1414 2853 1655 2921 lacrymis
1685 2851 1892 2907 Domini
1939 2870 2107 2925 pauca

512 2948 742 2992 narrato.
788 2939 944 2994 Patet
974 2936 1061 2994 hic
1098 2952 1375 2996 auctorem
1409 2942 1728 2998 inconcinna
1775 2946 2107 3017 apostropha

509 3033 575 3087 ad
608 3049 666 3088 se
694 3049 956 3089 conversa
984 3047 1167 3090 secum
1202 3034 1381 3105 loqui,
1414 3050 1580 3107 seque
1627 3038 1898 3105 excitare,
1937 3049 1993 3092 ut
2036 3039 2107 3095 de

2205 1848 2351 1899 enim
2383 1843 2660 1897 Potaniiiis
2700 1841 2931 1897 Nicena:
2961 1840 3088 1897 ﬁdei
3124 1841 3251 1895 oliui
3293 1838 3563 1907 defensor,
3596 1856 3625 1893 a
3663 1836 3812 1894 Con-

2207 1938 2406 1993 stantio
2431 1947 2724 2007 corruptus
2747 1937 2814 1990 ad
2842 1935 3071 1990 Arianos
3094 1932 3357 1999 accessit;
3387 1948 3508 1988 cum
3534 1933 3813 1988 l’otaniius

2207 2040 2416 2098 noster,
2442 2030 2682 2101 epistola:
2713 2046 2873 2099 quam
2901 2029 3253 2099 subjicicnius
3298 2038 3508 2093 auctor,
3559 2041 3663 2080 non
3697 2036 3812 2081 tam

2208 2134 2332 2197 post
2355 2125 2672 2190 Sirmiense,
2697 2123 2793 2178 sed
2819 2134 2940 2194 post
2959 2122 3301 2178 Arimineuse
3327 2120 3489 2176 etiam
3518 2120 3812 2177 concilium

2208 2219 2278 2291 (si
2307 2220 2642 2289 inscriptioni
2674 2218 2879 2273 codicis
2918 2216 3191 2272 ﬁdendum
3218 2213 3339 2285 est)
3372 2214 3650 2271 catholicm
3679 2214 3814 2270 fidei

2207 2312 2479 2378 adsertor,
2508 2311 2576 2366 ad
2609 2312 2962 2366 Athanasium
2991 2310 3228 2380 scripsit.
3263 2311 3444 2381 Itaque
3469 2310 3690 2365 alterius
3721 2310 3813 2364 iii-

2208 2413 2393 2471 certa‘,
2435 2415 2491 2459 at
2519 2404 2724 2460 Latium
2748 2405 2894 2459 urbis
2936 2402 3221 2473 episcOpiis
3258 2400 3578 2473 judicandus
3597 2410 3680 2457 est
3707 2401 3809 2474 (ιι).

2280 2499 2441 2571 311
2474 2498 2560 2553 IV.
2589 2500 2663 2554 De
2685 2499 2896 2554 caiteris
2915 2512 3073 2567 porro
3098 2495 3414 2551 tractatibus
3456 2511 3587 2566 quos
3608 2496 3658 2549 iu
3679 2496 3817 2551 diiu-

2209 2593 2311 2647 bus
2325 2592 2600 2647 codicibus
2614 2591 2872 2648 Urbinate
2884 2599 2938 2645 et
2952 2589 3322 2645 Vaticanosub
3335 2589 3491 2644 ﬁnem
3508 2588 3816 2659 descriptos

2209 2684 2264 2738 in
2294 2684 2609 2755 praefatione
2636 2687 2872 2757 generali
2900 2686 3340 2752 memoravimus,
3368 2699 3472 2740 non
3499 2697 3582 2740 est
3606 2701 3706 2739 cur
3735 2687 3818 2740 la-

2212 2779 2465 2834 lioremiis
2509 2798 2521 2833 :
2561 2780 2760 2851 quippe
2802 2790 2951 2835 certo
2991 2795 3054 2835 ac
3091 2794 3192 2835 suo
3240 2782 3440 2851 quique
3483 2780 3705 2836 Auctori
3756 2782 3813 2836 in

2211 2869 2403 2925 iisdem
2450 2871 2727 2926 codicibus
2772 2872 3044 2937 attributi,
3079 2870 3404 2937 Gaudentio,
3435 2872 3653 2943 Vigilio,
3686 2873 3816 2929 llic-

2210 2976 2460 3031 ronymo,
2506 2962 2830 3017 Zenonianis
2871 2978 2976 3016 non
3006 2963 3223 3018 fuerunt
3265 2963 3517 3034 adscripti
3539 3004 3554 3032 ,
3586 2980 3686 3020 ncc
3715 2966 3816 3020 ad-

2210 3053 2372 3106 scribi
2418 3054 2635 3122 quidem
2689 3062 2997 3124 potucrunt.
3047 3053 3193 3109 L'iius
3242 3065 3497 3110 tractatus
3537 3055 3599 3108 de
3642 3054 3815 3127 Signo

510 3126 720 3181 Domini
754 3128 1007 3199 lacrymis
1034 3127 1255 3182 uberius
1282 3127 1532 3183 disserat.
1563 3129 1748 3200 Itaque
1790 3129 2104 3188 Photaniius

2212 3132 2404 3199 sancta:
2425 3133 2625 3213 Crucis,
2652 3146 2741 3213 qui
2764 3145 2815 3200 iu
2837 3147 3047 3202 duobus
3071 3147 3447 3217 manuscriptis
3467 3124 3817 3203 Toleiiiiiizite

509 3217 587 3272 illi
621 3234 814 3273 nomen
843 3226 946 3286 est,
972 3236 1079 3289 quo
1105 3221 1305 3275 Graecae
1329 3219 1550 3290 originis
1577 3223 1795 3277 nomine
1820 3221 2107 3278 commode

507 3306 720 3365 reddito
753 3326 845 3380 per
878 3310 921 3364 Ρ
950 3310 1022 3382 (Ρ
1049 3311 1191 3365 enim
1235 3322 1289 3365 et
1336 3298 1415 3364 Ph
1450 3312 1769 3381 promiscua:
1800 3327 1906 3366 non
1953 3329 2108 3367 num-

510 3421 668 3471 quam
703 3406 753 3457 iti
786 3403 1021 3473 antiquis
1048 3407 1415 3458 monumentis
1444 3404 1774 3474 scribuntur,
1805 3414 1861 3459 ut
1883 3405 2109 3461 eruditis

512 3504 697 3548 notum
728 3505 844 3559 est;
889 3511 991 3563 qua
1040 3494 1255 3565 quidem
1286 3499 1491 3550 ratiOne
1522 3512 1648 3550 mox
1681 3498 1731 3550 in
1765 3506 1919 3551 tract.
1951 3513 1985 3550 ii
2017 3501 2107 3568 qui

512 3587 575 3640 de
619 3589 860 3658 martyrio
907 3582 1067 3640 Isaiae
1107 3582 1440 3652 inscribitur,
1472 3580 1634 3661 310
1681 3588 2109 3645 PhiiIionicormn

511 3692 610 3747 pro
639 3677 1048 3748 Pythonicoruni
1092 3679 1307 3749 scripsit
1350 3679 1606 3734 librarius
1635 3679 1838 3736 codicis
1858 3721 1872 3745 ,
1905 3697 1969 3736 ex
2003 3698 2110 3751 quo

510 3770 677 3826 editio
710 3770 905 3826 Veneta
937 3781 1149 3842 sumpta
1184 3774 1299 3841 fuit,
1332 3783 1386 3828 et
1417 3773 1573 3843 paulo
1600 3774 1920 3829 absimilitcr
1947 3774 2111 3829 libra-

513 3864 627 3918 rius
655 3864 1014 3935 antiquissimi
1056 3854 1340 3919 Bemensis
1375 3864 1875 3936 lz'pliyiliom'roruiii)
1919 3878 2110 3921 auctor

511 3955 781 4025 ejusmodi
813 3964 1133 4012 tractatuum
1166 3956 1377 4012 videtur
1399 3972 1519 4012 eSse
1548 3954 1844 4022 Potamius,
1877 3957 1990 4023 ille,
2025 3959 2109 4013 in-

514 4061 695 4118 quam,
724 4038 999 4105 Putamius
1019 4048 1340 4121 EpiscOpus,
1360 4049 1512 4121 cujus
1533 4051 1759 4120 cpistola
1778 4050 1844 4105 ad
1865 4051 1920 4107 S.
1945 4050 2113 4106 Atha-

515 4145 725 4199 nasiutn
748 4145 888 4200 inter
912 4158 1258 4202 monumenta
1290 4146 1357 4202 ab
1381 4145 1616 4202 Acherio
1642 4146 1786 4203 edita
1818 4148 2108 4220 reperitur.

515 4234 659 4291 Sane
689 4236 858 4309 stylus
903 4238 1059 4309 plane
1100 4240 1241 4293 idem
1283 4249 1400 4306 est,
1435 4238 1596 4309 idque
1639 4249 1695 4293 ut
1740 4242 1909 4313 magis
1947 4257 2115 4313 appa-

512 4318 650 4382 reat,
677 4331 794 4373 eam
823 4320 1109 4388 epistolam
1138 4318 1455 4373 tractatibus
1493 4318 1880 4389 subjiciendum
1900 4320 2112 4391 judica-

512 4407 723 4476 vlmus,
756 4408 811 4465 et
853 4410 927 4465 ita
965 4411 1129 4467 etiam
1183 4411 1362 4466 omnia
1405 4426 1526 4483 quae
1553 4411 1620 4467 ad
1673 4429 1783 4475 nos
1814 4428 2112 4484 pervenere

2216 3254 2281 3292 ac
2320 3239 2582 3294 Vaticano
2629 3239 2914 3293 Basilianis
2960 3254 2990 3293 a
3038 3238 3231 3293 Ruﬁno
3277 3238 3500 3294 redditis
3541 3240 3660 3295 sine
3702 3242 3817 3294 ullo
3866 3226 3873 3229 Ὗ

2213 3333 2453 3387 auctoris
2485 3334 2701 3387 nomine
2724 3334 2904 3386 statim
2947 3332 3247 3401 subjicitur;
3278 3334 3330 3387 in
3359 3333 3687 3402 Pompeiano
3715 3351 3818 3387 aii-

2213 3433 2322 3477 tem
2343 3423 2529 3479 codice
2546 3441 2664 3479 cum
2686 3435 2958 3494 postremo
2976 3426 3156 3479 Basilii
3174 3433 3402 3480 tractatu
3425 3442 3532 3481 uno
3551 3439 3767 3481 context
3781 3444 3815 3483 u

2214 3516 2518 3586 ιΙειριυίνιυε
2557 3516 2685 3583 fuit,
2727 3517 2924 3586 aliquid
2972 3516 3300 3587 praecipuum
3346 3518 3545 3573 habere
3575 3518 3816 3585 videtur,

2218 3619 2272 3662 iit
2303 3610 2353 3662 iii
2380 3608 2745 3678 Appendiceiii
2774 3623 2894 3663 cum
2920 3607 3142 3676 reliquis
3174 3609 3525 3679 conjiciatur;
3560 3624 3682 3663 nam
3706 3610 3815 3663 Ze-

2216 3699 2340 3754 noni
2376 3715 2623 3769 pcra-que
2651 3716 2713 3754 ac
2754 3700 2935 3754 cieteri
2984 3699 3214 3754 tributus
3244 3710 3498 3775 apparet,
3541 3700 3683 3755 unde
3709 3701 3821 3755 To-

2216 3794 2451 3849 lentiiias
2494 3807 2594 3847 ins.
2633 3792 2772 3847 hanc
2800 3792 3095 3846 clausulam
3126 3793 3177 3845 in
3212 3790 3370 3861 hujus
3395 3792 3502 3847 ﬁne
3543 3795 3759 3863 apponit
3800 3813 3816 3849 :

2216 3882 2521 3952 Ezpliciuiit
2558 3892 2803 3936 tractatus
2837 3882 2896 3939 S.
2928 3881 3149 3936 Zenonis
3169 3922 3185 3949 ,
3216 3895 3322 3937 etc.
3363 3882 3434 3958 At
3470 3898 3595 3964 cum
3628 3900 3729 3939 nec
3761 3888 3817 3943 iii

2215 3964 2375 4019 editis
2404 3961 2608 4019 Zenoni
2626 3961 2788 4019 fuerit
2813 3963 3049 4028 afﬁctus,
3072 3978 3173 4018 nec
3199 3962 3251 4017 in
3280 3961 3530 4020 omnibus
3550 3964 3817 4020 Z--iioiii:i-

2217 4058 2301 4111 nis
2341 4054 2617 4111 codicibus
2662 4056 2983 4116 inveniatur,
3015 4054 3082 4108 ab
3110 4053 3299 4109 eodem
3334 4055 3688 4125 imprimeiido
3714 4073 3818 4111 su-

2218 4146 2613 4218 persedcnditiii
2638 4147 3020 4218 judicavimus.
3049 4147 3233 4202 Solmn
3260 4148 3361 4203 hoc
3396 4149 3510 4203 loco
3536 4151 3667 4204 satis
3697 4150 3819 4206 fuc-

2217 4242 2287 4296 rit
2317 4241 2575 4308 indicare,
2607 4239 2736 4310 quid
2762 4248 2818 4295 et
2841 4242 2994 4307 cujus
3031 4241 3268 4295 auctoris
3294 4242 3382 4295 sit.
3417 4240 3532 4295 Etsi
3560 4241 3818 4299 omnibus

2216 4336 2270 4390 in
2299 4334 2580 4391 codicibus
2608 4335 2661 4388 in
2693 4343 3012 4389 caeterorum
3040 4341 3360 4388 tractatuum
3391 4348 3456 4389 ac
3475 4334 3666 4389 solutas
3692 4350 3820 4389 ora-

2220 4430 2380 4484 tionis
2426 4429 2650 4482 formam
2695 4426 3032 4481 describatur
3061 4442 3166 4480 uno
3206 4436 3489 4492 contextu,
3522 4443 3580 4482 re
3631 4437 3819 4483 tamen

516 4490 746 4556 Potamii
786 4498 929 4558 illius
955 4517 1143 4574 Opera,
1171 4512 1314 4561 nime
1344 4505 1573 4575 primum
1613 4520 1713 4561 suo
1743 4505 1954 4561 auctori
1987 4507 2109 4561 red-
2137 4504 2193 4564 D
2220 4506 2453 4578 hymnus
2483 4517 2564 4561 est
2605 4522 2668 4561 ex
2699 4505 2944 4560 versibus
2984 4505 3230 4560 dimetris
3273 4490 3514 4560 iaiiibicis
3538 4506 3822 4561 catalecti-

515 4592 625 4646 dita
668 4592 827 4647 simul
871 4592 1115 4649 habebis.
1147 4595 1278 4662 Quis
1322 4606 1500 4652 autem
1544 4598 1615 4651 sit
1652 4596 1929 4652 Potaiiiius
1972 4598 2108 4667 iste,

516 4678 625 4727 noli
654 4672 842 4742 liquet.
873 4674 1060 4745 Stylus
1096 4673 1357 4730 obscurus
1386 4675 1577 4742 valde,
1630 4692 1859 4745 quemne
1903 4675 2114 4731 Mercu-

517 4767 629 4820 rius
654 4765 868 4835 quidem
909 4764 1109 4821 allcubi
1152 4766 1569 4837 interpretetur,
1603 4781 1798 4822 novum
1843 4768 2117 4840 Spicilegii

517 4855 804 4910 Acheriani
833 4855 1096 4911 editorem
1129 4858 1329 4922 movit,
1361 4864 1418 4910 ut
1443 4856 1690 4913 Griecutn
1723 4874 1843 4913 eum
1871 4863 2114 4929 suspica-

519 4957 688 5010 retur,
712 4948 803 5017 qui
824 4947 1014 5002 Grzcce
1036 4945 1334 5018 scripserit,
1355 4957 1406 5003 et
1428 4948 1615 5004 Latine
1637 4964 1666 5003 a
1688 4950 1919 5020 quodam
1944 4966 2115 5023 posm-

518 5039 679 5092 riuris
726 5039 825 5093 aevi
876 5040 1171 5108 interprete
1217 5036 1458 5095 redditus
1502 5042 1590 5097 sit.
1646 5042 1701 5097 lu
1748 5036 1926 5100 indice
1969 5046 2112 5100 enim

519 5131 915 5203 Clironologico
945 5133 1075 5189 lOmi
1101 5148 1181 5196 iii,
1212 5130 1279 5189 de
1306 5133 1531 5190 Potat‘nil
1558 5142 1854 5193 memorata
1885 5137 2113 5208 epistola

521 5223 681 5295 paulo
729 5230 851 5295 post
897 5226 1133 5281 medium
1178 5235 1424 5297 quartum
1477 5230 1735 5284 sincalum
1788 5230 1986 5300 scripta
2037 5229 2117 5285 lo-

520 5322 693 5389 qiieiis
722 5336 734 5373 :
775 5319 1003 5384 Videtur,
1033 5320 1228 5391 inquit,
1258 5338 1285 5376 e
1308 5320 1488 5378 Graeco
1510 5339 1671 5391 versa,
1704 5325 1793 5378 sed
1821 5322 2115 5395 fwdissimis

521 5414 718 5468 utendis
744 5420 1020 5485 conspersa
1048 5414 1117 5468 ad
1157 5430 1248 5469 nos
1283 5416 1447 5481 venit;
1490 5426 1542 5471 cl
1589 5417 1641 5470 iii
1674 5408 2020 5472 adnotatione
2047 5418 2116 5472 ad

522 5506 768 5562 eamdem
798 5494 1083 5577 epistolam
1116 5518 1234 5578 pag.
1267 5505 1393 5573 299,
1425 5509 1668 5562 versionis
1692 5508 1884 5563 iterum
1922 5510 2116 5564 memi-

524 5601 624 5666 iilt,
676 5600 1010 5672 miraiturQue
1038 5604 1136 5657 cur
1157 5597 1419 5655 Achcrius
1446 5609 1551 5655 tam
1581 5599 1863 5656 obscuram
1893 5600 2117 5657 findatu-

2219 4603 2320 4665 eis,
2350 4600 2441 4670 qui
2475 4598 2662 4668 incipit
2685 4595 2864 4652 Cultor
2885 4595 2983 4650 Dei
3014 4607 3284 4663 momento,
3322 4607 3549 4667 octoquc
3574 4597 3819 4667 strophis

2220 4692 2521 4745 conﬁcitur.
2557 4688 2670 4742 Hoc
2711 4687 2923 4742 detecto
2953 4686 3021 4742 de
3050 4686 3289 4742 Auctore
3320 4685 3636 4758 inquirendo
3666 4689 3822 4744 solli-

2221 4783 2334 4849 citi,
2380 4797 2446 4836 ne
2488 4780 2630 4851 quod
2664 4781 2714 4834 iii
2747 4781 2958 4835 caeteris
2991 4778 3217 4834 feliciter
3242 4778 3460 4850 obtigit,
3489 4780 3541 4835 in
3575 4780 3679 4835 hoc
3709 4798 3821 4845 uno

2221 4876 2472 4942 deesset,
2530 4884 2647 4943 post
2698 4875 2866 4927 multa
2921 4876 3133 4927 tandem
3184 4873 3635 4944 deprehendimus
3692 4889 3821 4931 eum

2223 4970 2479 5040 hymnum
2509 4981 2630 5020 esse
2671 4966 3027 5036 fragmentum
3072 4963 3256 5036 hymni
3287 4964 3540 5034 longioris
3569 4965 3822 5020 Pruden-

2222 5059 2301 5124 tii,
2328 5058 2579 5112 nimirum
2598 5059 2779 5129 hymni
2804 5058 2836 5112 6
2860 5056 2981 5112 libri
3001 5066 3451 5123 ΚΔΘΗΜΕΡΙΝΩΝ,
3473 5057 3561 5127 qui
3585 5057 3822 5129 hymnus

2220 5152 2358 5221 apud
2388 5150 2738 5206 Prudentium
2770 5151 3079 5206 inscribitur
3106 5151 3234 5205 Ante
3277 5168 3547 5219 somnum,
3575 5163 3824 5207 constat-

2222 5259 2326 5311 que
2352 5258 2418 5298 ex
2445 5242 2683 5312 strophis
2710 5244 2799 5297 59.
2828 5241 2909 5296 Ex
2938 5242 3022 5299 his
3061 5252 3266 5312 septem
3298 5252 3502 5297 tantum
3535 5254 3824 5313 postrema:

2223 5336 2290 5391 de
2318 5334 2490 5391 Cruce
2527 5336 2808 5406 loquentes
2844 5335 2897 5388 in
2928 5333 3128 5406 hymno
3154 5347 3343 5389 n05tro
3373 5337 3659 5405 leguntur:
3696 5352 3824 5393 nam

2223 5439 2410 5486 octava
2433 5430 2717 5502 quamdam
2759 5430 3078 5500 hymnorum
3110 5427 3411 5483 clausulam
3454 5432 3639 5484 refert.
3668 5426 3823 5487 lliiuc

2225 5523 2472 5596 eumdem
2507 5522 2762 5590 hymnum
2806 5520 3105 5588 reperimus
3136 5521 3301 5575 etiam
3343 5508 3481 5590 apud
3525 5520 3822 5592 Georgium

2224 5611 2585 5669 Cassandrum
2636 5614 2772 5666 inter
2820 5609 3052 5682 Hymnos
3086 5610 3507 5683 Ecclesiasticos,
3539 5630 3659 5687 pag.
3688 5616 3821 5688 217,

588 5743 668 5817 (α)
709 5744 865 5803 ΟοηῙο
901 5750 1049 5811 Gall.
1076 5751 1291 5828 Proleg.
1322 5757 1375 5815 in
1398 5754 1723 5831 Potamiuni,
1750 5759 2097 5825 Bibliotheca
2119 5768 2333 5828 nostrae
2358 5768 2632 5841 lOlll.‘Vill,
2663 5754 2950 5835 cubuit,
2980 5778 3009 5818 a
3032 5761 3172 5818 linea
3192 5761 3246 5817 ὃ.
