4230 6168
490 252 595 308 555

1731 244 2087 303 FRANCISCI
2127 244 2547 303 SPARAVERII
3679 242 3784 311 556

487 384 658 440 usque
707 382 1012 427 sermonem
1066 369 1143 423 De
1179 367 1523 437 (edi/ientione
1571 363 1768 420 Domus
1808 364 1933 431 Dei,
1969 368 2169 434 postA
2195 366 2532 437 longiorique
2590 364 2923 420 meditationi
2982 374 3192 434 tempus
3252 362 3625 434 superfuisset.
3680 364 3796 419 Etsi

489 478 654 535 quem
679 471 789 520 tres
815 462 905 518 alii
934 476 1094 531 supra
1125 461 1314 515 decem
1357 471 1637 514 sermones
1665 472 1729 513 ea
1771 457 1827 511 iu
1855 456 2093 512 editione

489 569 781 629 supersum
809 558 929 613 sine
967 555 1078 611 ullo
1120 556 1547 622 commentario;
1590 570 1749 625 quem
1774 556 1959 609 tamen
1990 567 2089 621 pa.

486 666 662 715 rasse,
713 636 814 706 etsi
861 648 1165 718 descriptus
1209 663 1316 703 non
1344 647 1529 714 fuerit,
1563 646 1651 702 vel
1682 646 1875 700 saltem
1906 644 2091 700 animo

482 745 834 817 praecepisse,
865 742 1107 798 indicant
1150 741 1531 797 adnotationes
1558 741 1777 812 aliquae,
1811 739 1864 795 in
1895 738 2092 809 quibus

485 838 550 892 ad
579 835 985 893 observationes
1032 836 1084 890 in
1117 835 1338 890 eosdem
1368 842 1675 906 postremos
1704 846 1920 904 quoque
1968 846 2089 887 ser-

485 942 675 983 mones
717 927 976 982 lectorem
1005 926 1255 981 remittit.
1289 925 1447 980 Hisce
1486 933 1666 979 autem
1709 925 1760 978 in
1787 923 2096 978 adnotatio-

484 1022 644 1076 nibus
671 1031 721 1075 ct
743 1023 1081 1091 corruptiora
1103 1018 1348 1089 quaedam
1374 1019 1490 1073 loca
1515 1018 1743 1074 tentavit
1768 1017 2089 1079 emendare,

486 1123 537 1167 et
573 1111 909 1166 difﬁciliores
958 1110 1217 1181 quasdam
1248 1109 1546 1164 sententias
1575 1109 1846 1179 explicare
1878 1108 2091 1163 naviter

487 1217 543 1261 et
572 1207 784 1261 erudite
810 1205 1036 1259 studuit.
1076 1202 1193 1259 Uno
1216 1203 1405 1258 codice
1435 1216 1595 1268 usus,
1628 1217 1785 1273 quem
1822 1202 2091 1271 posterius

489 1300 653 1353 etiam
709 1298 987 1366 accepisse
1044 1296 1278 1362 videtur,
1330 1295 1469 1349 alios
1524 1310 1670 1365 saepe
1723 1294 2087 1361 desideravit,

487 1393 641 1463 queis
669 1394 936 1447 sinceram
981 1391 1269 1445 lectionem
1302 1389 1634 1443 restitueret.
1684 1388 1911 1457 Aliquos
1951 1398 2092 1441 trac-

489 1496 632 1542 tatus
673 1485 1043 1557 supposititios
1077 1484 1235 1553 plane
1257 1483 1511 1553 cognovit
1541 1500 1553 1534 :
1584 1492 1639 1536 at
1670 1497 1789 1536 cum
1820 1481 2089 1551 vulgatum

489 1580 557 1635 de
597 1568 828 1636 Gallieni
870 1588 1026 1634 artato
1069 1577 1440 1649 prarjudicium
1470 1576 1709 1631 nondum
1758 1576 2088 1639 detexisset,

492 1672 645 1728 luesit
684 1671 904 1736 alicubi,
958 1671 1245 1739 quominus
1284 1669 1494 1738 aliquos
1524 1668 1800 1723 addititios
1832 1675 2093 1723 tractatus

2197 475 2329 515 vero
2368 458 2420 514 id
2450 473 2586 530 opus
2639 458 3015 528 imperfectum
3060 466 3115 511 et
3144 456 3308 512 veluti
3342 471 3407 511 ex
3439 465 3686 527 tempore
3732 471 3799 512 ac

2197 551 2314 607 sine
2342 548 2807 621 praemeditatione
2824 548 3159 604 lucubratum
3175 547 3341 617 (unde
3350 546 3798 624 αὐτοσχεδίασμα

2196 644 2519 715 inscriptum
2550 644 2618 700 ab
2663 652 2884 699 auctore
2915 641 3037 714 fuit)
3085 643 3404 699 immaturus
3450 642 3800 698 celeberrimi

2196 740 2296 794 viri
2330 739 2470 796 fetus
2501 741 2608 806 sit;
2641 740 2711 796 ob
2754 739 2920 794 multa
2950 749 3131 795 tamen
3160 741 3441 810 praeclara,
3472 753 3592 809 quae
3622 739 3803 794 conti-

2199 842 2312 899 net,
2343 835 2396 889 in
2426 832 2662 889 editione
2701 842 2883 887 nostra
2917 831 3058 887 haud
3102 832 3620 903 prmtermittendum
3645 830 3801 902 judi-

2196 927 2460 990 cavimns.
2511 942 2579 983 ne
2623 926 2706 983 vel
2750 927 3085 996 exspectatio
3130 925 3554 996 quamplurium,
3599 924 3805 995 quibus

2198 1019 2331 1075 illttd
2358 1027 2563 1083 notum,
2594 1028 2649 1073 et
2681 1019 2731 1072 in
2778 1017 3047 1072 desiderio
3089 1026 3196 1085 est,
3239 1017 3323 1072 vrl
3358 1016 3438 1070 rir
3466 1015 3555 1070 ille
3596 1014 3667 1071 de
3697 1014 3808 1071 hac

2196 1113 2435 1168 editione
2453 1112 2592 1167 bene
2621 1112 2848 1167 meritus
2876 1126 2969 1165 sua
3004 1109 3161 1167 laude
3199 1108 3503 1166 fraudetur.
3536 1109 3650 1165 Duo
3679 1117 3807 1166 tau-

2196 1207 2320 1263 dem
2348 1205 2675 1261 adverteuda
2705 1205 2938 1260 maxime
2958 1215 3083 1260 sunt
3114 1223 3126 1258 :
3162 1205 3335 1276 primo
3364 1220 3465 1260 nos
3495 1203 3656 1261 hasce
3682 1206 3807 1259 ani.

2195 1301 2604 1356 madversioues
2632 1300 2685 1355 in
2718 1316 2872 1354 nova:
2904 1299 3161 1355 editionis
3190 1301 3409 1365 seriem,
3442 1302 3687 1356 Auctoris
3707 1317 3805 1355 nr-

2197 1392 2322 1448 dine
2365 1400 2719 1459 commutato,
2748 1392 2996 1457 daturos,
3028 1392 3171 1463 quod
3219 1392 3483 1448 lectorum
3514 1392 3811 1448 commodo

2196 1487 2561 1542 necessarium
2584 1492 2667 1539 est
2692 1485 2889 1549 visunt,
2932 1485 2979 1539 si
3000 1483 3214 1554 quando
3246 1484 3389 1539 inter
3418 1484 3674 1555 legendos
3701 1484 3810 1540 Ze-

2198 1578 2356 1633 nonis
2401 1586 2659 1632 tractatus
2688 1577 2995 1647 Sparaverii
3026 1579 3435 1633 observationes
3466 1577 3629 1634 velint
3671 1594 3811 1632 eou-

2195 1673 2374 1726 sulere
2401 1688 2412 1723 :
2451 1670 2574 1725 dein
2603 1685 2753 1736 vero,
2776 1670 2946 1726 sicubi
2974 1671 3259 1726 lectioeem
3290 1670 3357 1723 ab
3381 1670 3484 1726 bne
3515 1670 3811 1727 indicatam

488 1764 696 1819 alienos
730 1762 998 1827 crederet,
1050 1762 1247 1817 alicubi
1295 1762 1457 1816 etiam
1514 1762 1806 1831 genuinum
1854 1760 2086 1816 Zenonis
2122 1751 2264 1817 Bab
2292 1762 2452 1817 editis
2480 1762 2677 1817 nostris
2701 1761 2968 1817 diversam
3012 1761 3286 1825 invenies,
3329 1776 3447 1817 eam
3480 1761 3810 1817 Veronensis

488 1869 820 1920 sermonem,
850 1854 941 1924 qui
968 1854 1017 1907 ei
1039 1852 1182 1908 aetati
1216 1868 1323 1908 non
1354 1853 1624 1923 congruit,
1663 1853 1731 1907 ab
1771 1852 1962 1908 eodem
1996 1853 2090 1908 ab-

485 1946 838 2017 judicandum
886 1944 1143 2016 putavit:
1184 1954 1242 1999 ut
1288 1959 1357 1999 ne
1398 1952 1577 1998 tamen
1629 1952 1837 1999 certum
1882 1944 1951 1999 sit
2001 1959 2093 2010 an,

489 2047 793 2094 mutaturus
819 2038 1010 2094 fuisset
1040 2037 1364 2092 sententiam
1382 2078 1395 2102 ,
1429 2037 1473 2092 si
1501 2036 1727 2092 editioni
1753 2036 2097 2107 perﬁcienda:

878 2266 1513 2341 FBANCISCI

2200 1854 2453 1911 editionis
2482 1854 2768 1910 lectionem
2799 1869 2951 1917 esse.
2980 1870 3140 1925 quam
3187 1855 3240 1909 in
3291 1854 3728 1910 adnotationibus
3776 1871 3812 1911 a

2204 1949 2361 2004 nobis
2387 1962 2486 2004 suo
2514 1947 2634 2003 loco
2656 1957 3138 2003 commemoratam
3191 1948 3431 2017 reperire
3456 1945 3658 2002 licebit.

1603 2264 2351 2339 SPARAVERII
2439 2263 3417 2339 ADNOTATIONUM

1161 2401 1230 2457 IN
1271 2401 1332 2458 Β.
1375 2400 1668 2458 ZENONIS
1710 2400 2089 2459 VERONENS

2197 2399 2565 2460 SERMONES
2617 2409 3123 2462 ΑΥΤΟΣΧΕΔΙΑΣΜΑ.

1912 2520 2420 2547 _____________...

889 2608 941 2647 IN
969 2605 1162 2647 τηατ.
1215 2607 1233 2645 1
1278 2605 1382 2646 LIB.
1411 2605 1517 2645 IDE
1546 2605 1689 2644 FIDE.

562 2689 778 2770 Pagt}.
813 2686 937 2770 Non
977 2686 1040 2741 ab
1068 2686 1195 2770 alio,
1220 2686 1311 2770 sed
1336 2690 1449 2770 ejus
1499 2703 1577 2770 ec
1609 2686 1867 2770 voluntate
1891 2701 2096 2770 ,ην-φυς-

489 2758 661 2816 niente
681 2758 1101 2832 Spiritus_sancti
1124 2758 1484 2832 inspiratione,
1513 2766 1676 2832 atque
1704 2760 1817 2829 ejus
1836 2758 2096 2832 adiutorio

493 2828 756 2897 nascatur,
785 2840 890 2885 etc.
921 2830 976 2884 lu
1007 2844 1108 2884 ms.
1142 2828 1225 2885 esi
1258 2847 1269 2881 :
1310 2828 1430 2883 Non
1469 2828 1533 2897 ab
1572 2829 1676 2881 alio
1723 2828 2091 2893 commodatur,

491 2905 579 2957 sed
610 2904 721 2967 ejus
744 2896 747 2897 ⁷
770 2918 835 2955 ea:
861 2901 1120 2954 voluntate
1169 2909 1432 2954 nascatur.
1484 2896 1736 2954 Craterum
1764 2900 1830 2959 si,
1864 2908 1971 2953 etc.
2029 2900 2089 2953 Ι).

494 2974 694 3027 Paulus
720 2973 784 3026 ad
818 2972 1125 3038 Romanos,
1154 2986 1271 3040 cap.
1302 2986 1524 3040 mium.
1543 2972 1617 3040 (a)
1640 2971 1724 3024 l7.
1744 2968 1902 3023 Fides
1925 2986 2094 3024 exau-

493 3045 623 3106 ditu,
668 3044 875 3097 auditus
902 3051 1073 3096 autent
1101 3060 1191 3109 per
1218 3039 1422 3096 rerbum
1455 3039 1570 3094 Dei.
1603 3040 1791 3111 Cyrill.
1821 3041 2086 3095 llierosol.

493 3113 715 3171 Catecb.
769 3130 995 3179 protrm.
1048 3113 1141 3168 fol.
1185 3112 1262 3167 6:
1322 3120 1408 3168 Δεῖ
1459 3114 1661 3168 ἀκούειν
1710 3114 1775 3168 τὰ
1799 3118 1920 3179 περὶ
1976 3114 2091 3167 θεοῦ

495 3191 703 3252 ζῶντος·
752 3169 833 3241 δεῖ
871 3188 1084 3262 augusta
1108 3188 1182 3262 τὰΔ
1223 3187 1620 3262 περὶΔκρίσεῳςί
1668 3182 1749 3238 δεῖ
1781 3169 1994 3262 ¹ἀναλύειν
2030 3186 2095 3262 rei

493 3262 614 3336 rupi
638 3265 906 3336 ,Χριστοῦ
941 3256 1029 3336 δεῖν
1064 3259 1263 3312 ἀκούειν
1290 3256 1550 3336 ’τὰν-περὶ
1598 3256 1958 3336 ἁναστρισεως,
2012 3259 2095 3336 usti

496 3280 559 3313 πε
598 3279 614 3312 ι
662 3279 906 3336 λριστου·
941 3279 1016 3313 οει
1064 3279 1263 3312 ακονειν
1309 3279 1380 3311 τα
1430 3279 1550 3331 περι
1598 3279 1958 3319 αναστασεως,
2012 3279 2094 3309 και

496 3279 678 3392 “tragici,
721 3338 852 3390 etc.,
885 3335 1068 3395 repete
1119 3335 1495 3397 argumentqu
1554 3341 1621 3381 ex
1674 3325 1866 3380 eodem
1915 3326 2094 3397 capite

499 3416 648 3453 ntnu.
688 3399 777 3461 14,
810 3398 875 3451 ad
902 3398 1198 3452 Romanos.

575 3470 701 3539 l’ag.
725 3471 780 3522 4.
812 3468 964 3534 Quod
994 3469 1090 3521 nisi
1119 3468 1520 3539 insinuationem
1539 3467 1667 3539 legis
1692 3469 1838 3539 omni
1867 3467 2094 3539 devotio-

496 3556 561 3594 ne
602 3536 865 3593 succincta
912 3540 1199 3607 prtccedens
1244 3536 1599 3609 amplectatur
1624 3538 1777 3607 ﬁdes,
1820 3548 1925 3609 etc.
1974 3538 2106 3595 Non.

500 3609 985 3679 negatdidascalia:
1010 3611 1405 3674 "CCCSsiMICIII,
1438 3624 1542 3662 non
1579 3608 2087 3674 tollitauditionem,

499 3681 593 3736 sed
650 3683 877 3750 requirit
921 3681 1153 3751 Spiritus
1202 3680 1373 3734 sancti
1430 3680 1836 3751 inspirationem
1866 3721 1881 3745 ,
1933 3692 2093 3746 atque

498 3752 777 3807 auxilium.
802 3750 1053 3806 Clemens
1081 3751 1345 3806 Alexand.
1376 3751 1577 3805 Strom.
1613 3750 1704 3804 lib.
1730 3766 1784 3813 ll,
1816 3752 1942 3811 3M,
1974 3752 2094 3806 ideo

497 3823 657 3877 ﬁdem
706 3823 930 3892 gratiam
978 3823 1208 3884 vocavit,
1261 3824 1383 3889 quia
1429 3824 1492 3892 £5
1521 3820 1901 3892 ἀναποδείκτων
1940 3826 2011 3883 εἰς
2037 3825 2094 3878 τὸ

497 3890 727 3966 κᾳθόλουή
747 3894 1118 3966 ἀνᾳϐιϐἀζοντα
1140 3895 1200 3949 τὸ
1228 3894 1440 3966 ἁπλοῦν,
1475 3890 1501 3947 ὃ
1530 3890 1645 3949 οὔτε
1672 3893 1881 3966 σύγ-ὕλῃ
1920 3895 2056 3966 ἐστὶν
2075 3937 2090 3959 ,

498 3963 616 4021 οὔτε
636 3965 755 4026 ὕλης
784 3962 898 4020 οὔτε
929 3967 1032 4020 ὑπὸ
1062 3965 1291 4026 ﬁlms-tea:
1316 3962 2093 4018 imlemonstrabilibusadscen-

497 4037 617 4091 dere
654 4036 812 4107 faciat
839 4036 906 4089 ad
928 4036 1461 4107 iucomprehensibile,
1489 4036 1623 4107 quod
1657 4051 1815 4107 neque
1843 4051 1957 4107 cum
1985 4052 2095 4107 ma-

498 4108 628 4161 teria
654 4101 763 4171 'est,
790 4101 951 4177 neque
995 4101 1211 4177 materia
1231 4149 1243 4168 ,
1281 4122 1443 4176 neque
1469 4105 1560 4157 sub
1595 4101 1808 4177 materia
1838 4122 1855 4155 :
1893 4106 1958 4159 ad
1991 4106 2094 4162 hoc

496 4189 677 4233 autem
712 4175 1003 4254 requiritur
1033 4175 1198 4233 θεόθεν
1220 4175 1507 4254 anticipata
1533 4176 1735 4254 -opinio
1760 4193 1772 4229 :
1814 4178 2089 4254 πρόληψις,

494 4264 591 4303 seu
622 4248 1010 4319 praejudiciutn,
1042 4265 1150 4319 quo
1179 4259 1377 4303 rectam
1401 4248 1708 4317 opinionem
1736 4248 1902 4316 putc't,
1934 4248 2090 4317 quam

498 4320 565 4373 de
606 4319 892 4375 credendis
916 4321 1184 4390 concepit,
1230 4330 1391 4388 atque
1416 4320 1629 4390 docenti
1674 4332 1732 4371 se
1764 4323 2090 4390 morigerum

496 4390 756 4460 praebeat,
789 4406 910 4445 cum
943 4407 1049 4445 non
1081 4389 1212 4443 satis
1252 4391 1322 4444 sit
1345 4389 1547 4453 audire,
1583 4390 1677 4445 sed
1702 4389 1947 4457 oporteat
1972 4407 2093 4445 eru-

2200 2602 2298 2663 vus
2322 2589 2517 2663 Paulus
2539 2591 2964 2663 interpretatum
2996 2592 3060 2647 ad
3083 2592 3359 2652 Corintb..
3395 2609 3515 2663 cap.
3555 2610 3677 2660 xiv,
3709 2595 3809 2654 90.

2208 2658 2461 2717 Parvulis
2484 2658 2705 2723 malitia.
2733 2662 2987 2733 perfectis
3010 2666 3226 2718 virtute.
3252 2658 3481 2719 Tertulli
3512 2667 3607 2721 lib.
3639 2658 3692 2722 vt
3712 2669 3814 2721 ad-

2206 2745 2397 2807 versus
2415 2733 2700 2807 Ματθίου..
2726 2749 2843 2802 cap.
2876 2734 2977 2789 25:
3001 2734 3135 2791 Reos
3161 2734 3625 2807 habuitsapientes.
3653 2748 3815 2806 atque

2203 2803 2497 2877 prudentes,
2532 2820 2596 2859 ea:
2614 2806 2741 2873 ipsis
2769 2807 3005 2874 operibus
3034 2816 3105 2860 tot
3134 2823 3193 2860 ac
3245 2803 3811 2877 tantis'iutelligibilem

2202 2871 2371 2946 Deum
2396 2892 2501 2929 non
2533 2871 2863 2944 requirentes,
2896 2878 2973 2931 vel
2997 2894 3265 2944 perperam
3294 2880 3347 2932 in
3375 2881 3546 2946 ipsum
3577 2871 3814 2943 philoso-

2204 2943 2441 3017 phantes,
2465 2957 2514 3001 et
2541 2943 2745 3017 ingenia
2772 2948 3026 3003 Iucreticis
3050 2943 3507 3004 subministrantes.

2276 3015 2399 3085 Pag.
2435 3017 2487 3071 6.
2534 3015 2672 3091 Nam
2703 3036 2792 3088 per
2820 3020 2986 3090 ipsam
3036 3020 3128 3091 Dei
3169 3022 3401 3075 voluntas
3430 3021 3636 3091 papulis
3682 3023 3806 3076 inti-

2122 3078 2167 3141 C
2201 3078 2390 3163 matur,
2424 3099 2531 3143 etc.
2574 3078 2852 3163 Docetur,’
2886 3099 3011 3163 nota
3057 3090 3135 3144 lit.
3193 3091 3370 3146 jElius
3420 3078 3692 3163 Spartiau.
3749 3095 3811 3149 in

2204 3157 2344 3212 Vero
2388 3175 2577 3214 versus
2627 3162 2787 3215 ﬁnem
2824 3178 2837 3213 :
2887 3162 3042 3225 Quod
3065 3163 3273 3230 quidem
3319 3157 3629 3217 contrarium
3684 3164 3808 3229 Itis,

2195 3245 2312 3307 qua:
2338 3231 2401 3285 de
2419 3232 2715 3307 adoptionis
2749 3234 3041 3307 panitentia
3069 3249 3158 3307 per
3196 3244 3424 3307 auctores
3450 3236 3702 3307 plurimos
3725 3236 3813 3307 iu-

2197 3301 2378 3375 timata
2402 3312 2541 3356 sunt.
2596 3304 2865 3370 Atnmiau.
2916 3304 3153 3358 Marcell.
3204 3305 3299 3358 lib.
3334 3301 3528 3369 xxviii,
3569 3321 3690 3375 cap.
3733 3306 3805 3373 5,

2196 3373 2481 3426 uicinarum
2507 3375 2730 3441 gentium
2758 3375 3001 3439 strepitus
3025 3377 3215 3431 nostris
3238 3376 3454 3430 ducibus
3475 3373 3806 3444 intimarent,

2196 3452 2251 3497 et
2277 3445 2473 3512 passim
2501 3446 2553 3499 in
2576 3445 2710 3499 Cod.
2743 3445 3019 3500 Tlteodos.

2270 3536 2492 3591 Ibidem.
2536 3536 2690 3591 Nunc
2739 3553 2912 3591 severa
2938 3578 2952 3601 ,
3011 3554 3149 3592 nunc
3191 3538 3383 3593 blanda
3414 3540 3685 3606 premium
3710 3541 3810 3594 de-

2195 3616 2462 3681 monstrat,
2492 3619 2538 3681 et
2560 3607 2812 3679 gladium,
2836 3618 2943 3663 etc.
2982 3608 3042 3662 D.
3074 3609 3269 3664 Paulus
3294 3611 3359 3663 ad
3392 3610 3549 3664 Rom.
3582 3625 3701 3681 cap.
3728 3627 3806 3678 tv,

2198 3694 2347 3733 ltum.
2394 3679 2481 3745 15,
2512 3679 2537 3758 ᾖ
2575 3683 2676 3756 γὰρ
2717 3681 2868 3751 νόμος
2898 3683 3081 3758 ope/riu
3103 3683 3495 3758 κατεργάζεται,
3542 3681 3624 3758 lea:
3651 3679 3809 3737 iram

2196 3759 2471 3823 operatur,
2515 3751 2617 3806 lto'c
2646 3751 2749 3805 'est
2795 3751 2943 3819 puuii
2970 3751 3082 3819 'qui
3149 3751 3278 3806 eam
3310 3753 3802 3823 transgrediuntur.

2195 3821 2488 3894 Caeterum,
2511 3837 2631 3891 qua:
2658 3832 2976 3891 sequuntur,
3011 3823 3280 3892 unicuique
3312 3824 3448 3891 quod
3469 3821 3676 3894 elegerit
3708 3827 3810 3879 tri-

2197 3891 2403 3957 buturo,
2439 3904 2491 3946 ut
2504 3895 2626 3965 jure
2650 3895 2806 3963 possit
2832 3895 3057 3965 implere,
3087 3891 3222 3962 quod
3244 3895 3391 3964 gerit,
3424 3891 3673 3963 corrupta
3704 3911 3806 3965 pu-

2199 3971 2254 4043 to
2287 4004 2300 4028 ,
2352 3964 2544 4033 quibus
2587 3979 2743 4034 opem
2771 4005 2786 4027 ,
2844 3980 2943 4020 nec
2982 3964 3356 4020 subsidiariam
3389 3967 3531 4020 ferre
3559 3982 3674 4020 sum
3707 3964 3808 4038 pn-

2198 4043 2288 4087 llS.

2274 4105 2398 4175 Pag.
2434 4108 2487 4160 7.
2531 4105 2640 4161 Lex
2666 4122 2864 4178 semper
2903 4114 3076 4161 manat
3109 4124 3175 4162 ea:
3213 4108 3339 4163 libro
3380 4107 3624 4176 genitali;
3668 4109 3805 4176 ﬁdes

2196 4186 2367 4252 quiem
2410 4179 2882 4252 tenaciter-intima
2928 4194 3021 4231 suo
3051 4180 3151 4252 soli
3177 4180 3590 4252 proposito,_etc.
3629 4179 3808 4246 Leges

2198 4243 2376 4319 ᾅξοσιν
2414 4249 2553 4316 apud
2603 4248 2963 4305 Athenienses
3002 4243 3368 4319 consignaias,
3413 4250 3607 4305 tabulis
3653 4243 3803 4317 aptt-l

2199 4315 2472 4391 Romanos
2499 4322 2792 4389 antiquitus
2831 4334 3013 4375 notum
3046 4315 3225 4385 fuerit,
3259 4321 3346 4391 qui
3373 4323 3557 4385 legerit
3589 4315 3807 4376 Plutar—

2198 4388 2358 4464 cltttm
2388 4392 2440 4464 in
2468 4388 2693 4464 solonie,
2740 4391 2847 4447 Tit.
2890 4391 3118 4456 Livium,
3168 4388 3327 4464 atque
3373 4392 3690 4464 Dionysium
3747 4395 3803 4447 in

497 4459 757 4533 ditionem
826 4461 1047 4524 audire,
1114 4469 1274 4531 atque
1320 4461 1464 4533 ultro
1513 4462 1789 4532 amplecti.
1847 4459 2099 4517 Clemens
2126 4462 2180 4521 D
2209 4459 2473 4533 historiis.
2500 4462 2603 4516 Sed
2638 4462 2891 4517 insecutis
2921 4459 3272 4533 temporibus,
3303 4479 3425 4517 cum
3452 4459 3626 4517 annua
3654 4463 3806 4517 Prw-

496 4530 760 4608 Alexand.
802 4536 978 4608 Ilion;
1013 4535 1123 4608 icti
1167 4530 1422 4608 πρόληψις
1465 4530 1879 4608 ᾆκούοίιοςχβάιςξ
1915 4544 1987 4608 est
2015 4550 2103 4585 νυ-

498 4602 727 4675 fumaria
765 4604 1101 4675 anticipatio;
1158 4602 1514 4675 neque'male
1545 4603 1811 4656 sentiebat
1840 4604 2098 4670 Epicurus

498 4673 639 4761 apud
663 4672 1043 4761 eumdemiMri
1074 4674 1322 4761 ὂύέσεσςθαι
1346 4672 1559 4761 prodiga,
1573 4677 1954 4761 μέτεῆζῃτῇσαι.
1970 4679 2095 4761 μήῖε

497 4748 793 4820 ἀπορῆσαι,
837 4745 983 4820 μηδέΔ
1003 4752 1098 4816 μὴν
1126 4743 1356 4809 δοξάσαιζ
1401 4745 1508 4798 ἀλλ’
1538 4743 1651 4797 οὐδὲ
1689 4744 1881 4820 ἐλέγξας
1924 4743 2099 4820 χωρὶς·

498 4814 1105 4891 προλήψεως,ἠεηιὶἠεηι
1137 4832 1284 4891 posse
1312 4830 1401 4866 nec
1435 4828 1690 4891 quaerere,
1714 4814 1804 4891 nec
1841 4814 2095 4891 dubitare,

497 4884 656 4957 neque
672 4884 924 4955 ‘probare,
967 4897 1054 4938 aut
1076 4888 1416 4957 redarguere,
1443 4884 1553 4937 sine
1582 4884 1968 4955 auticipatioue.
2002 4886 2097 4940 Ea-

493 4955 618 5011 dein
652 4958 703 5011 itt
730 4957 968 5020 Laertia,
988 4955 1114 5010 274.

570 5027 701 5095 Pag.
735 5029 787 5082 5.
818 5028 1061 5096 Alioquin
1093 5028 1191 5080 ista
1233 5024 1624 5078 innumerabilis
1646 5026 1973 5093 simplicitate
2002 5045 2097 5081 sua

496 5100 698 5166 [elicior
745 5099 911 5163 turba,
951 5108 1058 5151 etc.
1118 5096 1353 5151 Turbam
1384 5097 1591 5151 felicem
1621 5097 1960 5165 simplicitate
2000 5113 2092 5151 sua

494 5168 733 5249 appellat
759 5166 1141 5249 ςὴτὶειίξξῃειειιε
1174 5171 1274 5249 hoc
1297 5185 1423 5249 cum
1464 5167 1705 5249 Martiale
1732 5184 1853 5249 vera
1888 5171 2096 5249 simpli-

494 5237 660 5293 citate
693 5238 907 5293 b0natu.
940 5237 1231 5295 Christiani
1258 5241 1329 5296 ob
1369 5239 1419 5294 id
1450 5239 1589 5307 apud
1622 5239 1878 5294 Etltnicos
1909 5237 2061 5294 tradu

495 5307 761 5379 cebantnr
790 5321 1060 5379 tamquam
1092 5312 1291 5378 obtusi,
1318 5321 1371 5366 et
1405 5310 1556 5373 fatui,
1586 5309 1727 5377 quod
1758 5313 1898 5365 inter
1925 5321 2091 5366 caete-

494 5393 588 5433 ros
620 5378 822 5450 indicat
844 5378 1133 5445 Arnobius,
1160 5383 1299 5436 libro
1320 5398 1380 5446 ιι,
1403 5381 1493 5437 45.
1516 5381 1660 5450 quod
1689 5391 1958 5449 tamquam
1988 5382 2090 5435 im-

494 5450 652 5519 periti
719 5449 878 5507 facile
933 5452 1358 5508 adsentirentur.
1407 5449 1722 5507 Sed'Jesus
1778 5453 1827 5504 in
1884 5452 2086 5520 Spiritu

491 5522 770 5593 exsultans
801 5522 1035 5578 Matthici
1069 5538 1188 5593 cap.
1234 5540 1317 5589 XI,
1351 5539 1498 5578 num.
1528 5521 1618 5589 25,
1649 5522 1759 5591 agit
1800 5521 1942 5576 Patri
1968 5538 2090 5593 gra-

487 5591 613 5658 tias,
636 5594 778 5661 quod
803 5591 1203 5649 abscnndtderit
1228 5596 1480 5665 mysteria
1505 5592 1837 5665 sapientibus
1891 5601 1947 5648 et
1978 5591 2083 5665 lin-

484 5665 882 5734 telligeutibus,
914 5676 969 5722 et
999 5664 1324 5721 revelaverit
1354 5664 1612 5737 parvulis,
1641 5664 1742 5720 ltoc
1772 5674 1875 5731 est,
1907 5675 1964 5719 ut
2005 5664 2085 5721 di-

546 5780 620 5849 (α)
662 5780 923 5836 Numerus
956 5781 1169 5839 auctori
1204 5780 1345 5839 idem
1373 5793 1436 5838 ac
1465 5792 1659 5838 versus.

2208 4540 2385 4603 torum
2413 4532 2585 4586 edicta
2616 4548 2678 4587 ex
2709 4533 2832 4589 albo
2860 4533 2924 4586 ad
2956 4532 3272 4603 perpetuum
3298 4537 3387 4603 jus
3414 4534 3645 4589 deducta
3685 4533 3804 4591 fue-

2206 4601 2331 4675 rint,
2370 4603 2828 4675 auctore‘Jnliano
2856 4603 2906 4658 J.
2944 4603 3007 4659 C.
3053 4601 3271 4660 Adriani
3302 4601 3640 4675 imperatoris
3669 4621 3802 4659 aue.

2205 4674 2441 4748 toritate,
2477 4668 2625 4748 libris
2656 4687 2912 4748 exceptio,
2941 4676 3015 4730 uti
3042 4685 3341 4731 constatex
3375 4668 3492 4748 lege
3533 4677 3698 4748 prima
3734 4679 3802 4732 de

2205 4742 2306 4810 liis,
2345 4747 2432 4812 qui
2461 4755 2565 4797 not.
2598 4742 2923 4817 infant.'Has
2942 4748 3124 4815 itaque
3149 4756 3409 4817 perpetuo
3430 4742 3648 4803 Easdem
3678 4763 3800 4801 ma-

2203 4829 2334 4869 nere
2362 4816 2530 4888 dicit,
2564 4816 2704 4885 quod
2736 4832 2920 4872 verum
2950 4828 3050 4881 est,
3077 4816 3249 4874 donec
3272 4818 3468 4875 fuerint
3499 4820 3798 4888 abrogatae,

2202 4899 2439 4959 quarum
2460 4886 2651 4940 librqu
2686 4888 2971 4955 genitalem
2995 4898 3171 4953 vocat,
3208 4891 3310 4945 hoc
3338 4900 3422 4945 est
3454 4886 3802 4959 originalem,

2208 4969 2304 5009 seu
2335 4958 2707 5027 archetypum,
2753 4960 2891 5014 unde
2922 4960 3029 5014 illis
3056 4960 3189 5015 fides
3213 4958 3601 5015 adstrueretn’r.
3638 4958 3804 5017 Fides

2208 5034 2394 5103 contra
2428 5042 2532 5081 non
2562 5031 2667 5083 alio
2691 5030 2876 5103 nititur
2900 5046 3062 5103 quam
3090 5046 3151 5087 se
3201 5033 3341 5103 ipsa,
3372 5041 3428 5087 et
3452 5030 3498 5088 si
3521 5030 3698 5087 solum
3734 5032 3806 5086 ti-

2208 5097 2377 5163 tubet,
2411 5113 2515 5151 non
2547 5101 2864 5167 restabilita,
2897 5097 3097 5156 interit.

2280 5167 2499 5243 Ibidem.
2546 5167 2655 5225 Lea:
2684 5172 2907 5227 hominis
2951 5175 3315 5229 conscientiam
3365 5173 3558 5243 alloqui
3599 5182 3802 5228 tantum

2203 5250 2384 5314 potest,
2418 5241 2586 5295 ridere
2608 5252 2780 5297 autem
2823 5261 2924 5297 non
2958 5254 3144 5312 potest,
3176 5256 3282 5301 etc.
3331 5241 3533 5307 Potest,
3566 5259 3688 5314 quae
3721 5247 3802 5299 fa-

2202 5312 2391 5391 cienda
2441 5314 2599 5391 sint,
2654 5326 2747 5368 aut
2798 5315 3065 5391 credenda
3134 5317 3387 5391 docere;
3448 5330 3553 5391 non
3584 5312 3802 5387 potest

2202 5382 2404 5449 videre,
2429 5383 2555 5454 quid
2586 5384 2746 5441 homo
2772 5387 2979 5447 credat,
3009 5402 3182 5458 neque
3208 5389 3275 5443 de
3302 5388 3419 5458 ejus
3443 5388 3546 5442 tide
3570 5382 3802 5457 cognos-

2198 5466 2343 5507 cere.

2269 5524 2492 5579 Ibidem.
2534 5524 2644 5580 Lex
2689 5529 2919 5596 partibus
2964 5539 3012 5584 et
3058 5531 3296 5595 discitur,
3344 5541 3389 5584 et
3431 5530 3661 5589 docetur,
3686 5540 3797 5584 etc.

2193 5592 2301 5677 Le;
2337 5596 2584 5677 nimirum
2607 5592 2820 5654 dividua
2874 5592 3596 5677 qna-1msubditumaltec
3640 5602 3803 5677 intel—

2195 5664 2397 5736 ligitur,
2448 5673 2547 5723 nec
2590 5677 2819 5725 tenetur.
2871 5664 2933 5727 A't
2987 5672 3121 5729 lldes
3149 5664 3445 5728 individua.
3470 5671 3696 5727 Tertull.
3726 5672 3799 5728 de
