4230 6168
488 257 590 310 Pili?

1710 248 2065 306 FRANCISCI
2106 245 2517 305 SPARAVERII

3688 240 3799 297 568

490 381 543 425 nt
586 389 700 427 cum
745 385 884 430 terra
904 374 1054 428 arida
1098 380 1145 427 et
1185 370 1321 425 sicca
1362 375 1598 422 constare
1637 382 1728 437 per
1757 382 1829 426 se,
1872 383 1934 419 ac
1976 365 2085 418 sine
2114 365 2167 426 Α
2192 365 2413 437 obvient
2469 364 2917 437 irrumpantque,
2962 377 3094 437 qute
3135 354 3422 437 incurrant
3473 359 3684 437 facilius
3708 361 3793 437 _in

488 443 703 499 humore
727 462 830 499 non
862 453 1061 516 posset:
1089 458 1179 497 nec
1226 447 1586 516 rursusstare
1617 454 1751 509 aqua
1789 437 1889 516 nisi
1926 437 2083 516 susti-

488 524 637 569 nente
676 526 830 580 terra,
862 507 1045 569 'mutuo
1093 511 1363 583 complexu
1401 507 1763 584 jungat-eatur,
1802 507 1899 562 hac
1937 508 2082 563 sinus

490 586 748 656 pandente
768 626 783 653 ,
814 587 907 640 illa
936 602 1054 640 vero
1082 581 1373 655 permeante
1403 581 1583 656 totam,
1616 581 1775 645 intra,
1805 588 1970 656 eattra,
1994 594 2081 632 su-
2122 598 2125 609 ε

489 651 585 727 pra
641 651 801 727 venis
827 666 873 710 et
918 651 1135 711 vinculis
1179 653 1604 727 discurrentibus,
1662 660 1718 706 ut
1748 666 1813 706 ex
1845 651 2079 727 iliS_Cl_It_Il

491 720 669 780 unitas
698 725 839 795 globi
894 728 1053 782 terrei
1087 735 1140 783 et
1171 725 1325 794 aquei
1373 725 1507 779 satis
1555 730 1798 795 constet,
1830 720 2082 795 probabi-

490 798 596 851 lius
628 792 914 867 sit—aquam
942 807 1103 853 terrm
1131 792 1338 868 gremio
1365 792 1669 868 contineri,
1690 800 1746 849 ut
1777 792 2080 868 sentitPli-

492 868 634 929 nius,
667 862 809 936 quod
839 870 1098 933 sensisse,
1126 862 1182 923 ét
1210 867 1554 922 Ptolemaeum
1586 864 1749 921 refert
1771 862 2080 936 Casaubon.

490 939 556 1011 ad
590 934 937 1011 Strabonem,
972 955 1095 1011 pag.
1122 940 1155 994 5
1182 949 1236 994 et
1266 939 1331 1011 li,
1363 937 1709 1011 quammquod
1848 934 2077 997 Tullius,

490 1009 560 1064 de
594 1009 900 1078 Republic,
924 1004 1069 1079 apud
1106 1009 1431 1064 Macrobiutn
1467 1050 1481 1073 ,
1522 1004 1699 1063 lib.‘u
1744 1004 2084 1079 Commenta-

489 1076 719 1146 riorum,
776 1076 895 1151 cap.
951 1076 1004 1146 5,
1042 1082 1183 1136 velut
1232 1080 1459 1151 insulam
1517 1079 1649 1134 mari
1701 1076 2079 1151 circumfusam

490 1160 695 1205 terram
744 1147 997 1219 senserit,
1057 1162 1109 1207 et
1151 1151 1331 1219 Stoici
1384 1150 1503 1204 loco
1546 1164 1705 1219 supra
1751 1164 1817 1203 ex
1864 1147 2083 1203 Laertio

490 1222 740 1298 laudato,
754 1228 845 1283 τήν
891 1216 991 1298 75.
1014 1225 1062 1278 ἐν
1083 1223 1249 1298 fidem
1287 1216 1444 1298 sivetu,
1466 1216 1653 1275 terrain
1686 1221 1739 1274 in
1775 1236 1907 1298 aqua
1944 1235 2081 1284 esse;

491 1309 630 1361 aqua
661 1296 800 1348 enim
825 1291 954 1365 vaga
993 1305 1044 1349 et
1074 1294 1217 1348 ﬂuxa
1248 1309 1369 1348 cum
1403 1294 1474 1346 sit
1494 1334 1507 1355 ,
1538 1302 1678 1365 terra
1709 1291 1878 1365 solida
1922 1301 2083 1365 atque

492 1364 820 1429 consistens,
847 1361 1051 1420 naturai
1079 1365 1236 1419 fuerit
1267 1364 1677 1419 convenientius
1708 1363 1853 1416 illam
1886 1362 1955 1415 ab
1985 1361 2084 1415 hac

494 1435 781 1498 contineri,
814 1452 975 1505 quam
1002 1452 1031 1490 e
1059 1447 1246 1492 contra
1267 1478 1280 1500 ,
1311 1434 1452 1502 quod
1488 1450 1591 1488 ιιοιι
1618 1436 1847 1505 obscure
1872 1433 2085 1505 videtur

494 1516 550 1560 et
598 1503 846 1562 innuisse
877 1508 1195 1562 Aristotcles
1227 1547 1242 1572 ,
1286 1506 1413 1561 dum
1460 1505 1553 1559 lib.
1604 1523 1637 1560 ιι
1668 1520 1786 1572 cap.
1816 1504 1851 1557 2
1884 1503 2084 1558 Meteo-

494 1589 679 1653 rorutn
712 1579 922 1653 inquit:
955 1582 1039 1640 Εἰς
1076 1600 1130 1634 τε
1172 1579 1232 1653 τὸ
1262 1576 1560 1653 λκοιλότᾳτον
1608 1580 1638 1636 ἡ
1685 1578 1857 1653 ῥύσις,
1916 1579 2003 1653 nati.

492 1647 725 1721 θάλασσα
768 1651 853 1706 τὸν
916 1657 1147 1705 τοιοῦτον
1184 1650 1366 1721 ἐπέχει
1402 1649 1556 1721 τόπον
1598 1646 1694 1709 τῆξ
1726 1656 1852 1720 713;;
1900 1646 1979 1721 ᾼιι
2030 1650 2084 1700 id

492 1719 631 1790 quod
665 1721 986 1775 carissimum
1010 1733 1104 1784 est,
1140 1718 1464 1790 ﬂuxio'efﬁci
1490 1723 1636 1785 solet,
1662 1731 1706 1773 et
1734 1718 1889 1790 terrae
1919 1718 2085 1772 locum

494 1789 748 1862 ejusmodi
779 1808 918 1845 mare
940 1789 1174 1862 occupat.
1209 1792 1391 1845 Liceat
1418 1800 1596 1844 autem
1630 1804 1792 1860 super
1820 1789 1921 1844 hoc
1953 1804 2087 1858 pau-

496 1859 577 1914 cis
626 1861 957 1916 ratiocinari.
1016 1859 1184 1917 Tcrra
1221 1870 1341 1916 erat
1386 1862 1709 1915 circumfusa
1743 1870 1796 1914 et
1827 1874 2085 1929 Oppressa

494 1931 646 1997 aquis
691 1932 742 1985 in
786 1933 973 1987 mundi
1015 1932 1199 1986 natali.
1243 1932 1471 1987 Genesis
1507 1947 1557 1986 c.
1610 1948 1649 1997 I,
1676 1946 1824 1985 num.
1854 1929 1887 1985 9
1915 1939 1969 1985 et
1998 1931 2085 1986 10.

498 2000 642 2055 Deus
670 2002 837 2074 voluit
870 2004 1141 2074 segregari
1167 2018 1362 2072 aquam
1394 2017 1425 2056 a
1454 2012 1616 2065 terra,
1647 2010 1703 2057 et
1730 2000 1929 2074 factum
1959 2011 2042 2057 est
2070 2020 2083 2067 ;

500 2085 620 2125 nam
649 2086 714 2126 eo
728 2072 982 2141 jubeute,
1006 2074 1232 2129 emersit
1256 2084 1429 2143 terra,
1450 2089 1610 2142 quam
1639 2072 1789 2126 arida
1809 2072 2087 2143 Scriptura

495 2153 683 2209 vocat;
717 2146 769 2197 in
824 2144 927 2200 hac
976 2158 1267 2200 cxcavasse
1310 2142 1761 2214 profundissimos
1797 2142 2003 2209 alveos,
2032 2155 2089 2199 ut

496 2218 666 2301 maria
698 2223 1112 2301 reponereutur,
1141 2225 1388 2299 arguunt
1420 2214 1621 2271 Psabui
1649 2230 1827 2299 xxx“,
1854 2230 2002 2301 num.
2034 2216 2088 2281 7,

497 2287 706 2360 verba:
741 2287 1071 2360 Congregans
1108 2289 1236 2342 sicut
1268 2288 1323 2341 in
1360 2298 1474 2341 utre
1496 2304 1655 2360 aquas
1696 2288 1874 2341 maris.
1928 2287 2093 2360 Igitur

499 2355 646 2410 velut
670 2358 722 2411 in
756 2355 878 2414 utre
899 2401 913 2423 ,
942 2355 1034 2414 aut
1056 2399 1072 2425 ,
1097 2360 1141 2413 si
1177 2361 1370 2423 mavis,
1400 2360 1453 2414 in
1484 2355 1801 2427 recipiente,
1835 2374 1988 2429 aqua:
2018 2358 2089 2429 riu

501 2437 643 2483 terra
673 2443 821 2485 sunt.
865 2434 1062 2488 Alveos
1098 2443 1276 2486 autem
1307 2472 1321 2494 ,
1350 2441 1405 2485 et
1443 2445 1704 2487 cavernas
1736 2433 1787 2485 in
1813 2441 1954 2485 terra
2005 2428 2087 2483 fa—

498 2511 613 2554 etas
642 2502 694 2555 in
718 2504 1119 2573 receptaculum
1150 2516 1425 2573 aquarum
1441 2516 1668 2558 censere
1695 2512 1749 2557 et
1788 2500 2094 2573 Conimbri-

497 2583 690 2645 censes
716 2571 933 2645 Pliysic.
977 2575 1073 2629 lib.
1120 2589 1191 2638 ιγ,
1243 2587 1362 2643 cap.
1396 2571 1452 2640 5,
1500 2590 1592 2643 qu.
1634 2576 1687 2635 ‘5,
1714 2583 1822 2645 art.
1852 2572 1908 2633 2,
1942 2583 1994 2626 et
2025 2572 2093 2627 de

497 2643 637 2698 etelo
688 2643 890 2709 libﬁtt,
921 2661 1040 2714 cap.
1086 2647 1173 2711 14,
1223 2652 1417 2714 quiest.
1461 2645 1518 2711 3,
1558 2654 1662 2700 art.
1701 2644 1759 2710 2,
1799 2645 2093 2714 allegantes

500 2661 637 2698 C(BIO
688 2661 780 2700 un.
822 2662 890 2709 ιι,
921 2662 981 2701 ca
1028 2687 1040 2700 .
1086 2661 1173 2711 is,
1223 2661 1417 2714 quam.
1462 2661 1518 2711 ο,
1558 2661 1662 2700 art.
1701 2661 1759 2710 2,
1799 2661 2093 2714 allegantes

500 2714 661 2768 etiam
692 2714 955 2774 Joannem
987 2661 1405 2777 Bamasceuum,
1441 2717 1698 2772 Allatium
1728 2716 1794 2769 ad
1828 2715 2094 2770 Eustatliii

500 2784 590 2838 fol.
616 2784 670 2852 6,
702 2796 974 2855 notarum,
998 2789 1095 2843 tol.
1124 2787 1215 2852 46,
1244 2796 1299 2841 et
1327 2785 1627 2842 Gerardum
1654 2786 1917 2842 Joannem
1956 2783 2094 2840 Vos-

500 2856 637 2910 sium
669 2857 736 2911 de
766 2859 1042 2914 Idololatr.
1078 2860 1174 2914 lib.
1215 2874 1277 2923 ιι,
1306 2873 1426 2927 cap.
1459 2857 1547 2913 67.
1579 2857 1765 2928 Neque
1807 2871 2093 2927 argumen-

504 2936 619 3001 tum
662 2929 808 3001 deest
835 2971 851 2996 ,
882 2933 1008 3001 quia
1038 2932 1083 2984 si
1130 2945 1265 3001 aqua
1302 2945 1409 3001 non
1438 2938 1835 2998 sustentaretur
1862 2943 1892 2982 a
1923 2937 2091 2994 terra,

502 2998 650 3070 nulla
677 2998 1083 3070 daretur—maris
1113 2998 1456 3070 profunditas
1481 3015 1494 3064 ;
1520 3012 1575 3054 at
1601 3000 1934 3069 experientia
1958 3015 2098 3069 nau-

503 3067 607 3123 tica
672 3069 789 3125 dari
835 3082 1061 3127 testatur
1100 3067 1214 3127 suis
1263 3070 1523 3125 limitibus
1578 3081 1633 3126 et
1675 3067 2093 3139 quantitatibus,

503 3139 608 3194 nisi
639 3143 883 3211 excipias
912 3144 1028 3197 loca
1058 3143 1200 3197 circa
1228 3142 1449 3211 insulas!
1485 3141 1823 3207 Flandricas,
1859 3152 1912 3197 et
1952 3143 2094 3197 circa

503 3223 607 3284 non
665 3214 841 3269 nullas
866 3214 1000 3268 alias
1056 3212 1270 3269 Pacifici
1317 3214 1515 3279 maris;
1562 3227 1692 3284 ergo
1740 3228 1888 3267 mare
1940 3222 2099 3268 terra:

504 3281 755 3349 inbzcret,
813 3294 869 3339 et
895 3286 963 3339 ab
1004 3300 1067 3340 ca
1109 3287 1408 3341 sustinetur
1450 3303 1463 3338 :
1497 3285 1564 3339 de
1593 3281 1788 3354 quibus
1816 3284 1955 3338 ratio
1996 3300 2132 3338 na--

508 3353 719 3426 turalis,
741 3370 923 3426 spero,
953 3356 1311 3425 qumslionem
1333 3355 1573 3411 dirimet.

574 3422 989 3498 Ibidcni.__Quis
1028 3426 1240 3498 spiritus
1286 3428 1473 3498 aerios,
1521 3428 1634 3493 quis
1680 3427 1877 3496 ﬁguras
1923 3436 2099 3480 vento.

502 3507 642 3567 rum,
674 3506 779 3567 etc.
814 3495 883 3552 Ut
914 3495 1297 3566 puto'spiritus
1318 3496 1571 3566 intelligit
1599 3495 1697 3567 pro
1724 3495 1877 3558 aura.
1907 3506 1962 3551 et
1989 3498 2103 3567 pla-

503 3564 642 3639 cido
672 3564 805 3639 ﬂatu
826 3609 839 3628 ,
868 3564 991 3621 cum
1018 3564 1287 3639 nimirum
1342 3568 1447 3622 leni
1466 3610 1481 3634 ,
1500 3564 1910 3639 tranquilloque
1953 3564 2102 3622 motu

505 3634 797 3702 delabitur,
828 3646 888 3692 ut
914 3639 966 3692 in
995 3638 1228 3704 Catullo,
1253 3638 1508 3695 Carmine
1534 3634 1778 3709 nuptiali.

631 3727 949 3782 Ut
974 3743 1124 3794 quem
1149 3730 1365 3781 mulcent
1387 3744 1536 3782 auras.

576 3822 647 3877 Et
673 3820 898 3877 Ovidius
923 3822 1346 3893 Metamorphos.
1378 3824 1474 3880 lib.
1508 3840 1547 3888 I,
1579 3824 1680 3880 107
1708 3843 1720 3878 :

1100 3912 1386 3980 Placidique
1409 3915 1693 3980 tepentibus
1715 3917 1849 3965 auris

633 3971 911 4025 Mulcebant
933 3974 1158 4040 Zephyri.

580 4058 766 4115 Talem
796 4061 1063 4129 intelligas
1109 4061 1161 4116 in
1195 4060 1601 4132 Epigrammate
1639 4061 1829 4118 Graaco
1853 4060 2105 4132 Αιιι1ιυ1.,

508 4129 602 4185 lib.
636 4146 729 4197 vn,
761 4146 879 4201 cap.
918 4131 1022 4187 117
1058 4150 1071 4184 :

727 4234 804 4276 Εἶθ’
827 4234 959 4286 dupe;
981 4240 1134 4288 τίνομην
1158 4238 1203 4277 σὺ
1223 4234 1266 4276 δι
1287 4253 1326 4288 τι
1346 4240 1527 4289 eripuere
1544 4238 1630 4288 παρ’
1653 4238 1765 4289 αὐτὸς

788 4301 925 4349 Στήθια
946 4303 1150 4353 γυμνώσας
1173 4302 1235 4339 neti.
1255 4314 1300 4350 με.
1319 4303 1474 4339 πνέοντα
1489 4299 1635 4347 λάϐοις.

580 4392 786 4448 Ventos
817 4404 1000 4448 autem
1029 4394 1098 4449 ab
1147 4408 1213 4448 eo
1252 4392 1382 4460 dici,
1426 4408 1548 4449 cum
1594 4391 1953 4464 impetuosius
2000 4395 2112 4464 spi-

510 4474 654 4529 rant,
683 4471 739 4517 et
763 4464 957 4534 quibus
1006 4464 1233 4518 materia
1274 4466 1561 4534 copiosior
1590 4462 1901 4519 violentiam
1934 4462 2109 4534 potio-

511 4549 626 4588 rem
658 4533 1160 4605 ethdiuturuiorem
1187 4533 1646 4605 suggerit.Achil.
1679 4534 1865 4587 Tatius
1891 4534 2106 4605 inqAra-

509 4612 621 4683 t_um
658 4602 794 4683 I58}
821 4602 1097 4683 ’ὲλλοιῌδὶ
1140 4602 1885 4683 διᾳφὲῥιιν“ἅνιμργ.λέιχουσςιν
1915 4604 2102 4683 αὔρας,

508 4673 692 4753 diuisi-sev
715 4676 815 4750 γὰρ
842 4672 967 4753 siuet:
986 4672 1334 4753 ﬁ‘éd’tituéiéo'f,
1359 4672 1531 4753 αὖραῇ
1552 4674 1606 4731 δέ
1621 4672 1961 4753 ἀναθρμὶασιν
1984 4672 2101 4749 ῖγῆς.

509 4745 613 4801 Alii
637 4745 841 4801 vetitum
866 4749 927 4800 ab
953 4745 1082 4800 aura
1112 4745 1406 4815 discrepare
1427 4745 1601 4799 uolunt
1630 4761 1648 4798 :
1670 4745 1857 4814 quippe
1878 4745 2101 4811 ventum,

508 4818 675 4888 aiunt,
708 4834 815 4871 esse
857 4820 1100 4888 ﬂuentem
1129 4832 1319 4888 aerem,
1340 4830 1550 4888 auram
1589 4831 1705 4888 uero
1738 4826 1990 4888 terrenam
2016 4835 2104 4872 ea:-

509 4885 867 4957 halationem,'
900 4902 1061 4957 quam
1110 4886 1515 4942 distinctionem
1555 4885 1737 4940 videas
1785 4886 1837 4939 iu
1880 4903 2102 4946 aucmre

509 4956 633 5032 libri
654 4957 723 5032 de
752 4956 974 5032 mundo.
1002 4956 1359 5032 Aristotelem
1377 4957 1779 5032 Meteorologic.
1798 4959 1889 5012 lib.
1907 4975 1964 5026 ιι,
1979 4977 2099 5032 cap.

507 5027 566 5093 4,
598 5026 763 5083 credo
821 5029 1010 5085 eadem
1061 5029 1271 5081 ratione
1308 5026 1642 5099 distinguere
1683 5032 1822 5099 inter
1867 5026 2094 5098 llatuui,

550 5113 670 5172 nem
700 5100 925 5172 meopte,
973 5107 1027 5152 et
1050 5097 1665 5172 in_ter_ventum—quem
1714 5097 1896 5172 ἄνεμον
1921 5097 2099 5159 vocat.

510 5168 616 5224 Sed
649 5179 706 5224 ut
733 5168 964 5225 vidimus
986 5168 1404 5224 confunduntur.

582 5240 710 5310 Pag.
740 5240 1026 5315 207._AQuis
1053 5240 1186 5295 inter
1207 5241 1451 5315 marinos
1486 5251 1641 5298 cestus
1666 5244 1937 5314 ﬂuminum
1967 5261 2100 5315 aug-

507 5320 699 5378 menta,
728 5325 834 5368 etc.
862 5313 976 5367 Iluc
998 5327 1167 5382 usque
1188 5310 1258 5368 de
1287 5312 1464 5368 ﬂuviis
1494 5310 1772 5369 auctis’aut
1800 5310 2098 5370 imminutis

480 5382 579 5435 ~ab
601 5392 757 5450 aestu,
782 5392 878 5438 aut
902 5397 1120 5438 recessu
1152 5385 1315 5438 maris
1341 5399 1371 5437 a
1395 5399 1480 5439 me
1497 5386 1731 5439 nondum
1750 5388 1802 5439 in
1831 5386 1982 5441 libris
2007 5394 2100 5440 aut

507 5453 706 5525 visum,
728 5464 822 5510 aut
846 5456 1069 5525 lectum.
1102 5467 1362 5524 quantum
1396 5455 1755 5525 meminerim.
1791 5455 1984 5525 Aliqua
2029 5461 2097 5511 de

506 5521 744 5582 fontibus
790 5526 845 5580 in
892 5521 1133 5581 Gadibus
1186 5541 1315 5592 uno,
1356 5534 1412 5580 et
1453 5524 1521 5580 de
1562 5527 1739 5580 altero
1769 5521 2096 5595 Burdigalae,

503 5610 729 5663 quorum
777 5611 970 5652 causas
1028 5596 1187 5650 nobis
1213 5600 1423 5665 ignotas
1451 5611 1574 5665 esse
1600 5595 1757 5651 fateri
1805 5599 2092 5665 cogimur:

498 5665 552 5717 ni
590 5664 865 5736 diluimus,
909 5667 1054 5736 quod
1100 5664 1355 5721 Socrates
1404 5667 1454 5719 in
1507 5664 1800 5731 Phaedone,
1833 5664 2096 5735 plurimas

493 5734 750 5796 caritates
784 5751 908 5792 esse
924 5734 1028 5794 sub
1056 5745 1225 5802 terra,
1255 5750 1351 5817 per
1376 5750 1512 5807 quas
1552 5751 1705 5807 aqua:
1731 5734 2092 5796 sibi’invicem

2133 4506 2186 4565 D

2191 436 2291 491 bos
2348 435 2557 499 fontes,
2608 450 2768 504 quam
2798 431 2874 489 in
2925 431 3082 490 alios.
3129 433 3235 490 Sed
3284 449 3391 489 non
3444 433 3647 489 tollitur
3689 431 3800 487 du-

2188 507 2403 573 bitatio,
2457 521 2554 561 cur
2602 507 2747 560 enim
2806 505 2857 560 in
2912 505 3036 560 illos
3092 506 3171 561 sic
3220 506 3417 576 potius,
3476 511 3532 560 et
3580 519 3688 559 non
3741 505 3797 559 in

2187 592 2400 635 omnes.

2260 649 2387 718 Pag.
2415 648 2544 704 208.
2580 648 2905 720 Sollicitique
2942 648 3581 720 gurgitisprwruptorum
3635 661 3796 702 mon~

2187 722 2316 775 tium
2344 719 2487 774 canis
2513 719 2854 791 voluminibus
2879 718 3273 791 repugnantium
3302 718 3531 773 littorum
3553 734 3804 783 spuman-

2188 793 2260 845 tia
2287 807 2378 845 ora
2406 790 2741 857 contundens,
2762 802 2866 845 etc.
2898 790 3023 845 Haec
3050 790 3323 858 inquinata
3354 804 3477 845 esse
3505 802 3666 844 nemo
3689 803 3803 844 non

2186 861 2401 933 viderit.
2424 861 2678 933 Legereui
2708 862 2906 933 potius,
2934 862 3060 915 dum
3085 860 3323 916 melioris
3345 860 3625 930 scriptura:
3653 860 3805 933 noti-

2189 934 2260 988 tia
2289 932 2446 987 tlatur
2479 951 2493 987 :
2526 931 2838 987 Lacessitum
2867 931 3039 1003 fremit
3065 948 3236 1003 mare,
3286 932 3528 986 sollicitat
3573 932 3805 1003 gurgites

2188 1014 2565 1076 praeruptorum
2604 1002 2873 1057 montium
2913 1005 3054 1057 canis
3097 1002 3803 1076 voluniinibus,irepugnan-

2187 1072 2412 1157 tiumque
2441 1075 2666 1157 [merum
2687 1077 3140 1157 spu‘mantiaLgtc.
3166 1072 3374 1144 Gurges
3401 1075 3547 1130 enim
3572 1072 3673 1144 pro
3692 1072 3804 1128 ﬂu-

2188 1157 2303 1202 ctu.
2340 1146 2484 1216 Virg.
2522 1146 2617 1199 lib.
2652 1161 2708 1200 ιιι
2738 1144 2959 1201 ιλΕιιθίἀ.
2993 1145 3139 1202 564ε

2435 1235 2675 1287 Tollimur
2696 1237 2748 1285 in
2775 1238 2952 1287 emtum
2978 1243 3179 1287 curvato
3204 1239 3422 1301 gurgite.

2188 1318 2280 1390 Sic
2334 1319 2594 1389 pratrupti
2635 1327 2848 1375 montes
2890 1330 3017 1374 sunt
3074 1320 3340 1374 undarum
3398 1320 3498 1390 ipsi
3552 1318 3791 1386 ﬂuctus,

2186 1389 2597 1462 abrupti_veluti
2621 1407 2648 1443 a
2675 1390 2879 1460 majore
2906 1399 3109 1455 monte,
3127 1390 3380 1462 etjactati
3399 1389 3591 1447 ventis.
3616 1391 3795 1458 Idem,

2188 1459 2290 1514 lib.
2318 1476 2334 1515 ι
2367 1460 2588 1517 ΑΞιιθὶιΙ.
2619 1462 2761 1517 109;

2436 1551 2715 1616 Insequitur
2736 1553 2930 1603 cumulo
2954 1560 3231 1618 praeruptus
3267 1566 3408 1618 aquae
3432 1567 3603 1616 mons;

2194 1635 2264 1691 Ut
2311 1635 2626 1690 viderentur
2665 1637 2930 1691 montium
2980 1637 3258 1706 portiones
3295 1637 3564 1691 albicaute
3605 1652 3800 1706 Spuma

2188 1722 2359 1762 caute.
2384 1707 2561 1776 Apoll.
2597 1707 2773 1762 llhod.
2805 1709 3208 1785 Ἀργοναυτικῶν
3256 1707 3350 1762 lib.
3384 1723 3441 1775 ιι,
3474 1706 3574 1763 5η
3604 1726 3616 1761 :

2385 1842 2393 1851 .
2459 1841 2469 1851 .
2538 1841 2548 1850 .
2615 1842 2623 1851 .
2689 1840 2701 1851 .
2768 1804 3145 1864 ,⁸γψόιιδνεχοης

2382 1877 2499 1924 Λωκή
2521 1874 2795 1926 maliﬁcae-9;
2817 1876 2974 1914 ἀνικτυι
2996 1874 3159 1924 niueae;
3181 1870 3289 1925 ἄχνη.

2914 1946 2969 1999 in
3005 1946 3150 2017 littus
3181 1961 3441 1998 summum

2477 2017 2610 2072 Alba
2636 2019 2792 2071 undte
2822 2020 3001 2089 fractis
3027 2026 3269 2087 expuniat
3297 2017 3506 2087 lanugo.

2192 2109 2313 2166 Jam
2346 2112 2459 2181 ipsa
2490 2125 2677 2178 spuma
2710 2113 2879 2166 maris
2901 2110 3184 2166 inlectum.
3213 2110 3483 2164 (Steterunt
3534 2108 3803 2164 undarum

2193 2181 2433 2237 tumidos
2457 2182 2558 2237 bos
2584 2194 2749 2238 :cstus
2778 2184 3079 2250 ﬂuctusque
3114 2181 3436 2249 Apollonius
3494 2181 3609 2249 ipse
3653 2181 3809 2234 dicto

2195 2252 2287 2326 lib.
2342 2268 2401 2319 11,
2457 2269 2613 2326 vers.
2652 2255 2759 2310 585
2818 2255 3059 2326 vocavit
3104 2255 3380 2326 auarisan
3429 2260 3628 2326 nostri
3660 2249 3803 2312 ἴσον.

2194 2325 2408 2398 abrupti
2459 2325 2686 2380 aemulos
2749 2325 2978 2395 scopuli.
3037 2323 3211 2398 achil.
3248 2322 3402 2398 Τειι.Δ
3441 2325 3543 2398 ἔρ,
3577 2322 3669 2377 lib.
3739 2338 3805 2387 ιι,

2196 2391 2531 2471 ἐῴκε-ιγδελῖῶν
2559 2398 2819 2471 κυμάτων,
2845 2391 2911 2471 rei
2936 2398 3026 2467 μὲν
3053 2391 3221 2471 ὅρξᾳςιν
3239 2436 3254 2460 ,
3283 2398 3351 2450 τὰ
3380 2391 3751 2471 ᾃέμξχὰσμᾳσιις
3790 2413 3804 2448 :

2195 2452 2245 2519 Β
2288 2466 2529 2536 ﬂuctibus
2574 2452 2667 2521 alii
2720 2452 2973 2521 montibus
3002 2507 3016 2533 ,
3078 2452 3172 2520 alii
3223 2452 3553 2537 tioraginib'us
3592 2452 3808 2519 'similes

2196 2546 2342 2592 erant
2350 2578 2361 2590 .

2268 2607 2492 2664 Ibidem.
2541 2609 2705 2677 Quem
2749 2609 2915 2664 solum
2959 2608 3224 2680 expetebat
3270 2608 3403 2661 bona
3458 2607 3802 2680 illaitempc—

2195 2688 2322 2744 stas,
2375 2690 2480 2735 etc.
2533 2680 2781 2735 Pariliter
2814 2677 3032 2735 locutus
3070 2688 3152 2733 est
3192 2677 3510 2748 Appuleius,
3546 2679 3640 2733 lib.
3677 2694 3695 2732 ι
3727 2680 3803 2733 de

2197 2751 2395 2823 Asino:
2420 2753 2486 2805 At
2514 2750 2620 2806 illae
2644 2752 2838 2823 probte,
2866 2762 2922 2823 et_
2935 2750 3113 2823 ﬁdeles
3125 2750 3329 2820 janute.
3364 2750 3503 2823 Mox.
3536 2749 3812 2823 Acrccor-

2198 2822 2360 2875 dabar
2384 2821 2847 2892 profecto,’bonam
2895 2821 3123 2876 Meroem
3178 2836 3280 2874 non
3325 2821 3676 2875 misericordia
3716 2824 3813 2890 ju—

2199 2892 2322 2963 gulo
2366 2908 2480 2947 meo
2514 2895 2826 2963 pepercisse,
2860 2894 2951 2948 sed
2981 2893 3177 2947 stctiitia
3212 2894 3355 2963 cruci
3383 2908 3463 2945 me
3494 2908 3806 2946 reservasse.

2198 2950 2349 3018 Dona
2396 2963 2487 3034 illa
2514 2950 2834 3034 'tc'mpestas
2865 2982 2878 3017 :
2915 2964 3117 3018 ironice
3151 2980 3165 3017 τ
3198 2961 3601 3032 Exspectabam,
3655 2965 3807 3032 quod

2205 3036 2435 3096 vellent.
2467 3032 2574 3089 non
2607 3032 2673 3090 ad
2701 3037 2917 3105 genium
2965 3034 3231 3100 Zenonis;
3263 3034 3523 3098 expetebat
3546 3036 3689 3105 quod
3722 3050 3813 3088 rc-

2207 3106 2488 3172 tinuimus,
2518 3106 2805 3170 optimum.

2277 3175 2504 3232 Ibidem.
2529 3176 2575 3229 Α
2598 3177 2766 3248 ligneo
2793 3176 2861 3230 ad
2880 3176 3143 3248 navigium
3178 3176 3350 3240 vitale,
3373 3186 3480 3230 etc.
3523 3172 3809 3248 Navigium

2204 3247 2386 3330 vitale.
2404 3259 2562 3303 vocat
2589 3246 2801 3316 cetum;
2835 3246 3188 3319 quem'paulo
3234 3255 3361 3317 post
3389 3257 3544 3302 vocat
3573 3246 3808 3301 ferinam

2204 3333 2539 3389 voraginem.
3648 3343 3657 3355 “

2309 3448 2360 3489 IN
2406 3448 2605 3489 τιιΑοτ.
2635 3448 2727 3488 XIX
2761 3449 2864 3489 LIB.
2917 3451 2974 3501 Il,
3007 3450 3058 3489 IN
3090 3449 3242 3489 ILLUD
3267 3447 3566 3499 GENESEOS,
3595 3442 3703 3488 etc.

2285 3550 2412 3620 Pag.
2444 3549 2571 3604 ‘Zl'l.
2618 3547 2768 3603 Nihil
2796 3558 2870 3603 est
2897 3549 3091 3602 homini
3135 3549 3330 3602 timenti
3357 3545 3520 3620 Deum
3567 3557 3669 3601 tam
3713 3564 3810 3603 ne-

2208 3619 2487 3675 cessarium
2534 3629 2686 3688 atque
2723 3623 3059 3684 conveniens,
3093 3636 3243 3690 quant
3285 3628 3340 3671 ut
3377 3635 3432 3672 se
3459 3619 3625 3689 ipsum
3653 3634 3813 3672 nove-

2207 3693 2294 3764 rit,
2337 3704 2440 3764 etc.
2475 3690 2825 3764 Notissimum
2869 3690 2999 3764 illud
3027 3703 3141 3764 est,
3173 3694 3321 3764 γνῷθι
3344 3693 3559 3746 σεαυτὸν
3603 3707 3615 3742 :
3646 3692 3806 3764 quod

2209 3762 2299 3815 alii
2332 3762 2397 3816 ad
2428 3761 2878 3826 moderationem,
2913 3761 3003 3815 alii
3029 3761 3095 3815 ad
3130 3758 3514 3815 conﬁdentiam
3564 3758 3806 3815 traliunt.

2212 3832 2408 3889 Noster
2437 3834 2503 3887 ad
2552 3832 2897 3887 indicandum
2944 3834 3129 3902 quanti
3169 3833 3241 3886 sit
3292 3833 3475 3898 homo,
3528 3832 3807 3888 hominem

2214 3904 2483 3967 hortatur,
2508 3912 2563 3958 ut
2582 3917 2641 3958 se
2672 3903 2882 3959 scilicet
2908 3918 2972 3957 ex
3006 3903 3239 3973 imagine
3274 3903 3365 3957 Dei
3399 3911 3608 3969 noscat,
3639 3917 3808 3973 quam

2213 3986 2432 4044 portare
2480 3974 2533 4029 iu
2592 3984 2799 4029 tantum
2850 3975 3042 4043 dignus
3089 3972 3263 4028 lactus
3300 3985 3404 4040 est,
3450 3974 3501 4028 iu
3546 3984 3808 4041 quantum

2212 4048 2472 4114 operibus
2502 4061 2608 4100 nou
2642 4044 2941 4112 infregerit,
2969 4058 3081 4110 aut,
3115 4044 3257 4115 quod
3285 4044 3667 4110 damnabilius,
3699 4045 3807 4099 de-

2214 4117 2429 4183 leverit,
2457 4117 2523 4172 ad
2555 4116 2657 4171 boc
2686 4125 2743 4171 ut
2775 4116 3061 4172 illecebras
3090 4117 3272 4170 II’IIIItII
3297 4124 3537 4186 spernat,
3565 4123 3616 4169 ct
3644 4115 3813 4171 adse-

2215 4198 2299 4241 rat
2326 4203 2422 4243 suo
2453 4189 2660 4243 auctori
2694 4188 2981 4258 imaginem
3012 4201 3162 4241 suam
3207 4202 3395 4258 puram
3418 4226 3434 4255 ,
3471 4187 3725 4241 illibatam
3753 4200 3813 4243 rt

2215 4259 2430 4326 dignam
2461 4261 2695 4313 tetlierea
2726 4259 2873 4313 sede.

2290 4330 2419 4398 Pag.
2448 4330 2576 4384 218.
2610 4328 2825 4384 Tantum
2874 4330 3045 4382 anima
3074 4331 3339 4399 potestatis
3381 4328 3549 4394 habet,
3599 4338 3654 4399 ut
3691 4344 3811 4383 cum

2215 4402 2297 4454 sui
2323 4400 2570 4454 domicilii
2605 4411 2747 4471 septo
2791 4409 3042 4471 teneatur,
3074 4398 3241 4454 tamen
3267 4400 3530 4471 quidquid
3565 4398 3809 4464 voluerit,

2216 4473 2450 4525 omnibus
2491 4469 2755 4525 momentis
2801 4469 3043 4535 illustrat,
3066 4481 3173 4525 etc.
3215 4469 3653 4525 Cicero‘Catoue
3688 4485 3809 4523 ma-

2208 4540 2317 4608 jori
2353 4544 2456 4597 195
2485 4561 2497 4594 :
2533 4540 2698 4595 Credo
2735 4539 2871 4595 Deos
2896 4542 3209 4595 immortales
3239 4542 3491 4613 sparsisse
3514 4542 3718 4595 animas
3752 4543 3808 4597 in

2211 4627 2429 4681 corpora
2459 4613 2683 4666 humana
2707 4654 2723 4679 ,
2755 4620 2812 4665 ut
2836 4621 3019 4677 essent,
3046 4614 3133 4682 qui
3171 4621 3334 4666 terras
3369 4623 3626 4666 tuerentur
3645 4653 3659 4672 .
3690 4615 3815 4679 qui-

2210 4698 2307 4752 que
2335 4684 2612 4738 cwlestium
2641 4684 2845 4736 ordines
2872 4684 3274 4751 contemplantes
3296 4725 3311 4749 ,
3342 4684 3662 4738 imitarentur
3687 4684 3810 4737 victe

2212 4755 2363 4823 modo
2414 4764 2565 4822 atque
2624 4754 2931 4807 constantia.
2986 4752 3285 4808 Rotundius
3325 4764 3379 4809 et
3413 4755 3620 4823 planius
3649 4752 3810 4810 Philo

2209 4822 2431 4900 Indicus
2464 4840 2477 4900 ξ
2508 4828 2630 4897 περὶ
2659 4825 2942 4900 nobiseum:
2972 4824 3036 4878 l5
3068 4843 3080 4877 :
3110 4822 3593 4900 'Avaréproiu_édotic
3618 4825 3810 4900 λεωφό-

2207 4915 2352 4971 ρους·Δ
2376 4893 2587 4971 ἁπάσξαέ
2608 4936 2620 4951 .
2652 4893 2735 4971 διὰ
2756 4893 2870 4969 ’γῆς
2909 4894 3148 4971 ﬂexerat,
3181 4893 3606 4971 ani'AOatle'tatmg,
3648 4893 3738 4971 ςδι-
3760 4904 3811 4952 ἓν

2207 4963 2445 5044 ἕκατέρᾳ-
2467 4968 2617 5044 φύσει
2647 4963 3057 5044 διερεὺνῴμέὗὸς.
3091 4970 3193 5044 ’καὶ
3228 4967 3382 5023 πάλιν
3421 4970 3609 5044 neque;
3635 4969 3810 5044 ἀρθεὶς

2207 5041 2295 5092 καὶ
2314 5023 2572 5122 τὸν’ἀέρςι,
2603 5039 2687 5090 καὶ
2703 5023 2768 5092 έά
2793 5023 3290 5122 τζούίτουλταθήματα
3328 5023 3807 5122 ξαταςτκεψᾴείενος,

2207 5111 2444 5185 ἀνωτέρω
2481 5109 2686 5183 φέρεται
2733 5110 2866 5186 πρὸς
2924 5110 3122 5184 αἰθέρα,
3166 5117 3271 5162 ctc.
3321 5109 3497 5186 Aperit
3551 5109 3648 5163 sibi
3698 5113 3810 5165 tias

2208 5181 2551 5251 quascumque
2589 5195 2679 5251 per
2706 5181 2892 5233 terram
2916 5221 2931 5245 ,
2960 5181 3050 5251 per
3076 5181 3534 5251 mare,ntriusque
3564 5189 3808 5235 naturam

2210 5249 2613 5319 perscrutatura.
2648 5249 2848 5305 Rursus
2883 5249 3119 5319 sublimis
3147 5249 3391 5313 evolans;
3424 5249 3728 5321 acremque,
3758 5263 3810 5307 et

2206 5323 2317 5392 ejus
2338 5321 2601 5392 passiones
2627 5321 2969 5390 contemplata
2992 5321 3193 5391 rapitur
3219 5323 3429 5377 ulterius
3459 5329 3528 5374 ad
3553 5339 3809 5378 summum

2206 5389 2418 5461 (ethera,
2469 5404 2523 5445 ct
2571 5407 2692 5461 quae
2741 5389 3064 5461 sequuntur,
3107 5406 3227 5459 qua)
3257 5394 3300 5445 si
3346 5392 3644 5450 contuleris
3681 5410 3806 5450 cum

2207 5460 2441 5516 Maximo
2470 5460 2635 5533 'Byrio
2667 5464 2718 5516 in
2752 5460 2856 5517 line
2897 5463 3297 5533 dissertationis
3326 5473 3493 5518 sexta:
3514 5506 3528 5529 ,
3565 5481 3672 5520 non
3704 5468 3811 5521 mi-

2208 5534 2325 5586 nori
2356 5532 2621 5604 elegantia
2651 5532 2955 5587 consimilia
2985 5534 3247 5602 reperies.
3302 5583 3311 5587 -

2281 5602 2502 5678 Ibidelit.
2538 5602 2657 5657 Non
2688 5620 2807 5678 ergo
2831 5604 3044 5678 carnale
3070 5604 3505 5678 hochomicilium
3530 5606 3811 5678 imaginem

2203 5671 2302 5728 Dei
2328 5675 2563 5749 debemus
2592 5671 2845 5749 accipere,
2872 5676 2961 5749 sed
2992 5676 3206 5749 etclestis
3231 5673 3457 5749 hominis
3493 5671 3806 5749 spiritalem,

2202 5762 2353 5815 quam
2376 5747 2427 5800 in
2458 5762 2512 5801 se
2541 5744 2859 5801 credentibus
2890 5744 3162 5811 Dominus,
3183 5758 3293 5803 etc.
3330 5744 3533 5804 Eadem
3571 5744 3811 5805 luitOril
