4198 6160
454 248 556 302 ΜΗ

450 367 715 421 Cteterum
748 377 981 434 sequens
1013 375 1194 414 sermo
1223 359 1275 412 in
1309 358 1578 435 psalmum
1602 370 1763 411 cxxtx
1823 368 1944 435 meo
1968 352 2053 435 juf
2083 374 2131 434 Α

456 436 600 491 dicio
655 446 763 491 tam
808 428 1021 487 diversa
1052 432 1379 495 oeconomia,
1410 431 1488 482 sic
1511 428 1686 481 aliena
1743 428 1953 479 ratione
2000 432 2055 477 et

456 507 626 562 forma
659 504 875 561 dicendi
902 502 1094 567 variat,
1120 509 1176 554 nt
1199 499 1461 555 antestari
1491 513 1649 569 posse
1677 511 1763 551 me
1791 497 1909 550 sine
1931 494 2057 548 dolo

459 570 846 633 malocrcdam
877 572 1113 628 Zenonis
1140 588 1246 626 non
1279 586 1420 627 esse.

512 711 561 750 IN
600 702 1140 748 INTBRPRETATIONBN
1181 701 1333 742 ιδεμ..
1374 700 1534 750 CXXX,
1580 699 1629 738 IN
1671 696 2006 738 APPENDICEI

1103 773 1396 814 REJEC'I‘AII.

536 837 664 926 ᾖδε.
704 855 810 911 350
846 822 1009 924 (Ibid.
1035 853 1139 907 col.
1176 849 1327 921 725).
1365 851 1446 926 De
1486 863 1736 926 sermone
1761 848 1838 926 (t)
1871 856 2056 926 pttsle-

463 919 697 983 riorevin
730 919 925 994 psalm.
951 940 1110 979 cxxx.
1148 925 1236 993 qni
1271 919 1541 994 reperitur
1564 920 1614 972 in
1651 919 1874 994 Hilario,
1914 929 1967 994 et
2005 923 2055 994 in

464 1014 573 1069 quo
619 991 801 1052 omnia
836 991 1186 1067 argumenta,
1221 1008 1410 1048 omnes
1453 992 1666 1045 Colores
1716 993 1829 1045 fere
1870 991 1959 1059 qui
2006 991 2056 1044 in

542 1133 621 1205 (Ι)
672 1133 806 1188 Vide
840 1131 1158 1205 procenrium
1187 1130 1378 1205 ,7.diss.
1415 1145 1451 1195 ι,
1483 1129 1559 1205 iu_
1581 1129 1686 1205 line
1711 1169 1724 1191 ,
1753 1137 1818 1205 et_
1852 1142 1971 1205 cap.
2008 1128 2061 1193 ιι,

467 1198 825 1332 32,6jusdem
841 1198 1247 1257 dissertationis
1273 1215 1395 1257 cum
1422 1198 1738 1270 pra-latione
1757 1199 1820 1252 ad
1847 1200 2065 1269 Appen-

509 1292 665 1331 tcem.

1501 242 1588 295 DE
1627 234 2067 295 SERMONIRUS
2106 235 2349 291 SANCTI
2391 235 2701 291 ZENONIS.

3639 227 3745 284 ϐικί

2160 353 2320 422 priori
2363 354 2705 421 reperiuntur
2727 395 2741 416 ,
2770 348 3201 407 concittdendtnn
3222 358 3351 422 gest,
3381 360 3473 422 aut
3514 347 3754 422 Zenonis

2160 419 2304 479 recta
2335 419 2477 491 esse,
2506 441 2600 492 pro
2622 423 2742 494 ejus
2773 437 2922 477 more
2976 420 3254 494 repetendi
3290 420 3498 494 pluries
3535 434 3653 487 quae
3697 419 3754 470 iu

2163 509 2292 560 uno,
2323 506 2416 548 aut
2454 490 2855 549 suffarcinatnm
2886 509 2951 547 ex
2985 490 3184 561 priore.
3220 490 3421 545 llilario
3445 501 3596 545 certe
3644 505 3753 561 non

2160 565 2551 620 adscribendos
2575 607 2590 630 ,
2622 582 2742 620 cmn
2789 560 3022 618 Zenonis
3055 571 3323 616 structura
3353 562 3445 622 sit.
3478 575 3671 615 sensus
3694 560 3761 612 il-

2163 636 2299 698 lius,
2351 639 2517 690 forma
2572 636 2787 692 dicendi
2838 633 3017 697 illius,
3052 634 3154 690 nisi
3183 649 3285 702 qua
3316 641 3410 686 aut
3437 633 3758 691 restrictior.

2161 718 2253 760 ant
2278 706 2637 776 dispositione
2668 722 2856 777 parum
2897 707 3131 760 diversa.
3169 705 3300 757 llinc
3340 707 3501 757 etiam
3540 704 3763 777 _liqnea_t

2166 777 2326 845 plagii
2371 772 2588 831 crimen
2635 772 2926 832 incurrisse
2955 818 2970 839 ,
3026 778 3115 845 qui
3164 790 3474 830 sermonem
3520 773 3587 826 de
3619 772 3756 841 psal.

2163 844 2345 903 cxxvn
2373 856 2427 902 et
2453 860 2648 904 CXXVIII
2684 849 2885 903 llilario
2944 847 3281 915 adscripsere
3306 887 3319 906 ,
3349 846 3593 914 quamvis
3624 844 3766 896 mala

2162 934 2356 973 manus
2383 922 2693 981 accesserit.
2709 931 2762 975 et
2784 929 2839 972 ut
2863 918 3284 983 mangouizaret,
3299 922 3761 983 corrumperet,et

2163 1005 2394 1060 vappam
2424 993 2549 1045 vino
2572 991 2951 1046 immiscuerit.
2986 988 3042 1043 In
3074 992 3215 1041 hunc
3244 988 3387 1060 nulla
3420 994 3626 1060 restant
3653 988 3766 1060 ob-

2165 1055 2454 1126 servanda,
2484 1078 2605 1131 quae
2638 1079 2743 1117 non
2783 1060 3039 1116 adnotata
3073 1060 3272 1114 fuerint
3302 1058 3352 1112 in
3382 1057 3638 1127 priorem.
3666 1055 3775 1109 Ita-

2166 1146 2273 1201 que
2301 1131 2433 1186 nihil
2461 1132 2624 1187 addo.

2240 1202 2349 1271 Pag
2400 1205 2499 1259 35l
2534 1202 2728 1268 (lbid.,
2768 1203 2870 1257 col.
2897 1202 3046 1273 726).
3073 1201 3238 1273 corde
3259 1208 3452 1265 autem,
3476 1213 3540 1251 ea:
3560 1212 3660 1265 quo
3682 1213 3767 1250 se~

2171 1270 2398 1327 cundum
2418 1274 2760 1346 evangelium.
2780 1275 2878 1330 Ms.
2901 1270 3084 1328 habet.
3101 1270 3203 1326 Cor
3223 1281 3420 1336 autem,
3437 1286 3502 1324 ea:
3521 1284 3642 1339 quo,
3663 1281 3772 1322 etc.

474 1402 3771 1431 MM

1104 1482 2120 1653 APPENDIX
2218 1477 2868 1627 SECUN
2876 1476 3157 1619 DA

470 1691 1049 1757 COMPLECTENS
1079 1689 1286 1753 DUOS
1313 1690 1416 1750 DE
1447 1688 1950 1752 SERMONIBUS
1977 1689 2082 1750 ET
2110 1687 2542 1750 MARTYRIO
2577 1688 2862 1752 SANCTI
2899 1685 3236 1749 ZENONIS
3271 1682 3579 1755 LIBROS,
3614 1681 3782 1746 CUM

581 1794 899 1857 DUPLICI
934 1789 1572 1855 DISSERTATIONE
1620 1791 1811 1853 IPSIS
1847 1791 2328 1869 SUBJUNCTA,
2363 1790 2737 1854 AUCTORE
2773 1789 3220 1853 FRANCISCO
3249 1785 3677 1850 BONACCHI.

1866 2017 2105 2080 LIBER
2127 2018 2440 2083 PRIMUS.

1101 2157 1263 2239 DE
1338 2151 2096 2239 SEBMONIBUS
2164 2150 2580 2237 SANCTI
2654 2149 3155 2242 ZENONIS

1721 2291 2024 2348 EPISCOPI
2080 2291 2535 2355 VERONENSIS.

1004 2388 1231 2447 CAPUT
1272 2387 1556 2444 PRIMUM.

480 2528 723 2584 Rationes
779 2526 1049 2581 dubitandi
1080 2541 1145 2580 an
1175 2523 1238 2581 S.
1270 2523 1411 2577 Zeno
1458 2521 1765 2579 Semnonum
1804 2521 1893 2589 qui
1919 2519 2081 2590 ipsius

803 2622 1007 2697 nomine
1043 2640 1399 2696 inscribuntur
1444 2639 1509 2692 sit
1537 2646 1739 2694 auctor.

555 2768 633 2822 De
676 2766 1036 2825 Sermonibus
1057 2807 1070 2828 ,
1099 2765 1191 2835 qui
1224 2764 1357 2819 Divo
1382 2762 1589 2817 Zenoni
1632 2762 1968 2826 tribuuntur,
2002 2760 2081 2814 di-

484 2875 647 2916 versa
710 2859 994 2914 doctorum
1049 2856 1292 2912 virorum
1362 2854 1630 2911 sententia
1690 2864 1792 2909 est.
1849 2852 2078 2921 Quidam

486 2954 673 3020 enim,
727 2950 1063 3007 recentiores
1124 2952 1436 3018 praecipue,
1495 2947 1704 3002 nullum
1758 2946 2079 3001 Sermonem

489 3046 746 3102 Sanctum
778 3044 1051 3100 Zenonem
1085 3041 1367 3112 scripsisse
1400 3047 1621 3111 putant;
1650 3040 1773 3095 illos
1796 3053 1956 3103 vero,
1989 3039 2080 3107 qui

485 3138 657 3207 ipsius
688 3137 905 3192 nomine
951 3134 1297 3206 prodierunt,
1331 3134 1658 3189 Sermonum
1703 3131 2080 3186 collectionem

482 3229 706 3295 dicunt,
737 3245 857 3300 qua:
887 3230 1075 3301 plures
1113 3228 1311 3284 habeat
1355 3237 1624 3282 auctores.
1658 3224 1876 3280 Rectius
1904 3236 2080 3279 tamen

485 3324 762 3380 alternant
785 3323 909 3390 alii,
938 3324 1229 3379 Sermones
1256 3321 1323 3376 de
1348 3321 1541 3391 quibus
1569 3320 1812 3390 agimus.
1845 3318 2082 3375 nonnul-

488 3417 556 3471 lis
598 3416 841 3484 exceptis
866 3456 881 3480 ,
918 3413 1154 3469 edidisse
1199 3413 1496 3468 Zenonem.
1528 3409 1729 3465 Verum
1779 3409 1846 3464 de
1890 3409 2083 3463 horum

488 3518 710 3565 auctore
739 3506 1064 3563 Sermonum
1092 3522 1189 3560 cur
1214 3506 1493 3569 dubitent,
1525 3503 1607 3557 bis
1634 3502 1971 3571 potissimum
2000 3517 2087 3556 ra-

489 3599 727 3655 tionibus
752 3599 1093 3654 addneuntur
1119 3616 1133 3651 :
1166 3595 1310 3665 quod
1337 3596 1541 3650 scilicet
1566 3594 1860 3663 antiquitus
1893 3592 1943 3646 hi
1970 3607 2081 3648 ser-

489 3708 678 3749 mones
708 3692 921 3762 penitus
948 3689 1149 3745 fuerint
1192 3689 1399 3758 ignoti;
1439 3686 1852 3756 compluresque
1896 3699 2081 3739 eorum

2112 2388 2160 2450 B
2190 2387 2475 2445 tendemns
2504 2406 2611 2446 non
2645 2391 2885 2462 ignotum
2915 2412 2927 2447 :
2963 2403 3073 2450 tum
3112 2396 3474 2452 recentiorum
3501 2397 3788 2452 doctorum

2184 2481 2469 2550 opiniones
2489 2481 2900 2554 diligentissime
2924 2485 3295 2543 discutiemus.

2787 2578 3018 2635 CAPUT
3059 2579 3122 2633 lI.

2383 2668 2654 2725 Sermones
2686 2669 2867 2726 Sancti
2891 2670 3116 2727 Zenonis
3145 2675 3431 2742 antiquitus
3459 2676 3580 2729 noti.

2258 2760 2459 2818 Extare
2497 2763 2637 2834 apud
2667 2765 3010 2821 Veronenses
3039 2768 3090 2821 in
3119 2776 3330 2823 vetusto
3355 2782 3421 2824 ex
3455 2769 3793 2824 membranis

2186 2856 2555 2922 manuscripto
2598 2856 2784 2912 codice
2812 2872 3095 2914 sermones
3122 2859 3179 2913 8.
3225 2860 3462 2915 Zenonis
3504 2861 3554 2915 in
3588 2861 3791 2929 prteru-

2185 2946 2334 3000 tione
2358 2945 2422 3001 ad
2455 2946 2675 3002 eosdem
2707 2963 2989 3004 sermones
3009 2990 3025 3015 ,
3064 2950 3288 3005 Verona:
3319 2952 3459 3022 typis
3490 2951 3794 3021 impressus

2185 3053 2330 3092 anno
2387 3037 2524 3095 1586
2573 3047 2839 3096 testantur
2897 3040 3134 3112 Rapltael
3181 3042 3448 3114 Bagatla,
3516 3052 3573 3098 et
3647 3042 3793 3112 Bap-

2189 3130 2313 3183 tista
2346 3130 2595 3186 Perottus
2617 3173 2631 3197 ,
2666 3132 2997 3202 eosdemque
3024 3135 3076 3188 iu
3106 3134 3488 3204 antiquissimo
3518 3135 3658 3189 libro
3683 3133 3794 3190 Ve-

2188 3224 2438 3279 ronensis
2490 3225 2847 3297 Episcopatus
2896 3243 2924 3279 a
2979 3225 3220 3283 Guat-ino
3267 3226 3495 3283 Oratore
3539 3236 3797 3296 repertos

2188 3329 2339 3382 esse,
2376 3331 2439 3371 ac
2469 3316 2537 3372 de
2575 3317 2644 3373 iis
2675 3319 2724 3371 in
2766 3318 3001 3387 antiquis
3044 3318 3369 3374 lectionibus
3395 3317 3561 3373 officii
3602 3318 3658 3375 S.
3686 3317 3794 3374 Ze-

2190 3411 2350 3464 nonis
2379 3413 2710 3466 mentionem
2741 3411 2859 3467 fieri
2890 3411 3095 3467 dicunt.
3131 3413 3198 3466 At
3245 3412 3416 3468 multo
3444 3422 3569 3466 ante
3596 3411 3796 3467 Guari-

2189 3518 2317 3557 num
2366 3504 2586 3559 eosdem
2623 3520 2903 3560 sermones
2942 3505 3075 3560 vidit
3119 3504 3428 3574 Ratherius,
3456 3505 3793 3561 Veronensis

2187 3594 2506 3665 episcopus,
2535 3597 2623 3667 qui
2649 3606 2783 3652 teste
2816 3597 3062 3668 Ughello,
3092 3613 3234 3652 anno
3259 3597 3389 3664 929,
3414 3597 3788 3653 Veronensem

2188 3688 2415 3758 regebat
2462 3688 2779 3744 Ecclesiam.
2818 3689 2937 3759 Ipse
2978 3705 3208 3760 namque
3247 3694 3437 3745 borum
3472 3706 3787 3746 sermonum

486 3780 637 3854 apud
657 3783 792 3838 alios
829 3790 1081 3837 auctores
1111 3778 1485 3851 reperiantur;
1528 3788 1584 3832 ut
1630 3788 1754 3847 puta
1801 3791 2083 3832 sermones
2111 3776 2157 3839 C
2191 3781 2305 3835 suis
2336 3780 2389 3835 in
2436 3782 2713 3850 opusculis
2741 3781 2882 3854 (qua:
2919 3798 2948 3836 e
2979 3784 3217 3839 tenebris
3278 3784 3571 3840 Daclterius
3609 3785 3785 3852 eruit,

490 3877 545 3931 in
578 3877 844 3941 Psalmos,
870 3875 961 3944 qui
992 3874 1213 3930 tatidem
1244 3876 1359 3929 fere
1388 3873 1567 3927 verbis
1598 3872 1651 3926 in
1680 3870 2083 3926 commentariis

488 3970 611 4025 Divi
642 3969 829 4024 Hilarii
878 3968 1131 4037 leguntur
1155 4008 1170 4032 ,
1205 3976 1261 4022 et
1302 3978 1585 4021 sermones
1627 3967 1676 4018 in
1710 3964 1837 4018 illud
1867 3964 2083 4017 Attende

489 4061 614 4129 tibi,
648 4071 705 4116 et
732 4060 798 4116 de
824 4059 1019 4114 Livore
1063 4068 1119 4113 et
1146 4058 1374 4123 invidia,
1406 4066 1515 4111 tum
1544 4071 1609 4111 ex
1657 4058 1799 4127 stylo
1819 4099 1833 4120 ,
1869 4065 1979 4109 tmn
2010 4070 2077 4108 cx

486 4153 758 4211 communi
788 4153 1055 4208 sententia
1083 4151 1196 4206 Divi
1228 4151 1407 4205 Basilii
1437 4164 1560 4204 esse
1584 4150 1887 4205 videantur.
1918 4147 2084 4202 Maxi-

488 4265 636 4305 mum
680 4256 862 4302 autem
911 4245 1121 4316 pondus
1158 4245 1223 4298 ad
1270 4244 1366 4298 ltas
1410 4241 1683 4314 augendas
1718 4239 2085 4297 dubitationes

480 4341 640 4398 aﬂ‘ert
682 4339 940 4409 temporis
978 4337 1309 4407 conjectura.
1358 4335 1592 4391 Sanctus
1623 4348 1854 4404 namque
1898 4331 2079 4397 Zeno,

484 4434 788 4503 imperante
820 4429 1070 4486 Gallieno
1109 4444 1254 4483 anno
1296 4429 1431 4489 560,
1481 4427 1798 4498 martyrium
1849 4423 2083 4479 subiisse

482 4525 718 4582 dicitur:
752 4524 943 4579 horum
967 4536 1098 4578 vero
1122 4535 1434 4577 sermonum
1485 4528 1763 4574 auctorem
1794 4532 1821 4570 a
1850 4515 2080 4571 Gallieni

483 4617 822 4690 temporibus
853 4616 1080 4671 multum
1109 4616 1332 4680 abesse,
1362 4631 1429 4669 ex
1469 4628 1535 4668 eo
1561 4613 1844 4668 evidenter
1882 4610 2081 4666 intelli-

484 4714 660 4784 gitur,
687 4710 832 4783 quod
873 4710 927 4767 in
967 4724 1220 4766 sermone
1267 4709 1335 4763 de
1361 4706 1706 4763 Continentia
1753 4703 2078 4759 sententiam

484 4805 602 4861 Divi
652 4804 801 4860 Pauli
832 4804 1072 4874 allegans
1097 4817 1165 4856 ex
1193 4801 1421 4870 epistola
1464 4798 1634 4866 prima
1662 4796 1727 4850 ad
1765 4793 2079 4850 COrinthios

478 4897 905 4969 quadringentos
932 4893 1103 4950 ferme
1124 4906 1293 4947 annos
1319 4890 1388 4944 ab
1410 4887 1600 4944 eadem
1626 4887 1852 4955 epistola
1878 4891 2077 4955 scripta

481 5000 749 5054 numeret.
769 5004 887 5060 qurc
914 4986 1147 5056 septimo
1170 4993 1224 5038 et
1249 4980 1691 5051 quinquagesimo
1711 4979 1772 5032 C.
1794 4995 1937 5035 anno
1951 4980 2076 5035 data

477 5084 546 5139 ad
571 5082 884 5139 Corinthios
928 5076 1188 5132 creditur.
1212 5074 1349 5130 Tum
1394 5073 1555 5128 etiam
1598 5071 1741 5142 quod
1775 5072 1825 5126 in
1856 5073 2079 5143 quibus-

2190 3881 2244 3927 et
2288 3876 2338 3927 in
2385 3874 2624 3928 secundo
2667 3882 2814 3929 tomo
2857 3874 3128 3946 Spicilegii
3174 3876 3462 3947 habentur)
3508 3877 3785 3939 meminit.

2190 3965 2364 4035 primo
2384 3965 2452 4020 de
2477 3976 2788 4034 contemptu
2818 3983 3084 4023 canonum
3114 3983 3314 4039 agens,
3341 3969 3427 4025 tthi
3451 3971 3531 4025 sic
3556 3970 3784 4041 legitur:

2192 4056 2321 4112 Utar
2348 4058 2430 4112 Itic
2471 4059 2777 4112 auctoritate
2804 4058 3025 4114 Zenonis
3056 4059 3201 4115 Beati
3249 4065 3303 4116 in
3342 4077 3573 4116 sermone
3600 4062 3782 4115 videli-

2186 4161 2294 4216 cet,
2323 4167 2469 4221 quem
2498 4151 2563 4206 de
2586 4150 2728 4206 Juda
2760 4150 3067 4207 Patriarcha
3088 4196 3102 4219 ,
3131 4163 3181 4208 et
3210 4153 3434 4209 Thamar
3457 4171 3591 4208 nuru
3616 4155 3785 4223 ipsius

2186 4259 2326 4297 more
2389 4260 2479 4298 suo
2535 4243 2936 4299 luculentissima
2988 4246 3148 4317 fecit,
3203 4246 3419 4300 dicentis
3463 4263 3481 4300 :
3535 4245 3779 4301 Omnium

2185 4346 2428 4403 corrupte
2476 4338 2748 4391 viventium
2795 4335 3041 4392 Diabolus
3099 4349 3244 4405 pater
3285 4349 3381 4395 est.
3411 4339 3563 4395 Hunc
3603 4340 3783 4395 locum

2186 4426 2238 4480 in
2291 4428 2455 4495 praelo
2499 4428 2764 4484 mandatis
2814 4427 3155 4485 sermonibus
3204 4446 3310 4486 non
3356 4432 3585 4501 reperiri
3632 4441 3788 4486 notat

2189 4518 2484 4575 Dacherius
2509 4522 2561 4574 in
2593 4521 2832 4591 margine
2859 4538 2871 4574 :
2900 4528 2955 4575 et
2981 4521 3034 4576 in
3068 4521 3400 4578 Bibliotheca
3426 4523 3642 4578 Patrum
3666 4522 3786 4578 edi-

2184 4611 2348 4666 tionis
2374 4612 2695 4669 Parisicnsis
2723 4614 2846 4668 anni
2870 4614 3007 4669 1624
3024 4613 3295 4683 reperitur
3317 4616 3398 4672 bis
3428 4614 3644 4671 verbis:
3672 4613 3782 4670 Pa-

2184 4714 2261 4758 ter
2300 4707 2527 4759 omnium
2557 4715 2798 4777 corrupte
2842 4707 3113 4761 viventium
3159 4705 3412 4763 Diabolus
3458 4709 3778 4780 designatur.

2184 4799 2253 4853 Et
2298 4801 2349 4853 in
2399 4800 2766 4869 manuscripto
2806 4816 3116 4855 sermonum
3155 4800 3214 4856 S.
3243 4799 3515 4866 Zenonis,
3548 4801 3690 4870 quod
3725 4802 3780 4857 in

2184 4890 2438 4947 Archivio
2484 4891 3076 4948 Revcrcndissimorum
3127 4894 3507 4948 canonicnrum
3554 4893 3784 4964 insignis

2182 4982 2341 5054 hujus
2386 4980 2723 5037 Catbedralis
2775 4982 3031 5039 Ecclesim
3088 4982 3438 5040 Pistoriensis
3483 4992 3778 5039 servatur:

2182 5075 2340 5131 Pater
2367 5075 2504 5129 enim
2547 5078 2778 5131 omnium
2806 5086 3048 5144 corrupte
3091 5078 3363 5132 viventium
3391 5076 3646 5132 Diabolus
3689 5080 3782 5133 de-

480 5175 604 5230 dam
648 5171 992 5226 sermonibus
1014 5183 1231 5224 errores
1272 5164 1514 5222 confutet
1548 5164 1663 5220 Arii
1689 5208 1702 5230 ,
1727 5165 1882 5234 cujus
1909 5165 2069 5235 impia
2102 5162 2151 5221 Ι)
2177 5174 2431 5243 signatur.
2466 5172 2726 5227 Enmdem
2750 5172 2927 5228 locum
2961 5174 3012 5226 in
3040 5185 3134 5227 sua
3163 5172 3433 5244 Synodica
3465 5171 3645 5227 laudat
3669 5170 3775 5227 Ra-

472 5265 725 5337 dogmata
775 5278 917 5319 anno
958 5262 1158 5318 Christi
1198 5261 1304 5317 525
1349 5259 1548 5315 Nicteni
1591 5259 1805 5314 concilii
1850 5258 2069 5315 decreto

474 5356 729 5411 damnata
777 5354 895 5426 ipso
940 5354 1196 5419 vivente,
1243 5361 1298 5408 et
1337 5351 1684 5423 Imperatoris
1726 5348 2071 5406 Constantini

473 5449 731 5504 mandato
770 5448 879 5519 igni
919 5446 1111 5502 tradita
1143 5455 1287 5501 sunt.
1323 5445 1430 5500 Has
1477 5446 1716 5499 rationes
1738 5486 1752 5510 ,
1783 5452 1839 5498 et
1875 5444 1920 5498 si
1951 5458 2072 5513 qua:

473 5542 595 5596 alia:
642 5549 769 5595 sunt
809 5539 1217 5608 expendemus,
1256 5547 1313 5592 et
1362 5536 1416 5591 in
1462 5536 1563 5590 hac
1592 5534 1896 5604 quaestione
1941 5535 2067 5604 quid

462 5632 811 5687 sentiendum
843 5630 912 5684 sit
938 5676 951 5694 ,
999 5632 1111 5687 Deo
1150 5628 1312 5684 dante
1335 5671 1350 5693 ,
1385 5627 1897 5684 demonstrabimus.
1947 5626 2066 5682 Pri-

460 5738 607 5780 mum
639 5730 768 5785 Vero
795 5722 991 5783 horum
1022 5728 1342 5783 sermonum
1372 5728 1644 5777 auctorem
1673 5719 1946 5779 veteribus
1971 5726 2064 5776 Os-

2181 5265 2405 5320 tlterius.
2440 5263 2509 5318 Et
2539 5282 2654 5318 cum
2690 5264 2928 5333 specialis
2954 5274 3125 5319 noster
3155 5262 3349 5318 Doctor
3376 5274 3527 5334 atque
3550 5265 3784 5335 provisor

2177 5356 2368 5412 Beatus
2405 5359 2579 5426 utique
2606 5356 2747 5412 Zeno
2774 5359 2911 5412 dicat
2937 5358 2991 5413 in
3014 5375 3246 5412 sermone
3288 5359 3464 5427 utique
3483 5399 3497 5422 ,
3525 5374 3671 5427 quem
3713 5359 3780 5414 de

2173 5449 2208 5504 J
2216 5451 2316 5504 uda
2351 5452 2464 5521 filio
2504 5450 2667 5505 Iacob
2690 5492 2704 5517 ,
2728 5460 2773 5504 et
2799 5450 3030 5505 Thamar
3052 5468 3186 5505 nuru
3212 5452 3377 5521 ipsius
3400 5451 3780 5521 elegantissime

2173 5547 2479 5617 composuit.
2515 5544 2667 5610 Quod
2690 5545 2918 5597 omnium
2949 5554 3191 5614 corrupte
3220 5546 3496 5599 viventium
3525 5542 3777 5600 Diabolus

2174 5646 2317 5707 pater
2344 5638 2427 5691 sit.

2244 5728 2428 5801 Neque
2466 5728 2595 5786 solis
2625 5716 3029 5786 Veronensibus
3056 5727 3110 5786 hi
3143 5731 3200 5787 8.
3229 5727 3463 5787 Zenonis
3487 5743 3773 5787 sermones
3854 5732 3881 5747 ”
