4198 6160
386 312 493 369 θυι

1422 304 1511 361 DE
1551 260 1984 363 SERSIONlBUS
2022 303 2269 361 SANCTI
2323 302 2640 358 ZENHNIS.

3644 314 3751 372 602

388 431 509 486 noti
561 426 737 482 fuere.
783 421 842 478 In
897 419 1242 476 monasterio
1286 428 1515 491 namque
1557 420 1615 476 S.
1651 419 1879 490 Remigii
1913 420 2018 475 Re-
2047 422 2105 484 Α
2130 421 2320 476 nensis
2348 462 2362 486 ,
2392 421 2536 491 quod
2568 422 2717 474 inter
2748 422 2895 492 ipstts
2923 426 3168 482 nonnulll
3200 442 3479 485 sermones
3505 430 3573 486 tle
3604 431 3756 489 Psal-

380 522 629 586 mensis,
666 528 724 574 ut
766 526 1010 573 testatur
1042 513 1266 569 Ruinart
1298 514 1353 569 in
1386 514 1518 568 actis
1547 513 1604 567 8.
1638 514 1853 568 Arcadii
1881 513 2020 568 Mar-

383 612 547 686 t'yris,
578 612 813 667 habetur
839 607 1023 663 codex
1057 606 1482 676 manuscriptus,
1502 620 1650 675 quem
1676 605 1863 659 siccqu
1886 622 2019 659 nono

384 710 514 764 huic
548 704 875 762 Monasterio
930 699 1258 754 Hincmarus
1292 698 1569 752 Remorum
1603 695 1847 766 Pontifex
1891 714 2019 750 con-

380 801 577 866 cessit,
610 799 662 852 in
693 812 803 867 quo
847 792 1209 849 continentur
1239 787 1515 842 Tractatns
1561 787 1624 842 S.
1655 786 1876 841 Zenonis
1920 786 2018 841 Ve-

382 891 629 947 ronensis
661 886 910 960 Episwpi
941 886 995 939 in
1026 882 1165 936 duos
1218 882 1384 934 libros
1413 879 1593 944 divisi,
1624 880 1779 933 iidem
1811 880 2021 933 omnino

380 984 481 1055 qui
508 984 562 1037 in
590 979 911 1035 Bibliotheca
946 974 1169 1029 Patrum
1199 971 1333 1024 editi
1361 980 1500 1024 sunt.
1534 968 1686 1037 Quod
1718 977 2016 1033 testantur,

382 1085 445 1132 et
475 1074 732 1131 monachi
761 1071 818 1128 8.
852 1067 1017 1126 Mauri
1060 1068 1112 1122 in
1164 1062 1472 1119 Parisiensi
1497 1061 1753 1133 .editione
1793 1075 2020 1130 operum

383 1169 452 1225 S.
489 1167 677 1224 Hilarii
715 1166 841 1221 anni
874 1162 1014 1219 1695
1040 1161 1093 1216 in
1136 1156 1529 1213 admonitione
1574 1165 1699 1211 ante
1746 1154 2018 1209 Psalmum

381 1278 580 1321 CXXVI.

467 1354 735 1412 Servatur
756 1351 917 1406 etiam
943 1348 995 1403 in
1019 1347 1119 1401 hoc
1145 1341 1414 1398 Arcbirio
1438 1339 2020 1396 reverendissimorum

386 1448 794 1504 canonicorum
842 1442 1003 1513 hujus
1037 1436 1392 1495 Cathedralis
1438 1433 1781 1504 supradictus
1827 1445 2026 1486 manu-

388 1541 642 1608 scriptus
668 1536 845 1593 codex
878 1532 1281 1605 pergamineus,
1312 1529 1367 1583 in
1400 1541 1509 1597 quo
1547 1534 1732 1580 extant
1756 1531 2026 1578 tractatus

387 1630 455 1687 S.
486 1630 732 1685 Zenonis
757 1625 1090 1684 Veronensis
1135 1620 1384 1691 episcopi
1414 1660 1428 1684 ,
1459 1626 1515 1672 et
1556 1617 1654 1686 ipsi
1699 1616 1752 1670 in
1784 1615 1921 1670 duos
1949 1615 2022 1669 li-

390 1723 533 1779 bros
559 1720 793 1791 digesti,
828 1718 1098 1788 iidemque
1123 1725 1406 1769 sermones
1431 1720 1587 1777 sunt,
1619 1709 1709 1780 qui
1735 1709 1785 1763 in
1819 1707 2023 1762 Biblio-

2129 514 2270 581 mis,
2316 529 2348 569 e
2390 513 2448 568 S.
2480 512 2672 569 Hilarii
2724 519 3131 574 commentariis
3158 562 3172 585 ,
3220 536 3290 577 ne
3332 522 3499 579 verbo
3534 525 3754 594 quidem

2124 609 2416 662 itnmutato
2440 649 2453 671 ,
2489 607 2806 679 transcripti
2848 611 2975 668 sint.
3004 612 3143 667 Tum
3186 614 3349 670 etiam
3379 615 3523 686 quod
3566 632 3752 676 sermo

2126 701 2179 753 in
2211 699 2342 754 illud
2375 698 2594 752 Attende
2620 700 2749 766 tibi,
2781 711 2835 756 et
2872 717 3049 757 sermo
3096 704 3168 760 de
3216 706 3408 762 Livore
3460 721 3513 764 et
3541 709 3747 766 Invidia

2127 790 2192 844 Ι).
2226 790 2413 846 Basilii
2445 790 2574 844 sint.
2605 788 2690 846 Ob
2720 791 3082 850 diversitatem
3114 812 3331 868 quoque
3366 798 3491 871 styli
3537 801 3586 856 in
3620 803 3750 858 reli-

2125 883 2253 951 quis
2321 881 2667 937 sermonibus
2729 883 2975 940 diverstts
3054 889 3366 955 suspicatur
3419 901 3675 949 auctores
3734 913 3747 949 :

2128 973 2405 1043 praecipue
2457 988 2529 1028 ex
2585 989 2837 1030 sermone
2876 976 2942 1031 de
2989 978 3341 1035 Continentia
3399 980 3485 1035 ubi
3543 981 3752 1039 Auctor

2127 1068 2366 1137 afﬁrmat
2410 1082 2465 1120 se
2493 1084 2525 1120 a
2554 1064 2750 1121 Christi
2794 1077 2908 1120 orta
2952 1069 3181 1135 abfuisse
3207 1073 3365 1126 annis
3394 1073 3752 1146 quadringen-

2129 1157 2194 1209 tis
2225 1167 2273 1211 et
2297 1157 2543 1226 amplius.
2575 1157 2872 1213 Dicendum
2907 1159 3085 1227 itaque
3111 1161 3404 1231 prardictos
3431 1178 3714 1222 sermones
3734 1210 3749 1235 ,

2127 1249 2223 1318 qui
2250 1249 2316 1303 ad
2349 1248 2749 1319 expositionem
2777 1264 2945 1305 sacrae
2979 1250 3282 1322 Scriptura:
3316 1258 3622 1326 pertinent,
3654 1276 3753 1329 pa-

2130 1358 2254 1397 rum
2288 1353 2543 1398 accurate
2587 1344 2887 1398 recensitos
2931 1347 3165 1415 reperiri
3217 1348 3362 1418 apud
3405 1348 3612 1405 Sixtum
3642 1353 3751 1408 Se-

2131 1447 2360 1488 nensem
2386 1474 2400 1499 ,
2428 1434 2515 1504 qui
2542 1434 2770 1488 aliomm
2814 1434 2955 1489 forte
2984 1451 3150 1503 opera
3201 1437 3258 1492 in
3301 1454 3490 1495 eorum
3538 1442 3750 1499 collec-

2133 1524 2288 1579 tione
2314 1538 2443 1579 usus
2486 1537 2588 1580 est.
2620 1525 2751 1579 Nam
2789 1526 3028 1597 quinque
3060 1536 3272 1585 tantum
3318 1532 3573 1603 leguntur
3599 1537 3746 1605 apud

2130 1617 2345 1671 Sixtum
2378 1616 2675 1674 Senensem
2698 1661 2711 1683 ,
2742 1619 2829 1687 qui
2862 1620 2911 1673 itt
2942 1618 3201 1677 Genesim
3241 1635 3370 1679 sunt
3392 1629 3698 1698 conscripti
3729 1673 3744 1693 ,

2129 1709 2330 1778 quibus
2360 1718 2412 1764 et
2440 1725 2720 1764 sermones
2759 1710 2826 1764 de
2858 1711 3131 1767 Abraham
3155 1756 3170 1780 ,
3201 1715 3270 1769 de
3300 1718 3514 1774 somnio
3537 1718 3707 1775 Jacob
3729 1763 3745 1787 ,

398 1815 563 1870 theca
611 1814 835 1868 Patrqu
871 1813 1122 1880 leguntur
1142 1849 1156 1871 ,
1184 1805 1292 1859 alio
1323 1812 1503 1858 tamen
1529 1802 1719 1857 ordine
1745 1820 1757 1856 :
1792 1815 1898 1869 quo
1929 1816 2023 1853 or-
2060 1806 2102 1865 Β
2131 1800 2199 1854 de
2230 1799 2367 1855 Juda
2387 1844 2401 1865 ,
2432 1810 2489 1857 et
2527 1800 2763 1856 Thamar
2792 1817 3243 1862 annumerantur.
3271 1796 3471 1864 Vei'um
3502 1811 3553 1865 in
3584 1827 3745 1867 man-

399 1907 539 1962 dine
578 1922 641 1961 se
682 1904 809 1958 illos
838 1902 1132 1973 digess‘sse
1174 1898 1361 1952 dicunt
1408 1895 1630 1964 Bagatta
1673 1902 1727 1947 et
1775 1893 2027 1948 Perettns

402 1998 462 2051 in
493 1995 687 2051 eadem
720 1992 1056 2064 praefatione.
1090 1990 1143 2043 In
1174 1989 1280 2043 line
1316 2000 1445 2041 vero
1485 1984 1645 2055 hujus
1676 1983 2026 2040 Pistoriensis

405 2086 776 2155 manuscripti
807 2084 913 2139 duo
936 2093 1061 2138 sunt
1091 2079 1277 2135 ἱιιευνιί
1300 2092 1583 2133 sermones
1601 2120 1613 2141 ,
1641 2090 1778 2131 unus
1799 2076 1855 2132 S.
1881 2075 2025 2132 Gau-

403 2180 584 2237 dentii
615 2177 923 2234 Brixiensis
964 2173 1247 2247 episcopi,
1288 2173 1378 2242 qui
1428 2173 1481 2226 in
1520 2170 1885 2239 manuscripto
1912 2170 2021 2225 Ve-

407 2270 640 2328 ronensi
690 2282 803 2323 non
851 2267 1150 2335 reperitur,
1193 2264 1329 2317 alter
1367 2262 1425 2319 8.
1461 2260 1640 2330 Vigilii
1667 2262 1926 2331 episcopi,
1955 2263 2026 2318 de

408 2364 622 2419 sanctis
652 2360 987 2432 martyribus
1015 2357 1234 2415 Sisinno
1254 2397 1269 2423 ,
1296 2353 1606 2410 Alexandro
1641 2363 1695 2407 et
1748 2353 2021 2423 Mat-tyrio.

410 2456 580 2511 Tituli
612 2455 777 2524 hujus
807 2451 1159 2521 manuscripti
1190 2448 1536 2504 Pistoriensis
1564 2463 1670 2502 non
1698 2446 2028 2503 conveniunt

410 2564 539 2603 cum
592 2548 696 2611 iis,
744 2545 839 2614 qui
891 2545 943 2598 in
991 2541 1331 2598 sermonibus
1379 2541 1546 2609 pra-lo
1589 2540 1735 2595 casis
1777 2540 2028 2609 leguntur

410 2643 664 2711 inscripti
710 2657 724 2694 :
778 2647 835 2694 et
885 2628 953 2693 ex
996 2634 1315 2707 quibusdam
1363 2633 1647 2701 conjicitur
1690 2633 1746 2690 8.
1791 2634 2027 2691 Zenonis

408 2747 705 2791 sermones
744 2733 798 2787 in
828 2732 1022 2787 Ofﬁcio
1044 2731 1244 2785 divino
1269 2730 1618 2785 consuevisse
1646 2731 1827 2799 legere
1857 2728 2028 2785 Vero-

407 2842 639 2884 nenses.
675 2825 946 2882 Videlicet
982 2840 1046 2881 ex
1089 2828 1345 2881 sermone
1385 2822 1454 2877 de
1493 2820 1689 2878 Genesi
1718 2863 1732 2886 ,
1764 2823 1852 2892 qui
1887 2822 2029 2877 inter

410 2921 560 2992 typis
590 2918 772 2974 editos
814 2916 1013 2987 primas
1055 2916 1263 2971 obtinet
1287 2916 1403 2981 ,.in
1439 2914 1807 2983 manuscripto
1837 2913 2029 2970 ordine

408 3012 683 3083 septimus
714 3020 802 3066 est
827 3051 842 3076 ,
873 3017 927 3063 et
975 3011 1042 3063 ita
1092 3008 1443 3063 inscribitur:
1478 3005 1751 3059 Tractatas
1791 3004 2023 3060 Genesis.

408 3104 482 3159 In
528 3104 874 3174 sexagesima.
908 3099 1113 3167 Lect.1,
1154 3102 1431 3156 secandam
1469 3100 1670 3165 require
1689 3100 1740 3153 in
1781 3109 1932 3153 antea
1973 3101 2027 3155 in

2132 1892 2278 1947 datis
2320 1896 2485 1964 prmlo
2510 1903 2637 1949 sunt
2672 1910 2863 1949 novem
2893 1913 2906 1948 :
2941 1897 3196 1955 nimirum
3241 1900 3294 1955 in
3325 1900 3580 1958 Genesitn
3606 1919 3745 1973 qua-

2135 1995 2259 2041 tuor
2286 2031 2300 2055 ,
2329 1990 2397 2043 de
2437 1988 2708 2045 Abraham
2744 1999 2853 2046 tres
2883 2032 2896 2056 ,
2929 2007 3072 2049 unus
3111 1995 3182 2050 de
3212 1998 3424 2052 somnio
3451 1997 3620 2054 .laeob
3645 2040 3660 2064 ,
3691 2009 3748 2056 et

2133 2078 2201 2131 de
2232 2079 2373 2135 Juda
2406 2096 2563 2136 unus.
2594 2080 2651 2135 In
2689 2081 2931 2136 Exodum
2969 2083 3155 2139 Sixtus
3187 2088 3425 2158 quinque
3455 2100 3699 2144 numerat
3725 2132 3742 2156 ,

2133 2187 2256 2226 cum
2315 2174 2368 2229 in
2422 2174 2564 2229 dicta
2622 2174 2860 2230 editione
2912 2164 3224 2247 quindecim
3276 2183 3638 2251 reperiantur.
3682 2183 3738 2237 ln

2136 2266 2384 2323 Psalmos
2424 2271 2565 2338 apud
2614 2267 2822 2322 Sixtum
2850 2279 3060 2340 septem
3092 2284 3250 2339 sunt,
3286 2274 3337 2329 in
3381 2275 3542 2330 editis
3574 2277 3740 2346 ιιι-τίεις)

2133 2371 2355 2412 novem.
2385 2358 2519 2412 illud
2561 2357 2721 2413 etiam
2764 2360 3164 2418 observandum
3209 2374 3292 2420 est
3335 2380 3457 2421 eum
3515 2365 3735 2420 Peretto

2133 2457 2187 2503 et
2214 2448 2437 2519 Bagatta
2460 2493 2474 2513 ,
2510 2450 2720 2506 Sixtum
2766 2451 2908 2508 ineo
2933 2467 3182 2520 errasse,
3210 2457 3353 2525 quod
3398 2458 3597 2513 dixerit
3624 2473 3739 2511 ser-

2132 2554 2351 2595 monem
2378 2544 2428 2595 in
2459 2542 2728 2596 Psalmum
2752 2559 2909 2598 Lxxtx
2930 2586 2942 2606 ,
2970 2554 3021 2598 et
3043 2560 3353 2602 sermonem
3382 2549 3435 2603 in
3463 2548 3735 2604 Psalmum

2130 2648 2159 2687 c
2191 2633 2332 2701 apud
2358 2633 2418 2688 S.
2450 2634 2708 2687 llilarimn
2744 2637 3005 2702 reperiri,
3033 2636 3176 2707 quod
3202 2638 3395 2692 falsum
3423 2648 3525 2695 est.
3552 2638 3739 2708 Neque

2134 2735 2397 2781 tractatus
2418 2768 2432 2793 ,
2477 2742 2572 2781 seu
2614 2741 2794 2782 sermo
2825 2728 2875 2782 in
2903 2728 3177 2783 Psalmum
3210 2722 3454 2802 xux’qui
3485 2741 3567 2788 est
3596 2733 3735 2786 inter

2131 2831 2295 2884 Opera
2346 2816 2404 2873 8.
2457 2818 2728 2885 Zenonis,
2779 2820 2831 2873 in
2876 2820 3133 2889 operibus
3176 2820 3235 2877 S.
3284 2821 3471 2877 Hilarii
3518 2823 3731 2894 legitur.

2129 2912 2382 2983 Quinque
2421 2929 2552 2970 vero
2599 2930 2912 2978 sermones,
2953 2923 3005 2969 et
3055 2916 3197 2984 aj-ud
3242 2915 3299 2971 8.
3331 2916 3643 2983 Zenonem,
3682 2928 3737 2973 et

2129 3004 2273 3073 apud
2320 3003 2380 3059 S.
2427 3004 2686 3059 Hilarium
2731 3007 3106 3074 reperiuntur,
3137 3022 3330 3077 nempe
3370 3007 3421 3061 in
3455 3008 3728 3063 Psalmum

2128 3110 2335 3161 cxxvr,
2398 3097 2618 3165 dempto
2687 3098 2994 3166 protentio:
3050 3100 3101 3150 in
3169 3098 3439 3153 PSahnuut
3505 3116 3729 3165 cxxvu,

411 3197 545 3266 folio
591 3197 774 3265 quinto
801 3211 821 3249 :
854 3194 995 3261 quod
1037 3204 1090 3250 et
1130 3194 1181 3248 in
1206 3194 1336 3249 aliis
1378 3195 1669 3249 observare
1704 3204 1797 3263 pst
1822 3234 1836 3258 ,
1870 3203 1925 3247 ut
1965 3193 2015 3246 in
2047 3193 2091 3255 C
2123 3202 2327 3243 cxxvm
2348 3229 2362 3253 ,
2386 3202 2584 3251 cxxtx.
2613 3203 2776 3243 cxxx.
2801 3189 2911 3245 Nec
2939 3205 3122 3245 sermo
3146 3194 3347 3259 primus
3375 3193 3426 3247 itt
3459 3193 3726 3248 Psalmum

408 3302 669 3343 sermone
693 3287 762 3342 de
788 3285 1021 3351 Genesi,
1047 3287 1137 3355 qui
1167 3294 1249 3341 est
1273 3285 1544 3341 secundus
1569 3285 1621 3337 in
1654 3284 1719 3339 iis
1736 3326 1749 3347 ,
1774 3286 1863 3354 qui
1890 3284 2018 3340 editi

413 3380 635 3436 fuerunt
664 3380 716 3433 in
762 3379 964 3439 lucem,
998 3379 1050 3432 in
1075 3379 1439 3448 manuscripto
1467 3377 1659 3432 ordine
1684 3376 1775 3440 ‘27.
1810 3385 1864 3432 et
1887 3391 2020 3432 eon~

410 3472 651 3526 eluditur
671 3486 741 3525 ex
775 3485 927 3524 more
954 3486 966 3521 :
992 3467 1068 3520 Tu
1092 3477 1281 3533 autem,
1313 3468 1551 3531 Domine,
1574 3468 1812 3523 miserere
1831 3467 1976 3522 nobis
1996 3485 2018 3534 ;

410 3575 468 3619 et
497 3578 752 3618 sermone
797 3562 867 3617 de
884 3559 997 3616 .Job
1017 3603 1031 3625 ,
1061 3562 1149 3631 qui
1194 3562 1248 3616 in
1296 3561 1666 3630 manuscripto
1696 3561 1917 3631 ponitur
1948 3560 2016 3616 15

410 3654 572 3711 initio
593 3655 820 3724 legitur:
839 3651 1113 3706 Tractatus
1134 3652 1196 3705 de
1208 3650 1327 3708 Job.
1347 3650 1519 3705 Lectio
1545 3649 1603 3703 Β.
1621 3649 1844 3705 Zenonis
1858 3650 2015 3715 liuius

340 3730 355 3743 ⁴
408 3747 551 3802 sedis
572 3747 818 3817 episcopi.
844 3745 920 3799 lta
950 3744 1244 3816 antiquitus
1272 3747 1373 3816 legi
1404 3745 1654 3800 solebant
1681 3742 1733 3797 in
1759 3744 2014 3800 Ecclesiis

410 3839 611 3895 litterae
662 3838 948 3911 Polyearpi
992 3848 1043 3892 et
1073 3839 1423 3907 quorumdam
1466 3839 1556 3908 qui
1615 3836 1833 3891 fuerunt
1883 3851 2014 3904 apo-

408 3933 649 3988 tolorum
685 3931 933 3998 discipuli
968 3947 981 3983 :
1016 3929 1150 3985 liber
1181 3931 1450 3986 Hermetis
1509 3939 1564 3985 et
1602 3929 1855 3984 aliorum.
1912 3929 2012 3985 Se-

406 4026 594 4081 cundo
614 4027 774 4081 etiam
804 4025 945 4081 libro
971 4026 1335 4096 manuscripto
1361 4026 1411 4079 in
1437 4025 1671 4097 plurium
1698 4038 2011 4079 sermonum

408 4118 523 4172 ﬁne
563 4117 642 4172 sic
685 4117 920 4187 legitur:
954 4113 1184 4187 Explicit
1224 4117 1287 4169 de
1315 4116 1605 4170 hurrtilitate
1651 4124 1901 4169 tractatus
1942 4115 2002 4171 S.

408 4210 638 4265 Zenonis
677 4210 898 4281 feliciter
941 4225 957 4262 :
1007 4210 1192 4279 sicque
1240 4212 1292 4263 in
1339 4210 1480 4263 aliis.
1514 4208 1630 4262 Non
1680 4208 1860 4278 itaque
1908 4209 2006 4263 soli

406 4303 653 4359 Guarino
674 4303 866 4358 horum
886 4316 1195 4356 sermonum
1217 4302 1384 4356 editio
1406 4301 1689 4355 tribuenda
1713 4310 1794 4356 est
1813 4342 1827 4367 ,
1849 4316 1970 4356 eum
1992 4343 2006 4366 ,

405 4406 465 4452 et
492 4395 720 4451 Veronae
758 4395 969 4466 publice
998 4396 1050 4449 itt
1081 4393 1247 4449 choro
1274 4394 1377 4465 legi
1407 4395 1785 4449 consueverint
1812 4436 1825 4461 ,
1858 4402 1913 4449 et
1940 4394 2008 4449 ab

406 4488 538 4543 aliis
580 4490 886 4544 auctoribus
933 4486 1261 4552 laudentur,
1301 4497 1357 4543 et
1402 4489 1455 4541 in
1494 4487 1616 4541 aliis
1665 4487 2007 4543 bibliothecis

2126 3294 2233 3332 xxx
2260 3277 2329 3335 de
2358 3280 2660 3333 humilitate
2691 3282 2832 3336 inter
2860 3296 3143 3336 sermones
3162 3283 3220 3339 8.
3255 3282 3438 3339 Hilarii
3470 3284 3727 3351 habetur,

2122 3381 2180 3425 ut
2210 3379 2404 3425 uetant
2428 3373 2590 3427 etiam
2621 3372 2725 3427 PP.
2756 3374 3201 3444 Congregatioms
3230 3375 3287 3431 8.
3316 3375 3481 3431 Mauri
3512 3378 3563 3432 in
3592 3394 3725 3446 pra:-

2119 3461 2229 3518 fata
2257 3462 2497 3518 editione
2527 3478 2749 3533 operum
2779 3465 2837 3523 S.
2866 3465 3051 3521 Hilarii
3080 3482 3226 3522 anno
3258 3468 3415 3524 1095.
3443 3468 3502 3523 In
3530 3469 3721 3524 Isaiam

2118 3562 2351 3624 quatuor
2392 3554 2578 3611 Sixtus
2622 3567 2906 3619 numerat.
2950 3558 3000 3612 in
3045 3560 3261 3614 excusis
3299 3570 3507 3630 septem
3556 3571 3719 3629 sunt,

2117 3647 2163 3700 si
2193 3647 2272 3701 eis
2316 3646 2741 3703 adnumerentur
2770 3664 2952 3704 sermo
2978 3650 3046 3706 de
3087 3652 3136 3706 M
3157 3653 3345 3722 trtyrio
3375 3653 3547 3708 Isaize.
3581 3653 3718 3709 Tres

2119 3742 2185 3797 de
2214 3741 2434 3796 Daniele
2467 3743 2618 3811 ponit
2657 3742 2840 3799 Sixtus
2864 3786 2878 3812 ,
2923 3761 3112 3801 novem
3143 3756 3271 3802 sunt
3315 3748 3366 3802 in
3414 3747 3555 3803 dicta
3604 3748 3717 3804 edi-

2116 3838 2284 3896 tione.

2191 3931 2524 4003 His‘itaque
2574 3932 2874 3988 observatis
2939 3934 3211 3989 fatendum
3275 3943 3361 3991 est
3429 3936 3719 4007 praedictos

2113 4025 2350 4096 quinque
2381 4040 2663 4081 sermones
2689 4028 2756 4081 de
2780 4026 3009 4083 Psalmis
3040 4028 3177 4098 apud
3210 4028 3268 4082 S.
3294 4029 3554 4085 Hilarium
3585 4030 3714 4101 legi,

2113 4131 2411 4187 eorumque
2456 4116 2514 4172 8.
2562 4118 2820 4173 Hilarium
2854 4133 3125 4174 anetorem
3158 4134 3280 4175 esse
3323 4121 3552 4187 probant
3580 4137 3715 4191 prte-

2112 4208 2241 4264 dicti
2272 4209 2373 4263 PP.
2408 4208 2853 4280 Congregalionis
2882 4212 2937 4267 S.
2967 4212 3153 4266 Mauri.
3190 4211 3489 4266 Fatendum
3545 4214 3711 4267 etiam

2111 4301 2255 4355 inter
2283 4317 2446 4370 opera
2478 4301 2537 4356 S.
2565 4301 2744 4356 Basilii
2778 4319 2883 4358 lion
2917 4306 3089 4357 solum
3120 4319 3242 4357 esse
3268 4304 3402 4357 dttOs
3430 4320 3717 4361 sermones

2111 4409 2138 4446 a
2169 4393 2322 4449 Sixto
2368 4404 2617 4455 notatos.
2653 4411 2847 4463 nempe
2877 4410 3181 4449 sermonem
3230 4396 3280 4448 in
3328 4396 3456 4449 illud
3498 4397 3715 4452 Attende

2112 4486 2221 4551 tibi,
2250 4499 2300 4542 et
2334 4501 2639 4541 sermonem
2681 4486 2749 4540 de
2778 4487 2970 4541 Livore
3001 4497 3055 4541 et
3108 4486 3306 4541 Invidia
3341 4505 3354 4541 :
3386 4487 3481 4542 sed
3510 4497 3564 4542 et
3594 4501 3709 4542 ser—

406 4582 767 4651 reperiantnr.
790 4582 875 4637 De
906 4582 1013 4636 illis
1040 4583 1182 4635 enim
1224 4590 1279 4636 et
1311 4581 1500 4635 Petrus
1525 4580 1593 4635 de
1636 4580 1912 4636 Natalibus
1959 4582 2008 4637 in
2038 4579 2088 4639 D
2117 4594 2329 4636 monem
2348 4580 2416 4634 de
2434 4579 2723 4648 Evangelia
2741 4578 3038 4634 secundum
3058 4580 3252 4634 Lucam
3269 4579 3335 4634 de
3358 4581 3559 4651 duplici
3596 4591 3710 4637 ten-

408 4687 516 4728 suo
552 4672 869 4728 Sanctorum
903 4674 1159 4743 Catalogo
1194 4672 1330 4742 (Lib.
1366 4689 1416 4737 ι,
1450 4690 1568 4743 cap.
1600 4671 1695 4746 45)
1724 4675 2003 4740 meminit,

405 4768 702 4838 pluresque
745 4775 1034 4824 recenset:
1077 4776 1128 4822 et
1167 4766 1370 4822 Paulus
1418 4769 1703 4838 episcopus
1746 4768 2004 4836 Sempro-

405 4860 618 4916 niettsis
642 4902 656 4924 ,
680 4861 882 4931 aliique
908 4863 1258 4915 recentiores.
1288 4860 1486 4916 Verum
1515 4860 1585 4916 de
1618 4861 1701 4916 his
1743 4865 2004 4917 hactenus

404 4952 557 5007 dicta
583 4953 687 5007 sint
713 4953 867 5007 satis.
900 4951 1051 5007 Nunc
1075 4966 1263 5007 eorum
1291 4953 1612 5007 sententiam
1652 4952 1759 5007 DD.
1793 4953 1886 5024 qui
1920 4954 2001 5008 Di-

402 5060 539 5099 Vttm
568 5044 835 5101 Zenonem
867 5045 1057 5099 horum
1086 5057 1398 5099 sermonum
1440 5054 1714 5100 auctorem
1764 5056 1957 5116 negant
1983 5087 1998 5111 ,

404 5140 667 5193 attentius
692 5137 1081 5210 expendamus.

1009 5273 1237 5331 CAPUT
1267 5272 1357 5328 Ill.

406 5393 555 5449 Sixti
599 5392 841 5449 Senensis
884 5391 949 5447 de
998 5389 1329 5446 Sermonibus
1375 5388 1435 5445 S.
1479 5389 1705 5445 Zenonis
1751 5392 1999 5458 iudicium

1018 5480 1391 5536 consideratur.

482 5598 561 5653 Ex
591 5596 820 5652 diversis
866 5595 1177 5650 auctoribus
1198 5636 1213 5659 ,
1246 5595 1335 5663 qui
1382 5608 1521 5663 pene
1563 5593 1813 5650 ducentis
1842 5597 2001 5652 annis

398 5707 435 5747 a
468 5692 527 5747 S.
560 5689 773 5745 Zenone
799 5688 1133 5753 ﬂoruerunt,
1161 5702 1256 5742 eos
1285 5686 1545 5743 collectos
1572 5702 1693 5744 esse
1719 5703 1997 5745 sermones

397 5784 495 5856 qui
522 5781 583 5839 S‘.
618 5781 832 5855 praesuli
864 5781 1210 5852 tribuuntur,
1240 5795 1305 5835 ex
1335 5792 1402 5835 eo
1429 5780 1650 5850 conjieit
1678 5780 1865 5837 Sixtus
1895 5782 1994 5841 Se-

2119 4674 2379 4729 tationum
2400 4673 2599 4743 specie.
2632 4681 2687 4726 et
2707 4687 3012 4727 sermonem
3041 4674 3108 4726 de
3128 4672 3362 4741 Jejunio.
3389 4674 3461 4729 At
3493 4675 3575 4727 bis
3601 4690 3707 4728 non

2112 4765 2454 4821 obstantibus
2482 4763 2621 4819 male
2651 4765 2813 4819 infert
2847 4764 3032 4821 Sixtus
3081 4764 3339 4819 Senensis
3380 4780 3658 4819 sermones
3693 4807 3709 4830 ,

2111 4856 2201 4928 qui
2244 4860 2300 4913 8.
2328 4857 2567 4913 Zenonis
2612 4857 2823 4911 nomine
2865 4857 3338 4922 circumferuntur,
3362 4856 3710 4912 collectionem

2110 4966 2220 5005 esse
2243 4969 2306 5006 ea:
2334 4951 2544 5006 diversis
2573 4950 2896 5017 Auctoribus,
2914 4951 3001 5021 qui
3026 4951 3256 5005 ducentis
3278 4967 3406 5019 pene
3425 4954 3573 5005 anuis
3598 4957 3710 5023 fue-

2110 5054 2229 5097 runt
2278 5044 2486 5099 Zenone
2516 5049 2838 5112 posteriores.
2868 5043 3162 5098 Sermones
3193 5058 3423 5112 namque
3448 5086 3462 5109 ,
3498 5044 3565 5099 de
3589 5045 3710 5114 qni-

2110 5138 2211 5192 bus
2236 5137 2431 5206 agitur,
2459 5149 2675 5193 centum
2695 5146 2748 5191 et
2776 5148 3007 5207 quatuor
3038 5149 3392 5194 numerantur
3414 5156 3426 5192 :
3452 5128 3541 5209 qui
3575 5154 3705 5195 vero

2108 5230 2247 5301 apud
2301 5230 2359 5287 S.
2406 5230 2666 5284 Hilarium
2724 5238 2779 5285 et
2830 5230 3086 5285 Basiliam
3144 5232 3454 5299 habentur,
3515 5250 3703 5288 novem

2109 5330 2258 5376 sunt.
2300 5318 2410 5376 Cur
2431 5334 2561 5390 ergo
2592 5321 2787 5389 reliqui
2820 5324 3108 5391 nonaginta
3138 5324 3376 5394 quinque
3404 5324 3460 5381 S.
3500 5325 3702 5381 Zenoni

2106 5413 2374 5469 tribuendi
2405 5428 2511 5469 non
2534 5426 2659 5469 sunt
2677 5415 2702 5469 ?
2723 5414 2859 5482 Quid
2887 5417 3029 5471 enim
3061 5418 3232 5488 magis
3252 5418 3469 5474 obvium
3496 5420 3547 5473 in
3571 5435 3700 5489 ope-

2108 5507 2258 5562 ribus
2304 5508 2645 5579 antiquorutn
2690 5508 3004 5580 PP.,quam
3053 5511 3195 5566 inter
3235 5513 3395 5566 anius
3434 5513 3490 5566 S.
3537 5512 3711 5569 Patris

2108 5602 2309 5671 scripta
2340 5599 2567 5655 aliorum
2596 5599 2850 5667 Patrum,
2883 5611 2939 5656 et
2965 5612 3243 5657 auctorum
3275 5588 3439 5656 etiam
3484 5601 3710 5657 haereti-

2107 5706 2295 5747 corum
2329 5691 2765 5749 elucubrationes
2794 5692 3065 5763 reperiri?
3101 5695 3211 5748 Hoc
3246 5694 3538 5748 manifesto
3572 5703 3720 5760 patet

2105 5784 2157 5841 itt
2190 5783 2342 5841 libris
2371 5782 2708 5855 Tertulliani,
2742 5784 3008 5856 Origenis,
3040 5785 3140 5841 SS.
3176 5781 3717 5854 (iypriani.Ambro-
