4198 6160
522 234 627 290 005

1518 228 1644 291 ‘DE
1681 231 2116 291 SERMONIBUS
2153 230 2398 292 SANCTI
2438 229 2759 291 ZENONIS.

3705 242 3810 294 (itii

515 351 603 417 sii,
628 349 964 423 Hieronymi,
996 349 1218 406 Joannis
1249 349 1642 423 Chrysostomi,
1672 361 1729 407 ut
1748 352 1887 422 apud
1914 352 2110 409 Bellar-
2137 360 2185 421 Α
2215 363 2462 407 monstrat
2492 352 2768 409 Malorum
2795 357 2983 428 templa
3010 368 3128 412 tunc
3152 357 3313 429 fuisse
3340 361 3565 429 patentia
3588 400 3602 421 .
3635 372 3683 415 et
3714 363 3817 417 vir-

520 447 727 499 minum
773 454 829 500 et
879 443 1049 510 alios,
1078 445 1166 514 qui
1224 444 1294 501 de
1330 444 1685 514 scriptoribus
1732 446 2118 502 ecclesiasticis

521 547 773 595 tractant.
814 537 873 593 Si
901 549 1081 592 autem
1108 547 1333 609 pr0pter
1362 537 1482 592 illos
1527 545 1731 593 tantum
1761 553 1957 593 novem
1997 554 2117 594 ser-

524 644 712 684 mones
736 670 752 694 ,
783 631 873 698 qui
924 625 1067 697 apud
1103 627 1237 684 alios
1276 627 1658 697 reperiuntur,
1683 629 1749 683 de
1782 629 2122 685 sermonibus

526 722 586 777 ι).
642 719 879 777 Zenonis
909 703 1065 776 esset
1114 720 1509 776 dubitandum:
1554 721 1905 778 dubitandum
1938 723 2123 794 utique

523 822 667 867 esset
706 812 773 868 de
812 813 1069 883 operibus
1112 813 1340 883 plurium
1384 812 1479 868 SS.
1505 812 1609 867 PP.
1651 813 1719 870 de
1746 815 1941 885 quibus
1964 830 2123 871 nemo

522 905 752 960 dubitat.
786 905 921 960 lllud
966 922 1180 978 quoque
1214 908 1667 964 considerandum
1714 908 1955 978 videtur,
1979 908 2124 979 quod

524 996 568 1053 si
598 1012 763 1067 opera
788 998 844 1054 S.
870 998 1104 1054 Zenonis
1133 1016 1198 1059 ex
1228 1002 1391 1057 variis
1420 1002 1730 1057 auctoribus
1756 1003 1979 1058 collecta
1997 1001 2126 1057 fuis-

525 1100 676 1159 sent,
711 1092 848 1147 sicut
880 1094 955 1149 illi
985 1108 1182 1149 novem
1210 1082 1491 1150 sermones
1523 1097 1663 1150 inter
1701 1095 1930 1151 aliorum
1961 1110 2127 1167 opera

526 1184 727 1255 reperti
757 1195 883 1239 sunt
903 1224 917 1249 ,
952 1185 1027 1239 ita
1059 1186 1239 1241 czrteri
1266 1186 1407 1257 apud
1434 1188 1570 1243 alias
1598 1188 1910 1258 legerentur
1936 1197 2127 1251 aucto-

443 1304 448 1310 ι
528 1290 640 1331 res.
691 1275 805 1333 Nec
844 1278 989 1333 enim
1039 1285 1123 1333 est
1151 1294 1246 1333 cur
1292 1277 1578 1334 credamus
1628 1280 1845 1335 illorum
1886 1281 2127 1337 omnium

534 1372 827 1423 Auctorum
850 1412 863 1434 ,
892 1385 922 1424 e
951 1370 1147 1440 quibus
1179 1370 1420 1442 pra-dicti
1450 1386 1729 1428 sermones
1760 1372 2013 1443 descripti
2035 1388 2130 1443 puo

536 1470 750 1525 tantur,
780 1460 995 1532 penitus
1041 1462 1258 1515 nomina
1299 1472 1352 1518 et
1400 1478 1564 1532 opera
1590 1454 1880 1519 excidisse.
1922 1463 1975 1519 Si
2003 1479 2133 1535 ergo

536 1550 612 1605 illi
647 1566 840 1606 novem
887 1562 1090 1607 tantum
1132 1553 1272 1623 apud
1334 1553 1593 1609 Hilarium
1642 1564 1696 1609 et
1729 1555 1984 1610 Basilium
2036 1556 2132 1612 ha-

538 1642 763 1708 bentur,
795 1644 988 1714 reliqui
1011 1644 1074 1699 D.
1107 1644 1338 1703 Zenonis
1370 1662 1504 1717 Opus
1532 1646 1740 1702 dicendi
1772 1658 1934 1705 sunt:
1962 1664 2137 1720 neque

2219 443 2370 497 timas
2393 444 2573 499 solitas
2602 445 2858 505 immolari
2896 448 3039 501 aliud
3069 465 3281 519 prorsus
3305 450 3366 505 ab
3406 451 3662 508 Ambrosii
3690 464 3817 509 tem-

2220 535 2429 611 poribus
2470 536 2600 590 illud
2622 537 2783 610 fuisse
2823 540 3068 594 steculum
3096 550 3277 595 auctor
3314 552 3486 612 aperte
3510 544 3769 615 significat
3800 562 3817 609 ;

2219 645 2336 683 cum
2361 637 2556 683 constet
2580 629 2689 698 iam
2728 630 2853 684 olim
2880 648 2981 686 non
3006 640 3200 686 tantum
3225 650 3257 687 α
3281 631 3634 705 Constantino,
3664 645 3719 690 ut
3748 638 3825 691 ait

2222 717 2475 773 Eusebius
2507 721 2558 775 in
2597 717 2712 774 Vita
2741 721 2930 791 ipsius,
2963 721 3052 777 lib.
3080 739 3140 789 tt,
3170 740 3287 795 cap.
3312 725 3403 791 42,
3436 726 3526 791 65,
3556 736 3604 780 et
3633 742 3663 781 a
3684 726 3824 785 Con-

2222 813 2410 871 stantio
2439 821 2492 865 ut
2523 813 2838 881 Ammonius,
2864 814 2952 869 lib.
2984 831 3095 885 nx,
3128 826 3172 872 et
3202 818 3289 871 alii
3315 826 3564 874 testantur
3591 820 3826 879 victimas

2226 902 2383 973 fuisse
2405 904 2585 963 vetitas
2606 915 2652 958 et
2683 907 2871 977 templa
2881 908 3033 977 jussa
3060 908 3249 965 claudi.
3282 908 3388 964 Sed
3409 926 3464 964 eo
3486 920 3710 984 tempore
3732 928 3828 969 nec

2227 991 2490 1047 Romanos
2519 995 2742 1049 obtinere
2773 999 2997 1067 potuisse
3024 999 3099 1052 vel
3122 1015 3268 1051 aram
3308 1015 3463 1054 unam
3482 1002 3675 1073 erigere
3706 1002 3832 1057 Vic-

2228 1087 2397 1152 toriae,
2427 1096 2480 1141 ut
2509 1087 2744 1158 pluribus
2764 1090 2833 1142 ad
2856 1088 3279 1145 Valentinianum
3300 1091 3474 1149 scribit
3502 1093 3831 1163 Ambrosius,

2230 1187 2277 1230 et
2320 1178 2561 1232 adversus
2605 1177 2974 1250 Symmachum
3024 1182 3267 1253 disputat.
3303 1183 3393 1238 Sic
3434 1186 3587 1256 igitur
3622 1201 3737 1247 cum
3764 1203 3835 1245 ea:

2164 1331 2171 1338 ,
2232 1270 2312 1323 his
2332 1312 2345 1335 ,
2378 1287 2491 1341 qua:
2519 1272 2655 1326 dicta
2684 1284 2803 1328 sunt
2828 1315 2841 1338 ,
2869 1275 3014 1331 nulla
3050 1277 3248 1330 ratione
3284 1295 3342 1332 ea
3386 1278 3533 1335 lectio
3560 1280 3838 1335 subsistere

2235 1363 2391 1432 possit
2422 1380 2673 1417 annorum
2711 1364 3205 1439 quadringentorum
3230 1412 3242 1437 ,
3268 1387 3364 1427 nec
3394 1372 3559 1432 minus
3580 1359 3839 1429 trecento-

2234 1468 2353 1505 rum
2400 1456 2750 1523 superadditis
2782 1459 2892 1512 illis
2915 1461 3283 1532 quinquaginta
3323 1473 3514 1532 septem
3538 1504 3553 1529 ,
3582 1465 3670 1533 qui
3699 1480 3834 1535 pra:-

2237 1556 2492 1600 cesserunt
2532 1547 2672 1602 illius
2705 1548 2861 1604 Pauli
2890 1553 3118 1620 epistola:
3145 1554 3505 1623 scriptionem,
3522 1556 3645 1624 jure
3675 1558 3839 1613 meri-

2241 1646 2392 1708 toque
2432 1640 2486 1691 in
2517 1642 2789 1695 recentiori
2819 1643 3043 1697 editione
3073 1648 3337 1700 restitutus
3364 1657 3436 1700 est
3477 1664 3716 1707 numerus
3742 1667 3847 1707 an—

536 1740 743 1789 temere
772 1735 1007 1806 ﬁngendi
1033 1748 1154 1791 sunt
1182 1748 1431 1794 auctores
1462 1740 1658 1810 ignoti,
1693 1755 1813 1799 cum
1853 1749 1929 1795 tot
1957 1752 2138 1796 vetera

2252 1747 2427 1784 norum
2455 1732 2807 1789 ducentorum.
2845 1734 2985 1790 Nam
3008 1740 3325 1811 numerando
3355 1740 3598 1796 ducentos
3626 1757 3794 1799 annos
3827 1784 3843 1807 ,

544 1839 895 1885 monumenta
920 1830 1214 1887 habeamus
1244 1834 1460 1887 nomine
1498 1832 1556 1887 S.
1591 1831 1824 1887 Zenonis
1849 1834 2102 1904 inscripta
2126 1876 2140 1902 ,

545 1920 611 1974 de
639 1922 836 1992 quibus
856 1938 1017 1993 supra
1047 1924 1254 1995 egimus
1285 1940 1404 1995 cap.
1430 1924 1466 1978 2
1502 1944 1515 1980 :
1545 1941 1665 1995 quae
1691 1927 1734 1979 si
1775 1926 1995 1983 vidisset
2023 1927 2145 1982 Six-

545 2020 630 2066 tus
651 2013 910 2069 Senensis
932 2055 945 2080 ,
976 2031 1083 2069 non
1115 2016 1185 2070 ita
1224 2016 1380 2073 facile
1418 2017 1476 2072 S.
1511 2017 1743 2073 Zenonis
1775 2033 1909 2091 opus
1944 2020 2143 2074 collec-

546 2104 749 2160 tionem
782 2120 904 2163 esse
933 2122 1244 2165 sermonum
1290 2124 1353 2164 ex
1396 2107 1627 2165 diversis
1653 2112 1960 2173 auctoribus
1996 2110 2141 2166 allir-

549 2207 767 2254 masset.

1155 2313 1382 2371 CAPUT
1437 2313 1527 2370 IV.

620 2426 703 2484 De
729 2428 881 2484 annis
899 2428 1285 2500 quadringentis
1330 2438 1402 2484 est
1428 2429 1653 2498 amplius
1672 2430 1727 2484 in
1750 2428 1998 2486 Sermone
2016 2430 2081 2484 de

1053 2521 1378 2577 Continentia
1408 2522 1633 2593 illapsis.

624 2661 779 2731 Quod
810 2668 988 2715 autem
1017 2658 1083 2714 ad
1103 2660 1425 2717 Sermonem
1458 2660 1650 2714 attinet
1677 2657 1744 2714 de
1773 2655 2150 2724 Continentia,

557 2758 647 2813 ubi
670 2760 874 2811 Auctor
909 2754 976 2810 de
1012 2753 1182 2825 prima
1212 2753 1436 2825 epistola
1470 2753 1530 2807 D.
1563 2752 1715 2807 Pauli
1750 2751 1818 2809 ad
1844 2749 2155 2806 Corinthios

557 2850 921 2906 testimonium
970 2847 1127 2904 aﬂert
1149 2890 1163 2915 ,
1190 2846 1275 2902 his
1299 2847 1479 2902 verbis
1514 2864 1528 2900 :
1566 2844 1791 2915 Tempus
1838 2852 2156 2897 coarctatum

558 2956 652 3013 est,
678 2954 928 3016 superest,
951 2942 1117 3014 utqui
1156 2942 1338 2996 habent
1390 2956 1573 2995 uxores
1617 2941 1690 2994 sic
1731 2940 1833 2997 sint
1867 2938 2015 3008 quasi
2054 2954 2156 2992 non

560 3036 838 3105 habentes,
872 3036 1095 3108 praeterit
1120 3034 1255 3089 enim
1283 3036 1454 3106 figura
1482 3034 1636 3106 hujus
1665 3030 1843 3087 mundi
1874 3071 1889 3096 ,
1942 3028 2153 3084 subdit:

2245 1833 2293 1876 et
2333 1825 2554 1894 amplius
2581 1824 2740 1896 (quod
2774 1827 2921 1884 habet
2964 1839 3105 1885 vetus
3133 1828 3303 1904 lectio)
3336 1831 3399 1885 ab
3449 1848 3584 1886 anno
3628 1831 3848 1889 Domini

2248 1918 2595 1974 ducentesimo
2623 1922 3039 1995 quinquagesimo
3084 1925 3326 1995 septimo,
3363 1942 3460 1995 quo
3486 1926 3562 1997 (ut
3592 1926 3847 1999 diximus)

2249 2028 2307 2066 ea
2334 2012 2403 2065 ad
2429 2010 2722 2068 Corinthio:
2768 2016 2985 2088 epistola
3023 2018 3214 2089 scripta
3234 2027 3308 2073 est
3334 2061 3348 2084 ,
3378 2019 3445 2073 ad
3471 2015 3692 2076 Gallieni
3719 2031 3853 2079 tent-

2249 2118 2377 2174 pora
2404 2144 2417 2167 ,
2445 2104 2534 2173 qui
2581 2105 2829 2175 imperare
2872 2109 3020 2178 carpit
3066 2125 3203 2163 anno
3247 2108 3460 2169 Domini
3499 2110 3853 2171 ducentesimo

2249 2195 2666 2267 quinquagesimo
2708 2198 2887 2268 quinto
2912 2241 2924 2264 ,
2949 2199 3041 2253 sub
3068 2217 3166 2270 quo
3208 2200 3347 2261 Zeno
3392 2203 3598 2272 ponitur
3614 2220 3804 2273 passus
3834 2246 3852 2270 ,

2252 2287 2521 2342 deducitur
2542 2305 2781 2343 numerus
2810 2293 3095 2345 restitutus.
3122 2290 3344 2349 Rursum
3372 2309 3488 2353 vero
3511 2296 3631 2349 dum
3659 2296 3711 2349 in
3739 2311 3857 2351 ser—

2254 2396 2401 2436 mone
2428 2383 2648 2436 secundo
2676 2384 2739 2436 de
2767 2385 2987 2438 avaritia
3013 2396 3197 2440 auctor
3227 2388 3298 2440 ait
3340 2388 3393 2441 in
3419 2389 3637 2445 nummis
3663 2389 3857 2445 excudi

2253 2473 2415 2528 solere
2443 2475 2642 2545 signum
2659 2475 2987 2547 idololatrias,
3009 2482 3280 2549 eademque
3294 2478 3467 2548 Idola,
3490 2496 3601 2551 qua:
3614 2482 3861 2536 coluntur

2253 2567 2307 2620 in
2332 2567 2544 2637 templo,
2570 2569 2710 2623 clare
2729 2571 3043 2625 demonstrat
3069 2572 3342 2627 Auctorem
3369 2574 3519 2647 longe
3540 2584 3655 2629 ante
3676 2573 3863 2639 Chris-

2256 2659 2514 2714 tianorum
2542 2662 2907 2733 imperatorum
2935 2674 3164 2738 tempora
3184 2667 3452 2721 claruisse.
3485 2666 3620 2721 Nam
3646 2686 3677 2721 a
3716 2664 3865 2722 Con-

2256 2754 2480 2807 stantino
2512 2753 2703 2825 Magno
2721 2759 2928 2830 jussum
2959 2774 3068 2813 esse
3092 2801 3107 2826 ,
3148 2769 3202 2813 ut
3244 2776 3484 2815 nummus
3510 2759 3686 2817 Crucis
3706 2761 3865 2831 signo

2259 2845 2654 2917 imprimeretur,
2712 2858 2924 2903 testatur
2956 2850 3271 2907 Sozomenus
3299 2852 3389 2907 lib.
3422 2868 3471 2917 ι,
3502 2870 3613 2924 cap.
3658 2852 3712 2908 8.
3746 2852 3867 2907 Sed

2259 2941 2419 2993 multo
2442 2943 2663 3011 apertius
2684 2926 2991 2997 nomismata
3012 2945 3196 3014 ipsius,
3220 2955 3267 3001 et
3289 2961 3632 3003 successorum
3656 2945 3871 3017 Augus-

2260 3040 2446 3101 torum,
2472 3047 2585 3101 quia
2604 3042 2802 3100 extant,
2835 3034 2889 3087 id
2909 3035 3277 3090 demonstrant.
3299 3034 3483 3090 Adhuc
3509 3037 3717 3105 insuper
3739 3054 3870 3091 cum

565 3150 584 3183 ‹
605 3134 673 3187 At
698 3147 819 3186 cum
851 3136 975 3185 ante
1002 3144 1171 3183 annos
1196 3127 1364 3184 ferme
1386 3125 1919 3198 quadringentos,vel
1947 3139 2014 3180 eo
2039 3141 2155 3179 am-
2179 3135 2224 3199 ρ
2258 3134 2435 3178 auctor
2461 3124 2513 3177 in
2542 3140 2775 3180 sermone
2803 3126 2867 3180 de
2896 3126 3082 3197 Spirit.
3109 3128 3299 3198 wdiﬁc.
3336 3128 3528 3185 Domus
3562 3127 3655 3183 Dei
3707 3128 3873 3192 plene

561 3224 702 3297 plius
722 3222 1093 3293 Apostolicnm
1119 3221 1220 3277 hoc
1242 3232 1497 3292 operetur
1516 3220 1754 3275 edictum
1786 3237 1805 3270 ι
1843 3217 1981 3291 (Νοη
2009 3218 2154 3285 enim

562 3333 591 3372 a
614 3316 813 3373 Christi
843 3327 966 3371 ortu
991 3356 1008 3385 ,
1032 3325 1090 3369 ut
1116 3324 1198 3369 est
1226 3314 1365 3385 apud
1392 3312 1607 3369 Sixtum
1640 3312 1969 3379 Senensem,
2002 3309 2097 3365 sed
2129 3324 2160 3365 a

563 3409 763 3480 scripta
793 3407 1032 3477 Epistola
1073 3406 1249 3479 prima
1290 3406 1355 3463 ad
1400 3404 1711 3461 Corinthios
1741 3403 2162 3475 quadringentos

563 3514 735 3565 annos
759 3538 776 3566 ,
809 3506 864 3553 et
902 3497 1133 3569 amplius
1178 3497 1482 3551 excurrissc
1519 3494 1648 3550 dicit
1677 3495 1925 3565 Auster),
1953 3504 2161 3549 certum

570 3590 805 3654 videtur,
839 3598 898 3643 ut
926 3588 1109 3645 Sixtus
1130 3588 1405 3659 observat,
1439 3588 1580 3642 hunc
1599 3586 1918 3657 Sermonem
1949 3594 2159 3651 tempo-

566 3681 715 3737 ribus
740 3680 972 3738 Gallieni
994 3725 1007 3748 ,
1041 3681 1141 3735 sub
1186 3695 1294 3751 quo
1325 3680 1640 3751 Martyrium
1678 3678 1910 3735 subiisse
1934 3678 2164 3734 traditur

567 3774 624 3831 S.
657 3773 804 3829 Zeno
828 3813 844 3843 ,
872 3776 1164 3829 convenire
1197 3788 1301 3827 non
1333 3787 1513 3842 posse.
1538 3773 1609 3827 At
1627 3774 1763 3827 hanc
1788 3770 2161 3827 difficultatem

564 3866 781 3922 sustulit
824 3866 1298 3922 Eminentissimns
1327 3866 1587 3921 Baronius
1629 3865 1682 3921 in
1707 3865 1848 3920 notis
1876 3864 1941 3919 ad
1970 3864 2166 3936 Marty-

566 3959 831 4030 rologium
874 3959 1172 4019 Romanum
1204 3959 1526 4015 duodecima
1554 3959 1783 4031 Aprilis,
1817 3956 1970 4025 cujus
2001 3958 2165 4013 verba

572 4056 661 4110 hic
687 4054 890 4110 referre
914 4071 1018 4109 non
1044 4055 1237 4125 pigeat.
1267 4053 1417 4122 Quod
1438 4070 1556 4108 vero
1578 4055 1644 4108 ad
1663 4053 1722 4110 S.
1749 4050 2004 4109 Zenonem
2026 4067 2167 4104 mar-

568 4159 728 4221 tyrem
748 4159 973 4221 spectat,
999 4165 1172 4204 errare
1199 4157 1331 4204 certe
1367 4149 1445 4203 illi
1467 4147 1611 4203 nobis
1637 4149 1872 4207 videntur
1896 4148 1980 4218 qui
2007 4160 2167 4199 unum

565 4253 843 4298 asserentes
886 4241 1141 4298 Zenonem
1188 4260 1303 4297 eum
1350 4242 1604 4299 Ambrosii
1633 4242 1942 4315 temporibus
1981 4241 2168 4296 vixisse

569 4336 743 4389 volunt
766 4375 780 4401 ,
812 4350 966 4405 eaque
989 4336 1310 4405 potissimum
1354 4335 1519 4388 innixi
1550 4336 1778 4401 ratione,
1810 4333 1946 4403 quod
1985 4330 2168 4397 auctor

567 4430 621 4484 in
652 4431 885 4483 oratione
912 4431 974 4482 de
1024 4430 1269 4500 pudicitia
1297 4429 1449 4503 (alias
1480 4428 1544 4484 de
1580 4426 1915 4500 continentia)
1938 4435 2167 4489 numeret

2263 3216 2576 3272 demonstrat
2608 3234 2665 3271 eo
2693 3228 2919 3287 tempore
2942 3221 3143 3275 nullum
3168 3219 3458 3291 Templum,
3481 3231 3569 3275 aut
3590 3236 3871 3292 perrarum

2263 3310 2423 3380 fuisse
2451 3324 2693 3380 erectum,
2725 3314 2862 3384 quod
2887 3326 3056 3387 posset
3083 3317 3319 3387 componi
3361 3332 3476 3371 cum
3506 3314 3696 3370 aedibus
3729 3313 3877 3370 Ido-

2264 3402 2464 3459 lorum:
2488 3420 2701 3478 prorsus
2725 3408 3002 3477 signiﬁcat,
3034 3424 3087 3464 se
3125 3418 3242 3464 ante
3283 3406 3601 3465 Constantini
3627 3417 3878 3476 tempora

2265 3502 2511 3563 claruisse
2539 3544 2555 3570 ,
2599 3504 2749 3573 cujus
2793 3519 2948 3571 Opera
2978 3512 3171 3558 certum
3208 3512 3307 3569 est,
3333 3514 3438 3558 tam
3482 3504 3535 3558 in
3587 3502 3881 3561 Occidente

2267 3594 2571 3666 (praesertim
2599 3593 2800 3667 Roma)
2826 3612 2978 3667 quam
3004 3596 3058 3650 in
3090 3595 3316 3662 Oriente,
3351 3607 3404 3651 ut
3433 3595 3818 3666 Hierosolymis
3853 3637 3874 3662 ,

2268 3689 2591 3744 Anthiochia:
2615 3700 2659 3743 et
2691 3687 3156 3759 Constantinopoli,
3183 3690 3402 3759 aliisque
3438 3689 3492 3745 in
3519 3689 3641 3747 locis
3670 3703 3882 3759 augus-

2267 3783 2493 3837 tissimus
2523 3790 2712 3836 erectas
2739 3798 2846 3837 esse
2874 3782 3145 3839 Basilicas.
3175 3783 3281 3837 llas
3306 3781 3724 3839 Eminentissimi
3756 3781 3840 3839 Ba
3858 3813 3883 3827 ο

2271 3875 2406 3928 rooii
2436 3874 2845 3933 observationes
2867 3875 3058 3930 leviter
3079 3875 3370 3930 admodum
3395 3872 3680 3945 infringere
3699 3873 3888 3932 audet

2268 3967 2627 4025 Comheﬁsius
2666 3968 2718 4025 in
2768 3969 2973 4038 judicio
3020 3981 3301 4027 auctorum
3346 3982 3483 4040 quos
3517 3977 3764 4027 recenset
3814 3971 3887 4027 in

2271 4062 2445 4130 primo
2476 4071 2620 4115 tomo
2644 4076 2753 4116 sua:
2782 4061 3132 4119 Bibliotheca:
3153 4065 3572 4125 eoncionatoriac
3597 4063 3663 4119 de
3683 4063 3740 4119 S.
3764 4062 3891 4120 Ze~

2270 4170 2411 4210 none
2456 4170 2654 4226 agens;
2696 4153 2829 4210 nihil
2873 4156 3016 4215 aliud
3057 4166 3249 4213 contra
3299 4173 3390 4214 eas
3428 4156 3657 4219 all‘erens
3701 4173 3889 4228 quam

2270 4248 2387 4304 lucc
2411 4249 2574 4305 verba
2600 4264 2612 4300 :
2644 4247 2712 4304 Ut
2735 4264 2834 4305 non
2857 4250 2922 4305 sit
2951 4258 3153 4305 necesse
3172 4251 3242 4304 ad
3251 4267 3311 4305 ea
3323 4266 3582 4306 recurrere
3598 4292 3611 4316 ,
3635 4266 3748 4319 quia
3763 4250 3894 4309 Ba—

2268 4342 2470 4407 ronius,
2496 4352 2550 4395 ut
2579 4341 2722 4397 illam
2745 4343 2861 4395 novi
2887 4341 3250 4415 MarterIOgii
3272 4343 3364 4397 sub
3387 4341 3622 4403 Gallieno
3640 4342 3895 4403 Zenonis

2269 4434 2518 4502 epocham
2542 4444 2762 4489 tueatur.
2787 4435 2938 4502 Quod
2965 4436 3009 4488 si
3036 4434 3228 4491 saltem
3257 4436 3335 4491 vel
3354 4436 3577 4491 summis
3600 4437 3753 4489 labiis
3773 4452 3894 4496 eas

569 4521 632 4575 ab
651 4521 879 4592 Apostoli
907 4520 1062 4575 Pauli
1083 4521 1148 4573 ad
1175 4519 1464 4575 Corinthios
1488 4520 1704 4591 primam
1727 4519 1989 4579 scribentis
2039 4514 2167 4586 Ερί-
2195 4538 2244 4597 ι)
2270 4528 2572 4597 attigisset,
2596 4528 2746 4583 nullo
2774 4536 2928 4599 pacto
2947 4526 3173 4583 dixisset
3202 4528 3487 4587 Baronium
3517 4528 3581 4582 ad
3611 4529 3893 4587 tuendam

566 4614 753 4666 stolam
776 4622 1000 4680 tempore
1022 4627 1186 4669 annos
1206 4611 1280 4682 (ut
1293 4609 1389 4683 ait)
1411 4612 1568 4683 ferme
1583 4611 2009 4689 quadringentos,
2034 4619 2081 4663 et
2109 4624 2167 4663 eo

571 4704 816 4768 antplius.
847 4704 992 4762 Certe
1019 4706 1062 4759 si
1086 4707 1201 4775 quis
1227 4715 1451 4759 numeret
1478 4719 1641 4773 annos
1679 4701 2076 4775 quadringentos
2104 4701 2167 4755 ab

568 4816 704 4854 anno
735 4798 943 4855 Domini
981 4799 1400 4877 quinquagesimo
1434 4795 1648 4863 septimo
1666 4835 1679 4861 ,
1708 4811 1809 4866 quo
1838 4795 1983 4849 illam
2006 4810 2113 4848 esse
2138 4813 2171 4850 a

572 4892 741 4947 Paulo
756 4895 1002 4965 scriptam
1028 4891 1312 4961 Epistolam
1334 4892 1387 4944 in
1406 4888 1673 4943 annalibus
1693 4887 2167 4957 demonstravimus,

573 4987 796 5059 oportuit
822 4995 1083 5039 auctorem
1132 4999 1309 5037 eorum
1340 4981 1604 5051 scripsisse
1629 4998 1767 5036 anno
1804 4977 2014 5047 Domini
2042 4997 2173 5052 qua-

573 5080 967 5151 dringentesimo
986 5078 1402 5155 quinquagesimo
1422 5077 1635 5145 septimo
1657 5093 1677 5144 ;
1698 5086 1811 5149 post
1839 5074 2029 5129 obitum
2052 5090 2173 5129 vero

572 5175 853 5240 Ambrosii,
884 5174 971 5245 qui
1000 5172 1075 5243 (ut
1104 5172 1251 5227 habet
1285 5170 1621 5229 Marcellinus
1662 5172 1714 5231 in
1742 5166 2019 5241 Chronico)
2047 5167 2178 5222 obiit

573 5286 709 5326 anno
754 5267 965 5333 Domini
1005 5268 1356 5327 trecentesimo
1383 5266 1708 5347 nonagesimo
1739 5266 1958 5336 septimo
1984 5308 1998 5330 ,
2024 5263 2175 5322 annis

575 5366 865 5435 sexaginta.
913 5361 1255 5437 Quamobrem
1301 5377 1414 5415 cum
1456 5361 1549 5416 illa
1584 5360 1782 5417 numeri
1806 5367 1926 5413 nota
1953 5356 2085 5427 nec(
2115 5364 2172 5417 ut

574 5456 771 5530 volunt)
804 5458 1056 5512 Ambrosii
1093 5455 1401 5528 temporibus
1448 5454 1618 5525 aptari
1647 5452 1844 5526 possit,
1875 5451 2171 5505 mendosum

572 5568 679 5611 esse
710 5552 960 5608 neminem
999 5561 1122 5619 puto
1139 5553 1262 5623 jure
1301 5565 1449 5621 posse
1483 5563 1684 5617 negare.
1717 5545 1824 5601 Sed
1866 5543 1946 5598 his
1977 5544 2171 5601 accedit

565 5650 706 5724 quod
730 5648 858 5713 dum
887 5658 1066 5709 auctor
1089 5648 1143 5714 in
1176 5646 1351 5703 eodem
1376 5656 1607 5709 sermone
1633 5638 1883 5697 invehitur
1909 5634 2173 5701 vehemen.

570 5764 653 5814 ter
676 5757 726 5813 in
750 5754 1015 5827 (malum,
1040 5766 1155 5825 quae
1183 5749 1453 5826 gentilibus
1471 5750 1685 5817 nubunt.
1721 5745 1845 5814 dum
1861 5739 2176 5817 apertissime

2277 4621 2640 4693 Martyrologii
2662 4622 2785 4678 novi
2804 4622 3063 4697 epocham
3093 4622 3364 4677 incassum
3386 4623 3679 4679 laborasse.
3700 4621 3896 4689 Quasi

2276 4729 2473 4769 novum
2498 4714 2934 4788 Martyrologium
2956 4714 3201 4779 conﬁctis
3218 4724 3374 4785 egeat
3395 4714 3692 4773 rationibus
3712 4729 3894 4774 suam

2275 4808 2343 4871 ad
2372 4808 2625 4873 tuendam
2653 4809 3048 4867 auctoritatem.

2899 4943 3128 5003 CAPUT
3170 4945 3234 5003 V.

2416 5062 2738 5119 Tillemontii
2767 5079 2966 5118 errores
2996 5062 3047 5116 in
3086 5058 3443 5135 redarguendo
3472 5056 3722 5111 Boronio.

2346 5175 2557 5231 Acriuri
2604 5190 2735 5231 sane
2762 5175 2968 5230 calamo
2993 5180 3179 5227 contra
3206 5172 3492 5226 Barouium
3519 5171 3686 5223 utitur
3709 5167 3903 5227 Tille-

2276 5271 2514 5325 montius
2541 5269 2561 5343 (
2590 5267 2726 5322 Nota
2777 5268 2840 5334 6,
2873 5281 2929 5320 tv
2959 5275 3081 5318 tom.
3124 5265 3187 5318 de
3232 5272 3475 5332 persecat.
3513 5260 3782 5317 Valeriani
3813 5262 3839 5334 )
3876 5306 3896 5330 ,

2276 5362 2427 5434 quasi
2472 5363 2656 5419 labore
2698 5360 2870 5417 inutili
2921 5360 3057 5414 levia
3109 5357 3484 5426 congesserit,
3519 5364 3575 5410 ut
3600 5367 3902 5413 assereret

2279 5459 2336 5516 S.
2380 5458 2652 5513 Zenonem
2685 5467 2961 5511 auctorem
3002 5466 3309 5507 sermonum
3354 5450 3422 5504 de
3452 5450 3645 5520 quibus
3672 5448 3895 5517 agitur.

2279 5550 2439 5611 Certe
2461 5550 2698 5623 quidem,
2728 5557 2782 5604 et
2812 5550 2927 5616 ipse
2948 5544 3210 5607 Baronius
3240 5543 3439 5600 fatetur
3468 5559 3562 5599 eos
3589 5542 3731 5599 inter
3763 5558 3901 5598 ser-

2283 5656 2492 5711 mones,
2526 5640 2618 5714 qui
2651 5640 2811 5714 vulgo
2843 5639 2972 5699 Divo
2996 5637 3199 5703 Zenoni
3240 5636 3551 5701 tribuuntur
3572 5673 3589 5701 ,
3614 5632 3899 5705 quosdam

2279 5755 2422 5811 esse.
2444 5753 2675 5813 quorum
2701 5738 2928 5811 ipsemet
2946 5734 3010 5801 ο.
3043 5733 3370 5813 prosatum
3390 5738 3477 5793 est
3498 5736 3707 5802 auctor,
3742 5742 3905 5806 pm.
