4198 6160
347 263 464 321 605

1573 246 1663 315 DE
1700 242 2140 307 SERMONIBUS
2178 242 2432 318 suum
2474 242 2799 305 zauoms.

3670 260 3778 317 806

353 383 519 449 cipue
562 372 652 429 ubi
692 377 883 424 contra
933 366 1175 424 Arianos
1230 357 1438 427 agitur
1464 404 1481 428 ,
1536 364 1605 418 de
1645 363 1839 435 quibus
1889 361 2025 417 intra
2059 367 2109 429 Α
2140 372 2274 423 tunc
2326 360 2598 430 temporis
2639 360 2917 437 [dolorum
2953 366 3153 438 templa
3180 370 3356 435 fuisse
3412 375 3673 442 ρειριιιιθ,
3722 392 3783 429 ειη

354 469 717 529 tractabimus
742 464 882 537 (cap.
915 461 995 534 τ).
1030 460 1097 515 At
1138 462 1210 519 ut
1239 451 1544 523 vidimus,
1575 473 1682 512 non
1730 463 1815 517 est
1834 471 1938 517 cur
1962 470 2032 511 ex

356 538 554 639 paucis
576 562 807 629 aliorum
826 554 1169 612 sermonibus
1206 547 1370 605 inter
1400 564 1699 606 sermones
1751 549 1811 603 ι).
1855 548 2034 621 Zeno-

354 658 450 717 nis
492 652 1075 715 admixtis,sermones
1116 640 1385 709 reliquos
1438 642 1500 698 S.
1546 641 1763 699 Zenoni
1806 641 2038 709 minime

355 754 697 811 tribuamus.
752 742 986 799 Fallitur
1008 741 1189 806 itaque
1216 731 1652 802 Tillemontius,
1687 735 1877 809 primo
1907 732 2041 787 dum

357 844 572 903 asserit
599 836 901 894 Baronium
941 830 1054 886 Suis
1092 829 1147 882 in
1191 824 1504 879 annalibus
1548 826 1763 880 nullam
1800 823 2048 879 mentio-

358 955 494 997 nem
528 935 599 992 de
630 929 951 992 S.Zenone,
985 936 1159 994 neque
1179 918 1249 975 de
1275 918 1402 989 ejus
1422 919 1786 974 sermonibus
1811 915 2047 972 fet-isse:

361 1046 497 1088 nam
531 1034 660 1081 ante
685 1023 922 1093 primum
967 1012 1172 1083 Christi
1199 1027 1406 1066 annum
1437 1019 1703 1066 recenset
1730 1007 2049 1078 quemdam

362 1133 691 1183 sermonem
727 1116 789 1171 ι).
815 1110 1054 1169 Zenonis
1088 1105 1157 1160 de
1186 1103 1500 1168 Nativitate,
1526 1115 1703 1170 quem
1737 1099 1897 1152 dicit
1925 1113 2061 1153 sex-

364 1232 488 1275 tum
511 1258 526 1282 ,
551 1227 680 1268 cum
720 1208 866 1279 idem
892 1205 943 1259 in
968 1198 1213 1258 editione
1257 1193 1555 1252 Parisiensi
1585 1191 1647 1282 in
1702 1188 2060 1282 bibliotheca

365 1312 483 1370 PP.
514 1278 655 1361 anui
688 1278 830 1357 l634
861 1298 932 1352 sit
974 1289 1256 1349 secundus
1279 1330 1295 1353 ,
1326 1287 1416 1343 ubi
1448 1299 1576 1356 quae
1613 1280 1701 1335 de
1737 1278 2064 1340 obstetrice

366 1372 664 1461 incredula
697 1393 952 1451 dicuntur
997 1402 1062 1441 ex
1089 1378 1430 1453 apocrypbis
1450 1382 1691 1446 sumpta
1715 1386 1854 1426 esse
1886 1382 2056 1428 notat.

367 1500 458 1557 De
496 1496 604 1551 hac
639 1500 825 1547 tamen
852 1481 1145 1539 obstetrice
1180 1477 1240 1530 in
1295 1470 1569 1551 praedicta
1614 1465 1881 1545 editione
1924 1470 2059 1543 nihil

367 1594 601 1665 tegitur.
642 1586 703 1643 in
737 1583 842 1639 hoc
870 1591 1001 1634 veno
1036 1588 1139 1643 ms.
1173 1562 1567 1665 Pistoriensi:
1588 1576 1720 1665 quae
1746 1558 1849 1665 de“
1872 1562 2061 1665 obste-

374 1652 524 1745 trice
537 1690 693 1739 notat
717 1674 981 1734 Baronius
1008 1663 1394 1739 reperitmlm-
1424 1652 1758 1727 Αῼιίίιυίοτῖ
1819 1654 2053 1717 forma"

2139 454 2401 515 victimas
2429 453 2706 523 immolari
2735 457 2947 525 solitas,
2996 462 3291 529 nianilcsto
3336 467 3635 535 concludit,
3683 468 3788 531 hoc

2143 555 2370 621 tempus
2401 546 2634 603 minime
2664 552 2967 607 convenire
3000 568 3160 623 posse
3186 558 3599 632 quadringentis
3625 563 3786 629 anuis

2145 640 2205 695 in
2276 640 2473 696 eodem
2524 655 2787 701 sermone
2841 651 3133 717 expressis.
3210 651 3495 721 Quomodo
3546 671 3786 726 namque

2148 731 2359 787 clarius
2387 733 2758 807 demonstrari
2792 747 3005 807 poterat
3030 757 3219 813 error,
3269 761 3431 818 quam
3464 762 3529 805 ex
3578 748 3775 817 eodem

2151 825 2433 891 sermonis
2457 837 2719 884 contextu
2743 829 2766 883 ?
2797 830 2867 886 Ut
2896 849 3023 891 vero
3053 836 3358 901 evidentius
3382 849 3559 910 pateat
3603 842 3774 901 Tillce

2160 918 2434 974 montium
2487 922 2679 992 nugari
2730 926 2910 993 potius
2959 943 3117 996 quam
3150 928 3441 1001 Baronium
3475 934 3781 1005 reprehen-

2160 1010 2299 1068 dere
2327 1056 2341 1079 ,
2378 1014 2623 1083 ejusdem
2665 1020 2937 1074 sermonis
2987 1022 3148 1077 verba
3198 1026 3576 1093 proferamus:
3635 1028 3785 1097 Quid

2163 1105 2309 1175 quod
2333 1105 2477 1171 illius
2515 1107 2855 1175 Sacriﬁcium
2905 1112 3045 1184 (viri
3066 1116 3312 1188 gentilis)
3365 1118 3628 1186 publicum
3656 1131 3776 1187 est,

2168 1205 2317 1252 tuum
2346 1199 2558 1272 (uxoris
2604 1200 2952 1277 Christianae)
2981 1218 3250 1262 secretum.
3288 1209 3444 1267 Illius
3474 1228 3507 1266 a
3553 1213 3785 1283 quolibet

2170 1290 2332 1346 libere
2358 1296 2572 1348 tractari
2599 1302 2766 1369 potest
2790 1311 2808 1358 ;
2834 1305 2979 1351 tuum
2998 1299 3154 1354 etiam
3182 1317 3214 1354 a
3231 1300 3547 1359 Christianis
3568 1305 3783 1365 minime

2166 1387 2482 1453 consecrari,
2514 1387 2625 1440 sine
2648 1387 2915 1459 sacrilegio
2960 1390 3328 1464 videripatest.
3383 1393 3511 1457 Haec
3559 1395 3784 1465 quidem

2167 1475 2333 1551 verba
2387 1494 2493 1533 non
2551 1478 2619 1533 de
2669 1480 2847 1537 cultus
2896 1481 3200 1539 diﬂ'erentia
3252 1484 3345 1556 (ut
3391 1486 3777 1545 Tilletnontius

2166 1564 2368 1643 putat),
2393 1571 2487 1627 sed
2521 1572 2589 1628 de
2613 1574 2791 1631 cultus
2818 1577 3111 1637 exercendi
3144 1578 3399 1645 libertate
3427 1596 3546 1637 esse
3575 1583 3774 1639 intelli—

2163 1664 2339 1734 genda
2372 1680 2437 1720 ex
2470 1664 2590 1737 ipso
2618 1676 2876 1727 contextu
2903 1678 3072 1738 patet.
3105 1671 3270 1727 Divus
3312 1674 3455 1731 enim
3503 1673 3650 1729 Zeno
3680 1673 3775 1739 hic

378 1791 441 1839 et
485 1771 817 1835 correctiori
869 1760 1207 1837 autographa
1283 1752 1544 1807 Perelllls
1609 1758 1668 1803 ει
1714 1749 1939 1819 Bagam!
1997 1751 2049 1806 ίη
2086 1745 2135 1806 Β
2158 1757 2273 1829 agit
2302 1757 2369 1812 de
2399 1758 2809 1829 impedimento,
2834 1761 2975 1833 quod
2999 1765 3159 1819 uxori
3192 1768 3437 1835 provenit
3463 1783 3528 1829 ex
3560 1782 3770 1827 connu-

383 1870 624 1931 cdendis
651 1864 918 1937 operibus
936 1856 1005 1915 S.‘
1020 1849 1275 1911 Zenonis
1300 1845 1381 1899 usi
1412 1849 1561 1937 sunt.
1589 1840 1724 1937 _l_tem
1745 1842 1810 1937 ad
1844 1859 2048 1937 annum

385 1942 601 2022 Christi
633 1932 734 2028 ri,
787 1952 1057 2011 Baronius
1101 1961 1170 2002 ex
1204 1948 1468 2036 sermone
1604 1932 1845 2036 Zenonis
1873 1935 1950 2036 de.
1982 1939 2051 1992 ti-

390 2073 555 2117 more
580 2026 884 2119 confirmat
904 2046 967 2101 S.
990 2038 1256 2097 Theclam
1280 2028 1473 2085 bestiis
1491 2026 1854 2098 simuletigne
1878 2027 2049 2086 fuisse

392 2142 747 2209 damnatam.
800 2141 872 2195 Et
922 2147 1069 2191 anno
1112 2126 1245 2189 589,
1274 2119 1594 2209 miraculum
1646 2129 1868 2187 narrat,
1900 2123 2044 2190 quod

395 2208 521 2302 tum
550 2239 813 2307 contigit,
842 2244 972 2286 cum
1005 2220 1194 2280 Athesi
1220 2215 1390 2271 ﬂuvio
1430 2208 1743 2307 inundante,
1770 2220 1827 2307 et
1874 2212 2051 2307 adire-

402 2302 921 2397 nes‘ras.ec-cle$im
949 2321 1013 2377 s.
1039 2312 1281 2372 Zenonis
1308 2303 1562 2376 martyris
1590 2311 1750 2397 atque
1770 2302 2050 2360 Pontiﬁcis

408 2394 781 2487 exarescente
819 2421 1038 2472 stantes
1063 2421 1164 2487 pro
1196 2400 1402 2458 foribus
1443 2394 1644 2487 apertis
1672 2410 1824 2487 aqua:
1871 2398 2050 2452 eccle-

409 2484 551 2578 siam
586 2529 700 2573 non
747 2484 1115 2567 introierunt.
1167 2491 1323 2562 Quod
1352 2486 1618 2559 Baronius
1639 2487 1706 2541 de
1748 2484 1804 2542 S.
1830 2487 2050 2545 chnne

408 2618 471 2672 in
499 2607 798 2675 annalibus
820 2617 892 2657 ex
924 2592 1177 2666 professo
1203 2602 1311 2643 non
1340 2584 1531 2656 egerit,
1561 2595 1665 2635 non
1685 2595 1746 2636 ea
1772 2588 1855 2635 est
1880 2582 2046 2675 ratio,

413 2704 565 2779 quod
598 2701 673 2756 nil
698 2674 867 2769 solidi
898 2689 971 2744 de
1000 2699 1068 2740 eo
1096 2680 1438 2751 exploratum
1468 2675 1737 2779 habuerit,
1774 2683 1840 2779 ut.
1875 2674 2049 2779 Ti‘lle-

416 2768 670 2859 montius
698 2797 893 2863 putat,
924 2781 1021 2838 sed
1051 2776 1194 2850 quod
1220 2774 1301 2829 sui
1334 2788 1439 2829 non
1473 2776 1590 2826 erat
1610 2768 1844 2863 instituti
1872 2772 2051 2863 priva-

418 2858 607 2949 tarum
653 2858 1022 2942 ecclesiarum
1067 2884 1157 2926 res
1191 2864 1467 2941 prosequi,
1505 2869 1563 2916 ut
1608 2858 1750 2916 idem
1788 2861 2051 2927 Baronius

421 2986 495 3043 ad
517 2995 724 3039 annum
743 2969 959 3040 Christi
987 2964 1059 3020 75
1088 2968 1336 3025 testatur.

504 3076 741 3134 Fallitur
797 3065 970 3122 etiam
1002 3054 1406 3120 Tillemontius,
1436 3049 1564 3121 dum
1595 3046 1732 3123 dicit
1758 3049 2055 3119 antiquitus

2158 1846 2251 1902 bio
2280 1864 2404 1923 cum
2430 1852 2618 1920 gentili
2646 1853 2792 1907 circa
2816 1854 3137 1921 exercitium
3193 1868 3247 1913 et
3296 1858 3598 1915 libertatein
3626 1860 3780 1917 Reli-

2154 1939 2338 2013 gionis
2360 1957 2529 2013 quare
2558 1945 2709 2021 prius
2736 1945 2848 2016 agit
2878 1946 2923 2001 si
2966 1947 3159 2002 eodem
3189 1948 3279 2005 die
3304 1951 3605 2021 contingat,
3634 1960 3688 2006 et
3716 1953 3772 2017 in

2154 2026 2430 2101 Ecclesia,
2463 2044 2517 2091 et
2542 2020 2596 2091 in
2619 2035 2768 2092 Fauo
2795 2037 2929 2093 testa
2957 2041 3246 2097 celebrari.
3269 2042 3487 2099 ltaante
3510 2043 3770 2116 prsidium

2154 2127 2320 2191 verba
2344 2145 2359 2181 :
2396 2128 2757 2202 Pmponamus
2787 2132 2959 2203 itaque
2986 2144 3042 2197 ut
3068 2151 3209 2204 ωερε
3233 2137 3484 2209 contingit
3520 2137 3575 2192 in
3603 2153 3767 2199 unum

2152 2221 2356 2279 sibimet
2407 2225 2680 2291 convenire
2709 2225 2868 2293 diem,
2898 2243 3000 2296 quo
3025 2227 3116 2285 tibi
3132 2227 3389 2296 Ecclesia,
3423 2231 3504 2287 illi
3531 2230 3772 2293 adeunda

2149 2316 2255 2368 sint
2282 2320 2495 2388 tetripla.
2536 2316 2671 2385 Tum
2722 2317 3065 2387 addit'aliud
3121 2323 3567 2391 impedimentum
3617 2324 3761 2393 quod

2150 2409 2330 2483 cultus
2357 2410 2640 2483 gentilium
2662 2409 2833 2485 libere
2879 2421 2933 2471 et
2956 2413 3173 2487 publice
3199 2426 3516 2471 exerceatur
3540 2433 3554 2469 :
3581 2414 3768 2472 Chris-

2155 2501 2431 2575 tianorum
2459 2517 2591 2558 vero
2618 2511 2857 2577 secreto,
2901 2512 2958 2559 et
2978 2513 3170 2562 contra
3205 2506 3414 2576 iussum
3460 2509 3761 2578 Imperato-

2150 2608 2294 2661 rum,
2350 2594 2581 2668 ideoque
2626 2594 2760 2661 dicit
2816 2611 2992 2667 neque
3040 2599 3363 2668 permissum
3445 2599 3772 2659 Christianis

2152 2686 2272 2742 sine
2312 2688 2605 2762 sacrilegio
2640 2688 2829 2745 videre
2869 2692 3180 2746 consecrari
3232 2692 3599 2760 sacriﬁcium,
3649 2695 3769 2751 sine

2152 2780 2465 2854 sacrilegio,
2493 2783 2727 2852 inquam,
2756 2783 2879 2852 quia
2904 2783 2979 2852 hi,
3013 2785 3105 2854 qui
3149 2786 3319 2842 sacris
3336 2785 3766 2843 Christianorum

2154 2873 2480 2947 intererant,
2539 2875 2665 2932 licet
2708 2874 3036 2944 Christiani,
3092 2888 3272 2943 tamen
3327 2888 3386 2934 ut
3425 2880 3672 2951 sacrilegi
3715 2889 3772 2936 et

2153 2963 2393 3021 Deorum
2419 2974 2846 3037 contemptores,
2864 2969 3274 3038 plectebantur.
3308 2969 3478 3031 Tuum
3532 2973 3684 3027 etiam
3734 2988 3766 3026 a

2152 3056 2470 3121 Christianis
2514 3062 2722 3117 minime
2767 3065 3057 3121 consecrari
3102 3063 3212 3118 sine
3284 3064 3566 3136 sacrilegio
3608 3064 3771 3119 videri

428 3126 870 3229 solis-Clericis
930 3150 1253 3226 permissum
1308 3161 1430 3205 esse
1477 3140 1658 3198 videre
1724 3141 2048 3197 sacriﬁcium
2081 3126 2127 3191 Ο
2158 3162 2347 3223 potest.
2380 3155 2491 3217 Cur
2530 3171 2660 3224 ergo
2692 3155 3071 3223 Tillemontius
3102 3157 3221 3213 haec
3260 3157 3424 3213 verba
3470 3156 3764 3225 depravat,

436 3264 643 3325 Μίδεω,
696 3269 806 3310 non
837 3260 1023 3306 autem
1071 3242 1291 3311 reliquis
1316 3236 1659 3313 Christianis.
1718 3234 1855 3304 Quid
1901 3236 2046 3292 enim

434 3362 545 3412 hoc
563 3346 855 3406 absurdius
884 3336 1154 3396 excidisse
1188 3328 1373 3406 'potuit
1422 3329 1625 3401 homini
1679 3328 1730 3401 in
1774 3328 2049 3387 Ecclesia-

433 3448 575 3504 stica
608 3438 833 3495 historia
868 3440 1088 3486 versato
1121 3445 1133 3481 :
1162 3442 1283 3480 cum
1330 3422 1449 3495 luce
1479 3421 1776 3491 meridiana
1811 3420 1880 3475 sit
1922 3423 2050 3481 ela-

434 3546 558 3598 τῖηε
614 3532 759 3604 quod
814 3520 1291 3585 exctimmunicati,
1331 3515 1724 3617 'eatechumeni
1775 3524 1829 3569 et
1877 3513 2047 3583 paeni-

440 3641 623 3688 tentes
644 3625 825 3682 Missa:
880 3614 1151 3673 sacriﬁcio
1202 3612 1464 3683 interesse
1502 3608 1671 3662 'unice
1716 3616 2042 3671 vetarentur.

437 3723 579 3780 Nam
611 3714 754 3787 quod
797 3709 950 3766 addit
992 3706 1061 3762 de
1099 3704 1364 3759 velamine
1410 3714 1668 3771 expanso,
1709 3698 1850 3771 quod
1894 3697 2046 3753 laicis

441 3807 844 3881 impediebatur
866 3796 1195 3871 sacriﬁcium
1227 3795 1403 3850 Μίδεω
1445 3791 1645 3861 videre,
1698 3790 1750 3845 id
1783 3805 1885 3881 lim}
1933 3787 2046 3881 EC"

441 3878 631 3960 elesim
660 3891 1018 3953 Occidentali,
1057 3896 1115 3942 ut
1135 3888 1252 3954 ipse
1280 3885 1414 3940 falso
1436 3890 1695 3947 autumat,
1726 3879 1819 3935 sed
1853 3878 2046 3934 Orien-

444 3998 541 4055 tali
573 3992 817 4049 solemne
844 3986 961 4040 fuit.
1004 3980 1065 4036 lu
1114 3979 1355 4035 Ecclesia
1412 3991 1642 4046 namque
1682 3972 2043 4039 Occidentali,

446 4103 504 4149 et
537 4088 803 4162 praecipue
831 4081 1053 4143 Romae;
1076 4074 1240 4130 nullis
1265 4071 1620 4133 velaminibus
1673 4067 1928 4126 adhibitis
1958 4080 2045 4121 sa-

451 4199 548 4241 cra
593 4175 1009 4237 celebrabantur
1035 4209 1049 4234 ,
1078 4174 1268 4223 contra
1290 4180 1494 4219 morem
1527 4162 2043 4226 Valentiuianorum,

453 4290 688 4352 quorum
744 4283 898 4326 sacra
937 4265 992 4320 in
1048 4260 1231 4335 abdito
1293 4259 1514 4315 ﬁebant.
1561 4256 1636 4312 Ita
1687 4255 1947 4352 Caronins
1976 4253 2044 4309 ad

452 4349 657 4429 annum
688 4360 893 4421 Christi
922 4358 1026 4414 145
1063 4373 1074 4410 :
1114 4374 1133 4406 ι
1172 4352 1309 4409 Hinc
1344 4367 1554 4500 quasue
1593 4349 1853 4407 accidisse
1887 4357 2042 4437 puta-

457 4480 578 4500 ...ηρ
635 4471 686 4500 ,ιι
718 4461 906 4500 ιιιηηςιι
937 4455 1024 4500 ubi
1080 4450 1396 4500 Valentinus
1459 4462 1513 4500 ιιι
1542 4454 1787 4500 versatus
1807 4450 1908 4500 est.
1955 4455 2042 4500 ne-

454 4480 600 4529 mus,
632 4434 691 4517 ut
718 4461 906 4516 Romae
937 4455 1027 4509 ubi
1080 4450 1396 4508 Valentinus
1422 4434 1513 4501 diu
1542 4454 1787 4503 versatus
1807 4434 1908 4509 est,
1955 4455 2047 4509 ne-

2150 3252 2204 3298 et
2232 3245 2583 3318 sacrilegium
2615 3246 2668 3311 in
2727 3245 3055 3305 Christianis
3103 3247 3275 3318 ﬁngit,
3326 3251 3370 3306 si
3413 3249 3540 3303 dum
3583 3247 3763 3307 Missa}

2148 3335 2423 3390 intersunt
2454 3338 2671 3391 videant
2700 3352 3025 3395 consecrare
3057 3339 3081 3393 Ἰ
3110 3338 3276 3397 Certe
3304 3341 3368 3398 si,
3403 3349 3597 3395 auctor
3637 3353 3756 3395 ser~

2147 3426 2323 3480 monis
2353 3425 2422 3481 de
2452 3429 2780 3483 coittinentia
2817 3429 3040 3503 vixisset
3069 3431 3493 3503 quadringentos
3550 3439 3604 3483 et
3627 3445 3745 3484 am-

2149 3520 2289 3591 plius
2348 3535 2522 3575 annos
2577 3530 2698 3589 post
2753 3523 3011 3591 scriptam
3057 3524 3284 3593 primam
3318 3524 3382 3579 ad
3415 3521 3752 3588 Corinthios,

2148 3631 2268 3686 qua)
2297 3614 2446 3682 juxta
2481 3616 2797 3686 Baronium,
2827 3626 2888 3673 ut
2916 3618 3149 3675 vidimus
3200 3621 3353 3693 (Cap.
3386 3619 3467 3691 4),
3501 3620 3761 3690 quinqua-

2145 3707 2354 3776 gesimo
2384 3708 2619 3776 septimo
2670 3707 2871 3764 Chriin
2920 3725 3065 3765 anno
3109 3712 3309 3782 scripta
3358 3711 3481 3777 fuit,
3531 3712 3759 3767 vixisset

2147 3799 2333 3869 utique
2364 3808 2606 3869 tempore
2660 3802 2915 3861 Marciani
2980 3813 3073 3858 aut
3104 3804 3302 3860 Leonis
3327 3805 3755 3873 imperatorum,

2147 3891 2373 3947 sedente
2404 3892 2456 3949 in
2487 3891 2732 3961 Romana
2784 3894 3041 3950 cathedra
3088 3895 3146 3952 S.
3190 3895 3372 3951 Leone
3406 3910 3564 3966 papa,
3593 3896 3760 3949 'auno

2146 3983 2674 4054 quadringentesimo
2697 3986 3144 4057 quinquagesimo
3166 3988 3401 4058 septimo
3432 4006 3446 4052 ;
3479 4003 3587 4056 quo
3620 3996 3754 4042 tem-

2146 4089 2280 4146 pore
2313 4085 2463 4133 certe
2488 4090 2594 4131 non
2612 4077 2838 4135 dixisset
2871 4078 3034 4134 Idolis
3064 4078 3273 4148 publice
3295 4078 3560 4145 sacriﬁcia
3586 4076 3703 4131 ﬁeri
3734 4095 3746 4130 :

2146 4167 2485 4239 Christianos
2515 4186 2641 4239 vero
2668 4171 2876 4235 oecttlte
2899 4186 3051 4231 sacra
3084 4187 3342 4242 peragere
3375 4188 3389 4236 ;
3422 4187 3546 4228 cum
3582 4170 3753 4237 multo

2148 4271 2275 4333 ante
2309 4259 2651 4333 Constantini
2675 4262 2850 4335 Magni
2904 4273 3145 4333 tempora
3201 4264 3321 4333 ipse
3366 4261 3754 4319 'l‘illemnntius

2150 4355 2322 4428 (Tom.
2354 4371 2406 4413 tv
2440 4355 2580 4423 Hist.
2614 4354 2753 4425 Imp.
2804 4366 2905 4413 art.
2938 4357 3007 4421 54
3036 4354 3055 4426 )
3105 4364 3292 4411 narret
3340 4355 3544 4425 templa
3585 4354 3761 4409 idolo—

2150 4465 2269 4506 rum
2300 4449 2503 4523 elausa,
2536 4449 2920 4519 publicumque
2975 4448 3285 4509 christiana:
3336 4446 3614 4517 religionis
3641 4446 3758 4500 eul-

454 4516 725 4632 quaquam
757 4554 871 4623 ipsa
909 4560 1060 4604 sacra
1110 4544 1192 4618 (ut
1238 4555 1357 4615 mos
1404 4545 1487 4593 est
1538 4536 1589 4591 in
1621 4532 1866 4603 Oriente)
1914 4532 2052 4632 velis
2075 4516 2131 4580 D
2158 4552 2266 4601 tum
2296 4516 2668 4613 propagatum.
2703 4516 2894 4602 Mirum
2925 4550 3104 4597 tamen
3156 4549 3356 4610 quanta
3386 4516 3501 4610 ipse
3528 4539 3753 4632 audacia

459 4625 606 4720 inter
636 4646 901 4720 agendum
936 4637 1183 4695 obductis
1211 4632 1575 4706 operirentur,
1626 4627 1721 4684 sed
1748 4625 2054 4720 patentibus

462 4714 734 4806 omnibus,
762 4756 866 4795 non
896 4744 1100 4792 tantum
1123 4729 1232 4786 diei
1261 4729 1399 4793 luce,
1429 4726 1523 4781 sed
1553 4714 1845 4780 luminibus
1870 4720 2055 4793 incen-

464 4843 545 4897 sis
590 4804 779 4892 ﬁerent
808 4832 1006 4901 ubique
1030 4829 1171 4881 clara
1203 4834 1360 4893 atque
1407 4819 1719 4890 conspicua.
1778 4813 2056 4885 Siquidem

464 4896 604 4989 nihil
634 4896 835 4982 veritas
859 4896 1128 4977 erubescit
1152 4915 1252 4977 nisi
1283 4910 1621 4969 solummodo
1660 4907 1917 4975 abscondi
1948 4923 1960 4961 :
1992 4921 2056 4979 ac

466 5018 695 5097 proinde
740 5031 805 5070 ne
846 5012 1025 5085 pansis
1065 5007 1197 5063 velis
1240 5002 1502 5075 occultata
1547 5000 1840 5071 sacriﬁcia,
1888 4999 2057 5054 sacris

470 5094 686 5173 illorum
714 5110 1029 5166 viderentur
1050 5116 1170 5164 eSse
1194 5096 1405 5159 similia,
1431 5095 1609 5150 omnia
1642 5104 1848 5171 aperta,
1883 5094 2059 5149 omni-

475 5216 685 5279 btiSque
715 5203 948 5278 patentia
979 5194 1225 5254 consulto
1254 5191 1496 5246 Romana
1522 5189 1767 5245 Ecclesia
1789 5203 1885 5243 sua
1910 5202 2057 5260 πηγε-

476 5305 611 5362 teria
640 5314 757 5357 esse
793 5295 978 5352 voluit.
1018 5310 1036 5343 ι
1092 5287 1215 5342 llaec
1255 5282 1475 5367 adhibet
1527 5290 1829 5336 commenta
1883 5279 2055 5335 'l‘ille-

467 5397 735 5465 mentitis,
756 5401 814 5451 ut
844 5400 1003 5447 uuam
1024 5398 1088 5438 ex
1127 5376 1701 5440 animadversionibus,
1747 5384 1801 5431 et
1839 5374 2056 5444 aptissi-

482 5504 624 5549 mam
667 5483 880 5561 quidem
921 5472 1135 5539 Baronii
1189 5470 1408 5537 eludat,
1476 5484 1578 5561 qua
1625 5467 2056 5561 errorem_circa

477 5552 741 5639 annorum
799 5552 1076 5628 numerum
1118 5563 1400 5637 irrepsisse
1463 5552 1814 5631 demonstrat.
1870 5559 1944 5635 Ex
1991 5572 2058 5613 eo

479 5685 708 5747 namque
727 5642 875 5741 quod
906 5667 1091 5739 auctor
1118 5655 1380 5735 sermonis
1422 5653 1488 5709 de
1511 5654 1852 5747 continentia
1876 5653 1931 5731 in
1960 5653 2059 5731 ιφ.

484 5745 661 5837 minas
688 5758 984 5833 invehatur,
1014 5764 1130 5831 qua!
1159 5747 1445 5829 gentilibus
1473 5745 1758 5827 puberem,
1788 5747 2057 5829 dicam”.
2141 5768 2145 5772 .

2156 4635 2300 4695 dicat
2324 4633 2476 4705 facile
2497 4633 2628 4701 dilui
2658 4648 2816 4704 posse
2845 4649 2939 4704 per
2964 4633 3255 4689 Baronium
3277 4632 3508 4691 adducta
3537 4634 3549 4686 !
3588 4630 3757 4687 Unam

2161 4736 2366 4799 tantum
2390 4727 2605 4791 Bar’onii
2634 4727 2989 4789 notationem.
3021 4736 3076 4782 et
3096 4725 3232 4785 adeo
3260 4725 3454 4781 leviter
3480 4726 3596 4796 ipse
3626 4738 3750 4779 car-

2163 4821 2261 4892 pit,
2289 4820 2357 4883 de
2381 4820 2601 4889 reliquis
2630 4834 2782 4891 vero,
2808 4835 2928 4890 qua:
2951 4834 3113 4889 supra
3144 4817 3313 4887 ipsius
3335 4818 3551 4875 Baronii
3583 4818 3765 4874 verbis

2160 4914 2465 4985 retulimus,
2501 4929 2569 4970 ne
2598 4913 2821 4973 verbum
2851 4912 3069 4983 quidem
3108 4928 3122 4969 :
3153 4924 3348 4980 nempe
3373 4910 3514 4980 quod
3549 4911 3600 4965 in
3644 4924 3768 4966 ser-

2162 5020 2323 5061 mone
2342 5005 2411 5061 de
2443 5004 2665 5067 avaritia
2691 5007 2896 5061 Auctor
2921 5018 3233 5060 sermonum
3257 5002 3403 5059 dicat
3430 5044 3446 5070 ,
3490 5002 3673 5059 solere
3711 5001 3766 5058 in

2162 5098 2398 5161 nummis
2426 5096 2616 5167 excudi
2671 5096 2835 5160 idola,
2874 5112 2996 5167 qua:
3037 5095 3358 5151 colebantur
3390 5095 3443 5151 in
3483 5096 3714 5165 Temple
3748 5136 3764 5161 ,

2162 5200 2218 5257 et
2247 5192 2298 5248 in
2330 5205 2582 5251 sermone
2605 5188 2672 5244 de
2706 5189 2970 5260 spirituali
3026 5187 3383 5247 mdiﬁcalione
3438 5188 3636 5245 domus
3668 5187 3763 5243 Del

2165 5283 2305 5351 idem
2336 5287 2544 5345 Auctor
2572 5282 2824 5347 afﬁrmet,
2866 5297 2933 5355 eo
2960 5290 3208 5353 tempore
3254 5283 3461 5341 nullum
3509 5280 3777 5338 Christia-

2163 5391 2353 5449 norum
2374 5375 2652 5449 templum,
2685 5384 2777 5445 aut
2800 5389 3079 5445 perrarum
3115 5374 3280 5444 fuisse
3306 5384 3571 5440 erectum,
3619 5372 3767 5445 quod

2166 5480 2347 5553 posset
2399 5485 2520 5537 eum
2569 5462 2836 5526 [dolorum
2886 5456 3094 5529 tedibus
3150 5469 3474 5540 comparari.
3500 5466 3639 5536 Quid
3692 5466 3761 5521 ad

2167 5561 2283 5633 hcec
2329 5562 2950 5635 pbjicit'l‘illemontius,
3003 5570 3061 5617 ut
3102 5561 3261 5623 facile
3306 5560 3445 5619 adeo
3478 5558 3767 5635 Barouium

2166 5655 2455 5733 rpdarguat
2485 5655 2510 5715 2

2256 5751 2375 5825 Atla
2402 5761 2529 5823 sunt
2567 5755 2846 5824 vetustatis
2873 5750 3072 5815 indicis
3095 5752 3148 5812 tn
3194 5745 3508 5826 prolatione
3544 5756 3772 5828 aperitin
