4198 6160
428 267 533 323 607

1463 263 1552 318 DE
1591 259 2035 318 SERVIONIBUS
2076 260 2323 317 S_\NCTI
2365 260 2676 319 ZENONIS.

3625 269 3734 326 (ἶθὲ

425 382 485 439 S.
518 382 752 439 Zenonis
817 396 920 438 non
968 380 1039 437 ita
1083 379 1456 450 prmtcreunda
1482 420 1498 448 ,
1551 388 1607 433 ut
1650 376 2031 433 Tillemomius
2058 377 2111 437 Λ
2137 375 2389 430 lsoiame
2413 392 2580 446 grtcco
2624 378 2678 431 in
2720 377 2935 432 lutinunt
2977 394 3262 435 sermonem
3317 396 3736 453 aggressus......

428 479 696 551 praeterit,
727 491 846 547 qua:
870 476 956 532 hic
985 476 1051 530 ad
1083 474 1301 531 lectoris
1336 458 1680 531 commodum
1736 488 1804 528 ex
1834 471 2024 543 prmia-

427 575 578 631 tione
607 573 796 629 eadem
818 571 1191 628 exscribimns.
1243 570 1598 641 Antiquissimi
1645 569 1884 623 Auctoris
1918 583 2029 622 esse

426 667 709 731 indicium,
733 681 849 719 cum
877 681 1015 734 saepe
1063 664 1132 717 ad
1179 662 1392 717 Iudaeos
1422 677 1705 718 sermonem
1751 659 2028 713 habuerit:

432 757 836 814 Catechumenos
878 759 934 815 in
961 774 1167 811 sacrum
1217 755 1440 812 Fontem
1470 757 1759 811 invitaverit
1787 772 1806 810 :
1854 771 2030 821 repre-

429 849 662 906 henderit
707 848 914 904 Graecos
941 859 1060 903 tunc
1079 848 1150 902 ad
1174 849 1325 917 ﬁdem
1357 847 1549 904 Christi
1578 863 1869 915 conversos,
1892 845 2032 917 quod

427 960 563 999 vana
592 960 685 997 sua
713 943 966 1010 sapientia
992 943 1141 997 etiam
1169 943 1224 995 in
1253 939 1486 995 Ecclesia
1512 939 1610 994 Dei
1637 956 1773 994 vana
1793 938 2033 1011 quaedam

428 1034 493 1089 de
515 1031 625 1088 Deo
646 1033 1049 1097 introducerent,
1072 1043 1127 1086 ut
1147 1048 1380 1086 sermone
1399 1032 1566 1103 primo
1582 1030 1645 1085 de
1666 1029 1877 1084 Psalmo
1892 1043 2031 1083 cxx:

434 1125 548 1195 (hic
573 1138 753 1180 sermo
772 1125 914 1195 apud
944 1124 1204 1180 Hilarium
1235 1139 1340 1178 non
1373 1120 1687 1194 reperitur),
1704 1122 1841 1176 idem
1862 1132 2034 1175 osten-

435 1218 597 1286 ditur,
629 1235 743 1273 cum
771 1219 827 1273 in
855 1234 1088 1273 sermone
1107 1219 1170 1273 de
1186 1218 1445 1289 spirituali
1471 1217 1571 1272 cedi
1579 1216 1812 1286 ﬁcatione
1838 1213 2037 1268 Domus

439 1311 540 1367 Dei
570 1312 764 1367 Auctor
803 1312 1152 1376 demonstrat,
1188 1321 1294 1365 tum
1324 1328 1427 1365 non
1479 1311 1640 1381 fuisse
1677 1312 1792 1382 jam
1821 1307 2040 1373 Templa

443 1404 751 1462 Christianis
798 1416 1112 1473 construcla,
1168 1405 1259 1460 sed
1302 1421 1486 1459 novum
1527 1403 1773 1475 papulum
1811 1412 1860 1458 et
1886 1403 2042 1456 mini-

438 1514 579 1552 mum
606 1514 819 1554 numero
845 1500 1093 1554 extitisse.
1118 1497 1199 1552 Ad
1229 1497 1532 1569 Neophytos
1548 1513 1701 1567 porro
1722 1513 1958 1553 sermone
1989 1513 2041 1553 tv

438 1607 554 1645 cum
586 1591 651 1645 de
677 1590 743 1645 iis
774 1591 1081 1645 mentionem
1109 1592 1254 1661 facit,
1302 1592 1389 1659 qui
1418 1590 1715 1645 universam
1740 1606 1848 1643 rem
1892 1590 2045 1655 fanti-

444 1682 626 1738 liarern
692 1682 1003 1753 pauperibus
1052 1692 1363 1753 erogarent,
1410 1683 1603 1751 quippe
1659 1679 1755 1736 Dei
1796 1681 2044 1751 templum

2132 470 2261 524 dicit
2287 468 2477 541 stylum
2506 470 2737 541 ipsorum
2784 470 2970 527 Basilii
3015 491 3117 529 non
3170 489 3315 540 esse,
3365 475 3454 528 sed
3508 476 3742 551 alicujus

2132 564 2312 620 eodem
2334 566 2538 619 nomine
2565 567 2848 636 nuncupati
2899 565 2975 621 vel
2999 568 3215 622 alterius
3239 586 3263 633 ,'
3286 570 3374 640 qui
3421 570 3631 625 nomine
3669 572 3737 628 S.

2135 658 2319 713 Basilii
2347 658 2524 713 edidit.
2570 658 2708 713 Nam
2754 659 2962 732 phrasis
3022 677 3084 713 ac
3131 662 3401 717 verborum
3430 673 3638 720 textura
3675 664 3741 719 ab

2134 766 2220 815 ea,
2248 766 2350 820 qua
2377 749 2604 804 Basilius
2656 761 2728 805 est
2754 768 2878 806 usus
2921 751 3200 806 admodum
3248 771 3361 808 cum
3402 756 3470 809 sit
3515 756 3742 823 dicenti,

2137 845 2251 914 fieri
2277 861 2377 898 non
2406 854 2591 915 potest,
2624 854 2677 900 ut
2703 848 3071 900 commentaria
3092 847 3187 901 illa
3210 864 3242 900 a
3264 857 3365 902 tam
3386 848 3577 903 diserto
3599 850 3749 904 theo-

2138 935 2256 1001 logo
2292 935 2391 988 sint
2418 937 2730 1003 conscripta.
2792 936 2875 991 Ita
2899 938 2958 1005 fit
3004 948 3060 992 ut
3089 955 3271 1009 parum
3311 951 3527 994 nasutus
3579 943 3747 996 lector

2136 1027 2244 1081 illis
2286 1028 2663 1082 commentariis
2708 1029 2935 1099 amplius
2983 1045 3086 1083 non
3125 1030 3274 1099 ﬁdat,
3315 1046 3406 1086 nec
3462 1034 3527 1087 iis
3566 1043 3748 1089 utatur

2139 1135 2296 1188 eaque
2330 1122 2472 1188 parvi
2504 1121 2736 1187 pendat;
2778 1120 2916 1189 quod
2954 1130 3126 1175 autem
3168 1121 3231 1176 de
3264 1121 3460 1177 Basilio
3501 1124 3748 1193 affirmo,

2139 1213 2275 1267 idem
2303 1213 2367 1266 de
2398 1214 2685 1285 Augustino
2715 1214 2928 1268 diversis
2956 1215 3007 1268 in
3035 1215 3182 1281 locis,
3233 1216 3296 1270 de
3328 1215 3665 1287 Hieronymo,
3699 1228 3750 1273 et

2141 1304 2261 1357 aliis
2312 1305 2588 1358 dicendum
2635 1315 2829 1375 est.....
2864 1305 2985 1377 styli
3035 1306 3301 1362 diversitas
3351 1308 3610 1363 diversum
3641 1325 3748 1365 non

2141 1395 2314 1450 innuit
2345 1408 2606 1450 auctorem
2632 1414 2651 1450 :
2696 1413 2812 1451 cum
2844 1397 2983 1451 idem
3018 1411 3201 1451 auctor
3237 1398 3354 1452 aliis
3382 1400 3437 1453 in
3476 1398 3621 1453 libris
3641 1402 3752 1456 alio

2144 1496 2319 1541 utatur
2347 1488 2508 1558 stylo,
2537 1497 2591 1541 ut
2621 1487 2813 1558 liquide
2840 1499 3039 1543 constat
3061 1505 3125 1544 ea:
3152 1489 3468 1562 Augustino,
3515 1493 3601 1561 qui
3643 1492 3756 1547 alio

2143 1578 2198 1632 in
2222 1579 2366 1633 libris
2387 1578 2451 1633 de
2477 1575 2695 1634 Civitate
2722 1578 2841 1645 Dei,
2866 1580 2970 1633 alio
2993 1581 3048 1634 in
3082 1579 3307 1635 Psalmis
3333 1590 3407 1636 est
3437 1599 3581 1637 usus.
3600 1582 3755 1650 Quod

2146 1670 2255 1740 ipse
2278 1668 2527 1726 Erasmus
2549 1672 2756 1726 minime
2776 1672 3108 1741 inﬁciabitur,
3130 1676 3183 1726 in
3207 1691 3308 1728 uno
3324 1674 3600 1745 eodemque
3620 1675 3757 1731 libro

439 1785 631 1841 essent,
666 1790 785 1829 cum
818 1776 1063 1844 templum
1107 1775 1422 1853 idololatria:
1460 1784 1612 1829 antea
1652 1775 1957 1829 extitissent.
1985 1755 2055 1828 Id

2175 1761 2385 1816 lirersos
2416 1762 2594 1818 modos
2615 1762 2871 1827 adhiberi,
2921 1773 2974 1816 ut
3018 1765 3153 1818 idem
3181 1764 3504 1837 Augustinus
3545 1768 3597 1821 in
3641 1768 3757 1839 ipso

445 1870 617 1935 ipsum
664 1879 911 1939 praeterea
935 1869 1051 1922 licet
1080 1868 1370 1941 perspicere
1421 1867 1491 1922 ad
1523 1866 1828 1938 Neaphytos
1856 1883 2049 1923 sermo-

449 1977 515 2017 ne
543 1977 577 2015 v
604 1975 722 2013 cum
748 1975 834 2014 eos
863 1960 1130 2026 hortatur,
1182 1969 1237 2013 ut
1262 1958 1617 2013 idolotatriam
1642 1960 1839 2031 fugiant
1862 1999 1879 2025 ,
1908 1968 1956 2012 et
1988 1974 2052 2013 ne

452 2060 657 2121 captent
684 2052 914 2121 amplius
936 2052 1175 2122 auguria.
1210 2051 1350 2118 Quid
1376 2051 1402 2104 ?
1441 2049 1629 2105 Nonne
1655 2050 1711 2103 id
1730 2050 1871 2104 clare
1914 2059 2051 2120 patet

451 2160 516 2199 ea:
537 2159 769 2198 sermone
793 2145 963 2213 primo
985 2145 1048 2198 de
1076 2142 1305 2210 Pascha,
1346 2153 1392 2198 et
1413 2159 1645 2198 sermone
1674 2144 1737 2198 de
1759 2144 2008 2213 patientia
2027 2144 2053 2198 7

452 2251 671 2307 quorum
721 2236 887 2290 altero
930 2237 1294 2308 interpretatur
1339 2247 1643 2291 autumnum
1684 2237 1765 2292 sui
1810 2238 2055 2307 temporis

459 2338 711 2399 martyres
792 2329 1140 2398 signiﬁcare;
1215 2312 1513 2398 patientiam
1567 2330 1620 2383 in
1669 2330 1833 2384 altero
1909 2346 2055 2383 coro-

458 2438 580 2475 nam
641 2431 926 2492 martyrum
983 2421 1211 2490 appellat
1237 2422 1589 2491 quotidianam
1620 2420 1831 2476 ?Beata
1869 2420 2059 2476 Thecla

463 2512 524 2568 8.
568 2510 725 2566 Pauli
773 2511 999 2581 apostoli
1044 2512 1323 2582 discipula,
1378 2523 1426 2567 et
1481 2514 1649 2584 prima
1701 2514 1844 2569 illius
1906 2531 2058 2568 sexus

460 2614 657 2675 martyr
705 2605 761 2658 in
809 2621 1041 2662 sermone
1085 2606 1150 2660 de
1197 2606 1377 2661 timore
1430 2608 1484 2662 in
1527 2606 1816 2678 exemplum
1864 2608 2061 2662 timoris

462 2694 675 2751 Domini
724 2696 1021 2753 adducitur.
1096 2698 1360 2764 Quosdam
1427 2701 1658 2754 meminit
1723 2701 1777 2754 in
1832 2717 2063 2755 sermone

463 2789 528 2843 de
552 2790 921 2844 resurrectione
965 2791 1018 2844 in
1085 2790 1384 2846 idololatria
1439 2809 1530 2847 suo
1570 2804 1795 2860 tempore
1836 2793 2061 2848 obiisse:

464 2894 514 2938 et
538 2879 861 2936 Christianos
880 2883 1131 2954 quosdam
1158 2889 1327 2954 arguit
1355 2900 1625 2956 corporum
1642 2887 2066 2940 resurrectionem

471 2991 572 3028 non
603 2974 884 3029 credentes.
933 2974 1008 3029 Ab
1039 2990 1099 3029 eo
1118 2986 1362 3042 prwterea
1393 2978 1649 3048 descripta
1668 2989 1744 3033 est
1775 2979 1836 3034 S.
1856 2979 2068 3034 Arcadii

475 3068 579 3121 vita
607 3083 701 3123 suo
731 3078 979 3136 tempore,
1008 3077 1064 3121 ut
1090 3067 1282 3123 Petrus
1316 3069 1592 3142 Equilinus
1636 3080 1872 3139 testatur,
1933 3089 2072 3127 mar-

2155 1855 2490 1911 l’salmorum
2516 1867 2783 1925 tractatu;
2810 1860 3075 1929 quoniam,
3110 1870 3160 1914 ut
3194 1861 3304 1929 ipse
3346 1859 3597 1915 Erasmus
3618 1860 3760 1931 afﬁr—

2152 1957 2259 2002 mat
2282 1950 2385 2003 alio
2408 1950 2580 2014 initio,
2610 1949 2713 2004 alio
2737 1950 2793 2003 in
2822 1951 2925 2019 ﬁne
2949 1952 3149 2004 ratione
3175 1967 3296 2005 usus
3320 1960 3415 2005 est.
3448 1950 3619 2004 Aliam
3664 1966 3758 2004 ra-

2154 2043 2342 2096 tionem
2372 2042 2512 2109 dico,
2544 2058 2649 2096 non
2678 2043 2814 2112 quod
2831 2044 2913 2097 hic
2935 2043 3155 2112 brevior,
3176 2044 3286 2098 illic
3308 2042 3512 2116 longior
3533 2053 3762 2098 tantum—

2157 2135 2310 2188 modo
2337 2135 2403 2189 sit
2437 2150 2457 2199 ;
2496 2135 2586 2190 sed
2614 2135 2738 2205 quia
2762 2135 2866 2201 hic,
2892 2146 2939 2191 et
2963 2137 3073 2191 illic
3100 2138 3311 2191 diversis
3356 2138 3522 2191 modis
3560 2146 3758 2192 utatur.

2156 2228 2317 2283 Aliud
2357 2230 2608 2300 siquidem
2668 2239 2739 2284 est
2775 2232 3070 2284 summatim
3112 2233 3387 2289 sententias
3427 2229 3612 2299 aderre
3638 2241 3762 2285 tan-

2158 2341 2313 2394 quam
2343 2325 2650 2389 notationes,
2682 2325 2828 2378 aliud
2856 2324 2925 2379 ad
2964 2324 3173 2378 modum
3195 2325 3423 2379 homilia:
3468 2326 3633 2396 fusius
3670 2326 3765 2379 de-

2160 2417 2450 2471 clarare....
2495 2415 2822 2486 QuaprOpter
2848 2434 2963 2471 cum
3006 2416 3335 2473 Psalmorum
3360 2418 3507 2473 initio
3559 2419 3770 2490 Augus-

2163 2508 2304 2564 tinus
2333 2510 2652 2564 notationum
2679 2508 2757 2582 (ut
2794 2511 2864 2563 ita
2904 2510 3096 2580 dicam)
3139 2509 3274 2581 stylo
3303 2510 3516 2575 scribat,
3564 2510 3620 2564 in
3662 2511 3776 2589 [ine

2165 2619 2282 2658 vero
2310 2602 2471 2675 (quod
2494 2603 2743 2658 Erasmus
2785 2604 2996 2675 fatetur)
3053 2601 3294 2674 longius,
3335 2613 3391 2658 ut
3435 2604 3491 2657 in
3540 2603 3777 2659 homiliis

2165 2697 2244 2766 ﬁt,
2288 2699 2556 2766 protrahat
2581 2714 2863 2753 sermonem
2893 2716 2913 2764 ;
2963 2714 3132 2752 nonne
3176 2699 3346 2769 itaque
3386 2697 3634 2753 dicendus
3662 2699 3778 2767 ipse

2169 2788 2486 2859 Augustinus
2514 2789 2688 2843 eodem
2711 2791 2762 2844 in
2795 2790 2926 2844 libro
2978 2790 3253 2846 diversus?
3284 2791 3423 2859 Quid
3475 2806 3593 2846 vero
3621 2791 3674 2845 in
3718 2808 3782 2849 re

2169 2890 2274 2935 tam
2302 2883 2573 2951 manifesta
2602 2893 2677 2939 est
2710 2885 3136 2939 immorandum?
3182 2886 3260 2939 An
3300 2901 3405 2939 non
3433 2885 3614 2957 Magni
3670 2884 3783 2938 Ba-

2168 2974 2275 3028 silii
2294 2972 2548 3045 praecepto
2574 2977 2626 3030 in
2654 2978 2902 3041 prooemio
2942 2977 3007 3032 de
3045 2993 3163 3031 vera
3219 2988 3266 3033 et
3313 2978 3401 3051 pia
3424 2978 3528 3049 ﬁde
3573 2979 3784 3032 doctori

2174 3066 2458 3121 secundum
2485 3069 2747 3141 temporis,
2796 3069 2897 3124 loci
2946 3070 3344 3141 auditorumque
3370 3070 3668 3142 quibuscum
3693 3072 3782 3126 lo-

477 3160 611 3230 tgrio
645 3160 699 3213 in
741 3157 1061 3214 Mauritania
1110 3162 1364 3215 coronati.
1398 3161 1501 3216 His
1532 3162 1762 3233 profecto
1801 3173 1849 3219 ει
1891 3163 2072 3237 hujus.
2099 3155 2145 3217 C
2177 3158 2371 3225 quitur,
2426 3159 2503 3213 vel
2545 3161 2727 3230 quibus
2776 3160 2952 3215 scribit
2995 3162 3246 3215 rationem
3295 3165 3461 3235 stylus
3503 3162 3790 3217 variandas

480 3253 621 3307 modi
645 3254 765 3307 aliis
790 3270 947 3324 quam
977 3254 1220 3321 plurimis
1241 3256 1627 3327 antiquissimus
1652 3257 1835 3313 horum
1882 3275 2078 3314 sermo-

482 3362 605 3399 num
628 3354 806 3400 auctor
834 3346 1236 3401 demonstratur.

1096 3480 1325 3539 CAPUT
1366 3481 1455 3538 Vl.

486 3595 566 3652 De
614 3596 737 3668 styli
784 3596 1075 3652 diversitate
1117 3615 1149 3652 a
1180 3598 1331 3654 Sixto
1369 3597 1590 3654 Senensi
1648 3608 1699 3654 et
1750 3600 1868 3655 aliis
1920 3616 2087 3656 recen-

664 3690 881 3745 tioribus
908 3692 964 3744 in
995 3689 1332 3746 Sermonibus
1363 3689 1431 3744 D.
1455 3690 1678 3746 Zenonis
1709 3702 1906 3747 notata.

563 3803 698 3876 Styli
753 3803 1044 3860 diversitas
1085 3804 1140 3859 in
1193 3807 1538 3861 sermonibus
1587 3806 1644 3862 S.
1695 3806 1962 3873 Zenonis,
2008 3808 2091 3864 bis

492 3895 757 3965 exceptis,
806 3894 899 3965 qui
943 3895 1083 3963 apud
1130 3896 1268 3951 alios
1319 3899 1690 3968 reperiuntur,
1725 3909 1870 3954 tanta
1904 3902 2091 3971 utique

495 4002 601 4042 non
632 3994 738 4053 est,
769 3997 825 4040 ut
856 3987 908 4042 in
931 3987 1064 4057 ipsis
1086 3988 1334 4059 proprius
1354 3991 1594 4059 ejusdem
1619 3976 1944 4061 S.Aepisc0pi
1968 3992 2095 4047 cha—

492 4089 675 4135 racter
705 4078 943 4149 dignosci
974 4094 1081 4134 non
1115 4083 1306 4149 possit.
1356 4082 1615 4149 Quamvis
1656 4092 1834 4139 tamen
1878 4083 2095 4140 diverso

497 4179 643 4251 stylo
678 4178 841 4234 iidem
873 4194 1155 4235 sermones
1198 4182 1494 4251 conscripti
1543 4190 1767 4247 essent,
1802 4197 1900 4252 pro
1944 4194 2098 4238 certo

502 4269 793 4325 tenendum
850 4278 934 4326 est
959 4270 1101 4340 quod
1148 4286 1215 4326 ex
1241 4284 1351 4326 una
1379 4272 1501 4344 styli
1534 4272 1849 4329 diversitate
1897 4273 2101 4329 Auctor

500 4370 733 4432 nequeat
757 4361 1008 4417 diversus
1035 4362 1245 4419 inferri.
1264 4364 1336 4419 Ea
1356 4366 1500 4420 enim
1523 4365 1846 4436 exceptione
1873 4375 2100 4421 utuntur

502 4464 561 4508 nt
589 4455 880 4524 plurimum
912 4454 1251 4522 heterodoxi,
1285 4468 1343 4512 ut
1369 4458 1599 4514 sinceris
1630 4458 1727 4516 SS.
1774 4457 1881 4515 PP.
1921 4461 2101 4530 Operi-

2183 3259 2258 3303 est
2286 3250 2311 3303 ?
2356 3247 2547 3306 Nonne
2586 3252 2749 3322 ipsius
2775 3249 2960 3307 Basilii
2984 3253 3094 3309 haec
3134 3263 3253 3309 sunt
3281 3254 3481 3309 verba?
3522 3254 3793 3322 Quemad-

2185 3344 2396 3397 modum
2419 3344 2557 3399 enim
2587 3360 2688 3398 non
2716 3343 2895 3400 eadem
2922 3346 3263 3401 instrumenta
3289 3347 3344 3400 in
3372 3364 3554 3402 manus
3598 3359 3787 3414 sumet,

2186 3444 2236 3489 et
2261 3436 2350 3503 qui
2379 3436 2616 3505 prwlium
2648 3446 2721 3491 est
2760 3437 3004 3505 initurus,
3029 3451 3075 3494 et
3096 3440 3183 3508 qui
3204 3440 3373 3495 colere
3400 3430 3581 3512 agrum
3621 3441 3743 3495 velit
3769 3459 3793 3507 ,-

2187 3528 2294 3582 alia
2344 3529 2597 3599 siquidem
2636 3531 2871 3600 supellex
2908 3534 3365 3590 instrumentorum
3408 3537 3474 3591 iis
3514 3537 3789 3608 congruit,

2189 3622 2350 3692 quiin
2376 3624 2519 3694 pacis
2545 3623 2714 3692 quiete
2760 3640 2841 3679 res
2868 3625 2966 3679 sibi
3010 3627 3079 3679 ad
3116 3629 3305 3682 victum
3352 3630 3663 3683 necessarias
3695 3646 3798 3699 pa-

2190 3723 2309 3766 rant
2354 3729 2373 3766 :
2422 3713 2517 3767 alii
2573 3731 2833 3769 armorum
2880 3727 3164 3788 apparatus
3210 3719 3298 3787 iis,
3330 3721 3419 3790 qui
3461 3720 3513 3774 in
3556 3720 3688 3775 bello
3738 3739 3800 3776 se

2193 3807 2436 3861 adversus
2460 3807 2669 3862 hostiles
2717 3810 2895 3882 capias
2947 3813 3208 3866 instruunt
3255 3829 3274 3867 :
3313 3813 3548 3868 similiter
3591 3829 3802 3884 quoque

2197 3915 2515 3969 nequaquam
2544 3900 2719 3953 eodem
2745 3900 2951 3955 dicendi
2989 3917 3170 3973 genere
3197 3911 3392 3967 utatur,
3424 3912 3472 3957 et
3491 3905 3579 3973 qui
3623 3904 3676 3956 in
3702 3921 3765 3957 sa
3785 3933 3801 3944 -

2198 4010 2286 4047 cra
2323 3995 2558 4048 doctrina
2579 3993 2896 4061 cohortatur,
2930 4006 2977 4050 et
3000 3998 3086 4067 qui
3118 3999 3170 4051 in
3211 3998 3559 4071 disputatione
3582 4000 3677 4053 sibi
3712 4015 3805 4053 re-

2202 4099 2483 4162 pugnantes
2511 4089 2793 4160 redarguit.
2820 4090 3089 4162 Siquidem
3114 4092 3263 4146 aliud
3289 4103 3363 4146 est
3386 4109 3543 4164 genus
3571 4093 3803 4157 dicendi,

2200 4200 2302 4253 quo
2335 4184 2531 4237 utimur
2568 4184 2623 4237 in
2650 4182 2957 4255 refellendo,
3001 4184 3148 4238 aliud
3162 4224 3179 4254 ,
3237 4202 3336 4254 quo
3390 4186 3443 4239 in
3481 4184 3806 4239 cohortando

2358 4272 2531 4344 Infert
2560 4276 2731 4344 itaque
2755 4279 2881 4348 (non
2907 4276 3042 4330 enim
3066 4277 3149 4331 hie
3169 4276 3426 4332 brevitatis
3465 4293 3623 4331 causa
3641 4286 3809 4331 totum

2205 4376 2277 4421 est
2306 4365 2717 4440 exscribendum)
2748 4367 2930 4423 debere
2978 4369 3169 4440 stylum
3217 4369 3370 4423 sicuti
3423 4369 3693 4440 expediens
3738 4371 3813 4423 vi-

2208 4461 2357 4516 detur
2386 4464 2787 4516 accommodari.
2827 4461 2954 4529 Quae
3011 4479 3127 4517 cum
3154 4464 3227 4517 ita
3283 4464 3383 4517 sint
3417 4479 3631 4534 parum,
3680 4465 3812 4531 quin

505 4546 608 4602 bus
646 4545 952 4601 detrahant.
983 4547 1167 4604 Liceat
1192 4547 1279 4604 hic
1331 4548 1527 4605 aﬂ'erre
1552 4549 1814 4619 judicium
1862 4565 2094 4622 evange-
2127 4542 2309 4610 Dimo
2364 4556 2495 4610 m'lu't
2547 4555 2751 4610 Eramii
2797 4557 2979 4629 probat
3023 4566 3410 4627 argumentum,
3465 4571 3582 4609 cum
3634 4555 3813 4611 dicere

508 4639 647 4695 listse
668 4639 961 4696 Marcellini
992 4642 1336 4697 Pistoriensis
1362 4656 1394 4697 e
1433 4642 1494 4696 ι).
1534 4641 1805 4696 Francisci
1848 4641 2098 4709 Familia,

511 4746 671 4801 quam
699 4741 896 4787 vocant
921 4732 988 4788 de
1013 4732 1401 4798 Observantia,
1433 4731 1531 4786 viri
1581 4732 1829 4787 doctrina
1861 4733 2100 4804 quidem,

509 4825 847 4894 potissimum
876 4842 1006 4882 vero
1034 4828 1345 4892 sanctitate,
1376 4836 1539 4895 atque
1568 4825 1870 4895 apostolico
1909 4827 2027 4884 zelo
2051 4831 2104 4885 in

514 4919 866 4974 cnncionibns
898 4919 1159 4974 habendis
1191 4917 1504 4983 clarissimi,
1524 4916 1594 4972 de
1627 4932 1736 4988 quo
1780 4916 2110 4977 Possevinus

515 5011 761 5065 meminit
789 5011 843 5065 in
888 5018 1148 5080 apparatu
1183 5027 1197 5062 :
1256 5007 1347 5078 qui
1392 5023 1496 5063 non
1528 5006 1690 5063 modo
1712 5017 1999 5066 tractatum
2042 5013 2113 5068 de

515 5109 875 5165 conversione
909 5108 1212 5176 peccatoris
1238 5108 1305 5163 ad
1338 5107 1528 5175 Deum,
1556 5120 1610 5165 et
1638 5112 1901 5169 lectiones
1926 5111 1980 5166 in
2006 5111 2113 5166 To-

524 5202 664 5256 biam
695 5216 724 5255 a
781 5201 1079 5256 Possevino
1129 5211 1339 5258 notatas
1387 5204 1577 5271 edidit,
1620 5204 1714 5261 sed
1777 5215 1833 5261 et
1885 5216 2114 5261 annota-

525 5295 699 5348 tiones
750 5293 802 5347 in
860 5292 1051 5349 librum
1088 5294 1361 5363 Judicnm,
1391 5307 1445 5351 et
1487 5297 1749 5353 lectiones
1804 5299 1856 5353 in
1891 5297 2113 5355 Cantica

525 5381 914 5448 Canticorum,
965 5384 1060 5441 ubi
1110 5386 1181 5442 de
1226 5386 1644 5462 Commentariis
1702 5389 1759 5446 S.
1818 5389 2003 5446 Basilii
2066 5393 2120 5446 in

526 5475 718 5532 Isaiam
771 5478 1090 5549 prophetam
1148 5490 1338 5536 contra
1383 5481 1669 5538 Erasmum
1719 5498 1886 5554 agens
1929 5484 2002 5538 ita
2051 5484 2123 5541 de

525 5568 652 5642 styli
693 5568 1011 5629 diversitate
1055 5574 1308 5629 disseruit
1337 5575 1544 5646 vulgari
1599 5576 1815 5647 quidem
1845 5590 2121 5648 sermone,

535 5679 695 5729 quem
726 5679 824 5720 nos
847 5664 1012 5723 latine
1035 5665 1312 5724 reddimus
1339 5666 1504 5741 (Lect.
1523 5668 1584 5737 2i
1601 5669 1641 5739 ).
1658 5669 1883 5743 Ipse(de
1904 5669 2130 5727 Erasmo

536 5754 811 5831 loquitur)
856 5752 1146 5818 versionem
1195 5752 1677 5818 commentariorum
1730 5762 1794 5821 8.
1841 5750 2027 5818 Basilii
2072 5764 2127 5819 in

2211 4650 2379 4704 solet:
2421 4648 2536 4703 Hoc
2558 4667 2658 4704 non
2697 4649 2893 4704 redolet
2941 4652 3074 4721 stylo
3113 4648 3268 4721 hujus
3309 4649 3387 4704 vel
3428 4649 3607 4705 illius:
3647 4649 3815 4720 igitur

2213 4751 2412 4797 tantum
2441 4740 2579 4797 abest
2608 4752 2663 4795 ut
2710 4754 2916 4816 partum
2945 4744 3108 4814 ipsius
3156 4758 3520 4813 agnoscamus.
3571 4740 3695 4797 Haec
3742 4742 3817 4797 de

2214 4834 2338 4906 styli
2391 4834 2704 4890 diversitate
2754 4836 2932 4906 quoad
2961 4849 3241 4891 sermones
3291 4834 3355 4889 D.
3393 4833 3631 4890 Zenonis
3669 4832 3817 4890 dicta

2220 4925 2512 4992 sufﬁciant,
2544 4941 2690 4991 cum,
2724 4935 2782 4981 ut
2804 4928 2955 4983 initio
2983 4927 3240 4991 diximus,
3265 4926 3318 4981 in
3340 4925 3593 4981 omnibus
3641 4925 3817 4996 ipsius

2221 5016 2587 5101 sermonibus,
2617 5017 2849 5090 demptis
2880 5020 2963 5083 iis,
2995 5032 3131 5089 quos
3165 5020 3505 5088 excepimus,
3548 5032 3647 5072 suo
3696 5027 3822 5073 uta—

2225 5118 2311 5163 tur
2343 5110 2561 5179 proprio
2586 5111 2729 5183 stylo
2782 5127 2846 5168 ac
2877 5112 3059 5183 phrasi
3089 5110 3149 5167 S.
3187 5110 3356 5180 Zeno,
3403 5119 3463 5167 ut
3507 5110 3819 5183 ἰιιειιίοἱθηιί

2223 5211 2392 5273 patet.

2826 5273 3054 5333 CAPUT
3079 5274 3192 5331 Vll.

2229 5365 2506 5424 Sermones
2530 5368 2592 5425 S.
2627 5368 2851 5424 Zenonis
2878 5411 2894 5438 ,
2937 5370 3024 5424 ubi
3074 5379 3252 5425 contra
3280 5367 3391 5425 Arii
3420 5387 3620 5426 errores
3673 5372 3780 5442 agit
3807 5413 3826 5438 ,

2372 5461 2686 5531 temporibus
2732 5464 2963 5535 ejusdem
2994 5461 3052 5517 S.
3090 5460 3312 5516 Zenonis
3353 5464 3678 5517 conveniunt.

2304 5578 2565 5634 Baronins
2585 5587 2737 5634 notat
2763 5578 2856 5650 (In
2883 5580 3020 5635 notis
3040 5580 3110 5634 ad
3137 5579 3298 5635 Mart.
3323 5580 3462 5650 prid.
3485 5580 3560 5634 id.
3583 5580 3780 5650 Aprilis
3809 5581 3832 5652 )

2232 5686 2543 5727 sermonem
2575 5672 2820 5741 quintum
2847 5670 2970 5755 libri
3002 5672 3188 5760 ltertii,
3223 5672 3313 5742 qui
3362 5671 3414 5725 in
3448 5671 3731 5760 impressis
3777 5673 3840 5759 in

2234 5754 2376 5823 'tli‘cta
2410 5764 2647 5822 editione
2675 5748 2964 5823 Parisiensi
2998 5748 3205 5837 primus
3227 5756 3328 5835 est,
3360 5753 3503 5823 inter
3550 5748 3842 5825 εἰει-ἔῃσι)ὲῦ
