4198 6160
346 225 455 284 609
1433 228 1535 284 DE
1581 226 2040 295 SERMONIBUS
2077 241 2335 303 SANC'I‘I
2373 246 2684 308 ZENONIS.

344 345 413 399 de
452 344 739 399 Nativitate
780 342 1015 410 Christi,
1060 352 1117 401 et
1168 345 1223 400 in
1274 360 1342 402 eo
1378 346 1524 404 dicit
1579 348 1704 403 Arii
1755 350 2022 413 hmresim
2052 357 2110 418 Α
2135 362 2282 414 mani
2307 363 2539 435 episcopi
2566 365 2909 428 uoluminibus

346 437 564 510 egregie
586 436 741 504 dilui,
764 446 818 492 et
837 437 1075 493 eleVari.
1108 457 1127 490 ι
1166 437 1270 495 Ubi
1299 439 1408 510 agit
1436 439 1516 493 de
1552 436 1855 501 Haereticis
1886 448 2027 514 illis,

345 530 437 601 qui
469 530 717 586 dicerent
738 528 834 585 Dei
863 528 1076 585 Filium
1104 545 1227 588 esse
1271 529 1466 599 Deum,
1524 528 1633 584 sed
1691 549 1806 590 non
1867 539 2024 598 Patri
2134 548 2253 607 tur,
2280 544 2519 599 Itwresim
2548 548 2755 603 Christo
2781 554 3046 613 rebellium
3096 528 3419 625 Ανίξιηονωη
3444 528 3578 630 Vm”;

345 634 705 688 eoacternom,
732 632 788 676 et
810 633 1038 693 tempus
1061 622 1254 689 fuisse,
1278 622 1511 692 quando
1542 638 1654 675 non
1691 624 1821 683 fuit.
1857 629 2029 700 Ejus-
2121 634 2243 703 jam
2273 638 2522 705 primum,
2555 640 2646 695 sed
2665 642 2791 697 olim
2828 646 2892 700 ab
2918 654 3154 710 omnibus
3211 658 3512 720 damnatam
3567 671 3751 740 fuisse,

348 714 496 740 ...ηλξ
530 723 864 740 ιιΑ-ΙΑιιοιιοιιο
899 729 1076 740 -.ΑΔ-ιλιι
1136 725 1297 740 ..ιι-..Α
1325 711 1644 740 ..ι-...ιηηιζηο
1698 730 1840 740 κη---
1884 737 1959 740 .--ᾼ
2134 723 2172 740 ι-
2248 724 2263 740 Α
2290 726 2323 740 .-
2483 730 2497 740 .
2705 732 2718 740 .
2747 734 2781 740 _
2930 739 2934 740 ,

348 714 499 770 modi
528 723 867 784 portentosas
899 729 1079 769 voces
1134 725 1298 782 atque
1325 711 1667 777 sententias,
1697 730 2025 790 numquam
2129 723 2210 780 ita
2233 724 2719 802 Athanasiusapud
2746 734 3057 809 Baronium,
3079 750 3441 809 annoChristi
3463 711 3590 813 265'.
3613 762 3750 816 Cum

348 817 509 864 antea
531 805 758 875 auditas,
788 821 951 878 quam
980 815 1111 877 post
1139 805 1255 863 Arii
1293 816 1680 878 emergentem
1715 808 2020 886 haeresim,
2129 817 2344 888 itaque,
2374 830 2431 877 et
2456 823 2514 879 8.
2547 824 2788 884 Zenonis
2820 840 3067 905 tempore
3109 839 3225 896 Arii
3259 859 3419 903 ersor
3462 853 3753 924 prodierit,

396 916 513 924 -_...-
548 908 626 924 ..-ι
657 900 739 924 ....:
769 899 978 924 ..Αηηεηι
1035 898 1125 924 ..ηε
1157 896 1379 924 ΞΙΙΑ-...ιι
1407 906 1726 924 ι...νιηη..η.η
1760 915 1869 924 -..η
1902 920 1988 924 μ--
2207 912 2218 923 ε
2246 913 2258 924 ι
2349 915 2358 924 .
2548 917 2559 924 .
2617 918 2627 924 .

350 916 517 957 nemo
544 908 628 954 est
655 900 740 970 qui
769 899 1003 964 nesciat,
1032 898 1127 966 qui
1157 896 1382 952 illorum
1407 906 1727 967 temporum
1760 915 1874 957 res
1897 920 2023 974 ges-
2126 912 2260 982 quid
2288 915 2485 971 mirum
2513 917 2559 973 si
2613 918 2730 989 ipse
2758 924 2875 981 suis
2903 927 2956 982 in
2981 935 3334 994 sermonibus
3375 896 3562 999 conrm
3619 898 3747 1002 eu";

354 1006 439 1052 tas
465 993 682 1051 calleat.
719 1012 747 1069 r
771 992 842 1046 Ita
873 990 1001 1060 ipse
1040 989 1353 1054 Baronius,
1385 1006 1456 1046 ex
1489 1003 1600 1059 quo
1628 1005 1877 1050 necesse
1933 996 2005 1052 in.

2123 1005 2354 1075 egerit?
2377 1007 2495 1065 Non
2527 1010 2714 1083 itaque
2739 1030 2770 1070 a
2795 1017 2853 1072 S.
2886 1019 3121 1079 Zenonis
3165 1036 3333 1085 aetate
3377 1049 3659 1094 sermones
3689 1040 3747 1095 in

354 1089 485 1149 ferri
508 1089 724 1145 videtur
743 1101 1057 1142 sermonem
1106 1081 1449 1156 praedictum
1481 1081 1541 1138 S.
1576 1082 1820 1141 Zenonis
1881 1099 2020 1147 tcm-
2120 1096 2330 1166 quibus
2355 1098 2473 1155 Arii
2502 1102 2830 1162 refelluntur
2879 1100 3462 1192 erroresfdiscrepant
3487 1165 3503 1191 ,
3564 1144 3745 1201 neque

465 1184 507 1201 οι
544 1199 582 1201 ,_
612 1199 646 1201 μ.
666 1181 822 1201 8824--
850 1181 1145 1201 ------,..2-.-
1219 1176 1244 1201 Δ
1266 1183 1486 1201 ..ΔΜΑΑΔ
1546 1186 1599 1201 --ι
1646 1178 1803 1201 1..--..
1822 1198 1855 1201 _-
1875 1199 1889 1201 _
1940 1184 1980 1201 10
2159 1191 2191 1201 ι-
2407 1193 2442 1201 _.

355 1184 587 1258 poribus
609 1181 826 1238 minime
844 1181 1169 1236 convenire.
1204 1176 1511 1265 Attamen,
1546 1186 1605 1232 ut
1646 1178 1897 1251 ingenue
1926 1184 2015 1239 di-
2120 1191 2360 1247 alterum
2406 1193 2681 1252 Zenonem
2735 1205 3094 1262 recentiorem
3154 1209 3401 1278 ipsorum
3460 1176 3744 1276 θυοιοῖοηι

358 1295 483 1336 eam
527 1276 672 1349 quod
726 1274 924 1338 sentio,
991 1273 1256 1327 memoria
1289 1270 1601 1329 Baronium
1636 1270 1722 1327 hic
1760 1274 2017 1333 arbitror
2118 1280 2333 1354 ﬁngere
2354 1301 2580 1344 necesse
2600 1298 2705 1345 est.
2735 1291 2808 1347 De
2827 1292 3040 1352 duobus
3063 1308 3245 1358 tamen
3271 1303 3740 1367 Zenonibusinfra

358 1371 651 1429 excidisse.
683 1368 833 1437 Quod
865 1376 923 1421 ut
969 1378 1351 1438 agnoscamus
1405 1362 1713 1419 notandum
1768 1375 1885 1434 est,
1944 1368 2005 1423 ο.

2115 1379 2305 1449 capite
2335 1382 2646 1440 undecimo.

358 1468 635 1524 Zenonem
662 1461 733 1519 de
757 1461 904 1529 Ario,
943 1475 1126 1531 neque
1158 1459 1211 1513 in
1246 1457 1559 1512 nevissimo
1616 1457 1843 1514 laudato
1892 1478 2014 1518 ser-

276 1605 285 1611 .
363 1577 554 1629 mone,
584 1574 755 1630 neque
783 1555 909 1613 alibi
943 1553 1288 1610 meminisse.
1323 1550 1404 1606 De
1434 1563 1637 1606 errore
1680 1562 1866 1609 autem
1894 1555 2010 1610 Arii

364 1659 488 1712 haec
519 1653 838 1708 habetzAlia
861 1649 1182 1712 modestius,
1206 1642 1298 1700 sed
1330 1642 1640 1697 mordacius
1667 1659 1862 1700 nocens
1882 1647 2008 1702 dicit

364 1750 578 1823 quidem
606 1746 699 1802 Dei
722 1746 924 1800 Filium
948 1742 1151 1806 Deum,
1177 1737 1267 1794 sed
1290 1753 1392 1790 non
1427 1752 1490 1790 ea:
1517 1745 1673 1804 parte
1716 1738 2007 1825 nobilitatis
2038 1753 2086 1813 Β

368 1842 707 1914 perpetuitate
734 1837 1075 1911 progenitum
1099 1832 1283 1903 fuisse,
1314 1827 1573 1898 fuisseque
1600 1835 1805 1899 tempus
1833 1848 2005 1903 quan-

3651 284 3758 342 610

2950 386 3132 434 contra
3154 397 3245 436 eos
3287 388 3378 457 qui
3409 388 3605 448 Filium
3655 395 3758 453 Dei

2727 1496 2957 1558 CAPUT
2986 1503 3120 1560 VIII.

2112 1598 2197 1658 De
2226 1603 2638 1665 Entinentissimi
2673 1611 2981 1669 Bellarmini
3031 1618 3232 1680 iudicio
3273 1624 3415 1680 circa
3448 1627 3734 1686 Sermones

2746 1706 2806 1759 8.
2836 1706 3084 1764 Zenonis.

2185 1832 2546 1893 Bellarminus
2579 1837 2683 1907 (De
2714 1840 2912 1912 Seript.
2939 1842 3275 1915 Eccles.,an.
3320 1849 3454 1925 260)
3484 1853 3735 1922 aequissi-

371 1937 442 1990 da
470 1952 570 1990 non
601 1933 721 2002 fuit.
752 1931 914 1987 Hunc
958 1939 1219 1983 errorem
1273 1930 1402 1975 ante
1452 1921 1643 1975 Arium
1698 1921 2013 2005 inauditum
2107 1938 2258 1979 mum
2287 1927 2412 1983 tulit
2438 1929 2506 1985 de
2527 1933 2873 1988 sermonibus
2895 1935 2953 1992 8.
2983 1921 3532 2013 Zenonisjudicium,
3556 1921 3732 2013 raper-

370 2030 508 2086 dicit
529 2029 806 2084 Batonius.
842 2027 918 2080 At
946 2019 1211 2077 eumdem
1256 2028 1500 2071 errorem
1546 2015 1781 2084 ipsemet
1836 2017 2005 2073 Baro—

370 2124 502 2179 uius
533 2121 694 2175 multo
727 2127 863 2173 ante
889 2113 1123 2173 Arium,
1162 2120 1216 2164 et
1245 2117 1375 2163 ante
1403 2107 1465 2161 D.
1494 2106 1772 2184 Zenonem
1804 2111 1918 2164 suis
1948 2112 2000 2166 iu

371 2214 659 2270 annalibus
701 2208 938 2282 agnovit
973 2223 988 2261 :
1042 2214 1243 2271 nempe
1264 2213 1406 2254 anno
1427 2198 1627 2253 Christi
1658 2198 1789 2266 229,
1822 2216 1999 2270 quan-

372 2310 448 2366 do
476 2307 714 2378 Beryllus
737 2301 972 2375 quidam
1012 2295 1310 2365 cpiscopus
1341 2290 1649 2347 Bostrensis
1698 2291 1751 2345 in
1797 2290 2001 2347 Arabia

374 2417 535 2457 ausus
562 2398 768 2470 quidem
792 2406 994 2449 temere
1035 2402 1266 2443 asserere
1296 2384 1616 2440 Salvatorem
1646 2394 1693 2438 et
1721 2384 2000 2441 Dominum

376 2507 609 2551 nostrum
631 2492 813 2548 Iesum
836 2488 1113 2545 Christum
1145 2482 1357 2553 propria
1378 2480 1676 2535 substantia
1722 2480 2001 2535 incircum-

373 2590 652 2660 scriptione
678 2602 781 2640 non
811 2592 942 2637 ante
997 2578 1160 2648 fuisse
1189 2590 1343 2645 quam
1378 2573 1431 2627 in
1483 2572 1763 2625 humanam
1792 2588 1997 2628 carnem

374 2684 643 2755 migraret,
672 2693 837 2749 neque
860 2673 1141 2747 propriam
1187 2666 1426 2722 habuisse
1457 2681 1521 2721 ea:
1568 2681 1622 2719 se
1660 2665 1996 2733 divinitatem,

377 2778 472 2831 sed
498 2776 658 2830 solam
685 2770 865 2826 Patris
888 2769 949 2823 in
978 2782 1039 2820 eo
1070 2763 1320 2818 extitisse.
1371 2760 1443 2815 lta
1480 2758 1765 2825 Eusebius,
1793 2759 1891 2815 lib.
1923 2777 1995 2824 γι,

378 2884 509 2933 cap.
535 2866 630 2933 26,
656 2864 803 2935 apud
827 2856 1135 2918 Barouium
1182 2853 1496 2924 supradicto
1551 2867 1712 2955 anno.
1768 2852 1844 2955 De
1897 2852 2000 2955 hoe

381 2958 602 3030 Beryllo
624 2956 874 3013 meminit
900 2952 966 3009 8.
1001 2949 1387 3019 Hieronymus,
1435 2953 1491 3000 et
1537 2943 1605 2999 de
1634 2944 1752 3013 ejus
1806 2943 1998 3000 bmresi

382 3056 532 3111 libro
551 3054 618 3109 de
641 3049 1022 3121 Scriptoribus
1064 3040 1503 3105 Ecclesiasticis;
1556 3047 1612 3094 et
1669 3038 1999 3108 Augustinus

2106 2023 2159 2069 te
2186 2032 2312 2072 cum
2336 2019 2484 2076 dicat
2510 2037 2795 2080 sermones
2836 2026 2889 2081 in
2931 2027 3066 2084 illud
3115 2031 3339 2089 Attende
3386 2035 3522 2101 tibi,
3578 2047 3629 2092 ct
3675 2037 3733 2095 in

2108 2106 2463 2180 Evangelium
2493 2114 2673 2183 Luete,
2700 2126 2754 2172 et
2782 2116 2850 2172 de
2874 2118 3108 2189 jejunio,
3142 2133 3198 2179 et
3228 2125 3297 2181 de
3337 2126 3537 2194 livore,
3567 2137 3616 2182 et
3644 2130 3732 2184 in-

2104 2198 2246 2253 vidia
2274 2201 2334 2256 8.
2371 2204 2557 2260 Basilii
2580 2221 2722 2263 esse.
2761 2208 3056 2268 Sermones
3078 2215 3207 2270 item
3250 2217 3318 2273 de
3351 2218 3590 2274 Psalmis
3613 2260 3629 2284 ,
3681 2222 3729 2279 si

2104 2306 2211 2346 non
2239 2308 2458 2364 omnes,
2484 2299 2675 2368 majori
2704 2309 2885 2358 tamen
2913 2320 2978 2360 ex
3012 2317 3168 2376 parte
3190 2310 3332 2380 apud
3362 2312 3422 2367 8.
3456 2310 3726 2370 Hilarium

2102 2386 2359 2452 reperiri.
2415 2388 2473 2443 In
2532 2390 2655 2445 aliis
2714 2392 2992 2452 Zenonem
3046 2400 3268 2458 brevem
3324 2414 3379 2461 et
3429 2403 3730 2463 obscurum

2101 2476 2310 2545 optime
2338 2488 2492 2536 notat
2520 2498 2535 2547 ;
2570 2491 2624 2537 et
2652 2484 2705 2537 in
2733 2486 3056 2555 quibusdam
3088 2496 3251 2549 etiam
3277 2496 3469 2552 eadem
3526 2499 3725 2567 saepis-

2100 2568 2238 2624 sime
2261 2581 2629 2642 repetentem.
2660 2575 2804 2633 Nihil
2833 2580 2901 2636 de
2941 2584 3289 2643 correctione
3340 2603 3612 2643 annorum
3663 2591 3721 2649 in

2101 2674 2360 2718 sermone
2382 2665 2453 2721 de
2499 2666 2846 2725 Continentia
2895 2682 3318 2748 notat,.utpote
3368 2680 3461 2751 qui
3509 2686 3729 2751 sapien-

2103 2753 2343 2811 tissimus
2365 2757 2592 2816 Baronii
2614 2765 2922 2822 notationes
2949 2768 3303 2838 espenderat,
3333 2772 3489 2843 cujus
3512 2771 3720 2844 judicio

2101 2844 2299 2901 defert.
2336 2849 2482 2905 Nihil
2513 2869 2728 2925 quoque
2755 2856 2825 2912 de
2852 2872 3038 2916 errore
3059 2860 3198 2918 Arii.
3225 2864 3412 2935 Neque
3441 2866 3579 2923 Sixti
3611 2868 3720 2926 Se-

2103 2940 2287 2993 nensis
2318 2953 2544 3000 secutus
2576 2962 2804 3015 morem,
2837 2950 2999 3008 infert
3027 2969 3095 3010 ex
3142 2956 3210 3012 iis
3240 2974 3363 3030 quae
3404 2960 3460 3016 in
3518 2960 3713 3020 iisdem

2101 3034 2453 3091 sermonibus
2474 3040 2879 3109 animadvertit,
2913 3045 2973 3099 υ.
3006 3046 3217 3105 Zenoni
3248 3067 3441 3109 omnes
3461 3068 3584 3110 esse
3616 3071 3719 3127 pe-

384 3146 612 3205 librode
627 3140 1052 3202 Deﬁnitionibus
1078 3132 1399 3190 orthodoxa:
1433 3132 1581 3196 ﬁdei,
1610 3146 1731 3201 cap.
1762 3134 1815 3188 ‘5.
1847 3130 1995 3186 Hanc
2020 3124 2066 3187 C
2099 3124 2243 3178 nilus
2293 3126 2632 3198 eripiendos.
2661 3135 2897 3205 lngenue
2928 3137 3127 3195 fatetur
3147 3142 3292 3213 quod
3337 3160 3494 3200 suum
3544 3124 3722 3206 ἡδέες-

383 3249 572 3296 autem
603 3238 849 3294 eamdem
880 3247 1008 3289 esse
1036 3245 1101 3285 ac
1127 3229 1238 3285 Arii
1290 3226 1536 3281 Itmresim
1588 3240 1655 3280 ex
1703 3225 2000 3280 Athanasio

384 3341 562 3406 patet,
591 3335 681 3404 qui
713 3331 797 3385 Itis
823 3326 1012 3384 verbis
1040 3322 1156 3379 Arii
1189 3320 1512 3376 sententiam
1543 3317 1705 3374 refert
1734 3317 1836 3388 (De
1864 3318 1995 3389 Syu.

387 3431 450 3478 in
483 3424 611 3478 Dec.
650 3430 831 3476 contra
885 3415 1127 3473 Itwresim
1180 3409 1447 3481 Arianam)
1478 3426 1497 3464 :
1527 3408 1648 3464 Non
1696 3410 1856 3479 fuisse
1902 3407 1997 3462 Εἰς

390 3518 528 3572 lium
553 3524 818 3579 antequam
849 3512 1149 3584 gigneretur
1190 3505 1410 3571 indeque
1451 3503 1751 3556 ratiocinari
1793 3501 1996 3565 vellent,

393 3625 517 3664 eum
548 3624 610 3661 ne
635 3616 750 3661 ante
795 3604 971 3659 carnis
1006 3598 1216 3672 quidem
1271 3607 1509 3651 naturam
1561 3596 1799 3650 extitisse.
1846 3592 1998 3660 Quod

390 3700 545 3757 idem
574 3708 657 3754 est
706 3712 768 3752 ac
800 3693 935 3750 illud
963 3690 1113 3763 quod
1143 3689 1284 3760 apud
1312 3688 1370 3745 S.
1402 3687 1677 3742 Zenonem
1728 3685 1957 3757 legimus
1983 3704 1997 3742 :

391 3792 687 3860 Fuisseque
716 3798 914 3857 tempus
935 3782 1145 3856 quando
1175 3797 1278 3835 non
1299 3780 1420 3846 fuit.
1452 3778 1636 3848 Neque
1684 3778 1833 3833 dicas
1858 3776 2001 3832 hanc

389 3884 603 3955 Berylli
629 3880 902 3943 haeresim,
929 3891 1052 3948 quae
1078 3874 1169 3929 vix
1190 3878 1377 3927 exorta
1405 3868 1587 3925 statim
1619 3870 1846 3936 interiit,
1900 3871 2002 3923 mi-

394 3982 549 4037 nime
570 3974 888 4038 innotuisse,
916 3985 1041 4027 cum
1079 3967 1195 4038 ipse
1241 3963 1488 4037 Beryllus
1538 3965 1606 4019 ab
1662 3964 1894 4035 Origene
1926 3962 1993 4017 ad

393 4070 724 4129 catholicam
747 4064 1073 4121 sententiam
1106 4059 1355 4116 redactus
1381 4059 1455 4112 sit
1483 4057 1536 4112 in
1562 4056 1781 4129 Synodo
1806 4068 1999 4112 contra

394 4180 532 4223 cum
560 4161 740 4217 habita
766 4160 819 4214 in
850 4156 1071 4213 Arabia.
1105 4152 1236 4209 Nam
1269 4151 1328 4209 S.
1360 4151 1508 4206 Zeno
1535 4149 1619 4205 vel
1643 4150 1798 4221 Syria
1817 4149 2003 4204 oriun-

394 4259 527 4323 dus,
564 4256 648 4311 vel
679 4252 744 4309 ad
783 4266 901 4308 eam
928 4247 1190 4319 appulsus
1212 4288 1226 4311 ,
1260 4245 1313 4300 in
1345 4258 1516 4313 eaque
1565 4242 1868 4313 praedicans
1919 4242 2004 4314 (ut

396 4351 641 4407 habetur
665 4362 732 4401 ex
760 4344 928 4400 veteri
972 4357 1075 4397 ms.
1108 4339 1262 4395 initio
1283 4350 1507 4409 operum
1557 4334 1616 4391 S.
1668 4334 1904 4391 Zenonis
1948 4335 1999 4390 in

397 4446 555 4501 dicta
599 4440 837 4498 editione
885 4435 1174 4493 Parisiensi
1198 4431 1341 4503 typis
1374 4426 1628 4483 mandato
1658 4446 1670 4480 :
1703 4426 1824 4481 Non
1874 4443 2002 4496 queo

2100 3225 2185 3269 sat
2214 3217 2457 3287 animum
2489 3238 2687 3294 nempe
2712 3227 2779 3282 de
2811 3228 3166 3288 Sermonibus
3214 3234 3271 3289 8.
3305 3234 3563 3306 Zenonis,
3596 3240 3718 3297 ttul-

2101 3306 2207 3361 lam
2232 3310 2375 3378 apud
2406 3321 2624 3371 veteres
2667 3327 2853 3375 extare
2909 3324 3262 3381 mentionem.
3319 3325 3391 3383 At
3436 3329 3554 3398 ipse
3604 3346 3715 3389 non

2102 3400 2233 3455 vidit
2265 3418 2390 3471 quae
2444 3420 2607 3476 supra
2639 3408 2789 3482 (Cap.
2814 3411 2871 3484 2)
2896 3415 3184 3473 retulimus
3210 3458 3224 3483 ,
3276 3419 3475 3488 quibus
3521 3432 3713 3493 aperte

2100 3495 2451 3564 cognoscitur
2481 3513 2588 3555 non
2618 3499 2790 3559 fuisse
2814 3506 3088 3561 veteribus
3119 3507 3336 3579 ignotos
3376 3512 3436 3567 S.
3481 3512 3718 3572 Zenonis

2101 3601 2407 3644 sermones.
2431 3591 2591 3659 Quod
2618 3603 2800 3651 autem
2855 3597 3123 3655 Eusebius
3164 3611 3219 3657 et
3263 3603 3627 3678 Hieronymus
3645 3609 3716 3667 de

2100 3677 2211 3734 illis
2253 3695 2361 3736 non
2394 3685 2765 3751 meminerint,
2797 3705 2902 3744 non
2926 3690 3052 3747 inde
3090 3693 3368 3764 colligitur
3396 3677 3491 3752 eos
3521 3698 3585 3753 D.
3612 3699 3715 3757 Ze-

2104 3772 2232 3827 noni
2260 3773 2576 3832 tribuendos
2606 3794 2711 3834 nou
2741 3796 2864 3837 esse
2890 3800 2903 3835 :
2933 3785 3080 3853 quia,
3123 3795 3180 3841 et
3223 3787 3613 3863 Hieronymus,
3658 3805 3716 3850 et

2102 3864 2405 3923 Eusuebius
2423 3910 2438 3935 ,
2460 3879 2519 3925 ut
2547 3870 2687 3928 idem
2719 3874 3083 3932 Bellarminus
3110 3880 3365 3936 observat
3383 3882 3452 3938 de
3477 3882 3715 3943 Athena-

2101 3972 2253 4028 gora,
2272 3958 2412 4015 alios
2437 3972 2689 4020 auctores
2712 3967 3038 4035 praeteriere.
3065 3969 3217 4037 Quod
3248 3982 3418 4027 autem
3442 3974 3505 4030 8.
3526 3974 3717 4033 Hiero-

2103 4068 2289 4122 nymus
2318 4054 2455 4108 hunc
2481 4057 2789 4128 scriptorem
2818 4061 3067 4128 omiserit,
3102 4080 3204 4118 non
3257 4081 3367 4120 esse
3421 4066 3551 4122 adeo
3609 4073 3713 4126 mi-

2101 4160 2238 4210 runt,
2267 4161 2381 4199 cum
2409 4147 2535 4201 satis
2577 4160 2774 4204 constet
2823 4151 3126 4223 Catalogtun
3174 4155 3238 4210 S.
3289 4155 3596 4229 Hieronymi
3642 4178 3710 4218 ea:

2105 4237 2318 4293 historia
2346 4236 2559 4294 Eusebii
2589 4258 2697 4296 esse
2724 4243 3067 4315 desumptum,
3099 4248 3273 4315 quoad
3294 4248 3410 4302 illos
3435 4251 3709 4322 scriptores

2102 4329 2190 4400 qui
2214 4327 2497 4383 Eusebium
2527 4344 2919 4401 prtecessernnt.
2954 4334 3030 4389 Ita
3064 4336 3446 4393 Bellarminus.
3504 4340 3582 4396 De
3631 4344 3709 4398 in-

2104 4420 2310 4476 dustria
2332 4419 2472 4478 forte
2496 4422 2555 4480 8.
2585 4422 2863 4480 Zenonem
2890 4424 3163 4483 Eusebius
3192 4430 3474 4500 praeteriit,
3498 4448 3564 4487 ne
3592 4432 3709 4491 Arii

399 4545 558 4591 larua
577 4534 730 4606 hujus
759 4529 819 4587 S.
853 4544 1009 4599 opera
1031 4539 1264 4591 narrare,
1307 4535 1421 4592 qua:
1462 4518 1711 4574 veniendo
1763 4536 1796 4572 a
1846 4516 2003 4588 Syria
2030 4504 2080 4564 Ι)
2106 4529 2321 4571 errores
2344 4524 2493 4573 tanto
2513 4528 2640 4572 ante
2661 4517 3024 4587 reprehensos
3054 4519 3108 4575 in
3139 4521 3408 4593 Operibus
3456 4524 3704 4595 ejusdem

403 4643 575 4700 usque
601 4628 654 4681 in
683 4623 895 4679 Italiam
919 4619 1177 4675 mirabilia
1224 4631 1315 4688 per
1368 4614 1542 4684 ipsum
1570 4609 1710 4666 Deus
1757 4609 2000 4674 ostendit,

402 4720 654 4781 Orientis
696 4735 782 4775 res
812 4723 1120 4788 compertas
1175 4710 1382 4767 habuit.
1437 4707 1491 4767 In
1543 4704 1841 4762 Occidente
1880 4718 2008 4759 vero

406 4820 560 4874 hanc
588 4812 837 4869 bmresint
884 4808 1049 4865 fuisse
1101 4805 1395 4876 vulgatam,
1437 4816 1503 4857 ex
1534 4814 1602 4855 eo
1629 4806 1847 4854 constat
1865 4796 2008 4867 quod

406 4908 707 4978 Dionysius
735 4919 894 4975 papa,
939 4901 1028 4972 qui
1060 4912 1203 4954 anno
1249 4892 1450 4951 Christi
1479 4890 1610 4958 26!,
1642 4891 1783 4947 Petri
1810 4888 2008 4945 Cathe-

407 5007 573 5065 dram
602 5003 840 5076 regebat,
865 5000 991 5056 dum
1020 4997 1078 5053 8.
1104 4987 1255 5050 Zeno
1283 4991 1455 5046 adhuc
1485 4990 1710 5054 viveret,
1749 4988 1801 5042 in
1844 4998 2006 5042 causa

412 5096 662 5168 Dionysii
686 5089 1056 5154 Alexandrini,
1081 5086 1172 5157 qui
1202 5084 1446 5139 Romano
1474 5080 1720 5135 Pontifici
1775 5077 2006 5141 delatus,

410 5189 576 5263 quasi
620 5187 935 5244 divisionem
973 5183 1026 5237 in
1072 5178 1266 5235 divinis
1298 5175 1550 5231 Personis
1582 5173 1884 5274 videretur-
1910 5170 2009 5274 ad-

414 5262 673 5341 mittere;
702 5296 807 5334 non
839 5276 998 5332 modo
1025 5271 1332 5343 Dionysium
1353 5265 1783 5323 Alexandrinum
1806 5279 1834 5317 a
1860 5262 2010 5317 fal-zis

416 5370 889 5433 criminationibus
911 5374 1195 5438 purgatum
1233 5358 1469 5415 absolvit
1491 5399 1507 5424 ,
1539 5368 1595 5412 et
1640 5354 2008 5456 Sabellianarn

417 5466 675 5523 incresim
705 5458 976 5517 damnavit
995 5462 1184 5512 coacto
1213 5452 1396 5508 Romae
1425 5449 1678 5514 concilio,
1709 5446 1806 5501 sed
1846 5444 2009 5500 editis

416 5553 826 5615 Commentariis
849 5547 1176 5607 contrariam
1207 5544 1367 5602 etiam
1400 5541 1511 5597 Arii
1537 5538 1863 5597 sententiam
1893 5544 2012 5592 tan-

420 5660 483 5707 to
512 5656 638 5703 ante
658 5644 841 5700 Arium
867 5638 1161 5698 confutavit
1189 5646 1322 5693 teste
1346 5633 1640 5707 Athanasio
1666 5630 1756 5703 (de
1780 5630 2012 5684 Senten-

420 5742 497 5799 tia
529 5737 770 5811 Dionysii
795 5747 978 5795 contra
1005 5730 1255 5803 Arianos)
1282 5747 1294 5785 :
1322 5726 1489 5785 Porro
1530 5741 1593 5783 ea:
1622 5722 1861 5796 Dionysii
1905 5721 2011 5779 Ilo-

2109 4608 2393 4664 intlicaret.
2426 4609 2486 4666 8.
2521 4609 2886 4683 Hieronymus
2913 4629 3129 4685 quoque
3163 4656 3179 4681 ,
3229 4624 3285 4670 et
3339 4617 3706 4677 Bellarminus

2112 4719 2258 4759 anno
2283 4703 2410 4771 260,
2443 4720 2550 4775 quo
2584 4705 2642 4763 S.
2665 4705 2814 4760 Zeno
2871 4706 3187 4779 Martyrium
3228 4709 3441 4766 subisse
3482 4712 3703 4782 dicitur,

2113 4790 2257 4851 niliif
2277 4806 2440 4868 agunt
2466 4797 2534 4855 de
2554 4798 2776 4854 Aurelio
2798 4799 2950 4854 socio
2998 4806 3055 4854 et
3079 4800 3455 4857 contubernali
3476 4802 3533 4859 S.
3565 4803 3709 4861 Pon-

2110 4889 2188 4955 tii,
2219 4888 2287 4943 de
2314 4904 2421 4960 quo
2448 4888 2693 4945 Oudinus
2717 4890 2769 4945 in
2799 4890 3182 4961 supplemento
3226 4893 3294 4948 de
3336 4892 3707 4964 Scriptoribus

2109 4980 2525 5038 Ecclesiasticis.
2579 4982 2765 5054 Itaque
2820 4999 2917 5041 nec
2949 4984 3147 5040 mirum
3174 5000 3296 5042 esse
3357 4986 3520 5044 debet
3554 5004 3582 5043 a
3641 4990 3705 5044 D.

2110 5072 2441 5144 Hieronymo
2485 5083 2540 5130 et
2559 5074 2792 5131 Eusebio
2820 5075 2879 5132 8.
2908 5074 3181 5134 Zenonem
3232 5080 3517 5137 omissum.
3566 5082 3705 5139 lllud

2110 5172 2288 5219 autem
2308 5165 2452 5234 quod
2479 5165 2833 5223 Bellarminus
2859 5168 3134 5234 observat,
3179 5185 3461 5228 sermones
3492 5175 3708 5230 scilicet

2112 5257 2373 5330 quosdam
2405 5260 2463 5313 8.
2496 5259 2728 5316 Zenonis
2752 5261 2822 5314 ita
2852 5260 3046 5317 breves
3084 5261 3275 5332 fuisse,
3314 5274 3373 5319 ut
3421 5280 3708 5322 sermones

2113 5352 2217 5409 dici
2249 5366 2354 5406 non
2379 5361 2689 5408 mereantur
2716 5352 2857 5409 ultro
2878 5354 3143 5411 fateamur
3175 5372 3398 5414 necesse
3422 5368 3528 5415 est.
3556 5361 3623 5413 At
3650 5360 3706 5415 hi

2113 5459 2393 5501 sermones
2422 5446 2699 5502 breviores
2744 5446 3077 5518 praafationis
3128 5449 3286 5505 titulo
3340 5450 3708 5508 inscribuntur

2116 5536 2167 5591 iu
2194 5538 2293 5593 hoc
2324 5553 2425 5594 ms.
2461 5537 2799 5604 Pistoriensi,
2865 5547 2923 5594 ut
2972 5555 3226 5596 sermone
3273 5550 3452 5606 sexto,
3503 5539 3596 5610 qui
3650 5541 3709 5595 in

2112 5630 2282 5700 praelo
2306 5631 2612 5686 commissis
2644 5641 2725 5685 cst
2753 5628 2971 5700 quintus
3009 5630 3078 5684 de
3129 5630 3353 5690 Pascha.
3407 5631 3509 5686 hoc
3546 5628 3708 5686 titulo

2116 5722 2472 5783 inscribitur;
2521 5722 2714 5795 Incipit
2767 5722 3025 5794 praefatio.
3077 5719 3143 5776 Et
3191 5732 3448 5776 sermone
3498 5716 3717 5785 decimo
