4198 6160
417 300 517 357 8H

1482 282 1573 340 DE
1612 264 2059 340 SERMONIBUS
2088 264 2334 332 SANCTI
2371 267 2681 329 ZENONIS.

3610 259 3722 315 lli").

412 423 590 481 sexto,
622 411 711 482 qui
740 410 793 464 in
822 406 988 478 prmio
1015 399 1322 459 commissis
1348 406 1434 455 est
1470 405 1657 453 sextus
1683 395 1755 451 de
1778 391 2004 449 Pascha.
2037 392 2089 453 Α
2116 387 2293 443 littera
2326 384 2389 454 Z,
2416 378 2587 441 verbo
2620 384 2677 440 S.
2709 382 2877 448 Zeno,
2909 379 2973 434 ad
2999 376 3221 433 verbum
3263 372 3432 431 refert
3455 373 3722 444 judicium

416 503 613 575 Incipit
690 498 941 571 Praefatio
986 493 1281 550 Paschalis.
1331 490 1405 547 Et
1450 489 1710 560 vigesimo
1755 494 1911 541 sexto
1960 482 2017 538 in

416 604 586 677 prmio
612 600 920 659 commissis
941 597 1176 667 septimo
1197 595 1265 650 de
1285 593 1514 649 Pascha.
1536 590 1562 646 1
1571 591 1733 659 ncipit
1753 585 2015 662 praefatio.

419 698 486 752 Et
513 694 931 768 quadragesimo
959 698 1157 762 quarto
1195 688 1247 742 lu
1277 686 1446 757 prmio
1470 682 1779 740 commissis
1800 688 2019 742 octavo,

421 788 673 859 Praefatio
702 784 994 841 Paschalis.
1030 783 1171 839 Cum
1212 792 1345 835 vero
1403 791 1472 833 ex
1511 776 1733 846 antiqua
1779 770 2019 842 Liturgia

418 881 693 939 Gallicana
727 876 869 949 apud
898 876 1141 932 Martene
1187 872 1360 946 (Tom.
1397 885 1449 936 ν,
1482 880 1603 940 pag.
1632 866 1703 922 86
1733 865 1855 922 edit.
1908 862 2020 918 Pa-

423 975 545 1041 ris.,
576 973 676 1026 An.
705 970 871 1039 Hi7)
914 976 1145 1034 constet,
1178 967 1358 1022 eolere
1396 972 1521 1018 ante
1576 959 1838 1017 lectiones
1890 956 2026 1011 Pron

422 1064 735 1136 phetarum,
761 1071 816 1118 et
841 1061 1227 1131 Apostolorum
1258 1054 1363 1127 legi
1402 1051 1775 1124 praefationem
1818 1045 1887 1104 ad
1933 1063 2026 1104 co-

432 1156 757 1213 hortandam
788 1155 1022 1226 plebem,
1052 1162 1109 1206 ut
1130 1149 1310 1205 debita
1341 1146 1605 1218 religione
1634 1143 1809 1199 sacris
1855 1143 2025 1197 inter-

423 1259 608 1315 esset;
664 1249 761 1303 has
808 1248 1031 1303 forsitan
1071 1242 1419 1315 praefationes
1448 1240 1503 1294 in
1530 1252 1653 1295 eum
1678 1235 1766 1293 vel
1793 1234 2024 1291 similem

424 1358 581 1400 usum
606 1341 932 1413 composuit,
964 1339 1043 1395 vel
1071 1337 1297 1393 dictavit
1321 1336 1379 1391 S.
1412 1333 1562 1389 Zeno
1586 1374 1600 1397 ,
1638 1330 1801 1402 idque
1848 1328 2027 1385 verisi-

425 1437 553 1491 mile
574 1449 696 1491 esse
718 1433 895 1503 colligi
914 1447 977 1487 ex
1001 1444 1068 1487 eo
1084 1437 1281 1500 potest,
1296 1426 1421 1496 quia
1449 1426 1503 1480 in
1519 1424 1601 1480 his
1629 1423 1804 1494 parvis
1818 1434 2028 1477 sermo-

426 1530 583 1585 nibus
617 1527 683 1583 de
713 1524 984 1599 Mysteriis
1009 1524 1187 1595 agitur
1241 1528 1363 1592 quae
1408 1534 1476 1575 eo
1522 1517 1613 1574 die
1658 1517 2024 1572 celebrantur.

426 1624 585 1690 Nam,
612 1632 668 1679 et
690 1622 740 1677 in
763 1622 979 1678 excusis
1004 1619 1224 1690 quidam
1256 1629 1540 1672 sermones
1586 1613 1781 1668 breves
1828 1610 2024 1666 inscri-

423 1716 627 1772 buntur
661 1731 673 1768 :
710 1713 956 1768 lnvitatio
988 1712 1167 1783 fontis,
1198 1710 1280 1763 vel
1303 1706 1552 1762 lnvitatio
1572 1704 1640 1758 ad
1661 1705 1874 1773 fontem,
1908 1701 2029 1771 qui-

2122 479 2258 537 Sixti
2286 479 2583 536 Senensis:
2610 477 2678 533 de
2705 488 2804 532 suo
2828 474 2943 529 haec
2971 470 3150 527 addit:
3176 468 3427 526 Caeterum
3447 482 3563 523 cum
3583 478 3726 523 tonto

2122 571 2345 627 secundo
2368 570 2696 625 Bibliotheca
2726 567 2833 625 SS.
2862 564 2983 622 PP.
3017 565 3261 619 editionis
3293 563 3532 618 secundas
3555 569 3729 616 extent

2122 664 2301 717 eodem
2323 658 2474 717 titulo
2497 661 2558 717 S.
2573 660 2794 715 Zenonis
2818 657 3122 714 Veronensis
3132 656 3378 728 episcopi,
3398 663 3445 708 et
3461 653 3727 724 martyris,

2124 765 2173 809 et
2196 756 2426 810 doctoris
2441 754 2617 809 eximii
2638 755 2700 807 de
2727 753 2964 822 pluribus
2991 752 3279 822 Scriptura:
3305 748 3453 815 locis,
3485 757 3532 803 et
3556 763 3731 803 rerum

2124 846 2435 902 Divinarum
2483 846 2820 917 argumentis.
2901 842 3116 899 Verona:
3163 857 3365 915 quoque
3409 838 3534 895 editi
3584 839 3733 911 [uere

2125 956 2264 997 anno
2292 941 2455 1007 i588,
2480 941 2675 1011 quibus
2696 934 2876 1012 potius
2904 939 3177 993 aflirmare
3200 934 3414 990 videtur
3440 938 3733 989 sermbues

2126 1046 2248 1092 esse
2285 1034 2340 1091 S.
2386 1033 2650 1100 Zenonis,
2681 1048 2841 1105 quam
2892 1046 3112 1101 negare.
3152 1026 3229 1085 De
3259 1027 3591 1085 Bellarmiuo
3613 1026 3732 1095 jam

2127 1129 2361 1184 vidimus
2416 1127 2571 1199 (Cap.
2608 1125 2663 1198 8)
2694 1124 2821 1197 quid
2849 1120 2901 1181 in
2931 1120 3038 1179 illis
3064 1122 3408 1179 sermonibus
3436 1121 3737 1190 reprehen-

2128 1222 2243 1288 dat,
2273 1230 2328 1277 et
2365 1234 2488 1276 cum
2517 1218 2583 1274 ad
2614 1216 2832 1278 Baronii
2862 1229 3148 1274 censuram
3173 1215 3434 1270 lectorem
3466 1210 3733 1276 remittat,

2129 1328 2231 1385 pro
2262 1312 2318 1370 S.
2357 1311 2578 1366 ZcuOne
2600 1311 2804 1366 sentire
2845 1308 3078 1363 videtur.
3114 1306 3351 1369 Μίνωας,
3383 1303 3435 1357 in
3474 1297 3745 1356 Auctariu

2126 1405 2197 1462 de
2225 1404 2593 1475 Scriptoribus
2623 1399 3042 1468 Ecclesiasticis,
3085 1414 3204 1467 cap.
3246 1398 3339 1459 25,
3382 1394 3498 1449 haec
3530 1394 3689 1447 habet
3720 1410 3735 1445 :

2132 1499 2194 1553 S.
2246 1496 2387 1551 Zeno
2446 1494 2748 1549 Veronensis
2792 1493 3062 1563 episcOpns
3091 1488 3182 1543 sub
3214 1486 3455 1543 Gallieno
3497 1481 3740 1553 Impera-

2132 1601 2242 1646 tore
2269 1590 2581 1661 Martyrium
2619 1589 2736 1660 fecit
2754 1603 2774 1653 ;
2802 1589 3009 1658 ejusque
3034 1582 3264 1637 meminit
3301 1576 3580 1652 Gregorius
3613 1575 3735 1630 Ma-

2132 1701 2285 1757 gnus,
2319 1685 2409 1738 lib.
2455 1698 2546 1749 ιιι,
2576 1690 2693 1752 cap.
2729 1680 2794 1736 i9
2817 1721 2833 1747 ,
2876 1679 2930 1734 in
2971 1677 3223 1749 Dialogis.
3251 1673 3361 1730 Sub
3393 1675 3499 1746 ejus
3536 1671 3745 1725 nomine

427 1809 528 1863 bus
556 1764 999 1862 Catechumenos'
1020 1764 1370 1871 baptizandus
1399 1764 1712 1867 alloquitur.
1753 1764 1870 1850 Alii
1890 1764 2030 1864 quo-

2145 1776 2259 1831 editi
2281 1786 2398 1829 sunt
2414 1790 2675 1830 sermones
2698 1773 2829 1828 varii
2844 1772 3063 1838 primum
3096 1768 3317 1824 Venetiis
3342 1764 3503 1833 1508,
3529 1774 3577 1818 et
3605 1773 3746 1835 post-

429 1917 535 1971 que
562 1900 758 1970 incepti
791 1908 1072 1953 sermones
1099 1910 1219 1949 esu:
1252 1901 1499 1963 possunt,
1520 1898 1656 1960 quos
1678 1902 1782 1942 non
1800 1886 2035 1955 scripse-

429 1996 499 2051 rit
531 1996 590 2048 ο.
620 1993 793 2058 Zeno,
816 1990 912 2047 sed
945 1989 1071 2044 dum
1099 1988 1262 2042 verba
1291 1987 1516 2049 faceret,
1571 1980 1673 2037 eos
1718 1980 2036 2049 exceperint

430 2086 602 2158 ipsius
634 2083 919 2154 discipuli,
974 2088 1148 2151 neque
1177 2087 1366 2150 postea
1417 2074 1777 2140 absolverint,
1836 2073 2037 2140 imper-

432 2180 712 2249 fectosque
765 2173 1098 2245 reliquerint.
1156 2171 1499 2240 Quapropter
1548 2165 1708 2236 aliqui
1757 2173 2038 2217 sermones

433 2271 624 2327 eadem
653 2268 875 2333 habent,
909 2280 1029 2337 qua:
1056 2263 1168 2327 alii,
1202 2261 1348 2333 quia,
1383 2271 1439 2314 ut
1471 2266 1620 2329 puto,
1648 2258 1831 2328 plures
1859 2262 2036 2317 erant,

432 2363 526 2435 qui
553 2374 834 2419 sermones
882 2359 1219 2427 exciperent,
1245 2362 1301 2410 et
1327 2360 1548 2409 sensum
1595 2349 1895 2405 retinentes
1947 2344 2039 2399 alii

433 2456 612 2514 verbis
649 2454 773 2510 aliis
814 2455 1169 2523 exponerent.

971 2587 989 2615 ’
1075 2579 1305 2638 CAPUT
1337 2578 1429 2635 IX.

493 2701 727 2773 Philippi
759 2698 927 2754 Labbe
962 2696 1027 2752 de
1049 2695 1109 2752 S.
1133 2693 1338 2751 Zenone
1366 2689 1657 2745 dissertatio
1678 2686 2003 2757 expenditur.

508 2814 787 2884 Philippus
810 2810 993 2867 Labbe
1020 2808 1088 2863 de
1123 2805 1182 2862 S.
1212 2805 1427 2861 Zenone
1452 2810 1618 2872 agens
1658 2799 1834 2853 aliena
1877 2806 2044 2868 opera

437 2916 493 2963 et
522 2920 713 2977 parum
742 2904 960 2960 sincera
1007 2901 1059 2954 iu
1106 2898 1208 2953 hac
1251 2892 1625 2951 concinnanda
1667 2889 2047 2946 dissertatione

394 3006 397 3007 '
437 3013 567 3055 usus
589 3005 693 3054 est.
724 2995 856 3063 Qum
879 2993 1025 3049 enim
1049 3000 1245 3046 contra
1265 2987 1321 3045 S.
1356 2987 1593 3041 Zenonis
1614 2996 1894 3039 sermones
1914 2995 2047 3036 con-

434 3092 576 3162 gerit
606 3103 713 3145 non
744 3087 926 3153 omnia
953 3097 1075 3139 cum
1108 3082 1295 3138 relatis
1339 3078 1667 3135 conveniunt
1705 3074 2041 3131 auctoribus.

2137 1885 2199 1924 ea
2237 1868 2549 1922 emendatius
2602 1865 2741 1923 1586
2792 1861 3024 1919 Veronce.
3059 1859 3260 1916 Horum
3306 1874 3408 1914 non
3452 1872 3642 1929 paucos
3677 1871 3749 1911 ea:

2136 1962 2358 2027 Basilio,
2394 1959 2622 2027 Hilario,
2655 1969 2703 2014 et
2731 1956 2848 2012 aliis
2881 1954 3246 2026 posterioribus
3269 1950 3577 2008 Auctoribus
3601 1959 3747 2003 tran-

2137 2056 2359 2126 srriptbs
2385 2069 2493 2110 esse
2522 2060 2703 2109 notant
2733 2052 2916 2108 Sixtus
2942 2048 3205 2116 Senensis,
3238 2047 3502 2112 Maltinus,
3539 2042 3750 2099 Bellar-

2141 2147 2312 2201 minus
2334 2157 2378 2201 et
2399 2146 2509 2200 alii.
2539 2144 2737 2199 Prteter
2758 2143 2873 2209 Itos,
2902 2151 2950 2197 et
2973 2140 3232 2196 Baronius'
3260 2140 3315 2193 in
3334 2137 3470 2193 notis
3503 2135 3571 2190 ad
3580 2162 3581 2165 η
3598 2133 3751 2190 Mar-

2142 2239 2460 2309 tyrologium
2487 2237 2688 2292 consuli
2716 2235 2923 2308 poterit.
2953 2233 3070 2290 Non
3108 2244 3299 2289 omnes
3325 2230 3487 2302 igitur
3532 2241 3748 2283 sermo-

2144 2344 2242 2387 nes
2272 2332 2335 2386 D.
2365 2331 2569 2386 Zenoni
2598 2328 2844 2402 praeripit
2869 2326 3100 2392 Mimans,
3131 2326 3227 2382 sed
3283 2336 3381 2380 eos
3413 2331 3619 2379 tantum
3652 2321 3749 2392 qui

2145 2424 2287 2495 apud
2316 2424 2451 2479 alios
2494 2424 2859 2493 reperiuntur,
2902 2421 3200 2492 praesertim
3239 2432 3362 2475 cum
3390 2415 3755 2487 adstipuletur

2147 2517 2403 2583 Baronio,
2433 2517 2523 2587 qui
2552 2515 2783 2586 demptis
2808 2515 3150 2585 quibusdam,
3180 2511 3513 2583 reliquorum
3540 2522 3753 2565 sermo-

2150 2626 2279 2666 num
2320 2609 2379 2666 S.
2427 2608 2703 2665 Zenonem
2746 2608 2948 2663 fatetur
2993 2615 3291 2661 auctorem.
3324 2603 3555 2659 Fallitur
3581 2600 3754 2657 etiam

2147 2701 2399 2759 Labbeus
2440 2702 2499 2755 in
2537 2710 2763 2756 numero
2804 2712 3141 2765 sermonum,
3180 2708 3317 2767 quos
3341 2693 3627 2765 nonaginta
3656 2708 3754 2749 re-

2149 2805 2359 2852 censet.
2394 2795 2531 2851 Sunt
2557 2802 2739 2849 autem
2770 2802 3004 2864 quatuor
3029 2801 3083 2848 et
3110 2798 3348 2846 centum.
3391 2784 3520 2857 th
3556 2796 3755 2842 contra

2151 2889 2308 2946 affert
2330 2889 2399 2945 de
2429 2888 2774 2945 sermonibus
2806 2886 2864 2943 S.
2901 2887 3082 2942 Basilii
3130 2894 3182 2942 ct
3205 2884 3420 2950 Hilarii,
3457 2882 3525 2939 de
3552 2881 3635 2936 his
3655 2892 3756 2936 au-

2151 2996 2246 3054 pra
2265 2981 2283 3053 (
2300 2981 2427 3049 Cap.
2444 2981 2499 3047 5,
2515 2992 2629 3051 cap.
2645 2979 2700 3045 6,
2720 2994 2837 3048 cap.
2854 2976 2935 3051 7).
2949 2978 3081 3033 item
3096 2974 3163 3033 de
3180 2974 3650 3048 stylidiversitate.
3668 2971 3757 3028 De

2153 3075 2497 3132 sermonibus
2522 3080 2713 3129 contra
2742 3073 2978 3127 Arianos
3002 3072 3135 3127 nihil
3161 3060 3467 3127 addendum
3493 3066 3597 3135 his,
3627 3084 3759 3139 qua:

436 3153 597 3240 Salso
624 3182 791 3241 tribui
829 3182 887 3236 S.
924 3177 1130 3234 Zenoni
1164 3186 1445 3231 sermones
1475 3172 1544 3227 de
1578 3170 1772 3242 quibus
1799 3169 2040 3240 agimus,
2069 3153 2117 3216 C
2152 3182 2315 3237 supra
2343 3165 2599 3221 diximus.
2641 3162 2809 3220 Suam
2834 3172 3016 3219 tamen
3044 3162 3366 3219 sententiam
3398 3158 3465 3217 de
3487 3162 3759 3217 sermoni-

433 3279 667 3349 primum
708 3273 926 3336 asserit,
955 3285 1177 3340 sineque
1214 3266 1496 3339 astipulari
1536 3265 1824 3320 sententi-.1:
1862 3263 2045 3332 plures

436 3377 611 3439 putat,
640 3378 844 3436 eosque
862 3370 1133 3420 recenset.
1160 3360 1245 3415 Ita
1266 3361 1510 3427 sentiunt,
1541 3357 1740 3425 inquit,
1768 3372 1831 3410 ea:
1850 3354 2043 3410 Catho-

439 3459 552 3514 licis
583 3456 900 3512 Auctoribus
926 3456 1109 3511 Sixtus
1140 3452 1382 3509 Senensis
1403 3492 1417 3515 ,
1450 3448 1725 3516 Baronius,
1760 3447 2041 3514 Molanus,

440 3551 781 3612 Possevinus,
825 3547 1190 3612 Bellarminus,
1225 3545 1456 3610 Mirwus,
1484 3556 1757 3612 eorumque
1782 3540 1920 3595 simii
1940 3539 2043 3596 Co-

436 3660 549 3713 cus,
605 3644 852 3709 Binetus,
901 3640 1196 3710 similesque
1225 3647 1492 3692 nocatores
1536 3635 1734 3701 critici;
1780 3644 1837 3688 ut
1877 3634 2048 3687 oleum
2084 3632 2089 3635 ’

437 3746 747 3809 operamque
791 3733 933 3805 apud
975 3730 1190 3786 idoneos
1234 3727 1448 3783 Iudices
1489 3726 1775 3798 perdidisse
1812 3725 2050 3778 videatur

438 3828 677 3901 Rapltael
721 3825 942 3898 Bugatta
980 3833 1028 3879 et
1073 3820 1311 3893 Baptista
1360 3821 1623 3885 Perettus,
1672 3818 1761 3889 qui
1799 3818 2049 3871 adversus

440 3925 580 3981 Sixti
603 3921 849 3979 Senensis
879 3919 1230 3973 doctissimum
1260 3929 1552 3977 censuram,
1585 3928 1672 3965 eos
1706 3911 1886 3965 saltem
1936 3922 2050 3963 om-

439 4030 527 4071 nes
546 4059 559 4080 ,
584 4010 782 4070 Zenoni
816 4010 1093 4067 Veronensi
1112 4010 1353 4078 episcopo
1373 4005 1466 4060 sub
1491 4002 1725 4058 Gallieno
1748 4001 2049 4071 martyrium

439 4124 590 4179 passo
620 4107 882 4162 vindicare
908 4105 1200 4159 voluerunt.
1228 4099 1297 4156 At
1330 4098 1532 4153 fallitur
1571 4097 1695 4150 dum
1733 4108 1830 4164 pro
1866 4108 1926 4149 se
1953 4093 2046 4147 ad-

438 4199 911 4259 ducitBaronium,
951 4205 1010 4249 ut
1043 4196 1157 4262 ipse
1188 4187 1566 4246 Tillemoutius
1592 4186 1842 4242 observat
1866 4183 2044 4256 (Tom.

441 4306 512 4357 tv,
541 4300 650 4347 not.
682 4291 737 4357 ϐ,
760 4290 823 4344 de
845 4282 1317 4360 persecut.Valer.)
1337 4281 1598 4337 Baronius
1626 4290 1857 4350 namque
1878 4291 2044 4347 quos-

438 4385 562 4439 dam
594 4393 800 4437 tantunt
828 4390 1110 4435 sermones
1138 4392 1205 4430 ex
1238 4374 1323 4442 iis,
1356 4387 1585 4444 quorum
1619 4376 1823 4427 Auctor
1848 4369 2053 4435 dicitur,

436 4473 498 4531 S.
531 4474 701 4540 Zeno,
729 4473 906 4529 eidem
937 4467 1328 4526 adscribendos
1360 4476 1551 4536 negat;
1581 4456 1825 4535 reliquos
1854 4463 1914 4516 ι).
1947 4462 2047 4518 Ze-

2152 3258 2253 3315 bus
2294 3259 2352 3314 S.
2393 3257 2628 3314 Zenonis
2660 3273 2764 3313 non
2796 3255 3011 3312 videtur
3051 3256 3238 3312 tulisse
3278 3254 3561 3312 Labbeus:
3594 3253 3761 3309 Initio

2154 3354 2300 3408 enim
2330 3352 2626 3407 Baronium
2673 3351 3066 3407 consulendum
3110 3356 3332 3417 monet;
3374 3344 3487 3403 tum
3526 3347 3762 3405 Joannis

2151 3446 2335 3501 Marize
2357 3445 2621 3515 judicium
2655 3443 2822 3500 refert
2853 3445 2906 3500 in
2945 3442 3327 3515 espnrgatorio
3359 3440 3566 3506 indice,
3598 3440 3760 3511 cujus

2154 3539 2275 3595 haec
2307 3540 2471 3594 verba
2506 3548 2631 3593 sunt
2662 3555 2674 3591 :
2709 3537 2942 3592 Joannes
2970 3551 3086 3591 vero
3116 3535 3291 3589 Maria
3309 3537 3361 3589 in
3392 3532 3765 3607 eapurgatorio

2154 3632 2328 3687 indice
2370 3631 2503 3686 nihil
2531 3632 2732 3685 videtur
2761 3631 2888 3686 velle
2922 3631 3208 3702 afﬁrmare.
3243 3627 3523 3695 Cancrum,
3557 3622 3757 3697 inquit,

2156 3725 2237 3779 his
2277 3740 2373 3795 pro
2410 3724 2692 3778 assertione
2734 3736 3025 3777 sermonum
3065 3722 3127 3777 S.
3172 3720 3396 3799 Zenonis
3439 3713 3763 3775 obstantibus

2155 3833 2259 3871 non
2291 3817 2491 3888 magnis
2520 3815 2848 3888 conjecturis,
2886 3815 3161 3869 nonnullos
3193 3814 3294 3867 non
3325 3829 3434 3867 esse
3457 3812 3597 3866 illius
3621 3812 3765 3866 ercis-

2156 3911 2302 3964 timat
2333 3907 2616 3973 Baronius,
2650 3909 2933 3978 prwsertim
2975 3907 3158 3975 quibus
3180 3904 3374 3960 Ariona
3403 3903 3610 3959 hwrcsis
3632 3917 3765 3957 con—

2158 4003 2378 4072 futatur.
2421 3998 2618 4054 Multas
2664 3999 2893 4053 rationes
2924 4008 2973 4053 et
3005 3999 3227 4070 optimas
3252 3998 3570 4068 conjecturas
3600 3995 3670 4047 ad
3706 3995 3767 4049 id

2155 4091 2480 4163 probandum
2518 4106 2571 4146 se
2593 4088 2783 4146 habere
2811 4091 3096 4161 proﬁtetur.
3145 4086 3271 4145 Mihi
3304 4101 3480 4144 tamen
3521 4087 3765 4143 Baronio

2157 4184 2409 4241 assentiri
2452 4183 2661 4239 videtur
2698 4183 2939 4239 Joannes
2977 4182 3141 4237 Maria
3166 4225 3179 4247 ,
3218 4194 3340 4237 cum
3384 4186 3569 4252 aperte
3607 4178 3762 4234 dicat

2155 4278 2499 4347 conjecturas
2552 4282 2745 4333 contra
2795 4286 3080 4331 sermones
3118 4275 3176 4331 Β.
3216 4274 3449 4330 Zenonis
3488 4288 3595 4329 non
3635 4289 3762 4329 esse

2159 4371 2339 4438 magni
2366 4368 2641 4439 ponderis.
2680 4367 2781 4422 His
2807 4382 2901 4439 pro
2931 4368 3214 4421 assertione
3239 4378 3533 4421 sermonum
3562 4363 3625 4419 S.
3657 4360 3761 4418 Zeo

2160 4465 2311 4517 nonis
2354 4458 2667 4517 obstantibus
2714 4474 2816 4515 non
2862 4459 3063 4532 magnis
3105 4458 3431 4530 confer-turis.
3474 4456 3630 4526 Quod
3662 4456 3764 4512 de—

430 4569 599 4624 nonis
625 4568 872 4639 proprios
902 4558 1177 4637 agnoscit,
1229 4571 1284 4619 et
1323 4559 1682 4631 quorumdam
1715 4558 1829 4611 loca
1853 4556 1908 4610 in
1934 4558 2044 4609 An-
2074 4545 2134 4605 D
2158 4560 2306 4610 mum
2358 4555 2425 4610 ad
2485 4552 2760 4609 Perctttim
2792 4560 2845 4607 et
2889 4552 3167 4623 Bagattam
3206 4558 3435 4623 spectat,
3468 4543 3762 4620 utritntqite

440 4662 657 4717 nalibus
682 4659 860 4725 habet,
893 4667 952 4713 ut
974 4670 1135 4726 supra
1165 4662 1405 4710 notatum
1435 4659 1540 4707 est.
1573 4647 1725 4721 (Cap.
1752 4648 1830 4718 5).
1862 4646 2048 4717 Neque

438 4756 717 4826 Bagattam
749 4761 806 4809 et
856 4750 1128 4806 Perettum
1165 4742 1345 4802 oleum
1391 4751 1448 4797 et
1479 4738 1698 4810 operam
1745 4736 2049 4809 perdidisse

438 4824 721 4918 putat,qui
751 4856 846 4900 eos
873 4842 987 4897 suis“
1010 4840 1064 4894 in
1096 4826 1718 4901 annotationibus(Prid
1749 4824 2042 4901 ld.April.)

438 4939 506 4993 ad
536 4934 974 5007 Martyrologium
1011 4930 1314 4985 Romanum
1348 4923 1714 4980 commendat.
1748 4920 1913 4976 Plura
1942 4938 2042 4975 au-

441 5043 543 5087 teut
574 5029 752 5087 eodem
792 5033 1092 5097 argumento
1140 5021 1341 5078 erudite
1376 5025 1552 5073 notata
1583 5012 1736 5072 habes
1771 5017 1825 5070 in
1853 5015 2045 5085 prwft‘t-

443 5125 582 5179 tione
623 5121 849 5193 Operam
887 5120 949 5177 S.
1007 5116 1231 5173 Zenonis
1276 5114 1419 5184 (haec
1455 5110 1693 5183 Bagattte
1745 5117 1802 5166 et
1837 5108 2043 5165 Peretti

441 5216 569 5289 est),
609 5230 725 5286 quae
748 5218 903 5288 jussu
949 5220 997 5266 et
1024 5210 1295 5282 diligentia
1320 5205 1690 5271 Illustrissinti,
1714 5212 1761 5259 et
1793 5202 2047 5258 Reveren-

441 5310 644 5365 dissimi
662 5308 935 5382 Augustini
964 5303 1160 5360 Valerii
1186 5300 1473 5358 cardinalis
1490 5299 1796 5369 amplissimi
1816 5295 2045 5369 episcopi

452 5396 758 5458 Veronensis
792 5414 955 5471 nuper
986 5404 1103 5453 sunt
1133 5395 1296 5450 edita.
1329 5393 1616 5447 Probamus
1653 5390 1859 5460 quidem
1904 5404 1963 5442 ea
1988 5398 2044 5442 ut

438 5496 604 5552 multo
624 5494 798 5551 studio
823 5493 1022 5565 egregie
1053 5499 1290 5545 curatum
1318 5500 1469 5557 opus.
1503 5485 1657 5539 Licet
1683 5484 1737 5536 in
1762 5481 2040 5551 aliquibus,

437 5596 494 5644 ut
524 5589 769 5654 diximus,
804 5587 861 5640 in
897 5585 978 5640 his
1010 5594 1128 5653 qua
1164 5580 1232 5634 ad
1261 5580 1523 5633 veritatem
1557 5572 1904 5645 quorumdam
1935 5587 2046 5626 ser-

436 5696 645 5737 monum
670 5688 938 5754 spectant,
983 5690 1091 5731 non
1127 5684 1269 5739 teque
1288 5672 1452 5727 eidem
1477 5669 1837 5725 assentiamur.
1868 5664 2043 5720 Mola-

430 5788 674 5833 nuinuon
690 5769 1184 5836 vidi.Possevinus,
1202 5762 1526 5824 tomotertio
1547 5765 1853 5835 Apparatus
1875 5758 2040 5827 sacri,

2155 4656 2349 4704 omnes
2376 4654 2656 4703 sermones
2687 4647 2903 4700 noniine
2926 4646 2983 4702 S.
3015 4644 3249 4701 Zenonis
3272 4644 3558 4714 inscriptos
3578 4641 3759 4698 eidem

2159 4743 2415 4797 tribuisse
2443 4741 2656 4796 videtur
2693 4739 2969 4795 affirmare
3006 4738 3277 4796 Labbens.
3322 4737 3390 4794 Ut
3428 4737 3596 4792 oleum
3629 4752 3761 4805 ope-

2152 4848 2369 4904 ramque
2396 4832 2535 4903 apud
2583 4831 2796 4886 idoneos
2816 4831 3021 4902 judices
3060 4831 3342 4901 perdidisse
3378 4830 3613 4885 videatur
3644 4830 3759 4885 Ra-

2154 4925 2310 4996 pnael
2332 4916 2551 4996 Bagatta
2570 4964 2584 4990 ,
2615 4933 2662 4979 et
2686 4923 2919 4996 Baptista
2951 4924 3204 4991 Perottus,
3235 4924 3324 4994 qui
3342 4923 3592 4978 adversus
3618 4920 3765 4979 Sia'ti

2161 5018 2409 5075 Senensis
2438 5019 2785 5074 doctissimum
2808 4996 3081 5074 censuram
3098 5035 3201 5083 eos,
3225 5020 3407 5074 saltem
3433 5026 3629 5084 onines,
3659 5016 3767 5072 Ze-

2158 5112 2284 5166 noni
2317 5109 2599 5169 Vcronensi
2619 5112 2859 5184 episcopo
2888 5112 2981 5167 sub
3010 5111 3250 5167 Gallieno
3271 5112 3578 5184 martyrium
3601 5114 3763 5181 passo

2155 5204 2423 5259 uindicare
2451 5206 2738 5260 uoluerunt.
2780 5205 2846 5262 Ut
2877 5216 3091 5262 constet
3126 5198 3252 5277 quid
3286 5206 3507 5277 Bagatta
3543 5215 3599 5260 et
3650 5203 3763 5262 Pe-

2160 5304 2337 5352 rettus
2364 5297 2503 5353 circa
2548 5297 2766 5354 eosdem
2814 5310 3095 5356 sermones
3142 5298 3415 5354 affirmare
3460 5295 3759 5367 voluerint,

2151 5401 2345 5443 eorum
2383 5389 2547 5443 verba
2582 5403 2648 5445 ex
2688 5389 3004 5459 praefatione
3028 5389 3276 5458 superius
3298 5389 3530 5459 allegata
3551 5390 3767 5444 casuri-

2152 5478 2371 5535 bemus.
2405 5480 2555 5546 Quod
2590 5488 2761 5535 autem
2800 5489 2903 5536 tres
2932 5480 3038 5535 sive
3064 5491 3284 5550 quamor
3312 5494 3575 5535 sermones
3601 5480 3657 5533 in
3678 5479 3765 5536 his

2157 5576 2503 5644 reperiantur,
2532 5588 2661 5642 quos
2685 5573 2747 5629 S.
2771 5574 2970 5629 Zenoni
2990 5573 3155 5645 aliqui
3190 5583 3375 5645 putant
3402 5572 3628 5628 adscribi
3655 5589 3765 5628 non

2155 5682 2344 5738 posse;
2372 5679 2567 5734 nempe,
2599 5665 2686 5733 qui
2709 5666 3004 5720 inscribitur
3032 5666 3095 5720 de
3117 5674 3392 5736 praecepto,
3412 5665 3631 5719 Attende
3645 5665 3769 5727 tibi:

2158 5761 2346 5816 Sermo
2370 5759 2433 5815 de
2458 5756 2739 5829 Evangelia
2761 5758 3037 5816 secundum
3062 5757 3259 5815 Lucam
3281 5758 3347 5812 de
3372 5757 3567 5828 triplici
3590 5768 3764 5811 tenta~
