  <div class='ocr_page' id='page_1' title='image "/cluster/home/n/w/nwhite01/storage/ocr_20150623/11/hvd.32044096580402/324.png"; bbox 0 0 4198 6160; ppageno 0'>
   <div class='ocr_carea' id='block_1_1' title="bbox 346 286 458 349">
    <p class='ocr_par' dir='ltr' id='par_1_1' title="bbox 346 286 458 349">
     <span class='ocr_line' id='line_1_1' title="bbox 346 286 458 349; baseline -0.027 0"><span class='ocrx_word' id='word_1_1' title='bbox 346 286 458 349; x_wconf 76' lang='grc' dir='ltr'>6Ιῦ</span> 
     </span>
    </p>
   </div>
   <div class='ocr_carea' id='block_1_2' title="bbox 1440 282 2645 351">
    <p class='ocr_par' dir='ltr' id='par_1_2' title="bbox 1440 282 2645 351">
     <span class='ocr_line' id='line_1_2' title="bbox 1440 282 2645 351; baseline -0.002 -3"><span class='ocrx_word' id='word_1_2' title='bbox 1440 288 1528 350; x_wconf 86' lang='lat' dir='ltr'><strong><em>DE</em></strong></span> <span class='ocrx_word' id='word_1_3' title='bbox 1566 282 1998 351; x_wconf 63' lang='lat' dir='ltr'><strong><em>SEHMOXIBUS</em></strong></span> <span class='ocrx_word' id='word_1_4' title='bbox 2034 284 2287 346; x_wconf 65' lang='lat' dir='ltr'><strong><em>SANCTI</em></strong></span> <span class='ocrx_word' id='word_1_5' title='bbox 2329 284 2645 347; x_wconf 78' lang='lat' dir='ltr'><strong><em>ZENONIS.</em></strong></span> 
     </span>
    </p>
   </div>
   <div class='ocr_carea' id='block_1_3' title="bbox 3574 302 3677 360">
    <p class='ocr_par' dir='ltr' id='par_1_3' title="bbox 3574 302 3677 360">
     <span class='ocr_line' id='line_1_3' title="bbox 3574 302 3677 360; baseline 0.029 -3"><span class='ocrx_word' id='word_1_6' title='bbox 3574 302 3677 360; x_wconf 65' lang='lat'><strong><em>61-!</em></strong></span> 
     </span>
    </p>
   </div>
   <div class='ocr_carea' id='block_1_4' title="bbox 340 394 3683 484">
    <p class='ocr_par' dir='ltr' id='par_1_4' title="bbox 340 394 3683 484">
     <span class='ocr_line' id='line_1_4' title="bbox 340 394 3683 484; baseline 0.002 -20"><span class='ocrx_word' id='word_1_7' title='bbox 340 411 549 465; x_wconf 86' lang='lat' dir='ltr'><strong><em>tianum</em></strong></span> <span class='ocrx_word' id='word_1_8' title='bbox 581 404 770 476; x_wconf 80' lang='lat' dir='ltr'><strong><em>specie.</em></strong></span> <span class='ocrx_word' id='word_1_9' title='bbox 810 403 998 462; x_wconf 89' lang='lat' dir='ltr'><strong><em>Sermo</em></strong></span> <span class='ocrx_word' id='word_1_10' title='bbox 1028 407 1092 462; x_wconf 89' lang='lat' dir='ltr'><strong><em>de</em></strong></span> <span class='ocrx_word' id='word_1_11' title='bbox 1118 406 1278 463; x_wconf 87' lang='lat' dir='ltr'><strong><em>livore</em></strong></span> <span class='ocrx_word' id='word_1_12' title='bbox 1303 417 1349 465; x_wconf 88' lang='lat' dir='ltr'><strong><em>et</em></strong></span> <span class='ocrx_word' id='word_1_13' title='bbox 1390 409 1603 473; x_wconf 82' lang='lat' dir='ltr'><strong><em>invidia,</em></strong></span> <span class='ocrx_word' id='word_1_14' title='bbox 1637 419 1683 466; x_wconf 87' lang='lat' dir='ltr'><strong><em>et</em></strong></span> <span class='ocrx_word' id='word_1_15' title='bbox 1702 426 1865 465; x_wconf 86' lang='lat' dir='ltr'><strong><em>sermo</em></strong></span> <span class='ocrx_word' id='word_1_16' title='bbox 1893 409 1955 463; x_wconf 88' lang='lat' dir='ltr'><strong><em>de</em></strong></span> <span class='ocrx_word' id='word_1_17' title='bbox 1984 394 2043 466; x_wconf 63' lang='grc' dir='ltr'><em>Χ</em></span> <span class='ocrx_word' id='word_1_18' title='bbox 2064 406 2205 459; x_wconf 81' lang='lat' dir='ltr'><strong><em>cinna</em></strong></span> <span class='ocrx_word' id='word_1_19' title='bbox 2248 406 2450 474; x_wconf 83' lang='lat' dir='ltr'><strong><em>Aprilis</em></strong></span> <span class='ocrx_word' id='word_1_20' title='bbox 2492 406 2560 460; x_wconf 85' lang='lat' dir='ltr'><strong><em>de</em></strong></span> <span class='ocrx_word' id='word_1_21' title='bbox 2592 406 2849 480; x_wconf 76' lang='lat' dir='ltr'><strong><em>Martyrio</em></strong></span> <span class='ocrx_word' id='word_1_22' title='bbox 2877 409 2934 464; x_wconf 91' lang='grc'><strong><em>8.</em></strong></span> <span class='ocrx_word' id='word_1_23' title='bbox 2979 409 3218 465; x_wconf 84' lang='lat' dir='ltr'><strong><em>Zenonis</em></strong></span> <span class='ocrx_word' id='word_1_24' title='bbox 3249 426 3415 483; x_wconf 83' lang='lat' dir='ltr'><strong><em>agens</em></strong></span> <span class='ocrx_word' id='word_1_25' title='bbox 3468 416 3683 484; x_wconf 83' lang='lat' dir='ltr'><strong><em>palino-</em></strong></span> 
     </span>
    </p>
   </div>
   <div class='ocr_carea' id='block_1_5' title="bbox 336 493 1962 574">
    <p class='ocr_par' dir='ltr' id='par_1_5' title="bbox 336 493 1962 574">
     <span class='ocr_line' id='line_1_5' title="bbox 336 493 1962 574; baseline -0.001 -17"><span class='ocrx_word' id='word_1_26' title='bbox 336 493 571 574; x_wconf 84' lang='lat' dir='ltr'><strong><em>iejunia,</em></strong></span> <span class='ocrx_word' id='word_1_27' title='bbox 603 501 696 568; x_wconf 88' lang='lat' dir='ltr'><strong><em>qui</em></strong></span> <span class='ocrx_word' id='word_1_28' title='bbox 730 498 869 552; x_wconf 89' lang='lat' dir='ltr'><strong><em>inter</em></strong></span> <span class='ocrx_word' id='word_1_29' title='bbox 910 496 973 554; x_wconf 91' lang='lat' dir='ltr'><strong><em>S.</em></strong></span> <span class='ocrx_word' id='word_1_30' title='bbox 1005 497 1194 554; x_wconf 78' lang='lat' dir='ltr'><strong><em>Basilii</em></strong></span> <span class='ocrx_word' id='word_1_31' title='bbox 1228 500 1464 556; x_wconf 85' lang='lat' dir='ltr'><strong><em>homilias</em></strong></span> <span class='ocrx_word' id='word_1_32' title='bbox 1493 518 1656 571; x_wconf 75' lang='lat' dir='ltr'><strong><em>grtece</em></strong></span> <span class='ocrx_word' id='word_1_33' title='bbox 1682 501 1861 572; x_wconf 82' lang='lat' dir='ltr'><strong><em>scripti</em></strong></span> <span class='ocrx_word' id='word_1_34' title='bbox 1881 516 1962 555; x_wconf 88' lang='lat' dir='ltr'><strong><em>re-</em></strong></span> 
     </span>
    </p>
   </div>
   <div class='ocr_carea' id='block_1_6' title="bbox 338 589 1963 664">
    <p class='ocr_par' dir='ltr' id='par_1_6' title="bbox 338 589 1963 664">
     <span class='ocr_line' id='line_1_6' title="bbox 338 589 1963 664; baseline -0.001 -17"><span class='ocrx_word' id='word_1_35' title='bbox 338 592 637 664; x_wconf 79' lang='lat' dir='ltr'><strong><em>periuntur,</em></strong></span> <span class='ocrx_word' id='word_1_36' title='bbox 668 589 911 660; x_wconf 77' lang='lat' dir='ltr'><strong><em>quamvis</em></strong></span> <span class='ocrx_word' id='word_1_37' title='bbox 943 601 1250 662; x_wconf 82' lang='lat' dir='ltr'><strong><em>argumenta</em></strong></span> <span class='ocrx_word' id='word_1_38' title='bbox 1276 608 1377 646; x_wconf 88' lang='lat' dir='ltr'><strong><em>non</em></strong></span> <span class='ocrx_word' id='word_1_39' title='bbox 1411 590 1597 654; x_wconf 86' lang='lat' dir='ltr'><strong><em>desint,</em></strong></span> <span class='ocrx_word' id='word_1_40' title='bbox 1636 592 1819 662; x_wconf 80' lang='lat' dir='ltr'><strong><em>quibus</em></strong></span> <span class='ocrx_word' id='word_1_41' title='bbox 1843 609 1963 664; x_wconf 86' lang='lat' dir='ltr'><strong><em>pra-</em></strong></span> 
     </span>
    </p>
   </div>
   <div class='ocr_carea' id='block_1_7' title="bbox 336 678 1963 753">
    <p class='ocr_par' dir='ltr' id='par_1_7' title="bbox 336 678 1963 753">
     <span class='ocr_line' id='line_1_7' title="bbox 336 678 1963 753; baseline 0.001 -14"><span class='ocrx_word' id='word_1_42' title='bbox 336 685 468 741; x_wconf 90' lang='lat' dir='ltr'><strong><em>bare</em></strong></span> <span class='ocrx_word' id='word_1_43' title='bbox 497 682 690 749; x_wconf 89' lang='lat' dir='ltr'><strong><em>liceret,</em></strong></span> <span class='ocrx_word' id='word_1_44' title='bbox 722 699 811 737; x_wconf 87' lang='lat' dir='ltr'><strong><em>eos</em></strong></span> <span class='ocrx_word' id='word_1_45' title='bbox 843 699 1049 753; x_wconf 84' lang='lat' dir='ltr'><strong><em>quoque</em></strong></span> <span class='ocrx_word' id='word_1_46' title='bbox 1081 701 1341 739; x_wconf 84' lang='lat' dir='ltr'><strong><em>sermones</em></strong></span> <span class='ocrx_word' id='word_1_47' title='bbox 1367 686 1437 740; x_wconf 89' lang='lat' dir='ltr'><strong><em>ad</em></strong></span> <span class='ocrx_word' id='word_1_48' title='bbox 1466 685 1525 741; x_wconf 91' lang='lat' dir='ltr'><strong><em>S.</em></strong></span> <span class='ocrx_word' id='word_1_49' title='bbox 1558 684 1816 741; x_wconf 89' lang='lat' dir='ltr'><strong><em>Zenonem</em></strong></span> <span class='ocrx_word' id='word_1_50' title='bbox 1845 678 1963 740; x_wconf 88' lang='lat' dir='ltr'><strong><em>nos-</em></strong></span> 
     </span>
    </p>
   </div>
   <div class='ocr_carea' id='block_1_8' title="bbox 337 779 1964 849">
    <p class='ocr_par' dir='ltr' id='par_1_8' title="bbox 337 779 1964 849">
     <span class='ocr_line' id='line_1_8' title="bbox 337 779 1964 849; baseline 0 -17"><span class='ocrx_word' id='word_1_51' title='bbox 337 790 483 832; x_wconf 86' lang='lat' dir='ltr'><strong><em>trum</em></strong></span> <span class='ocrx_word' id='word_1_52' title='bbox 515 779 791 849; x_wconf 92' lang='lat' dir='ltr'><strong><em>pertinere,</em></strong></span> <span class='ocrx_word' id='word_1_53' title='bbox 835 792 961 830; x_wconf 87' lang='lat' dir='ltr'><strong><em>cum</em></strong></span> <span class='ocrx_word' id='word_1_54' title='bbox 991 779 1146 832; x_wconf 86' lang='lat' dir='ltr'><strong><em>etiam</em></strong></span> <span class='ocrx_word' id='word_1_55' title='bbox 1181 779 1431 849; x_wconf 69' lang='lat' dir='ltr'><strong><em>plurimas</em></strong></span> <span class='ocrx_word' id='word_1_56' title='bbox 1462 797 1661 835; x_wconf 87' lang='lat' dir='ltr'><strong><em>summa</em></strong></span> <span class='ocrx_word' id='word_1_57' title='bbox 1715 782 1886 834; x_wconf 89' lang='lat' dir='ltr'><strong><em>studio</em></strong></span> <span class='ocrx_word' id='word_1_58' title='bbox 1915 789 1964 835; x_wconf 92' lang='lat' dir='ltr'><strong><em>et</em></strong></span> 
     </span>
    </p>
   </div>
   <div class='ocr_carea' id='block_1_9' title="bbox 336 842 1963 944">
    <p class='ocr_par' dir='ltr' id='par_1_9' title="bbox 336 842 1963 944">
     <span class='ocr_line' id='line_1_9' title="bbox 336 842 1963 944; baseline -0.001 -19"><span class='ocrx_word' id='word_1_59' title='bbox 336 870 660 944; x_wconf 84' lang='lat' dir='ltr'><strong><em>gravissimis</em></strong></span> <span class='ocrx_word' id='word_1_60' title='bbox 682 866 961 923; x_wconf 86' lang='lat' dir='ltr'><strong><em>laboribus</em></strong></span> <span class='ocrx_word' id='word_1_61' title='bbox 976 859 1036 921; x_wconf 76' lang='lat' dir='ltr'><strong><em>in</em></strong></span> <span class='ocrx_word' id='word_1_62' title='bbox 1066 842 1273 924; x_wconf 51' lang='lat' dir='ltr'><strong><em>Grtcc‘m</em></strong></span> <span class='ocrx_word' id='word_1_63' title='bbox 1294 871 1453 924; x_wconf 90' lang='lat' dir='ltr'><strong><em>multo</em></strong></span> <span class='ocrx_word' id='word_1_64' title='bbox 1473 880 1590 925; x_wconf 90' lang='lat' dir='ltr'><strong><em>aute</em></strong></span> <span class='ocrx_word' id='word_1_65' title='bbox 1620 870 1682 927; x_wconf 88' lang='lat' dir='ltr'><strong><em>S.</em></strong></span> <span class='ocrx_word' id='word_1_66' title='bbox 1712 870 1963 925; x_wconf 84' lang='lat' dir='ltr'><strong><em>Basiliam</em></strong></span> 
     </span>
    </p>
   </div>
   <div class='ocr_carea' id='block_1_10' title="bbox 340 958 1965 1034">
    <p class='ocr_par' dir='ltr' id='par_1_10' title="bbox 340 958 1965 1034">
     <span class='ocr_line' id='line_1_10' title="bbox 340 958 1965 1034; baseline 0.001 -17"><span class='ocrx_word' id='word_1_67' title='bbox 340 960 679 1034; x_wconf 71' lang='lat' dir='ltr'><strong><em>praedicanda</em></strong></span> <span class='ocrx_word' id='word_1_68' title='bbox 720 962 795 1015; x_wconf 90' lang='lat' dir='ltr'><strong><em>ad</em></strong></span> <span class='ocrx_word' id='word_1_69' title='bbox 841 958 1115 1015; x_wconf 75' lang='lat' dir='ltr'><strong><em>Christum</em></strong></span> <span class='ocrx_word' id='word_1_70' title='bbox 1159 972 1494 1031; x_wconf 83' lang='lat' dir='ltr'><strong><em>converteret,</em></strong></span> <span class='ocrx_word' id='word_1_71' title='bbox 1531 974 1697 1019; x_wconf 89' lang='lat' dir='ltr'><strong><em>tamen</em></strong></span> <span class='ocrx_word' id='word_1_72' title='bbox 1728 982 1787 1019; x_wconf 89' lang='lat' dir='ltr'><strong><em>ea</em></strong></span> <span class='ocrx_word' id='word_1_73' title='bbox 1829 965 1881 1018; x_wconf 90' lang='lat' dir='ltr'><strong><em>in</em></strong></span> <span class='ocrx_word' id='word_1_74' title='bbox 1910 981 1965 1019; x_wconf 88' lang='lat' dir='ltr'><strong><em>re</em></strong></span> 
     </span>
    </p>
   </div>
   <div class='ocr_carea' id='block_1_11' title="bbox 336 1054 1963 1135">
    <p class='ocr_par' dir='ltr' id='par_1_11' title="bbox 336 1054 1963 1135">
     <span class='ocr_line' id='line_1_11' title="bbox 336 1054 1963 1135; baseline -0.007 -24"><span class='ocrx_word' id='word_1_75' title='bbox 336 1054 648 1111; x_wconf 85' lang='lat' dir='ltr'><strong><em>cantentiasi</em></strong></span> <span class='ocrx_word' id='word_1_76' title='bbox 675 1069 783 1109; x_wconf 85' lang='lat' dir='ltr'><strong><em>esse</em></strong></span> <span class='ocrx_word' id='word_1_77' title='bbox 814 1055 1095 1109; x_wconf 82' lang='lat' dir='ltr'><strong><em>nolumus.</em></strong></span> <span class='ocrx_word' id='word_1_78' title='bbox 1140 1054 1224 1108; x_wconf 84' lang='lat' dir='ltr'><strong><em>Ad</em></strong></span> <span class='ocrx_word' id='word_1_79' title='bbox 1253 1055 1311 1109; x_wconf 92' lang='lat' dir='ltr'><strong><em>id</em></strong></span> <span class='ocrx_word' id='word_1_80' title='bbox 1335 1072 1453 1135; x_wconf 83' lang='lat' dir='ltr'><strong><em>vero</em></strong></span> <span class='ocrx_word' id='word_1_81' title='bbox 1481 1059 1621 1128; x_wconf 89' lang='lat' dir='ltr'><strong><em>quod</em></strong></span> <span class='ocrx_word' id='word_1_82' title='bbox 1649 1058 1841 1113; x_wconf 80' lang='lat' dir='ltr'><strong><em>Auctor</em></strong></span> <span class='ocrx_word' id='word_1_83' title='bbox 1867 1058 1963 1114; x_wconf 87' lang='lat' dir='ltr'><strong><em>Bi-</em></strong></span> 
     </span>
    </p>
   </div>
   <div class='ocr_carea' id='block_1_12' title="bbox 341 1146 1987 1220">
    <p class='ocr_par' dir='ltr' id='par_1_12' title="bbox 341 1146 1987 1220">
     <span class='ocr_line' id='line_1_12' title="bbox 341 1146 1987 1220; baseline 0.001 -19"><span class='ocrx_word' id='word_1_84' title='bbox 341 1146 621 1202; x_wconf 68' lang='lat' dir='ltr'><strong><em>bliatlteca?‘</em></strong></span> <span class='ocrx_word' id='word_1_85' title='bbox 646 1147 858 1203; x_wconf 61' lang='lat' dir='ltr'><strong><em>Sanctae</em></strong></span> <span class='ocrx_word' id='word_1_86' title='bbox 893 1146 1118 1210; x_wconf 84' lang='lat' dir='ltr'><strong><em>scribit,</em></strong></span> <span class='ocrx_word' id='word_1_87' title='bbox 1159 1162 1340 1217; x_wconf 86' lang='lat' dir='ltr'><strong><em>nempe</em></strong></span> <span class='ocrx_word' id='word_1_88' title='bbox 1381 1161 1575 1220; x_wconf 88' lang='lat' dir='ltr'><strong><em>septem</em></strong></span> <span class='ocrx_word' id='word_1_89' title='bbox 1612 1167 1867 1207; x_wconf 78' lang='lat' dir='ltr'><strong><em>sermones</em></strong></span> <span class='ocrx_word' id='word_1_90' title='bbox 1910 1153 1987 1206; x_wconf 29' lang='lat' dir='ltr'><strong><em>in.</em></strong></span> 
     </span>
    </p>
   </div>
   <div class='ocr_carea' id='block_1_13' title="bbox 341 1239 1969 1313">
    <p class='ocr_par' dir='ltr' id='par_1_13' title="bbox 341 1239 1969 1313">
     <span class='ocr_line' id='line_1_13' title="bbox 341 1239 1969 1313; baseline 0.001 -18"><span class='ocrx_word' id='word_1_91' title='bbox 341 1240 611 1307; x_wconf 84' lang='lat' dir='ltr'><strong><em>Psalmos,</em></strong></span> <span class='ocrx_word' id='word_1_92' title='bbox 646 1255 768 1306; x_wconf 87' lang='lat' dir='ltr'><strong><em>quos</em></strong></span> <span class='ocrx_word' id='word_1_93' title='bbox 797 1239 1156 1305; x_wconf 84' lang='lat' dir='ltr'><strong><em>enumeravit,</em></strong></span> <span class='ocrx_word' id='word_1_94' title='bbox 1190 1255 1299 1295; x_wconf 88' lang='lat' dir='ltr'><strong><em>esse</em></strong></span> <span class='ocrx_word' id='word_1_95' title='bbox 1324 1240 1603 1313; x_wconf 86' lang='lat' dir='ltr'><strong><em>descriptas</em></strong></span> <span class='ocrx_word' id='word_1_96' title='bbox 1629 1258 1693 1296; x_wconf 80' lang='lat' dir='ltr'><strong><em>ea:</em></strong></span> <span class='ocrx_word' id='word_1_97' title='bbox 1719 1241 1780 1297; x_wconf 91' lang='lat' dir='ltr'><strong><em>S.</em></strong></span> <span class='ocrx_word' id='word_1_98' title='bbox 1812 1240 1969 1297; x_wconf 82' lang='lat' dir='ltr'><strong><em>Hila-</em></strong></span> 
     </span>
    </p>
   </div>
   <div class='ocr_carea' id='block_1_14' title="bbox 340 1332 1968 1405">
    <p class='ocr_par' dir='ltr' id='par_1_14' title="bbox 340 1332 1968 1405">
     <span class='ocr_line' id='line_1_14' title="bbox 340 1332 1968 1405; baseline 0.001 -15"><span class='ocrx_word' id='word_1_99' title='bbox 340 1336 411 1390; x_wconf 85' lang='lat' dir='ltr'><strong><em>rii</em></strong></span> <span class='ocrx_word' id='word_1_100' title='bbox 461 1334 839 1388; x_wconf 81' lang='lat' dir='ltr'><strong><em>commentariis</em></strong></span> <span class='ocrx_word' id='word_1_101' title='bbox 860 1375 875 1399; x_wconf 95' lang='lat'><strong><em>,</em></strong></span> <span class='ocrx_word' id='word_1_102' title='bbox 942 1334 1174 1387; x_wconf 76' lang='lat' dir='ltr'><strong><em>dicimus</em></strong></span> <span class='ocrx_word' id='word_1_103' title='bbox 1216 1332 1367 1388; x_wconf 84' lang='lat' dir='ltr'><strong><em>illaut</em></strong></span> <span class='ocrx_word' id='word_1_104' title='bbox 1394 1336 1565 1405; x_wconf 84' lang='lat' dir='ltr'><strong><em>quoad</em></strong></span> <span class='ocrx_word' id='word_1_105' title='bbox 1588 1352 1857 1391; x_wconf 86' lang='lat' dir='ltr'><strong><em>numerum</em></strong></span> <span class='ocrx_word' id='word_1_106' title='bbox 1884 1355 1968 1392; x_wconf 91' lang='lat' dir='ltr'><strong><em>er-</em></strong></span> 
     </span>
    </p>
   </div>
   <div class='ocr_carea' id='block_1_15' title="bbox 340 1422 1968 1491">
    <p class='ocr_par' dir='ltr' id='par_1_15' title="bbox 340 1422 1968 1491">
     <span class='ocr_line' id='line_1_15' title="bbox 340 1422 1968 1491; baseline -0.002 -5"><span class='ocrx_word' id='word_1_107' title='bbox 340 1443 505 1486; x_wconf 82' lang='lat' dir='ltr'><strong><em>rasse.</em></strong></span> <span class='ocrx_word' id='word_1_108' title='bbox 532 1422 800 1483; x_wconf 85' lang='lat' dir='ltr'><strong><em>Sermones</em></strong></span> <span class='ocrx_word' id='word_1_109' title='bbox 818 1426 962 1480; x_wconf 85' lang='lat' dir='ltr'><strong><em>enim</em></strong></span> <span class='ocrx_word' id='word_1_110' title='bbox 988 1427 1044 1479; x_wconf 91' lang='lat' dir='ltr'><strong><em>in</em></strong></span> <span class='ocrx_word' id='word_1_111' title='bbox 1057 1424 1331 1481; x_wconf 86' lang='lat' dir='ltr'><strong><em>Psalmum</em></strong></span> <span class='ocrx_word' id='word_1_112' title='bbox 1354 1444 1419 1483; x_wconf 82' lang='lat' dir='ltr'><strong>Lx</strong></span> <span class='ocrx_word' id='word_1_113' title='bbox 1431 1444 1541 1491; x_wconf 76' lang='lat' dir='ltr'><strong><em>XIX,</em></strong></span> <span class='ocrx_word' id='word_1_114' title='bbox 1565 1439 1610 1482; x_wconf 91' lang='lat' dir='ltr'><strong><em>et</em></strong></span> <span class='ocrx_word' id='word_1_115' title='bbox 1632 1430 1683 1482; x_wconf 88' lang='lat' dir='ltr'><strong><em>in</em></strong></span> <span class='ocrx_word' id='word_1_116' title='bbox 1697 1426 1968 1484; x_wconf 88' lang='lat' dir='ltr'><strong><em>Psalmum</em></strong></span> 
     </span>
    </p>
   </div>
   <div class='ocr_carea' id='block_1_16' title="bbox 340 1517 1970 1589">
    <p class='ocr_par' dir='ltr' id='par_1_16' title="bbox 340 1517 1970 1589">
     <span class='ocr_line' id='line_1_16' title="bbox 340 1517 1970 1589; baseline -0.001 -13"><span class='ocrx_word' id='word_1_117' title='bbox 340 1538 395 1586; x_wconf 89' lang='lat' dir='ltr'><strong><em>c,</em></strong></span> <span class='ocrx_word' id='word_1_118' title='bbox 430 1521 485 1575; x_wconf 85' lang='lat' dir='ltr'><strong><em>in</em></strong></span> <span class='ocrx_word' id='word_1_119' title='bbox 506 1517 897 1574; x_wconf 86' lang='lat' dir='ltr'><strong><em>&#39;commeutariis</em></strong></span> <span class='ocrx_word' id='word_1_120' title='bbox 928 1517 1000 1573; x_wconf 88' lang='lat' dir='ltr'><strong><em>S.</em></strong></span> <span class='ocrx_word' id='word_1_121' title='bbox 1037 1517 1234 1572; x_wconf 80' lang='lat' dir='ltr'><strong><em>Hilarii</em></strong></span> <span class='ocrx_word' id='word_1_122' title='bbox 1267 1537 1376 1575; x_wconf 84' lang='lat' dir='ltr'><strong><em>non</em></strong></span> <span class='ocrx_word' id='word_1_123' title='bbox 1401 1522 1743 1589; x_wconf 89' lang='lat' dir='ltr'><strong><em>reperiuntur.</em></strong></span> <span class='ocrx_word' id='word_1_124' title='bbox 1784 1520 1970 1589; x_wconf 81' lang='lat' dir='ltr'><strong><em>Quoad</em></strong></span> 
     </span>
    </p>
   </div>
   <div class='ocr_carea' id='block_1_17' title="bbox 339 1610 1965 1683">
    <p class='ocr_par' dir='ltr' id='par_1_17' title="bbox 339 1610 1965 1683">
     <span class='ocr_line' id='line_1_17' title="bbox 339 1610 1965 1683; baseline 0.001 -16"><span class='ocrx_word' id='word_1_125' title='bbox 339 1612 571 1683; x_wconf 84' lang='lat' dir='ltr'><strong><em>reliquos</em></strong></span> <span class='ocrx_word' id='word_1_126' title='bbox 599 1611 836 1681; x_wconf 87' lang='lat' dir='ltr'><strong><em>quinque,</em></strong></span> <span class='ocrx_word' id='word_1_127' title='bbox 879 1624 1013 1663; x_wconf 87' lang='lat' dir='ltr'><strong><em>cum</em></strong></span> <span class='ocrx_word' id='word_1_128' title='bbox 1039 1610 1140 1664; x_wconf 92' lang='lat' dir='ltr'><strong><em>duo</em></strong></span> <span class='ocrx_word' id='word_1_129' title='bbox 1168 1627 1442 1667; x_wconf 78' lang='lat' dir='ltr'><strong><em>sermones</em></strong></span> <span class='ocrx_word' id='word_1_130' title='bbox 1466 1611 1531 1667; x_wconf 93' lang='lat' dir='ltr'><strong><em>de</em></strong></span> <span class='ocrx_word' id='word_1_131' title='bbox 1560 1610 1773 1667; x_wconf 90' lang='lat' dir='ltr'><strong><em>Psalmo</em></strong></span> <span class='ocrx_word' id='word_1_132' title='bbox 1800 1628 1965 1679; x_wconf 80' lang='lat' dir='ltr'><strong><em>cxxx,</em></strong></span> 
     </span>
    </p>
   </div>
   <div class='ocr_carea' id='block_1_18' title="bbox 339 1699 1968 1776">
    <p class='ocr_par' dir='ltr' id='par_1_18' title="bbox 339 1699 1968 1776">
     <span class='ocr_line' id='line_1_18' title="bbox 339 1699 1968 1776; baseline 0.001 -17"><span class='ocrx_word' id='word_1_133' title='bbox 339 1707 395 1759; x_wconf 87' lang='lat' dir='ltr'><strong><em>in</em></strong></span> <span class='ocrx_word' id='word_1_134' title='bbox 420 1704 502 1759; x_wconf 82' lang='lat' dir='ltr'><strong><em>his</em></strong></span> <span class='ocrx_word' id='word_1_135' title='bbox 522 1702 830 1758; x_wconf 85' lang='lat' dir='ltr'><strong><em>sermonibus</em></strong></span> <span class='ocrx_word' id='word_1_136' title='bbox 848 1699 1118 1773; x_wconf 86' lang='lat' dir='ltr'><strong><em>legantur.</em></strong></span> <span class='ocrx_word' id='word_1_137' title='bbox 1146 1705 1421 1758; x_wconf 87' lang='lat' dir='ltr'><strong><em>secundus</em></strong></span> <span class='ocrx_word' id='word_1_138' title='bbox 1446 1719 1564 1758; x_wconf 86' lang='lat' dir='ltr'><strong><em>vero</em></strong></span> <span class='ocrx_word' id='word_1_139' title='bbox 1590 1706 1656 1759; x_wconf 91' lang='lat' dir='ltr'><strong><em>sit</em></strong></span> <span class='ocrx_word' id='word_1_140' title='bbox 1685 1707 1834 1761; x_wconf 89' lang='lat' dir='ltr'><strong><em>certis</em></strong></span> <span class='ocrx_word' id='word_1_141' title='bbox 1856 1707 1968 1776; x_wconf 87' lang='lat' dir='ltr'><strong><em>qui—</em></strong></span> 
     </span>
    </p>
   </div>
   <div class='ocr_carea' id='block_1_19' title="bbox 2064 496 3681 573">
    <p class='ocr_par' dir='ltr' id='par_1_19' title="bbox 2064 496 3681 573">
     <span class='ocr_line' id='line_1_19' title="bbox 2064 496 3681 573; baseline 0.008 -24"><span class='ocrx_word' id='word_1_142' title='bbox 2064 497 2214 550; x_wconf 88' lang='lat' dir='ltr'><strong><em>diam</em></strong></span> <span class='ocrx_word' id='word_1_143' title='bbox 2262 498 2429 551; x_wconf 86' lang='lat' dir='ltr'><strong><em>canit.</em></strong></span> <span class='ocrx_word' id='word_1_144' title='bbox 2498 496 2583 551; x_wconf 77' lang='lat' dir='ltr'><strong><em>Ea:</em></strong></span> <span class='ocrx_word' id='word_1_145' title='bbox 2615 516 2716 571; x_wconf 90' lang='lat' dir='ltr'><strong><em>qua</em></strong></span> <span class='ocrx_word' id='word_1_146' title='bbox 2745 500 2937 567; x_wconf 77' lang='lat' dir='ltr'><strong><em>autem,</em></strong></span> <span class='ocrx_word' id='word_1_147' title='bbox 2972 512 3027 556; x_wconf 89' lang='lat' dir='ltr'><strong><em>ut</em></strong></span> <span class='ocrx_word' id='word_1_148' title='bbox 3059 505 3373 573; x_wconf 81' lang='lat' dir='ltr'><strong><em>accepimus,</em></strong></span> <span class='ocrx_word' id='word_1_149' title='bbox 3409 523 3511 560; x_wconf 88' lang='lat' dir='ltr'><strong><em>non</em></strong></span> <span class='ocrx_word' id='word_1_150' title='bbox 3541 510 3681 562; x_wconf 86' lang='lat' dir='ltr'><strong><em>acci-</em></strong></span> 
     </span>
    </p>
   </div>
   <div class='ocr_carea' id='block_1_20' title="bbox 2066 588 3685 670">
    <p class='ocr_par' dir='ltr' id='par_1_20' title="bbox 2066 588 3685 670">
     <span class='ocr_line' id='line_1_20' title="bbox 2066 588 3685 670; baseline 0.008 -28"><span class='ocrx_word' id='word_1_151' title='bbox 2066 592 2142 660; x_wconf 86' lang='lat' dir='ltr'><strong><em>pit</em></strong></span> <span class='ocrx_word' id='word_1_152' title='bbox 2183 588 2490 646; x_wconf 84' lang='lat' dir='ltr'><strong><em>Veronensis</em></strong></span> <span class='ocrx_word' id='word_1_153' title='bbox 2516 590 2745 648; x_wconf 81' lang='lat' dir='ltr'><strong><em>Ecclesia</em></strong></span> <span class='ocrx_word' id='word_1_154' title='bbox 2776 593 2907 648; x_wconf 89' lang='lat' dir='ltr'><strong><em>duos</em></strong></span> <span class='ocrx_word' id='word_1_155' title='bbox 2938 593 3189 665; x_wconf 83' lang='lat' dir='ltr'><strong><em>Zenones,</em></strong></span> <span class='ocrx_word' id='word_1_156' title='bbox 3227 615 3257 650; x_wconf 90' lang='lat' dir='ltr'><strong><em>a</em></strong></span> <span class='ocrx_word' id='word_1_157' title='bbox 3302 600 3467 670; x_wconf 84' lang='lat' dir='ltr'><strong><em>priori</em></strong></span> <span class='ocrx_word' id='word_1_158' title='bbox 3506 612 3685 656; x_wconf 83' lang='lat' dir='ltr'><strong><em>nostra</em></strong></span> 
     </span>
    </p>
   </div>
   <div class='ocr_carea' id='block_1_21' title="bbox 2064 683 3687 747">
    <p class='ocr_par' dir='ltr' id='par_1_21' title="bbox 2064 683 3687 747">
     <span class='ocr_line' id='line_1_21' title="bbox 2064 683 3687 747; baseline 0.006 -10"><span class='ocrx_word' id='word_1_159' title='bbox 2064 683 2322 738; x_wconf 83' lang='lat' dir='ltr'><strong><em>sententia</em></strong></span> <span class='ocrx_word' id='word_1_160' title='bbox 2361 683 2504 737; x_wconf 82' lang='lat' dir='ltr'><strong><em>haud</em></strong></span> <span class='ocrx_word' id='word_1_161' title='bbox 2554 685 2702 739; x_wconf 87' lang='lat' dir='ltr'><strong><em>inviti</em></strong></span> <span class='ocrx_word' id='word_1_162' title='bbox 2770 686 3073 741; x_wconf 81' lang='lat' dir='ltr'><strong><em>recedimus.</em></strong></span> <span class='ocrx_word' id='word_1_163' title='bbox 3142 687 3252 744; x_wconf 81' lang='lat' dir='ltr'><strong><em>Hoc</em></strong></span> <span class='ocrx_word' id='word_1_164' title='bbox 3300 692 3687 747; x_wconf 79' lang='lat' dir='ltr'><strong><em>animadvertit</em></strong></span> 
     </span>
    </p>
   </div>
   <div class='ocr_carea' id='block_1_22' title="bbox 2065 774 3684 852">
    <p class='ocr_par' dir='ltr' id='par_1_22' title="bbox 2065 774 3684 852">
     <span class='ocr_line' id='line_1_22' title="bbox 2065 774 3684 852; baseline 0.004 -21"><span class='ocrx_word' id='word_1_165' title='bbox 2065 774 2476 843; x_wconf 88' lang='lat' dir='ltr'><strong><em>Tillemontius,</em></strong></span> <span class='ocrx_word' id='word_1_166' title='bbox 2514 790 2621 831; x_wconf 90' lang='lat' dir='ltr'><strong><em>non</em></strong></span> <span class='ocrx_word' id='word_1_167' title='bbox 2667 784 2845 831; x_wconf 88' lang='lat' dir='ltr'><strong><em>tamen</em></strong></span> <span class='ocrx_word' id='word_1_168' title='bbox 2874 779 3251 833; x_wconf 75' lang='lat' dir='ltr'><strong><em>animadvertit</em></strong></span> <span class='ocrx_word' id='word_1_169' title='bbox 3274 779 3554 852; x_wconf 76' lang='lat' dir='ltr'><strong><em>U‘ghellus,</em></strong></span> <span class='ocrx_word' id='word_1_170' title='bbox 3582 797 3684 838; x_wconf 89' lang='lat' dir='ltr'><strong><em>nec</em></strong></span> 
     </span>
    </p>
   </div>
   <div class='ocr_carea' id='block_1_23' title="bbox 2066 867 3686 944">
    <p class='ocr_par' dir='ltr' id='par_1_23' title="bbox 2066 867 3686 944">
     <span class='ocr_line' id='line_1_23' title="bbox 2066 867 3686 944; baseline 0.006 -22"><span class='ocrx_word' id='word_1_171' title='bbox 2066 867 2503 938; x_wconf 87' lang='lat' dir='ltr'><strong><em>Papebroebius,</em></strong></span> <span class='ocrx_word' id='word_1_172' title='bbox 2537 870 2625 939; x_wconf 85' lang='lat' dir='ltr'><strong><em>qui</em></strong></span> <span class='ocrx_word' id='word_1_173' title='bbox 2684 867 2970 924; x_wconf 86' lang='lat' dir='ltr'><strong><em>Baronium</em></strong></span> <span class='ocrx_word' id='word_1_174' title='bbox 3016 872 3184 928; x_wconf 89' lang='lat' dir='ltr'><strong><em>citant</em></strong></span> <span class='ocrx_word' id='word_1_175' title='bbox 3234 890 3328 944; x_wconf 88' lang='lat' dir='ltr'><strong><em>pro</em></strong></span> <span class='ocrx_word' id='word_1_176' title='bbox 3379 876 3686 931; x_wconf 84' lang='lat' dir='ltr'><strong><em>assertione</em></strong></span> 
     </span>
    </p>
   </div>
   <div class='ocr_carea' id='block_1_24' title="bbox 2067 957 3683 1032">
    <p class='ocr_par' dir='ltr' id='par_1_24' title="bbox 2067 957 3683 1032">
     <span class='ocr_line' id='line_1_24' title="bbox 2067 957 3683 1032; baseline 0.004 -18"><span class='ocrx_word' id='word_1_177' title='bbox 2067 958 2305 1014; x_wconf 85' lang='lat' dir='ltr'><strong><em>duorum</em></strong></span> <span class='ocrx_word' id='word_1_178' title='bbox 2354 959 2654 1015; x_wconf 90' lang='lat' dir='ltr'><strong><em>Zenonum.</em></strong></span> <span class='ocrx_word' id='word_1_179' title='bbox 2686 957 2813 1015; x_wconf 87' lang='lat' dir='ltr'><strong><em>Sola</em></strong></span> <span class='ocrx_word' id='word_1_180' title='bbox 2845 976 3073 1032; x_wconf 83' lang='lat' dir='ltr'><strong><em>namque</em></strong></span> <span class='ocrx_word' id='word_1_181' title='bbox 3111 961 3166 1019; x_wconf 90' lang='lat' dir='ltr'><strong><em>S.</em></strong></span> <span class='ocrx_word' id='word_1_182' title='bbox 3216 965 3487 1021; x_wconf 84' lang='lat' dir='ltr'><strong><em>Ambrosii</em></strong></span> <span class='ocrx_word' id='word_1_183' title='bbox 3519 966 3683 1023; x_wconf 88' lang='lat' dir='ltr'><strong><em>allata</em></strong></span> 
     </span>
    </p>
   </div>
   <div class='ocr_carea' id='block_1_25' title="bbox 2068 1050 3685 1126">
    <p class='ocr_par' dir='ltr' id='par_1_25' title="bbox 2068 1050 3685 1126">
     <span class='ocr_line' id='line_1_25' title="bbox 2068 1050 3685 1126; baseline 0.007 -22"><span class='ocrx_word' id='word_1_184' title='bbox 2068 1050 2304 1120; x_wconf 88' lang='lat' dir='ltr'><strong><em>epistola</em></strong></span> <span class='ocrx_word' id='word_1_185' title='bbox 2337 1051 2473 1105; x_wconf 89' lang='lat' dir='ltr'><strong><em>duos</em></strong></span> <span class='ocrx_word' id='word_1_186' title='bbox 2505 1050 2795 1108; x_wconf 80' lang='lat' dir='ltr'><strong><em>admittere</em></strong></span> <span class='ocrx_word' id='word_1_187' title='bbox 2837 1051 3099 1120; x_wconf 88' lang='lat' dir='ltr'><strong><em>Zenones,</em></strong></span> <span class='ocrx_word' id='word_1_188' title='bbox 3133 1055 3219 1110; x_wconf 86' lang='lat' dir='ltr'><strong><em>vel</em></strong></span> <span class='ocrx_word' id='word_1_189' title='bbox 3259 1057 3494 1126; x_wconf 89' lang='lat' dir='ltr'><strong><em>priorem</em></strong></span> <span class='ocrx_word' id='word_1_190' title='bbox 3545 1070 3685 1115; x_wconf 83' lang='lat' dir='ltr'><strong><em>tem-</em></strong></span> 
     </span>
    </p>
   </div>
   <div class='ocr_carea' id='block_1_26' title="bbox 2069 1141 3687 1220">
    <p class='ocr_par' dir='ltr' id='par_1_26' title="bbox 2069 1141 3687 1220">
     <span class='ocr_line' id='line_1_26' title="bbox 2069 1141 3687 1220; baseline 0.007 -24"><span class='ocrx_word' id='word_1_191' title='bbox 2069 1158 2209 1214; x_wconf 82' lang='lat' dir='ltr'><strong><em>pore</em></strong></span> <span class='ocrx_word' id='word_1_192' title='bbox 2239 1141 2498 1211; x_wconf 86' lang='lat' dir='ltr'><strong><em>Gallieni,</em></strong></span> <span class='ocrx_word' id='word_1_193' title='bbox 2532 1145 2597 1200; x_wconf 86' lang='lat' dir='ltr'><strong><em>de</em></strong></span> <span class='ocrx_word' id='word_1_194' title='bbox 2634 1144 2815 1200; x_wconf 88' lang='lat' dir='ltr'><strong><em>medio</em></strong></span> <span class='ocrx_word' id='word_1_195' title='bbox 2844 1145 3054 1213; x_wconf 91' lang='lat' dir='ltr'><strong><em>tollere,</em></strong></span> <span class='ocrx_word' id='word_1_196' title='bbox 3090 1158 3151 1201; x_wconf 89' lang='lat' dir='ltr'><strong><em>ut</em></strong></span> <span class='ocrx_word' id='word_1_197' title='bbox 3190 1148 3453 1220; x_wconf 86' lang='lat' dir='ltr'><strong><em>Dupinius</em></strong></span> <span class='ocrx_word' id='word_1_198' title='bbox 3499 1162 3552 1206; x_wconf 90' lang='lat' dir='ltr'><strong><em>et</em></strong></span> <span class='ocrx_word' id='word_1_199' title='bbox 3593 1150 3687 1208; x_wconf 89' lang='lat' dir='ltr'><strong><em>alii</em></strong></span> 
     </span>
    </p>
   </div>
   <div class='ocr_carea' id='block_1_27' title="bbox 2070 1234 3689 1299">
    <p class='ocr_par' dir='ltr' id='par_1_27' title="bbox 2070 1234 3689 1299">
     <span class='ocr_line' id='line_1_27' title="bbox 2070 1234 3689 1299; baseline 0.006 -10"><span class='ocrx_word' id='word_1_200' title='bbox 2070 1246 2269 1289; x_wconf 83' lang='lat' dir='ltr'><strong><em>contra</em></strong></span> <span class='ocrx_word' id='word_1_201' title='bbox 2301 1234 2585 1290; x_wconf 83' lang='lat' dir='ltr'><strong><em>historiam</em></strong></span> <span class='ocrx_word' id='word_1_202' title='bbox 2624 1248 2679 1293; x_wconf 88' lang='lat' dir='ltr'><strong><em>et</em></strong></span> <span class='ocrx_word' id='word_1_203' title='bbox 2727 1237 3071 1292; x_wconf 86' lang='lat' dir='ltr'><strong><em>traditionem</em></strong></span> <span class='ocrx_word' id='word_1_204' title='bbox 3115 1238 3443 1297; x_wconf 79' lang='lat' dir='ltr'><strong><em>Veronensis</em></strong></span> <span class='ocrx_word' id='word_1_205' title='bbox 3500 1243 3689 1299; x_wconf 86' lang='lat' dir='ltr'><strong><em>Eccle-</em></strong></span> 
     </span>
    </p>
   </div>
   <div class='ocr_carea' id='block_1_28' title="bbox 2070 1321 3681 1402">
    <p class='ocr_par' dir='ltr' id='par_1_28' title="bbox 2070 1321 3681 1402">
     <span class='ocr_line' id='line_1_28' title="bbox 2070 1321 3681 1402; baseline 0.008 -25"><span class='ocrx_word' id='word_1_206' title='bbox 2070 1321 2170 1378; x_wconf 67' lang='lat' dir='ltr'><strong><em>sise</em></strong></span> <span class='ocrx_word' id='word_1_207' title='bbox 2212 1327 2572 1392; x_wconf 79' lang='lat' dir='ltr'><strong><em>Contendant,</em></strong></span> <span class='ocrx_word' id='word_1_208' title='bbox 2620 1327 2851 1383; x_wconf 85' lang='lat' dir='ltr'><strong><em>arduum</em></strong></span> <span class='ocrx_word' id='word_1_209' title='bbox 2897 1342 3029 1384; x_wconf 83' lang='lat' dir='ltr'><strong><em>sane</em></strong></span> <span class='ocrx_word' id='word_1_210' title='bbox 3070 1340 3172 1386; x_wconf 91' lang='lat' dir='ltr'><strong><em>est.</em></strong></span> <span class='ocrx_word' id='word_1_211' title='bbox 3209 1331 3472 1389; x_wconf 86' lang='lat' dir='ltr'><strong><em>Baronius</em></strong></span> <span class='ocrx_word' id='word_1_212' title='bbox 3512 1335 3681 1402; x_wconf 88' lang='lat' dir='ltr'><strong><em>enim,</em></strong></span> 
     </span>
    </p>
   </div>
   <div class='ocr_carea' id='block_1_29' title="bbox 2070 1408 3691 1496">
    <p class='ocr_par' dir='ltr' id='par_1_29' title="bbox 2070 1408 3691 1496">
     <span class='ocr_line' id='line_1_29' title="bbox 2070 1408 3691 1496; baseline 0.007 -24"><span class='ocrx_word' id='word_1_213' title='bbox 2070 1418 2166 1488; x_wconf 88' lang='lat' dir='ltr'><strong><em>qui</em></strong></span> <span class='ocrx_word' id='word_1_214' title='bbox 2198 1408 2256 1474; x_wconf 84' lang='lat' dir='ltr'><strong><em>S.</em></strong></span> <span class='ocrx_word' id='word_1_215' title='bbox 2294 1420 2564 1476; x_wconf 82' lang='lat' dir='ltr'><strong><em>Ambrosii</em></strong></span> <span class='ocrx_word' id='word_1_216' title='bbox 2612 1422 2897 1491; x_wconf 81' lang='lat' dir='ltr'><strong><em>epistolam</em></strong></span> <span class='ocrx_word' id='word_1_217' title='bbox 2941 1422 3168 1488; x_wconf 85' lang='lat' dir='ltr'><strong><em>viderat,</em></strong></span> <span class='ocrx_word' id='word_1_218' title='bbox 3199 1424 3421 1496; x_wconf 85' lang='lat' dir='ltr'><strong><em>ejusque</em></strong></span> <span class='ocrx_word' id='word_1_219' title='bbox 3451 1429 3691 1483; x_wconf 88' lang='lat' dir='ltr'><strong><em>auctori-</em></strong></span> 
     </span>
    </p>
   </div>
   <div class='ocr_carea' id='block_1_30' title="bbox 2072 1513 3686 1591">
    <p class='ocr_par' dir='ltr' id='par_1_30' title="bbox 2072 1513 3686 1591">
     <span class='ocr_line' id='line_1_30' title="bbox 2072 1513 3686 1591; baseline 0.006 -24"><span class='ocrx_word' id='word_1_220' title='bbox 2072 1518 2186 1567; x_wconf 84' lang='lat' dir='ltr'><strong><em>tate</em></strong></span> <span class='ocrx_word' id='word_1_221' title='bbox 2228 1513 2377 1568; x_wconf 87' lang='lat' dir='ltr'><strong><em>litem</em></strong></span> <span class='ocrx_word' id='word_1_222' title='bbox 2407 1516 2657 1586; x_wconf 89' lang='lat' dir='ltr'><strong><em>componi</em></strong></span> <span class='ocrx_word' id='word_1_223' title='bbox 2687 1516 2756 1571; x_wconf 84' lang='lat' dir='ltr'><strong><em>de</em></strong></span> <span class='ocrx_word' id='word_1_224' title='bbox 2787 1516 3131 1572; x_wconf 91' lang='lat' dir='ltr'><strong><em>sermonibus</em></strong></span> <span class='ocrx_word' id='word_1_225' title='bbox 3160 1518 3216 1574; x_wconf 95' lang='grc'><strong><em>8.</em></strong></span> <span class='ocrx_word' id='word_1_226' title='bbox 3248 1517 3483 1576; x_wconf 84' lang='lat' dir='ltr'><strong><em>Zenonis</em></strong></span> <span class='ocrx_word' id='word_1_227' title='bbox 3522 1538 3686 1591; x_wconf 77' lang='lat' dir='ltr'><strong><em>posse</em></strong></span> 
     </span>
    </p>
   </div>
   <div class='ocr_carea' id='block_1_31' title="bbox 2074 1607 3683 1674">
    <p class='ocr_par' dir='ltr' id='par_1_31' title="bbox 2074 1607 3683 1674">
     <span class='ocr_line' id='line_1_31' title="bbox 2074 1607 3683 1674; baseline 0.006 -16"><span class='ocrx_word' id='word_1_228' title='bbox 2074 1614 2315 1674; x_wconf 87' lang='lat' dir='ltr'><strong><em>putarat,</em></strong></span> <span class='ocrx_word' id='word_1_229' title='bbox 2345 1622 2467 1661; x_wconf 91' lang='lat' dir='ltr'><strong><em>cum</em></strong></span> <span class='ocrx_word' id='word_1_230' title='bbox 2513 1608 2716 1664; x_wconf 90' lang='lat' dir='ltr'><strong><em>audivit</em></strong></span> <span class='ocrx_word' id='word_1_231' title='bbox 2761 1607 3127 1673; x_wconf 84' lang='lat' dir='ltr'><strong><em>Veronensem</em></strong></span> <span class='ocrx_word' id='word_1_232' title='bbox 3175 1610 3472 1667; x_wconf 79' lang='lat' dir='ltr'><strong><em>Ecclesium</em></strong></span> <span class='ocrx_word' id='word_1_233' title='bbox 3517 1630 3683 1669; x_wconf 90' lang='lat' dir='ltr'><strong><em>unum</em></strong></span> 
     </span>
    </p>
   </div>
   <div class='ocr_carea' id='block_1_32' title="bbox 2074 1700 3688 1770">
    <p class='ocr_par' dir='ltr' id='par_1_32' title="bbox 2074 1700 3688 1770">
     <span class='ocr_line' id='line_1_32' title="bbox 2074 1700 3688 1770; baseline 0.007 -20"><span class='ocrx_word' id='word_1_234' title='bbox 2074 1706 2289 1753; x_wconf 85' lang='lat' dir='ltr'><strong><em>tantum</em></strong></span> <span class='ocrx_word' id='word_1_235' title='bbox 2336 1701 2578 1769; x_wconf 88' lang='lat' dir='ltr'><strong><em>recipere</em></strong></span> <span class='ocrx_word' id='word_1_236' title='bbox 2604 1700 2907 1765; x_wconf 88' lang='lat' dir='ltr'><strong><em>Zenonem,</em></strong></span> <span class='ocrx_word' id='word_1_237' title='bbox 2937 1700 3006 1756; x_wconf 86' lang='lat' dir='ltr'><strong><em>ab</em></strong></span> <span class='ocrx_word' id='word_1_238' title='bbox 3031 1705 3285 1770; x_wconf 79' lang='lat' dir='ltr'><strong><em>Opinione</em></strong></span> <span class='ocrx_word' id='word_1_239' title='bbox 3328 1704 3553 1759; x_wconf 89' lang='lat' dir='ltr'><strong><em>duorum</em></strong></span> <span class='ocrx_word' id='word_1_240' title='bbox 3584 1705 3688 1762; x_wconf 93' lang='lat' dir='ltr'><strong><em>Ze-</em></strong></span> 
     </span>
    </p>
   </div>
   <div class='ocr_carea' id='block_1_33' title="bbox 343 1790 3687 1868">
    <p class='ocr_par' dir='ltr' id='par_1_33' title="bbox 343 1790 3687 1868">
     <span class='ocr_line' id='line_1_33' title="bbox 343 1790 3687 1868; baseline 0.001 -18"><span class='ocrx_word' id='word_1_241' title='bbox 343 1798 559 1853; x_wconf 79' lang='lat' dir='ltr'><strong><em>busdam</em></strong></span> <span class='ocrx_word' id='word_1_242' title='bbox 582 1794 850 1862; x_wconf 84' lang='lat' dir='ltr'><strong><em>vocabulis,</em></strong></span> <span class='ocrx_word' id='word_1_243' title='bbox 879 1802 934 1847; x_wconf 78' lang='lat' dir='ltr'><strong><em>et</em></strong></span> <span class='ocrx_word' id='word_1_244' title='bbox 958 1790 1136 1848; x_wconf 77' lang='lat' dir='ltr'><strong><em>iisdem</em></strong></span> <span class='ocrx_word' id='word_1_245' title='bbox 1153 1799 1277 1867; x_wconf 81' lang='lat' dir='ltr'><strong><em>fere</em></strong></span> <span class='ocrx_word' id='word_1_246' title='bbox 1298 1797 1563 1850; x_wconf 79' lang='lat' dir='ltr'><strong><em>sententiis</em></strong></span> <span class='ocrx_word' id='word_1_247' title='bbox 1580 1797 1761 1852; x_wconf 85' lang='lat' dir='ltr'><strong><em>similis</em></strong></span> <span class='ocrx_word' id='word_1_248' title='bbox 1778 1798 1960 1868; x_wconf 75' lang='lat' dir='ltr'><strong><em>priori,</em></strong></span> <span class='ocrx_word' id='word_1_249' title='bbox 1996 1795 2043 1855; x_wconf 92' lang='lat' dir='ltr'><strong>B</strong></span> <span class='ocrx_word' id='word_1_250' title='bbox 2071 1794 2291 1844; x_wconf 85' lang='lat' dir='ltr'><strong><em>nouu&#39;nr</em></strong></span> <span class='ocrx_word' id='word_1_251' title='bbox 2315 1791 2561 1847; x_wconf 86' lang='lat' dir='ltr'><strong><em>recessit.</em></strong></span> <span class='ocrx_word' id='word_1_252' title='bbox 2592 1792 2768 1848; x_wconf 82' lang='lat' dir='ltr'><strong><em>Verba</em></strong></span> <span class='ocrx_word' id='word_1_253' title='bbox 2800 1803 2979 1847; x_wconf 88' lang='lat' dir='ltr'><strong><em>autem</em></strong></span> <span class='ocrx_word' id='word_1_254' title='bbox 3007 1792 3061 1849; x_wconf 96' lang='grc'><strong><em>8.</em></strong></span> <span class='ocrx_word' id='word_1_255' title='bbox 3095 1796 3386 1863; x_wconf 85' lang='lat' dir='ltr'><strong><em>Ambrosii,</em></strong></span> <span class='ocrx_word' id='word_1_256' title='bbox 3418 1796 3532 1853; x_wconf 78' lang='lat' dir='ltr'><strong><em>iuno</em></strong></span> <span class='ocrx_word' id='word_1_257' title='bbox 3557 1798 3687 1855; x_wconf 83' lang='lat' dir='ltr'><strong><em>sunt</em></strong></span> 
     </span>
    </p>
   </div>
   <div class='ocr_carea' id='block_1_34' title="bbox 339 1886 2007 1971">
    <p class='ocr_par' dir='ltr' id='par_1_34' title="bbox 339 1886 2007 1971">
     <span class='ocr_line' id='line_1_34' title="bbox 339 1886 2007 1971; baseline -0.002 -24"><span class='ocrx_word' id='word_1_258' title='bbox 339 1894 434 1963; x_wconf 81' lang='lat' dir='ltr'><strong><em>qui</em></strong></span> <span class='ocrx_word' id='word_1_259' title='bbox 458 1891 657 1963; x_wconf 84' lang='lat' dir='ltr'><strong><em>quidem</em></strong></span> <span class='ocrx_word' id='word_1_260' title='bbox 681 1888 819 1959; x_wconf 84' lang='lat' dir='ltr'><strong><em>prior</em></strong></span> <span class='ocrx_word' id='word_1_261' title='bbox 841 1888 896 1941; x_wconf 85' lang='lat' dir='ltr'><strong><em>in</em></strong></span> <span class='ocrx_word' id='word_1_262' title='bbox 928 1889 1334 1943; x_wconf 87' lang='lat' dir='ltr'><strong><em>canuuentariis</em></strong></span> <span class='ocrx_word' id='word_1_263' title='bbox 1366 1887 1427 1944; x_wconf 87' lang='lat' dir='ltr'><strong><em>S.</em></strong></span> <span class='ocrx_word' id='word_1_264' title='bbox 1472 1886 1662 1943; x_wconf 81' lang='lat' dir='ltr'><strong><em>Hilarii</em></strong></span> <span class='ocrx_word' id='word_1_265' title='bbox 1688 1907 1787 1943; x_wconf 88' lang='lat' dir='ltr'><strong><em>non</em></strong></span> <span class='ocrx_word' id='word_1_266' title='bbox 1814 1907 1962 1958; x_wconf 85' lang='lat' dir='ltr'><strong><em>repe-</em></strong></span> <span class='ocrx_word' id='word_1_267' title='bbox 1998 1942 2007 1971; x_wconf 30' lang='grc' dir='ltr'><strong>ς</strong></span> 
     </span>
    </p>
   </div>
   <div class='ocr_carea' id='block_1_35' title="bbox 341 1979 1968 2049">
    <p class='ocr_par' dir='ltr' id='par_1_35' title="bbox 341 1979 1968 2049">
     <span class='ocr_line' id='line_1_35' title="bbox 341 1979 1968 2049; baseline -0.002 -9"><span class='ocrx_word' id='word_1_268' title='bbox 341 1987 500 2049; x_wconf 83' lang='lat' dir='ltr'><strong><em>ritur,</em></strong></span> <span class='ocrx_word' id='word_1_269' title='bbox 531 2001 641 2040; x_wconf 83' lang='lat' dir='ltr'><strong><em>eum</em></strong></span> <span class='ocrx_word' id='word_1_270' title='bbox 672 1984 840 2049; x_wconf 85' lang='lat' dir='ltr'><strong><em>etiam,</em></strong></span> <span class='ocrx_word' id='word_1_271' title='bbox 868 1979 1153 2036; x_wconf 87' lang='lat' dir='ltr'><strong><em>secundum</em></strong></span> <span class='ocrx_word' id='word_1_272' title='bbox 1188 1980 1418 2047; x_wconf 84' lang='lat' dir='ltr'><strong><em>scilicet,</em></strong></span> <span class='ocrx_word' id='word_1_273' title='bbox 1459 1981 1677 2035; x_wconf 86' lang='lat' dir='ltr'><strong><em>dicimus</em></strong></span> <span class='ocrx_word' id='word_1_274' title='bbox 1720 1998 1750 2034; x_wconf 91' lang='lat' dir='ltr'><strong><em>a</em></strong></span> <span class='ocrx_word' id='word_1_275' title='bbox 1782 1980 1843 2037; x_wconf 84' lang='lat' dir='ltr'><strong><em>S.</em></strong></span> <span class='ocrx_word' id='word_1_276' title='bbox 1868 1981 1968 2037; x_wconf 87' lang='lat' dir='ltr'><strong><em>Ze—</em></strong></span> 
     </span>
    </p>
   </div>
   <div class='ocr_carea' id='block_1_36' title="bbox 344 2074 1969 2149">
    <p class='ocr_par' dir='ltr' id='par_1_36' title="bbox 344 2074 1969 2149">
     <span class='ocr_line' id='line_1_36' title="bbox 344 2074 1969 2149; baseline -0.006 -14"><span class='ocrx_word' id='word_1_277' title='bbox 344 2096 484 2135; x_wconf 78' lang='lat' dir='ltr'><strong><em>none</em></strong></span> <span class='ocrx_word' id='word_1_278' title='bbox 508 2094 643 2133; x_wconf 88' lang='lat' dir='ltr'><strong><em>more</em></strong></span> <span class='ocrx_word' id='word_1_279' title='bbox 667 2093 757 2133; x_wconf 88' lang='lat' dir='ltr'><strong><em>suo</em></strong></span> <span class='ocrx_word' id='word_1_280' title='bbox 786 2076 948 2149; x_wconf 79' lang='lat' dir='ltr'><strong><em>fuisse</em></strong></span> <span class='ocrx_word' id='word_1_281' title='bbox 973 2074 1146 2144; x_wconf 90' lang='lat' dir='ltr'><strong><em>aliqua</em></strong></span> <span class='ocrx_word' id='word_1_282' title='bbox 1178 2074 1393 2127; x_wconf 86' lang='lat' dir='ltr'><strong><em>ratione</em></strong></span> <span class='ocrx_word' id='word_1_283' title='bbox 1423 2074 1714 2142; x_wconf 84' lang='lat' dir='ltr'><strong><em>repetitum,</em></strong></span> <span class='ocrx_word' id='word_1_284' title='bbox 1739 2080 1785 2126; x_wconf 86' lang='lat' dir='ltr'><strong><em>et</em></strong></span> <span class='ocrx_word' id='word_1_285' title='bbox 1813 2091 1969 2145; x_wconf 86' lang='lat' dir='ltr'><strong><em>prop-</em></strong></span> 
     </span>
    </p>
   </div>
   <div class='ocr_carea' id='block_1_37' title="bbox 346 2165 1970 2241">
    <p class='ocr_par' dir='ltr' id='par_1_37' title="bbox 346 2165 1970 2241">
     <span class='ocr_line' id='line_1_37' title="bbox 346 2165 1970 2241; baseline -0.004 -13"><span class='ocrx_word' id='word_1_286' title='bbox 346 2183 492 2228; x_wconf 83' lang='lat' dir='ltr'><strong><em>terea</em></strong></span> <span class='ocrx_word' id='word_1_287' title='bbox 513 2173 581 2226; x_wconf 90' lang='lat' dir='ltr'><strong><em>ad</em></strong></span> <span class='ocrx_word' id='word_1_288' title='bbox 604 2172 751 2225; x_wconf 88' lang='lat' dir='ltr'><strong><em>illum</em></strong></span> <span class='ocrx_word' id='word_1_289' title='bbox 781 2169 1075 2241; x_wconf 85' lang='lat' dir='ltr'><strong><em>pertinere;</em></strong></span> <span class='ocrx_word' id='word_1_290' title='bbox 1105 2167 1198 2222; x_wconf 85' lang='lat' dir='ltr'><strong><em>sed</em></strong></span> <span class='ocrx_word' id='word_1_291' title='bbox 1221 2168 1279 2219; x_wconf 89' lang='lat' dir='ltr'><strong><em>in</em></strong></span> <span class='ocrx_word' id='word_1_292' title='bbox 1309 2165 1685 2219; x_wconf 80' lang='lat' dir='ltr'><strong><em>commentariis</em></strong></span> <span class='ocrx_word' id='word_1_293' title='bbox 1717 2166 1777 2221; x_wconf 89' lang='lat' dir='ltr'><strong><em>S.</em></strong></span> <span class='ocrx_word' id='word_1_294' title='bbox 1820 2165 1970 2221; x_wconf 84' lang='lat' dir='ltr'><strong><em>Hila—</em></strong></span> 
     </span>
    </p>
   </div>
   <div class='ocr_carea' id='block_1_38' title="bbox 346 2258 1971 2335">
    <p class='ocr_par' dir='ltr' id='par_1_38' title="bbox 346 2258 1971 2335">
     <span class='ocr_line' id='line_1_38' title="bbox 346 2258 1971 2335; baseline -0.004 -14"><span class='ocrx_word' id='word_1_295' title='bbox 346 2268 419 2322; x_wconf 86' lang='lat' dir='ltr'><strong><em>rii</em></strong></span> <span class='ocrx_word' id='word_1_296' title='bbox 460 2267 524 2319; x_wconf 87' lang='lat' dir='ltr'><strong><em>ab</em></strong></span> <span class='ocrx_word' id='word_1_297' title='bbox 553 2266 723 2335; x_wconf 86' lang='lat' dir='ltr'><strong><em>aliqua</em></strong></span> <span class='ocrx_word' id='word_1_298' title='bbox 757 2264 919 2335; x_wconf 76' lang='lat' dir='ltr'><strong><em>fuisse</em></strong></span> <span class='ocrx_word' id='word_1_299' title='bbox 947 2262 1200 2316; x_wconf 86' lang='lat' dir='ltr'><strong><em>insertum</em></strong></span> <span class='ocrx_word' id='word_1_300' title='bbox 1223 2300 1239 2326; x_wconf 88' lang='lat'><strong><em>,</em></strong></span> <span class='ocrx_word' id='word_1_301' title='bbox 1286 2258 1718 2329; x_wconf 82' lang='lat' dir='ltr'><strong><em>quemadmodum</em></strong></span> <span class='ocrx_word' id='word_1_302' title='bbox 1744 2260 1971 2315; x_wconf 85' lang='lat' dir='ltr'><strong><em>videmus</em></strong></span> 
     </span>
    </p>
   </div>
   <div class='ocr_carea' id='block_1_39' title="bbox 346 2351 1964 2428">
    <p class='ocr_par' dir='ltr' id='par_1_39' title="bbox 346 2351 1964 2428">
     <span class='ocr_line' id='line_1_39' title="bbox 346 2351 1964 2428; baseline -0.006 -13"><span class='ocrx_word' id='word_1_303' title='bbox 346 2363 492 2416; x_wconf 83' lang='lat' dir='ltr'><strong><em>inter</em></strong></span> <span class='ocrx_word' id='word_1_304' title='bbox 522 2358 694 2428; x_wconf 83' lang='lat' dir='ltr'><strong><em>Opera</em></strong></span> <span class='ocrx_word' id='word_1_305' title='bbox 729 2356 1071 2427; x_wconf 83' lang='lat' dir='ltr'><strong><em>Hieronymi,</em></strong></span> <span class='ocrx_word' id='word_1_306' title='bbox 1106 2353 1420 2424; x_wconf 83' lang='lat' dir='ltr'><strong><em>Augustini,</em></strong></span> <span class='ocrx_word' id='word_1_307' title='bbox 1455 2360 1503 2404; x_wconf 90' lang='lat' dir='ltr'><strong><em>et</em></strong></span> <span class='ocrx_word' id='word_1_308' title='bbox 1541 2351 1829 2421; x_wconf 84' lang='lat' dir='ltr'><strong><em>aliquarum</em></strong></span> <span class='ocrx_word' id='word_1_309' title='bbox 1857 2351 1964 2408; x_wconf 88' lang='lat' dir='ltr'><strong><em>SS.</em></strong></span> 
     </span>
    </p>
   </div>
   <div class='ocr_carea' id='block_1_40' title="bbox 349 2444 1974 2515">
    <p class='ocr_par' dir='ltr' id='par_1_40' title="bbox 349 2444 1974 2515">
     <span class='ocr_line' id='line_1_40' title="bbox 349 2444 1974 2515; baseline -0.008 -5"><span class='ocrx_word' id='word_1_310' title='bbox 349 2455 483 2512; x_wconf 84' lang='lat' dir='ltr'><strong><em>PP.</em></strong></span> <span class='ocrx_word' id='word_1_311' title='bbox 520 2454 784 2507; x_wconf 81' lang='lat' dir='ltr'><strong><em>conciones</em></strong></span> <span class='ocrx_word' id='word_1_312' title='bbox 825 2460 873 2505; x_wconf 90' lang='lat' dir='ltr'><strong><em>et</em></strong></span> <span class='ocrx_word' id='word_1_313' title='bbox 900 2448 1103 2504; x_wconf 87' lang='lat' dir='ltr'><strong><em>libellos</em></strong></span> <span class='ocrx_word' id='word_1_314' title='bbox 1131 2463 1232 2500; x_wconf 86' lang='lat' dir='ltr'><strong><em>non</em></strong></span> <span class='ocrx_word' id='word_1_315' title='bbox 1250 2444 1579 2515; x_wconf 79' lang='lat' dir='ltr'><strong><em>&#39;ignobilium</em></strong></span> <span class='ocrx_word' id='word_1_316' title='bbox 1605 2453 1873 2498; x_wconf 87' lang='lat' dir='ltr'><strong><em>auctorum</em></strong></span> <span class='ocrx_word' id='word_1_317' title='bbox 1900 2446 1974 2497; x_wconf 88' lang='lat' dir='ltr'><strong><em>ir—</em></strong></span> 
     </span>
    </p>
   </div>
   <div class='ocr_carea' id='block_1_41' title="bbox 350 2536 1973 2619">
    <p class='ocr_par' dir='ltr' id='par_1_41' title="bbox 350 2536 1973 2619">
     <span class='ocr_line' id='line_1_41' title="bbox 350 2536 1973 2619; baseline -0.007 -16"><span class='ocrx_word' id='word_1_318' title='bbox 350 2550 601 2619; x_wconf 82' lang='lat' dir='ltr'><strong><em>repsisse.</em></strong></span> <span class='ocrx_word' id='word_1_319' title='bbox 634 2546 712 2601; x_wconf 79' lang='lat' dir='ltr'><strong><em>An</em></strong></span> <span class='ocrx_word' id='word_1_320' title='bbox 743 2560 864 2599; x_wconf 82' lang='lat' dir='ltr'><strong><em>vero</em></strong></span> <span class='ocrx_word' id='word_1_321' title='bbox 884 2542 1073 2610; x_wconf 87' lang='lat' dir='ltr'><strong><em>reliqui</em></strong></span> <span class='ocrx_word' id='word_1_322' title='bbox 1098 2548 1319 2611; x_wconf 86' lang='lat' dir='ltr'><strong><em>quatuor</em></strong></span> <span class='ocrx_word' id='word_1_323' title='bbox 1344 2536 1523 2593; x_wconf 84' lang='lat' dir='ltr'><strong><em>eadem</em></strong></span> <span class='ocrx_word' id='word_1_324' title='bbox 1551 2539 1751 2592; x_wconf 86' lang='lat' dir='ltr'><strong><em>ratione</em></strong></span> <span class='ocrx_word' id='word_1_325' title='bbox 1780 2539 1973 2610; x_wconf 82' lang='lat' dir='ltr'><strong><em>fuerint</em></strong></span> 
     </span>
    </p>
   </div>
   <div class='ocr_carea' id='block_1_42' title="bbox 350 2632 1968 2703">
    <p class='ocr_par' dir='ltr' id='par_1_42' title="bbox 350 2632 1968 2703">
     <span class='ocr_line' id='line_1_42' title="bbox 350 2632 1968 2703; baseline -0.007 -6"><span class='ocrx_word' id='word_1_326' title='bbox 350 2642 623 2697; x_wconf 82' lang='lat' dir='ltr'><strong><em>iniisdem</em></strong></span> <span class='ocrx_word' id='word_1_327' title='bbox 664 2638 1053 2693; x_wconf 86' lang='lat' dir='ltr'><strong><em>commentariis</em></strong></span> <span class='ocrx_word' id='word_1_328' title='bbox 1087 2632 1287 2698; x_wconf 84' lang='lat' dir='ltr'><strong><em>inserti,</em></strong></span> <span class='ocrx_word' id='word_1_329' title='bbox 1322 2632 1543 2685; x_wconf 85' lang='lat' dir='ltr'><strong><em>aliarum</em></strong></span> <span class='ocrx_word' id='word_1_330' title='bbox 1588 2633 1651 2686; x_wconf 92' lang='lat' dir='ltr'><strong><em>sit</em></strong></span> <span class='ocrx_word' id='word_1_331' title='bbox 1686 2632 1968 2703; x_wconf 88' lang='lat' dir='ltr'><strong><em>judicium.</em></strong></span> 
     </span>
    </p>
   </div>
   <div class='ocr_carea' id='block_1_43' title="bbox 352 2722 1974 2806">
    <p class='ocr_par' dir='ltr' id='par_1_43' title="bbox 352 2722 1974 2806">
     <span class='ocr_line' id='line_1_43' title="bbox 352 2722 1974 2806; baseline -0.01 -13"><span class='ocrx_word' id='word_1_332' title='bbox 352 2737 419 2793; x_wconf 87' lang='lat' dir='ltr'><strong><em>Si</em></strong></span> <span class='ocrx_word' id='word_1_333' title='bbox 452 2750 587 2806; x_wconf 85' lang='lat' dir='ltr'><strong><em>ergo</em></strong></span> <span class='ocrx_word' id='word_1_334' title='bbox 615 2735 843 2790; x_wconf 86' lang='lat' dir='ltr'><strong><em>aliorum</em></strong></span> <span class='ocrx_word' id='word_1_335' title='bbox 870 2730 1081 2801; x_wconf 86' lang='lat' dir='ltr'><strong><em>judicio</em></strong></span> <span class='ocrx_word' id='word_1_336' title='bbox 1106 2734 1252 2781; x_wconf 80' lang='lat' dir='ltr'><strong><em>stare</em></strong></span> <span class='ocrx_word' id='word_1_337' title='bbox 1281 2738 1385 2779; x_wconf 90' lang='lat' dir='ltr'><strong><em>non</em></strong></span> <span class='ocrx_word' id='word_1_338' title='bbox 1416 2735 1680 2790; x_wconf 89' lang='lat' dir='ltr'><strong><em>renuunt,</em></strong></span> <span class='ocrx_word' id='word_1_339' title='bbox 1712 2735 1766 2779; x_wconf 90' lang='lat' dir='ltr'><strong><em>et</em></strong></span> <span class='ocrx_word' id='word_1_340' title='bbox 1792 2722 1859 2779; x_wconf 82' lang='lat' dir='ltr'><strong><em>ile</em></strong></span> <span class='ocrx_word' id='word_1_341' title='bbox 1891 2724 1974 2778; x_wconf 74' lang='lat' dir='ltr'><strong><em>his</em></strong></span> 
     </span>
    </p>
   </div>
   <div class='ocr_carea' id='block_1_44' title="bbox 356 2820 1977 2902">
    <p class='ocr_par' dir='ltr' id='par_1_44' title="bbox 356 2820 1977 2902">
     <span class='ocr_line' id='line_1_44' title="bbox 356 2820 1977 2902; baseline -0.009 -14"><span class='ocrx_word' id='word_1_342' title='bbox 356 2832 431 2888; x_wconf 81' lang='lat' dir='ltr'><strong><em>de</em></strong></span> <span class='ocrx_word' id='word_1_343' title='bbox 461 2830 660 2902; x_wconf 83' lang='lat' dir='ltr'><strong><em>quibus</em></strong></span> <span class='ocrx_word' id='word_1_344' title='bbox 686 2828 970 2883; x_wconf 85' lang='lat' dir='ltr'><strong><em>dubitatur</em></strong></span> <span class='ocrx_word' id='word_1_345' title='bbox 1006 2820 1349 2878; x_wconf 83' lang='lat' dir='ltr'><strong><em>sermonibus</em></strong></span> <span class='ocrx_word' id='word_1_346' title='bbox 1383 2820 1573 2874; x_wconf 89' lang='lat' dir='ltr'><strong><em>nolunt</em></strong></span> <span class='ocrx_word' id='word_1_347' title='bbox 1598 2834 1720 2874; x_wconf 90' lang='lat' dir='ltr'><strong><em>esse</em></strong></span> <span class='ocrx_word' id='word_1_348' title='bbox 1750 2826 1977 2875; x_wconf 85' lang='lat' dir='ltr'><strong><em>conten-</em></strong></span> 
     </span>
    </p>
   </div>
   <div class='ocr_carea' id='block_1_45' title="bbox 361 2911 1972 2988">
    <p class='ocr_par' dir='ltr' id='par_1_45' title="bbox 361 2911 1972 2988">
     <span class='ocr_line' id='line_1_45' title="bbox 361 2911 1972 2988; baseline -0.009 -9"><span class='ocrx_word' id='word_1_349' title='bbox 361 2924 491 2980; x_wconf 90' lang='lat' dir='ltr'><strong><em>tiosi</em></strong></span> <span class='ocrx_word' id='word_1_350' title='bbox 528 2941 539 2974; x_wconf 86' lang='lat'><strong>:</strong></span> <span class='ocrx_word' id='word_1_351' title='bbox 570 2937 676 2977; x_wconf 91' lang='lat' dir='ltr'><strong><em>non</em></strong></span> <span class='ocrx_word' id='word_1_352' title='bbox 726 2935 791 2975; x_wconf 88' lang='lat' dir='ltr'><strong><em>ea</em></strong></span> <span class='ocrx_word' id='word_1_353' title='bbox 832 2918 998 2988; x_wconf 74' lang='lat' dir='ltr'><strong><em>igitur</em></strong></span> <span class='ocrx_word' id='word_1_354' title='bbox 1038 2915 1275 2984; x_wconf 83' lang='lat' dir='ltr'><strong><em>Bagattae</em></strong></span> <span class='ocrx_word' id='word_1_355' title='bbox 1320 2921 1375 2967; x_wconf 90' lang='lat' dir='ltr'><strong><em>et</em></strong></span> <span class='ocrx_word' id='word_1_356' title='bbox 1421 2911 1620 2967; x_wconf 85' lang='lat' dir='ltr'><strong><em>Peretti</em></strong></span> <span class='ocrx_word' id='word_1_357' title='bbox 1656 2927 1810 2966; x_wconf 89' lang='lat' dir='ltr'><strong><em>mens</em></strong></span> <span class='ocrx_word' id='word_1_358' title='bbox 1856 2921 1972 2978; x_wconf 89' lang='lat' dir='ltr'><strong><em>est,</em></strong></span> 
     </span>
    </p>
   </div>
   <div class='ocr_carea' id='block_1_46' title="bbox 361 3000 1981 3088">
    <p class='ocr_par' dir='ltr' id='par_1_46' title="bbox 361 3000 1981 3088">
     <span class='ocr_line' id='line_1_46' title="bbox 361 3000 1981 3088; baseline -0.011 -14"><span class='ocrx_word' id='word_1_359' title='bbox 361 3028 428 3074; x_wconf 86' lang='lat' dir='ltr'><strong><em>ut</em></strong></span> <span class='ocrx_word' id='word_1_360' title='bbox 458 3017 687 3088; x_wconf 85' lang='lat' dir='ltr'><strong><em>probent</em></strong></span> <span class='ocrx_word' id='word_1_361' title='bbox 718 3026 915 3070; x_wconf 91' lang='lat' dir='ltr'><strong><em>omnes</em></strong></span> <span class='ocrx_word' id='word_1_362' title='bbox 946 3019 1231 3065; x_wconf 87' lang='lat' dir='ltr'><strong><em>sermones</em></strong></span> <span class='ocrx_word' id='word_1_363' title='bbox 1269 3003 1325 3060; x_wconf 93' lang='lat' dir='ltr'><strong><em>S.</em></strong></span> <span class='ocrx_word' id='word_1_364' title='bbox 1356 3000 1560 3059; x_wconf 88' lang='lat' dir='ltr'><strong><em>Zenoni</em></strong></span> <span class='ocrx_word' id='word_1_365' title='bbox 1589 3019 1710 3060; x_wconf 89' lang='lat' dir='ltr'><strong><em>esse</em></strong></span> <span class='ocrx_word' id='word_1_366' title='bbox 1740 3003 1981 3058; x_wconf 88' lang='lat' dir='ltr'><strong><em>tribuen-</em></strong></span> 
     </span>
    </p>
   </div>
   <div class='ocr_carea' id='block_1_47' title="bbox 364 3111 498 3167">
    <p class='ocr_par' dir='ltr' id='par_1_47' title="bbox 364 3111 498 3167">
     <span class='ocr_line' id='line_1_47' title="bbox 364 3111 498 3167; baseline -0.015 0"><span class='ocrx_word' id='word_1_367' title='bbox 364 3111 498 3167; x_wconf 82' lang='lat' dir='ltr'><strong><em>dos.</em></strong></span> 
     </span>
    </p>
   </div>
   <div class='ocr_carea' id='block_1_48' title="bbox 1012 3187 1350 3251">
    <p class='ocr_par' dir='ltr' id='par_1_48' title="bbox 1012 3187 1350 3251">
     <span class='ocr_line' id='line_1_48' title="bbox 1012 3187 1350 3251; baseline -0.021 0"><span class='ocrx_word' id='word_1_368' title='bbox 1012 3190 1242 3251; x_wconf 85' lang='lat' dir='ltr'><strong><em>CAPUT</em></strong></span> <span class='ocrx_word' id='word_1_369' title='bbox 1282 3187 1350 3245; x_wconf 83' lang='lat' dir='ltr'><strong><em>X.</em></strong></span> 
     </span>
    </p>
   </div>
   <div class='ocr_carea' id='block_1_49' title="bbox 803 3305 1590 3383">
    <p class='ocr_par' dir='ltr' id='par_1_49' title="bbox 803 3305 1590 3383">
     <span class='ocr_line' id='line_1_49' title="bbox 803 3305 1590 3383; baseline -0.019 -9"><span class='ocrx_word' id='word_1_370' title='bbox 803 3318 883 3374; x_wconf 89' lang='lat' dir='ltr'><strong><em>De</em></strong></span> <span class='ocrx_word' id='word_1_371' title='bbox 916 3313 1146 3383; x_wconf 88' lang='lat' dir='ltr'><strong><em>Dupinio</em></strong></span> <span class='ocrx_word' id='word_1_372' title='bbox 1187 3319 1234 3364; x_wconf 90' lang='lat' dir='ltr'><strong><em>et</em></strong></span> <span class='ocrx_word' id='word_1_373' title='bbox 1265 3305 1590 3372; x_wconf 86' lang='lat' dir='ltr'><strong><em>Combe/isio.</em></strong></span> 
     </span>
    </p>
   </div>
   <div class='ocr_carea' id='block_1_50' title="bbox 460 3420 1987 3515">
    <p class='ocr_par' dir='ltr' id='par_1_50' title="bbox 460 3420 1987 3515">
     <span class='ocr_line' id='line_1_50' title="bbox 460 3420 1987 3515; baseline -0.014 -18"><span class='ocrx_word' id='word_1_374' title='bbox 460 3440 702 3511; x_wconf 84' lang='lat' dir='ltr'><strong><em>aninus</em></strong></span> <span class='ocrx_word' id='word_1_375' title='bbox 728 3452 883 3494; x_wconf 86' lang='lat' dir='ltr'><strong><em>more</em></strong></span> <span class='ocrx_word' id='word_1_376' title='bbox 908 3446 1011 3489; x_wconf 87' lang='lat' dir='ltr'><strong><em>suo</em></strong></span> <span class='ocrx_word' id='word_1_377' title='bbox 1041 3440 1245 3515; x_wconf 83' lang='lat' dir='ltr'><strong><em>temere</em></strong></span> <span class='ocrx_word' id='word_1_378' title='bbox 1265 3424 1552 3480; x_wconf 83' lang='lat' dir='ltr'><strong><em>admodum</em></strong></span> <span class='ocrx_word' id='word_1_379' title='bbox 1575 3423 1645 3478; x_wconf 89' lang='lat' dir='ltr'><strong><em>de</em></strong></span> <span class='ocrx_word' id='word_1_380' title='bbox 1674 3421 1738 3477; x_wconf 74' lang='grc' dir='ltr'>Β.</span> <span class='ocrx_word' id='word_1_381' title='bbox 1762 3420 1987 3515; x_wconf 84' lang='lat' dir='ltr'><strong><em>Zenone</em></strong></span> 
     </span>
    </p>
   </div>
   <div class='ocr_carea' id='block_1_51' title="bbox 378 3513 1990 3593">
    <p class='ocr_par' dir='ltr' id='par_1_51' title="bbox 378 3513 1990 3593">
     <span class='ocr_line' id='line_1_51' title="bbox 378 3513 1990 3593; baseline -0.018 0"><span class='ocrx_word' id='word_1_382' title='bbox 378 3538 439 3593; x_wconf 86' lang='lat' dir='ltr'><strong><em>in</em></strong></span> <span class='ocrx_word' id='word_1_383' title='bbox 473 3536 579 3590; x_wconf 83' lang='lat' dir='ltr'><strong><em>hac</em></strong></span> <span class='ocrx_word' id='word_1_384' title='bbox 607 3544 920 3589; x_wconf 86' lang='lat' dir='ltr'><strong><em>sermonum</em></strong></span> <span class='ocrx_word' id='word_1_385' title='bbox 963 3513 1334 3580; x_wconf 83' lang='lat' dir='ltr'><strong><em>controversia</em></strong></span> <span class='ocrx_word' id='word_1_386' title='bbox 1359 3517 1584 3588; x_wconf 87' lang='lat' dir='ltr'><strong><em>judicat.</em></strong></span> <span class='ocrx_word' id='word_1_387' title='bbox 1614 3516 1684 3571; x_wconf 85' lang='lat' dir='ltr'><strong><em>At</em></strong></span> <span class='ocrx_word' id='word_1_388' title='bbox 1720 3513 1851 3569; x_wconf 89' lang='lat' dir='ltr'><strong><em>nihil</em></strong></span> <span class='ocrx_word' id='word_1_389' title='bbox 1894 3515 1990 3566; x_wconf 89' lang='lat' dir='ltr'><strong><em>ba-</em></strong></span> 
     </span>
    </p>
   </div>
   <div class='ocr_carea' id='block_1_52' title="bbox 378 3606 1992 3696">
    <p class='ocr_par' dir='ltr' id='par_1_52' title="bbox 378 3606 1992 3696">
     <span class='ocr_line' id='line_1_52' title="bbox 378 3606 1992 3696; baseline -0.017 -10"><span class='ocrx_word' id='word_1_390' title='bbox 378 3631 481 3685; x_wconf 85' lang='lat' dir='ltr'><strong><em>bet</em></strong></span> <span class='ocrx_word' id='word_1_391' title='bbox 532 3625 671 3696; x_wconf 86' lang='lat' dir='ltr'><strong><em>quod</em></strong></span> <span class='ocrx_word' id='word_1_392' title='bbox 697 3626 765 3681; x_wconf 85' lang='lat' dir='ltr'><strong><em>ab</em></strong></span> <span class='ocrx_word' id='word_1_393' title='bbox 793 3622 920 3685; x_wconf 81' lang='lat' dir='ltr'><strong><em>aliis</em></strong></span> <span class='ocrx_word' id='word_1_394' title='bbox 942 3634 1050 3674; x_wconf 86' lang='lat' dir='ltr'><strong><em>non</em></strong></span> <span class='ocrx_word' id='word_1_395' title='bbox 1074 3621 1371 3670; x_wconf 88' lang='lat' dir='ltr'><strong><em>mutuetur.</em></strong></span> <span class='ocrx_word' id='word_1_396' title='bbox 1399 3608 1532 3665; x_wconf 88' lang='lat' dir='ltr'><strong><em>Nam</em></strong></span> <span class='ocrx_word' id='word_1_397' title='bbox 1566 3608 1710 3678; x_wconf 89' lang='lat' dir='ltr'><strong><em>quod</em></strong></span> <span class='ocrx_word' id='word_1_398' title='bbox 1737 3606 1879 3661; x_wconf 85' lang='lat' dir='ltr'><strong><em>circa</em></strong></span> <span class='ocrx_word' id='word_1_399' title='bbox 1904 3620 1992 3660; x_wconf 89' lang='lat' dir='ltr'><strong><em>er-</em></strong></span> 
     </span>
    </p>
   </div>
   <div class='ocr_carea' id='block_1_53' title="bbox 378 3699 1993 3780">
    <p class='ocr_par' dir='ltr' id='par_1_53' title="bbox 378 3699 1993 3780">
     <span class='ocr_line' id='line_1_53' title="bbox 378 3699 1993 3780; baseline -0.016 -2"><span class='ocrx_word' id='word_1_400' title='bbox 378 3733 551 3778; x_wconf 81' lang='lat' dir='ltr'><strong><em>rores</em></strong></span> <span class='ocrx_word' id='word_1_401' title='bbox 574 3718 687 3774; x_wconf 81' lang='lat' dir='ltr'><strong><em>Arii</em></strong></span> <span class='ocrx_word' id='word_1_402' title='bbox 703 3728 958 3773; x_wconf 87' lang='lat' dir='ltr'><strong><em>sermone</em></strong></span> <span class='ocrx_word' id='word_1_403' title='bbox 981 3710 1170 3780; x_wconf 86' lang='lat' dir='ltr'><strong><em>quinto</em></strong></span> <span class='ocrx_word' id='word_1_404' title='bbox 1195 3706 1264 3762; x_wconf 90' lang='lat' dir='ltr'><strong><em>de</em></strong></span> <span class='ocrx_word' id='word_1_405' title='bbox 1289 3702 1571 3759; x_wconf 81' lang='lat' dir='ltr'><strong><em>nativitate</em></strong></span> <span class='ocrx_word' id='word_1_406' title='bbox 1597 3718 1626 3755; x_wconf 90' lang='lat' dir='ltr'><strong><em>a</em></strong></span> <span class='ocrx_word' id='word_1_407' title='bbox 1649 3699 1882 3756; x_wconf 84' lang='lat' dir='ltr'><strong><em>Baroaio</em></strong></span> <span class='ocrx_word' id='word_1_408' title='bbox 1901 3713 1993 3753; x_wconf 88' lang='lat' dir='ltr'><strong><em>ae-</em></strong></span> 
     </span>
    </p>
   </div>
   <div class='ocr_carea' id='block_1_54' title="bbox 380 3795 1994 3884">
    <p class='ocr_par' dir='ltr' id='par_1_54' title="bbox 380 3795 1994 3884">
     <span class='ocr_line' id='line_1_54' title="bbox 380 3795 1994 3884; baseline -0.016 -14"><span class='ocrx_word' id='word_1_409' title='bbox 380 3815 560 3884; x_wconf 82' lang='lat' dir='ltr'><strong><em>cepit,</em></strong></span> <span class='ocrx_word' id='word_1_410' title='bbox 602 3806 710 3880; x_wconf 76' lang='lat' dir='ltr'><strong><em>jain</em></strong></span> <span class='ocrx_word' id='word_1_411' title='bbox 751 3821 915 3878; x_wconf 88' lang='lat' dir='ltr'><strong><em>supra</em></strong></span> <span class='ocrx_word' id='word_1_412' title='bbox 959 3804 1136 3873; x_wconf 84' lang='lat' dir='ltr'><strong><em>capite</em></strong></span> <span class='ocrx_word' id='word_1_413' title='bbox 1186 3797 1418 3867; x_wconf 83' lang='lat' dir='ltr'><strong><em>septimo</em></strong></span> <span class='ocrx_word' id='word_1_414' title='bbox 1459 3795 1735 3850; x_wconf 88' lang='lat' dir='ltr'><strong><em>evidenter</em></strong></span> <span class='ocrx_word' id='word_1_415' title='bbox 1772 3800 1994 3862; x_wconf 87' lang='lat' dir='ltr'><strong><em>apparet</em></strong></span> 
     </span>
    </p>
   </div>
   <div class='ocr_carea' id='block_1_55' title="bbox 384 3886 1991 3976">
    <p class='ocr_par' dir='ltr' id='par_1_55' title="bbox 384 3886 1991 3976">
     <span class='ocr_line' id='line_1_55' title="bbox 384 3886 1991 3976; baseline -0.016 -14"><span class='ocrx_word' id='word_1_416' title='bbox 384 3907 568 3976; x_wconf 82' lang='lat' dir='ltr'><strong><em>ipsius</em></strong></span> <span class='ocrx_word' id='word_1_417' title='bbox 610 3901 823 3957; x_wconf 82' lang='lat' dir='ltr'><strong><em>Baronii</em></strong></span> <span class='ocrx_word' id='word_1_418' title='bbox 851 3894 1185 3958; x_wconf 86' lang='lat' dir='ltr'><strong><em>testimonio,</em></strong></span> <span class='ocrx_word' id='word_1_419' title='bbox 1226 3890 1390 3947; x_wconf 83' lang='lat' dir='ltr'><strong><em>etiam</em></strong></span> <span class='ocrx_word' id='word_1_420' title='bbox 1433 3899 1557 3943; x_wconf 85' lang='lat' dir='ltr'><strong><em>ante</em></strong></span> <span class='ocrx_word' id='word_1_421' title='bbox 1592 3887 1648 3943; x_wconf 92' lang='grc'><strong><em>8.</em></strong></span> <span class='ocrx_word' id='word_1_422' title='bbox 1693 3886 1991 3976; x_wconf 87' lang='lat' dir='ltr'><strong><em>Zenonem,</em></strong></span> 
     </span>
    </p>
   </div>
   <div class='ocr_carea' id='block_1_56' title="bbox 386 3975 1997 4068">
    <p class='ocr_par' dir='ltr' id='par_1_56' title="bbox 386 3975 1997 4068">
     <span class='ocr_line' id='line_1_56' title="bbox 386 3975 1997 4068; baseline -0.013 -14"><span class='ocrx_word' id='word_1_423' title='bbox 386 3975 572 4068; x_wconf 84' lang='lat' dir='ltr'><strong><em>eoque</em></strong></span> <span class='ocrx_word' id='word_1_424' title='bbox 617 3995 784 4064; x_wconf 79' lang='lat' dir='ltr'><strong><em>magis</em></strong></span> <span class='ocrx_word' id='word_1_425' title='bbox 813 3999 940 4046; x_wconf 85' lang='lat' dir='ltr'><strong><em>ante</em></strong></span> <span class='ocrx_word' id='word_1_426' title='bbox 981 3986 1188 4051; x_wconf 70' lang='lat' dir='ltr'><strong><em>Arium,</em></strong></span> <span class='ocrx_word' id='word_1_427' title='bbox 1232 3996 1448 4039; x_wconf 86' lang='lat' dir='ltr'><strong><em>errores</em></strong></span> <span class='ocrx_word' id='word_1_428' title='bbox 1479 3980 1646 4049; x_wconf 88' lang='lat' dir='ltr'><strong><em>ipsius</em></strong></span> <span class='ocrx_word' id='word_1_429' title='bbox 1674 3978 1787 4034; x_wconf 88' lang='lat' dir='ltr'><strong><em>Arii</em></strong></span> <span class='ocrx_word' id='word_1_430' title='bbox 1829 3975 1997 4068; x_wconf 77' lang='lat' dir='ltr'><strong><em>fuisse</em></strong></span> 
     </span>
    </p>
   </div>
   <div class='ocr_carea' id='block_1_57' title="bbox 390 4066 1998 4147">
    <p class='ocr_par' dir='ltr' id='par_1_57' title="bbox 390 4066 1998 4147">
     <span class='ocr_line' id='line_1_57' title="bbox 390 4066 1998 4147; baseline -0.017 -1"><span class='ocrx_word' id='word_1_431' title='bbox 390 4066 701 4147; x_wconf 81' lang='lat' dir='ltr'><strong><em>damnatos.</em></strong></span> <span class='ocrx_word' id='word_1_432' title='bbox 732 4084 1023 4140; x_wconf 83' lang='lat' dir='ltr'><strong><em>Sermones</em></strong></span> <span class='ocrx_word' id='word_1_433' title='bbox 1053 4076 1143 4147; x_wconf 90' lang='lat' dir='ltr'><strong><em>qui</em></strong></span> <span class='ocrx_word' id='word_1_434' title='bbox 1186 4072 1329 4144; x_wconf 84' lang='lat' dir='ltr'><strong><em>apud</em></strong></span> <span class='ocrx_word' id='word_1_435' title='bbox 1359 4072 1457 4127; x_wconf 90' lang='lat' dir='ltr'><strong><em>SS.</em></strong></span> <span class='ocrx_word' id='word_1_436' title='bbox 1509 4070 1767 4125; x_wconf 80' lang='lat' dir='ltr'><strong><em>Basiliam</em></strong></span> <span class='ocrx_word' id='word_1_437' title='bbox 1809 4074 1864 4122; x_wconf 88' lang='lat' dir='ltr'><strong><em>et</em></strong></span> <span class='ocrx_word' id='word_1_438' title='bbox 1906 4066 1998 4120; x_wconf 88' lang='lat' dir='ltr'><strong><em>lli-</em></strong></span> 
     </span>
    </p>
   </div>
   <div class='ocr_carea' id='block_1_58' title="bbox 390 4161 1996 4249">
    <p class='ocr_par' dir='ltr' id='par_1_58' title="bbox 390 4161 1996 4249">
     <span class='ocr_line' id='line_1_58' title="bbox 390 4161 1996 4249; baseline -0.016 -9"><span class='ocrx_word' id='word_1_439' title='bbox 390 4184 593 4240; x_wconf 84' lang='lat' dir='ltr'><strong><em>lariutn</em></strong></span> <span class='ocrx_word' id='word_1_440' title='bbox 620 4177 985 4249; x_wconf 86' lang='lat' dir='ltr'><strong><em>reperiuntur,</em></strong></span> <span class='ocrx_word' id='word_1_441' title='bbox 1014 4179 1071 4224; x_wconf 90' lang='lat' dir='ltr'><strong><em>ut</em></strong></span> <span class='ocrx_word' id='word_1_442' title='bbox 1094 4171 1208 4239; x_wconf 88' lang='lat' dir='ltr'><strong><em>ipse</em></strong></span> <span class='ocrx_word' id='word_1_443' title='bbox 1232 4167 1495 4236; x_wconf 83' lang='lat' dir='ltr'><strong><em>aninius</em></strong></span> <span class='ocrx_word' id='word_1_444' title='bbox 1512 4181 1579 4221; x_wconf 81' lang='lat' dir='ltr'><strong><em>ex</em></strong></span> <span class='ocrx_word' id='word_1_445' title='bbox 1596 4164 1751 4222; x_wconf 80' lang='lat' dir='ltr'><strong><em>Sixto</em></strong></span> <span class='ocrx_word' id='word_1_446' title='bbox 1770 4161 1996 4218; x_wconf 89' lang='lat' dir='ltr'><strong><em>Senensi</em></strong></span> 
     </span>
    </p>
   </div>
   <div class='ocr_carea' id='block_1_59' title="bbox 390 4256 2000 4335">
    <p class='ocr_par' dir='ltr' id='par_1_59' title="bbox 390 4256 2000 4335">
     <span class='ocr_line' id='line_1_59' title="bbox 390 4256 2000 4335; baseline -0.015 0"><span class='ocrx_word' id='word_1_447' title='bbox 390 4288 454 4335; x_wconf 88' lang='lat' dir='ltr'><strong><em>et</em></strong></span> <span class='ocrx_word' id='word_1_448' title='bbox 484 4271 810 4331; x_wconf 75' lang='lat' dir='ltr'><strong><em>Belial-mino</em></strong></span> <span class='ocrx_word' id='word_1_449' title='bbox 839 4276 1009 4331; x_wconf 89' lang='lat' dir='ltr'><strong><em>notat,</em></strong></span> <span class='ocrx_word' id='word_1_450' title='bbox 1042 4263 1268 4332; x_wconf 86' lang='lat' dir='ltr'><strong><em>reliquis</em></strong></span> <span class='ocrx_word' id='word_1_451' title='bbox 1303 4261 1644 4317; x_wconf 88' lang='lat' dir='ltr'><strong><em>sermonibus</em></strong></span> <span class='ocrx_word' id='word_1_452' title='bbox 1676 4258 1732 4314; x_wconf 91' lang='grc'><strong><em>8.</em></strong></span> <span class='ocrx_word' id='word_1_453' title='bbox 1765 4256 2000 4311; x_wconf 85' lang='lat' dir='ltr'><strong><em>Zenonis</em></strong></span> 
     </span>
    </p>
   </div>
   <div class='ocr_carea' id='block_1_60' title="bbox 390 4352 1999 4427">
    <p class='ocr_par' dir='ltr' id='par_1_60' title="bbox 390 4352 1999 4427">
     <span class='ocr_line' id='line_1_60' title="bbox 390 4352 1999 4427; baseline -0.014 -2"><span class='ocrx_word' id='word_1_454' title='bbox 390 4368 541 4427; x_wconf 82' lang='lat' dir='ltr'><strong><em>nihil</em></strong></span> <span class='ocrx_word' id='word_1_455' title='bbox 569 4365 760 4422; x_wconf 85' lang='lat' dir='ltr'><strong><em>obesse</em></strong></span> <span class='ocrx_word' id='word_1_456' title='bbox 780 4360 1017 4417; x_wconf 85' lang='lat' dir='ltr'><strong><em>diximus</em></strong></span> <span class='ocrx_word' id='word_1_457' title='bbox 1037 4356 1213 4425; x_wconf 87' lang='lat' dir='ltr'><strong><em>capite</em></strong></span> <span class='ocrx_word' id='word_1_458' title='bbox 1234 4354 1413 4407; x_wconf 91' lang='lat' dir='ltr'><strong><em>tertio.</em></strong></span> <span class='ocrx_word' id='word_1_459' title='bbox 1449 4352 1703 4407; x_wconf 87' lang='lat' dir='ltr'><strong><em>Errorem</em></strong></span> <span class='ocrx_word' id='word_1_460' title='bbox 1734 4361 1999 4403; x_wconf 89' lang='lat' dir='ltr'><strong><em>anuorum</em></strong></span> 
     </span>
    </p>
   </div>
   <div class='ocr_carea' id='block_1_61' title="bbox 391 4441 1999 4521">
    <p class='ocr_par' dir='ltr' id='par_1_61' title="bbox 391 4441 1999 4521">
     <span class='ocr_line' id='line_1_61' title="bbox 391 4441 1999 4521; baseline -0.015 0"><span class='ocrx_word' id='word_1_461' title='bbox 391 4466 457 4521; x_wconf 87' lang='lat' dir='ltr'><strong><em>in</em></strong></span> <span class='ocrx_word' id='word_1_462' title='bbox 480 4473 738 4518; x_wconf 85' lang='lat' dir='ltr'><strong><em>sermone</em></strong></span> <span class='ocrx_word' id='word_1_463' title='bbox 764 4457 832 4511; x_wconf 92' lang='lat' dir='ltr'><strong><em>de</em></strong></span> <span class='ocrx_word' id='word_1_464' title='bbox 854 4450 1187 4509; x_wconf 89' lang='lat' dir='ltr'><strong><em>continentia</em></strong></span> <span class='ocrx_word' id='word_1_465' title='bbox 1217 4462 1338 4503; x_wconf 90' lang='lat' dir='ltr'><strong><em>cum</em></strong></span> <span class='ocrx_word' id='word_1_466' title='bbox 1369 4445 1601 4500; x_wconf 82' lang='lat' dir='ltr'><strong><em>Baronio</em></strong></span> <span class='ocrx_word' id='word_1_467' title='bbox 1620 4441 1999 4514; x_wconf 81' lang='lat' dir='ltr'><strong><em>corrigendum</em></strong></span> 
     </span>
    </p>
   </div>
   <div class='ocr_carea' id='block_1_62' title="bbox 2071 1878 3685 1962">
    <p class='ocr_par' dir='ltr' id='par_1_62' title="bbox 2071 1878 3685 1962">
     <span class='ocr_line' id='line_1_62' title="bbox 2071 1878 3685 1962; baseline 0.008 -29"><span class='ocrx_word' id='word_1_468' title='bbox 2071 1878 2215 1951; x_wconf 84' lang='lat' dir='ltr'><strong><em>(Lib.</em></strong></span> <span class='ocrx_word' id='word_1_469' title='bbox 2246 1898 2320 1946; x_wconf 84' lang='lat' dir='ltr'><strong><em>Vt,</em></strong></span> <span class='ocrx_word' id='word_1_470' title='bbox 2350 1899 2467 1952; x_wconf 89' lang='lat' dir='ltr'><strong><em>cap.</em></strong></span> <span class='ocrx_word' id='word_1_471' title='bbox 2498 1882 2591 1953; x_wconf 67' lang='lat'><strong><em>46)</em></strong></span> <span class='ocrx_word' id='word_1_472' title='bbox 2624 1902 2635 1937; x_wconf 89' lang='lat'>:</span> <span class='ocrx_word' id='word_1_473' title='bbox 2667 1882 2749 1937; x_wconf 83' lang='lat' dir='ltr'><strong><em>Tu</em></strong></span> <span class='ocrx_word' id='word_1_474' title='bbox 2770 1894 2941 1937; x_wconf 79' lang='lat' dir='ltr'><strong><em>autem</em></strong></span> <span class='ocrx_word' id='word_1_475' title='bbox 2965 1886 3051 1956; x_wconf 86' lang='lat' dir='ltr'><strong><em>(ad</em></strong></span> <span class='ocrx_word' id='word_1_476' title='bbox 3082 1886 3346 1955; x_wconf 81' lang='lat' dir='ltr'><strong><em>Siagrium</em></strong></span> <span class='ocrx_word' id='word_1_477' title='bbox 3372 1891 3685 1962; x_wconf 83' lang='lat' dir='ltr'><strong><em>episcopum</em></strong></span> 
     </span>
    </p>
   </div>
   <div class='ocr_carea' id='block_1_63' title="bbox 2070 1971 3690 2048">
    <p class='ocr_par' dir='ltr' id='par_1_63' title="bbox 2070 1971 3690 2048">
     <span class='ocr_line' id='line_1_63' title="bbox 2070 1971 3690 2048; baseline 0.006 -21"><span class='ocrx_word' id='word_1_478' title='bbox 2070 1971 2450 2029; x_wconf 81' lang='lat' dir='ltr'><strong><em>Veronensem</em></strong></span> <span class='ocrx_word' id='word_1_479' title='bbox 2484 1973 2696 2047; x_wconf 89' lang='lat' dir='ltr'><strong><em>scribit)</em></strong></span> <span class='ocrx_word' id='word_1_480' title='bbox 2742 1977 2852 2029; x_wconf 89' lang='lat' dir='ltr'><strong><em>sine</em></strong></span> <span class='ocrx_word' id='word_1_481' title='bbox 2880 1976 3101 2047; x_wconf 82' lang='lat' dir='ltr'><strong><em>alicujus</em></strong></span> <span class='ocrx_word' id='word_1_482' title='bbox 3144 1980 3320 2048; x_wconf 79' lang='lat' dir='ltr'><strong><em>fratris</em></strong></span> <span class='ocrx_word' id='word_1_483' title='bbox 3346 1983 3559 2036; x_wconf 87' lang='lat' dir='ltr'><strong><em>consilio</em></strong></span> <span class='ocrx_word' id='word_1_484' title='bbox 3591 1974 3690 2037; x_wconf 86' lang='lat' dir='ltr'><strong><em>Iiac</em></strong></span> 
     </span>
    </p>
   </div>
   <div class='ocr_carea' id='block_1_64' title="bbox 2061 2065 3688 2143">
    <p class='ocr_par' dir='ltr' id='par_1_64' title="bbox 2061 2065 3688 2143">
     <span class='ocr_line' id='line_1_64' title="bbox 2061 2065 3688 2143; baseline 0.007 -24"><span class='ocrx_word' id='word_1_485' title='bbox 2061 2065 2332 2139; x_wconf 77' lang='lat' dir='ltr'><strong><em>judicium</em></strong></span> <span class='ocrx_word' id='word_1_486' title='bbox 2361 2069 2454 2123; x_wconf 85' lang='lat' dir='ltr'><strong><em>tibi</em></strong></span> <span class='ocrx_word' id='word_1_487' title='bbox 2479 2071 2621 2123; x_wconf 87' lang='lat' dir='ltr'><strong><em>solus</em></strong></span> <span class='ocrx_word' id='word_1_488' title='bbox 2638 2069 2987 2143; x_wconf 85' lang='lat' dir='ltr'><strong><em>judicuudum</em></strong></span> <span class='ocrx_word' id='word_1_489' title='bbox 3024 2072 3243 2142; x_wconf 86' lang='lat' dir='ltr'><strong><em>putaris,</em></strong></span> <span class='ocrx_word' id='word_1_490' title='bbox 3291 2074 3343 2127; x_wconf 89' lang='lat' dir='ltr'><strong><em>in</em></strong></span> <span class='ocrx_word' id='word_1_491' title='bbox 3375 2091 3477 2143; x_wconf 88' lang='lat' dir='ltr'><strong><em>quo</em></strong></span> <span class='ocrx_word' id='word_1_492' title='bbox 3517 2086 3688 2131; x_wconf 84' lang='lat' dir='ltr'><strong><em>tamen</em></strong></span> 
     </span>
    </p>
   </div>
   <div class='ocr_carea' id='block_1_65' title="bbox 2071 2162 3694 2235">
    <p class='ocr_par' dir='ltr' id='par_1_65' title="bbox 2071 2162 3694 2235">
     <span class='ocr_line' id='line_1_65' title="bbox 2071 2162 3694 2235; baseline 0.009 -25"><span class='ocrx_word' id='word_1_493' title='bbox 2071 2169 2192 2212; x_wconf 88' lang='lat' dir='ltr'><strong><em>ante</em></strong></span> <span class='ocrx_word' id='word_1_494' title='bbox 2209 2162 2477 2233; x_wconf 86' lang='lat' dir='ltr'><strong><em>judicium</em></strong></span> <span class='ocrx_word' id='word_1_495' title='bbox 2507 2164 2870 2233; x_wconf 73' lang='lat' dir='ltr'><strong><em>prtejudicium</em></strong></span> <span class='ocrx_word' id='word_1_496' title='bbox 2901 2162 3106 2233; x_wconf 78' lang='lat' dir='ltr'><strong><em>feceris,</em></strong></span> <span class='ocrx_word' id='word_1_497' title='bbox 3140 2175 3195 2219; x_wconf 88' lang='lat' dir='ltr'><strong><em>ut</em></strong></span> <span class='ocrx_word' id='word_1_498' title='bbox 3218 2167 3439 2235; x_wconf 87' lang='lat' dir='ltr'><strong><em>puellam</em></strong></span> <span class='ocrx_word' id='word_1_499' title='bbox 3466 2164 3694 2225; x_wconf 77' lang='lat' dir='ltr'><strong><em>Zenonis</em></strong></span> 
     </span>
    </p>
   </div>
   <div class='ocr_carea' id='block_1_66' title="bbox 2075 2250 3693 2330">
    <p class='ocr_par' dir='ltr' id='par_1_66' title="bbox 2075 2250 3693 2330">
     <span class='ocr_line' id='line_1_66' title="bbox 2075 2250 3693 2330; baseline 0.006 -25"><span class='ocrx_word' id='word_1_500' title='bbox 2075 2250 2137 2305; x_wconf 88' lang='lat' dir='ltr'><strong><em>S.</em></strong></span> <span class='ocrx_word' id='word_1_501' title='bbox 2174 2250 2449 2307; x_wconf 71' lang='lat' dir='ltr'><strong><em>Memoriae</em></strong></span> <span class='ocrx_word' id='word_1_502' title='bbox 2471 2255 2676 2327; x_wconf 85' lang='lat' dir='ltr'><strong><em>judicia</em></strong></span> <span class='ocrx_word' id='word_1_503' title='bbox 2729 2254 3019 2324; x_wconf 84' lang='lat' dir='ltr'><strong><em>probatam,</em></strong></span> <span class='ocrx_word' id='word_1_504' title='bbox 3069 2259 3281 2328; x_wconf 87' lang='lat' dir='ltr'><strong><em>ejusque</em></strong></span> <span class='ocrx_word' id='word_1_505' title='bbox 3320 2259 3693 2330; x_wconf 78' lang='lat' dir='ltr'><strong><em>sanctiﬁcatum</em></strong></span> 
     </span>
    </p>
   </div>
   <div class='ocr_carea' id='block_1_67' title="bbox 2042 2344 3685 2419">
    <p class='ocr_par' dir='ltr' id='par_1_67' title="bbox 2042 2344 3685 2419">
     <span class='ocr_line' id='line_1_67' title="bbox 2042 2344 3685 2419; baseline 0.007 -24"><span class='ocrx_word' id='word_1_506' title='bbox 2042 2362 2051 2373; x_wconf 72' lang='grc' dir='ltr'><em>ι</em></span> <span class='ocrx_word' id='word_1_507' title='bbox 2077 2344 2455 2411; x_wconf 78' lang='lat' dir='ltr'><strong><em>benedictione,</em></strong></span> <span class='ocrx_word' id='word_1_508' title='bbox 2486 2356 2600 2416; x_wconf 90' lang='lat' dir='ltr'><strong><em>post</em></strong></span> <span class='ocrx_word' id='word_1_509' title='bbox 2627 2348 2707 2400; x_wconf 57' lang='lat' dir='ltr'><strong><em>tot&quot;</em></strong></span> <span class='ocrx_word' id='word_1_510' title='bbox 2726 2364 2888 2402; x_wconf 88' lang='lat' dir='ltr'><strong><em>annos</em></strong></span> <span class='ocrx_word' id='word_1_511' title='bbox 2915 2349 3026 2402; x_wconf 88' lang='lat' dir='ltr'><strong><em>sine</em></strong></span> <span class='ocrx_word' id='word_1_512' title='bbox 3064 2344 3269 2404; x_wconf 65' lang='lat' dir='ltr'><strong><em>euitare</em></strong></span> <span class='ocrx_word' id='word_1_513' title='bbox 3294 2350 3685 2419; x_wconf 85' lang='lat' dir='ltr'><strong><em>criminationis,</em></strong></span> 
     </span>
    </p>
   </div>
   <div class='ocr_carea' id='block_1_68' title="bbox 2074 2436 3693 2516">
    <p class='ocr_par' dir='ltr' id='par_1_68' title="bbox 2074 2436 3693 2516">
     <span class='ocr_line' id='line_1_68' title="bbox 2074 2436 3693 2516; baseline 0.008 -27"><span class='ocrx_word' id='word_1_514' title='bbox 2074 2436 2187 2489; x_wconf 62' lang='lat' dir='ltr'><strong><em>sine</em></strong></span> <span class='ocrx_word' id='word_1_515' title='bbox 2214 2448 2543 2506; x_wconf 84' lang='lat' dir='ltr'><strong><em>accusatore,</em></strong></span> <span class='ocrx_word' id='word_1_516' title='bbox 2576 2440 2686 2493; x_wconf 82' lang='lat' dir='ltr'><strong><em>sine</em></strong></span> <span class='ocrx_word' id='word_1_517' title='bbox 2715 2442 3001 2511; x_wconf 79' lang='lat' dir='ltr'><strong><em>professors</em></strong></span> <span class='ocrx_word' id='word_1_518' title='bbox 3026 2441 3298 2499; x_wconf 87' lang='lat' dir='ltr'><strong><em>delationis</em></strong></span> <span class='ocrx_word' id='word_1_519' title='bbox 3325 2444 3375 2497; x_wconf 92' lang='lat' dir='ltr'><strong><em>in</em></strong></span> <span class='ocrx_word' id='word_1_520' title='bbox 3406 2446 3693 2516; x_wconf 87' lang='lat' dir='ltr'><strong><em>periculum</em></strong></span> 
     </span>
    </p>
   </div>
   <div class='ocr_carea' id='block_1_69' title="bbox 2076 2528 3694 2593">
    <p class='ocr_par' dir='ltr' id='par_1_69' title="bbox 2076 2528 3694 2593">
     <span class='ocr_line' id='line_1_69' title="bbox 2076 2528 3694 2593; baseline 0.008 -14"><span class='ocrx_word' id='word_1_521' title='bbox 2076 2535 2250 2581; x_wconf 79' lang='lat' dir='ltr'><strong><em>reatus</em></strong></span> <span class='ocrx_word' id='word_1_522' title='bbox 2282 2529 2643 2583; x_wconf 87' lang='lat' dir='ltr'><strong><em>deducendam</em></strong></span> <span class='ocrx_word' id='word_1_523' title='bbox 2693 2528 3023 2587; x_wconf 86' lang='lat' dir='ltr'><strong><em>arbitrarere.</em></strong></span> <span class='ocrx_word' id='word_1_524' title='bbox 3077 2528 3223 2586; x_wconf 85' lang='lat' dir='ltr'><strong><em>Nihil</em></strong></span> <span class='ocrx_word' id='word_1_525' title='bbox 3279 2534 3423 2590; x_wconf 89' lang='lat' dir='ltr'><strong><em>aliud</em></strong></span> <span class='ocrx_word' id='word_1_526' title='bbox 3466 2537 3533 2591; x_wconf 91' lang='lat' dir='ltr'><strong><em>de</em></strong></span> <span class='ocrx_word' id='word_1_527' title='bbox 3590 2537 3694 2593; x_wconf 90' lang='lat' dir='ltr'><strong><em>Ze-</em></strong></span> 
     </span>
    </p>
   </div>
   <div class='ocr_carea' id='block_1_70' title="bbox 2079 2622 3692 2700">
    <p class='ocr_par' dir='ltr' id='par_1_70' title="bbox 2079 2622 3692 2700">
     <span class='ocr_line' id='line_1_70' title="bbox 2079 2622 3692 2700; baseline 0.006 -25"><span class='ocrx_word' id='word_1_528' title='bbox 2079 2637 2221 2676; x_wconf 91' lang='lat' dir='ltr'><strong><em>none</em></strong></span> <span class='ocrx_word' id='word_1_529' title='bbox 2253 2622 2512 2678; x_wconf 82' lang='lat' dir='ltr'><strong><em>subditur</em></strong></span> <span class='ocrx_word' id='word_1_530' title='bbox 2539 2624 2588 2678; x_wconf 91' lang='lat' dir='ltr'><strong><em>in</em></strong></span> <span class='ocrx_word' id='word_1_531' title='bbox 2615 2631 2724 2679; x_wconf 88' lang='lat' dir='ltr'><strong><em>tota</em></strong></span> <span class='ocrx_word' id='word_1_532' title='bbox 2749 2625 2849 2679; x_wconf 89' lang='lat' dir='ltr'><strong><em>hac</em></strong></span> <span class='ocrx_word' id='word_1_533' title='bbox 2872 2624 3133 2695; x_wconf 85' lang='lat' dir='ltr'><strong><em>Epistola,</em></strong></span> <span class='ocrx_word' id='word_1_534' title='bbox 3168 2641 3342 2696; x_wconf 90' lang='lat' dir='ltr'><strong><em>neque</em></strong></span> <span class='ocrx_word' id='word_1_535' title='bbox 3368 2628 3420 2683; x_wconf 92' lang='lat' dir='ltr'><strong><em>in</em></strong></span> <span class='ocrx_word' id='word_1_536' title='bbox 3443 2632 3692 2700; x_wconf 89' lang='lat' dir='ltr'><strong><em>sequenti</em></strong></span> 
     </span>
    </p>
   </div>
   <div class='ocr_carea' id='block_1_71' title="bbox 2078 2712 3697 2791">
    <p class='ocr_par' dir='ltr' id='par_1_71' title="bbox 2078 2712 3697 2791">
     <span class='ocr_line' id='line_1_71' title="bbox 2078 2712 3697 2791; baseline 0.007 -25"><span class='ocrx_word' id='word_1_537' title='bbox 2078 2712 2144 2767; x_wconf 89' lang='lat' dir='ltr'><strong><em>ad</em></strong></span> <span class='ocrx_word' id='word_1_538' title='bbox 2185 2714 2444 2770; x_wconf 85' lang='lat' dir='ltr'><strong><em>eumdem</em></strong></span> <span class='ocrx_word' id='word_1_539' title='bbox 2483 2715 2752 2787; x_wconf 85' lang='lat' dir='ltr'><strong><em>Siagrinm</em></strong></span> <span class='ocrx_word' id='word_1_540' title='bbox 2784 2716 3152 2774; x_wconf 84' lang='lat' dir='ltr'><strong><em>Veronensem</em></strong></span> <span class='ocrx_word' id='word_1_541' title='bbox 3196 2719 3531 2791; x_wconf 79' lang='lat' dir='ltr'><strong><em>epiSCOpum.</em></strong></span> <span class='ocrx_word' id='word_1_542' title='bbox 3565 2722 3697 2789; x_wconf 85' lang='lat' dir='ltr'><strong><em>Qui-</em></strong></span> 
     </span>
    </p>
   </div>
   <div class='ocr_carea' id='block_1_72' title="bbox 2078 2804 3698 2886">
    <p class='ocr_par' dir='ltr' id='par_1_72' title="bbox 2078 2804 3698 2886">
     <span class='ocr_line' id='line_1_72' title="bbox 2078 2804 3698 2886; baseline 0.006 -25"><span class='ocrx_word' id='word_1_543' title='bbox 2078 2805 2180 2861; x_wconf 87' lang='lat' dir='ltr'><strong><em>bus</em></strong></span> <span class='ocrx_word' id='word_1_544' title='bbox 2212 2804 2265 2858; x_wconf 88' lang='lat' dir='ltr'><strong><em>in</em></strong></span> <span class='ocrx_word' id='word_1_545' title='bbox 2295 2806 2503 2873; x_wconf 84' lang='lat' dir='ltr'><strong><em>verbis,</em></strong></span> <span class='ocrx_word' id='word_1_546' title='bbox 2537 2816 2593 2862; x_wconf 90' lang='lat' dir='ltr'><strong><em>ut</em></strong></span> <span class='ocrx_word' id='word_1_547' title='bbox 2620 2817 2796 2879; x_wconf 86' lang='lat' dir='ltr'><strong><em>patet,</em></strong></span> <span class='ocrx_word' id='word_1_548' title='bbox 2825 2809 2882 2864; x_wconf 86' lang='lat' dir='ltr'><strong><em>S.</em></strong></span> <span class='ocrx_word' id='word_1_549' title='bbox 2918 2810 3231 2866; x_wconf 83' lang='lat' dir='ltr'><strong><em>Ambrosius</em></strong></span> <span class='ocrx_word' id='word_1_550' title='bbox 3261 2810 3533 2869; x_wconf 91' lang='lat' dir='ltr'><strong><em>Zenonem</em></strong></span> <span class='ocrx_word' id='word_1_551' title='bbox 3580 2816 3698 2886; x_wconf 87' lang='lat' dir='ltr'><strong><em>epi-</em></strong></span> 
     </span>
    </p>
   </div>
   <div class='ocr_carea' id='block_1_73' title="bbox 2054 2901 3694 2978">
    <p class='ocr_par' dir='ltr' id='par_1_73' title="bbox 2054 2901 3694 2978">
     <span class='ocr_line' id='line_1_73' title="bbox 2054 2901 3694 2978; baseline 0.006 -25"><span class='ocrx_word' id='word_1_552' title='bbox 2054 2912 2306 2967; x_wconf 79' lang='lat' dir='ltr'><strong><em>scopum</em></strong></span> <span class='ocrx_word' id='word_1_553' title='bbox 2340 2915 2449 2955; x_wconf 91' lang='lat' dir='ltr'><strong><em>non</em></strong></span> <span class='ocrx_word' id='word_1_554' title='bbox 2474 2901 2627 2967; x_wconf 86' lang='lat' dir='ltr'><strong><em>dicit,</em></strong></span> <span class='ocrx_word' id='word_1_555' title='bbox 2655 2908 2712 2955; x_wconf 88' lang='lat' dir='ltr'><strong><em>ut</em></strong></span> <span class='ocrx_word' id='word_1_556' title='bbox 2740 2901 3119 2958; x_wconf 88' lang='lat' dir='ltr'><strong><em>Tillemontius</em></strong></span> <span class='ocrx_word' id='word_1_557' title='bbox 3159 2902 3414 2972; x_wconf 78' lang='lat' dir='ltr'><strong><em>afﬁrmat,</em></strong></span> <span class='ocrx_word' id='word_1_558' title='bbox 3447 2908 3694 2978; x_wconf 87' lang='lat' dir='ltr'><strong><em>quamvis</em></strong></span> 
     </span>
    </p>
   </div>
   <div class='ocr_carea' id='block_1_74' title="bbox 2083 2988 3703 3073">
    <p class='ocr_par' dir='ltr' id='par_1_74' title="bbox 2083 2988 3703 3073">
     <span class='ocr_line' id='line_1_74' title="bbox 2083 2988 3703 3073; baseline 0.007 -28"><span class='ocrx_word' id='word_1_559' title='bbox 2083 3006 2151 3045; x_wconf 82' lang='lat' dir='ltr'><strong><em>ex</em></strong></span> <span class='ocrx_word' id='word_1_560' title='bbox 2183 2989 2435 3060; x_wconf 88' lang='lat' dir='ltr'><strong><em>probata,</em></strong></span> <span class='ocrx_word' id='word_1_561' title='bbox 2487 3007 2551 3048; x_wconf 88' lang='lat' dir='ltr'><strong><em>ac</em></strong></span> <span class='ocrx_word' id='word_1_562' title='bbox 2593 2988 2972 3050; x_wconf 89' lang='lat' dir='ltr'><strong><em>benedictione</em></strong></span> <span class='ocrx_word' id='word_1_563' title='bbox 3013 2994 3345 3052; x_wconf 78' lang='lat' dir='ltr'><strong><em>sanctificata</em></strong></span> <span class='ocrx_word' id='word_1_564' title='bbox 3391 2998 3589 3054; x_wconf 86' lang='lat' dir='ltr'><strong><em>Indicia</em></strong></span> <span class='ocrx_word' id='word_1_565' title='bbox 3633 2998 3703 3073; x_wconf 89' lang='lat' dir='ltr'><strong><em>(si</em></strong></span> 
     </span>
    </p>
   </div>
   <div class='ocr_carea' id='block_1_75' title="bbox 2084 3081 3703 3164">
    <p class='ocr_par' dir='ltr' id='par_1_75' title="bbox 2084 3081 3703 3164">
     <span class='ocr_line' id='line_1_75' title="bbox 2084 3081 3703 3164; baseline 0.007 -27"><span class='ocrx_word' id='word_1_566' title='bbox 2084 3081 2400 3138; x_wconf 86' lang='lat' dir='ltr'><strong><em>benedictio</em></strong></span> <span class='ocrx_word' id='word_1_567' title='bbox 2467 3101 2568 3156; x_wconf 91' lang='lat' dir='ltr'><strong><em>pro</em></strong></span> <span class='ocrx_word' id='word_1_568' title='bbox 2650 3087 2880 3142; x_wconf 73' lang='lat' dir='ltr'><strong><em>Solemni</em></strong></span> <span class='ocrx_word' id='word_1_569' title='bbox 2948 3089 3363 3145; x_wconf 85' lang='lat' dir='ltr'><strong><em>consecratione</em></strong></span> <span class='ocrx_word' id='word_1_570' title='bbox 3433 3089 3703 3164; x_wconf 74' lang='lat' dir='ltr'><strong><em>intelliga-</em></strong></span> 
     </span>
    </p>
   </div>
   <div class='ocr_carea' id='block_1_76' title="bbox 2006 3170 3698 3255">
    <p class='ocr_par' dir='ltr' id='par_1_76' title="bbox 2006 3170 3698 3255">
     <span class='ocr_line' id='line_1_76' title="bbox 2006 3170 3698 3255; baseline 0.005 -23"><span class='ocrx_word' id='word_1_571' title='bbox 2006 3170 2052 3232; x_wconf 89' lang='lat' dir='ltr'><strong>C</strong></span> <span class='ocrx_word' id='word_1_572' title='bbox 2088 3186 2175 3230; x_wconf 90' lang='lat' dir='ltr'><strong><em>tur</em></strong></span> <span class='ocrx_word' id='word_1_573' title='bbox 2208 3219 2222 3242; x_wconf 93' lang='lat'><strong><em>,</em></strong></span> <span class='ocrx_word' id='word_1_574' title='bbox 2270 3178 2419 3246; x_wconf 89' lang='lat' dir='ltr'><strong><em>quod</em></strong></span> <span class='ocrx_word' id='word_1_575' title='bbox 2475 3177 2703 3234; x_wconf 88' lang='lat' dir='ltr'><strong><em>aliorum</em></strong></span> <span class='ocrx_word' id='word_1_576' title='bbox 2766 3180 2971 3250; x_wconf 90' lang='lat' dir='ltr'><strong><em>judicio</em></strong></span> <span class='ocrx_word' id='word_1_577' title='bbox 3032 3181 3323 3252; x_wconf 88' lang='lat' dir='ltr'><strong><em>relinquo)</em></strong></span> <span class='ocrx_word' id='word_1_578' title='bbox 3372 3180 3698 3255; x_wconf 80' lang='lat' dir='ltr'><strong><em>Episcopum</em></strong></span> 
     </span>
    </p>
   </div>
   <div class='ocr_carea' id='block_1_77' title="bbox 2089 3267 3699 3347">
    <p class='ocr_par' dir='ltr' id='par_1_77' title="bbox 2089 3267 3699 3347">
     <span class='ocr_line' id='line_1_77' title="bbox 2089 3267 3699 3347; baseline 0.006 -24"><span class='ocrx_word' id='word_1_579' title='bbox 2089 3268 2257 3323; x_wconf 79' lang='lat' dir='ltr'><strong><em>fuisse</em></strong></span> <span class='ocrx_word' id='word_1_580' title='bbox 2287 3267 2568 3326; x_wconf 83' lang='lat' dir='ltr'><strong><em>Zenonem</em></strong></span> <span class='ocrx_word' id='word_1_581' title='bbox 2595 3272 3065 3343; x_wconf 42' lang='lat' dir='ltr'><strong><em>conjicere&#39;liceat.</em></strong></span> <span class='ocrx_word' id='word_1_582' title='bbox 3090 3277 3161 3329; x_wconf 80' lang='lat' dir='ltr'><strong><em>At</em></strong></span> <span class='ocrx_word' id='word_1_583' title='bbox 3186 3276 3316 3331; x_wconf 88' lang='lat' dir='ltr'><strong><em>illud</em></strong></span> <span class='ocrx_word' id='word_1_584' title='bbox 3352 3287 3557 3333; x_wconf 90' lang='lat' dir='ltr'><strong><em>certum</em></strong></span> <span class='ocrx_word' id='word_1_585' title='bbox 3592 3288 3699 3347; x_wconf 85' lang='lat' dir='ltr'><strong><em>est,</em></strong></span> 
     </span>
    </p>
   </div>
   <div class='ocr_carea' id='block_1_78' title="bbox 2091 3362 3702 3439">
    <p class='ocr_par' dir='ltr' id='par_1_78' title="bbox 2091 3362 3702 3439">
     <span class='ocr_line' id='line_1_78' title="bbox 2091 3362 3702 3439; baseline 0.007 -23"><span class='ocrx_word' id='word_1_586' title='bbox 2091 3378 2119 3416; x_wconf 88' lang='lat' dir='ltr'><strong><em>a</em></strong></span> <span class='ocrx_word' id='word_1_587' title='bbox 2149 3362 2206 3418; x_wconf 88' lang='grc'><strong><em>8.</em></strong></span> <span class='ocrx_word' id='word_1_588' title='bbox 2238 3363 2533 3421; x_wconf 79' lang='lat' dir='ltr'><strong><em>Ambrosio</em></strong></span> <span class='ocrx_word' id='word_1_589' title='bbox 2556 3368 2697 3424; x_wconf 91' lang='lat' dir='ltr'><strong><em>hunc</em></strong></span> <span class='ocrx_word' id='word_1_590' title='bbox 2724 3362 3020 3435; x_wconf 89' lang='lat' dir='ltr'><strong><em>Zenonem,</em></strong></span> <span class='ocrx_word' id='word_1_591' title='bbox 3046 3384 3143 3425; x_wconf 88' lang='lat' dir='ltr'><strong><em>nec</em></strong></span> <span class='ocrx_word' id='word_1_592' title='bbox 3174 3368 3540 3428; x_wconf 81' lang='lat' dir='ltr'><strong><em>Verenensem</em></strong></span> <span class='ocrx_word' id='word_1_593' title='bbox 3569 3370 3702 3439; x_wconf 84' lang='lat' dir='ltr'><strong><em>diei,</em></strong></span> 
     </span>
    </p>
   </div>
   <div class='ocr_carea' id='block_1_79' title="bbox 2092 3458 3705 3534">
    <p class='ocr_par' dir='ltr' id='par_1_79' title="bbox 2092 3458 3705 3534">
     <span class='ocr_line' id='line_1_79' title="bbox 2092 3458 3705 3534; baseline 0.006 -23"><span class='ocrx_word' id='word_1_594' title='bbox 2092 3471 2267 3527; x_wconf 84' lang='lat' dir='ltr'><strong><em>neque</em></strong></span> <span class='ocrx_word' id='word_1_595' title='bbox 2299 3458 2495 3529; x_wconf 82' lang='lat' dir='ltr'><strong><em>Siagrii</em></strong></span> <span class='ocrx_word' id='word_1_596' title='bbox 2524 3461 2889 3518; x_wconf 85' lang='lat' dir='ltr'><strong><em>decessorem.</em></strong></span> <span class='ocrx_word' id='word_1_597' title='bbox 2935 3462 3121 3534; x_wconf 83' lang='lat' dir='ltr'><strong><em>Itaque</em></strong></span> <span class='ocrx_word' id='word_1_598' title='bbox 3151 3480 3215 3519; x_wconf 84' lang='lat' dir='ltr'><strong><em>ex</em></strong></span> <span class='ocrx_word' id='word_1_599' title='bbox 3249 3466 3440 3522; x_wconf 87' lang='lat' dir='ltr'><strong><em>iisdem</em></strong></span> <span class='ocrx_word' id='word_1_600' title='bbox 3470 3464 3525 3521; x_wconf 90' lang='lat' dir='ltr'><strong><em>S.</em></strong></span> <span class='ocrx_word' id='word_1_601' title='bbox 3576 3467 3705 3520; x_wconf 78' lang='lat' dir='ltr'><strong><em>Am-</em></strong></span> 
     </span>
    </p>
   </div>
   <div class='ocr_carea' id='block_1_80' title="bbox 2094 3552 3700 3632">
    <p class='ocr_par' dir='ltr' id='par_1_80' title="bbox 2094 3552 3700 3632">
     <span class='ocr_line' id='line_1_80' title="bbox 2094 3552 3700 3632; baseline 0.004 -24"><span class='ocrx_word' id='word_1_602' title='bbox 2094 3552 2262 3608; x_wconf 86' lang='lat' dir='ltr'><strong><em>brosii</em></strong></span> <span class='ocrx_word' id='word_1_603' title='bbox 2293 3553 2473 3609; x_wconf 87' lang='lat' dir='ltr'><strong><em>verbis</em></strong></span> <span class='ocrx_word' id='word_1_604' title='bbox 2503 3571 2658 3610; x_wconf 87' lang='lat' dir='ltr'><strong><em>error</em></strong></span> <span class='ocrx_word' id='word_1_605' title='bbox 2687 3557 3003 3612; x_wconf 81' lang='lat' dir='ltr'><strong><em>manifestus</em></strong></span> <span class='ocrx_word' id='word_1_606' title='bbox 3030 3568 3257 3627; x_wconf 85' lang='lat' dir='ltr'><strong><em>apparet</em></strong></span> <span class='ocrx_word' id='word_1_607' title='bbox 3281 3558 3490 3631; x_wconf 84' lang='lat' dir='ltr'><strong><em>Ughelli</em></strong></span> <span class='ocrx_word' id='word_1_608' title='bbox 3524 3556 3700 3632; x_wconf 84' lang='lat' dir='ltr'><strong><em>(Tom.</em></strong></span> 
     </span>
    </p>
   </div>
   <div class='ocr_carea' id='block_1_81' title="bbox 2094 3642 3705 3724">
    <p class='ocr_par' dir='ltr' id='par_1_81' title="bbox 2094 3642 3705 3724">
     <span class='ocr_line' id='line_1_81' title="bbox 2094 3642 3705 3724; baseline 0.006 -27"><span class='ocrx_word' id='word_1_609' title='bbox 2094 3660 2127 3697; x_wconf 89' lang='lat' dir='ltr'><strong><em>v</em></strong></span> <span class='ocrx_word' id='word_1_610' title='bbox 2159 3642 2285 3699; x_wconf 89' lang='lat' dir='ltr'><strong><em>Ital.</em></strong></span> <span class='ocrx_word' id='word_1_611' title='bbox 2315 3644 2466 3700; x_wconf 87' lang='lat' dir='ltr'><strong><em>Sacr.</em></strong></span> <span class='ocrx_word' id='word_1_612' title='bbox 2508 3646 2571 3700; x_wconf 91' lang='lat' dir='ltr'><strong><em>de</em></strong></span> <span class='ocrx_word' id='word_1_613' title='bbox 2602 3644 2771 3718; x_wconf 85' lang='lat' dir='ltr'><strong><em>Epist.</em></strong></span> <span class='ocrx_word' id='word_1_614' title='bbox 2809 3646 3041 3720; x_wconf 69' lang='lat' dir='ltr'><strong><em>Veron),</em></strong></span> <span class='ocrx_word' id='word_1_615' title='bbox 3070 3649 3422 3719; x_wconf 83' lang='lat' dir='ltr'><strong><em>Papebrochii</em></strong></span> <span class='ocrx_word' id='word_1_616' title='bbox 3450 3649 3539 3724; x_wconf 84' lang='lat' dir='ltr'><strong><em>(In</em></strong></span> <span class='ocrx_word' id='word_1_617' title='bbox 3560 3651 3705 3706; x_wconf 84' lang='lat' dir='ltr'><strong><em>Actis</em></strong></span> 
     </span>
    </p>
   </div>
   <div class='ocr_carea' id='block_1_82' title="bbox 2098 3736 3704 3812">
    <p class='ocr_par' dir='ltr' id='par_1_82' title="bbox 2098 3736 3704 3812">
     <span class='ocr_line' id='line_1_82' title="bbox 2098 3736 3704 3812; baseline 0.005 -17"><span class='ocrx_word' id='word_1_618' title='bbox 2098 3736 2207 3795; x_wconf 89' lang='lat' dir='ltr'><strong><em>SS.</em></strong></span> <span class='ocrx_word' id='word_1_619' title='bbox 2232 3738 2428 3808; x_wconf 70' lang='lat' dir='ltr'><strong><em>Aprilis</em></strong></span> <span class='ocrx_word' id='word_1_620' title='bbox 2448 3740 2608 3796; x_wconf 87' lang='lat' dir='ltr'><strong><em>duod.</em></strong></span> <span class='ocrx_word' id='word_1_621' title='bbox 2642 3743 2745 3808; x_wconf 87' lang='lat' dir='ltr'><strong><em>die,</em></strong></span> <span class='ocrx_word' id='word_1_622' title='bbox 2773 3760 2890 3812; x_wconf 86' lang='lat' dir='ltr'><strong><em>cap.</em></strong></span> <span class='ocrx_word' id='word_1_623' title='bbox 2916 3744 2967 3808; x_wconf 79' lang='grc'><strong><em>1,</em></strong></span> <span class='ocrx_word' id='word_1_624' title='bbox 2992 3741 3142 3812; x_wconf 56' lang='lat' dir='ltr'><strong><em>mi),</em></strong></span> <span class='ocrx_word' id='word_1_625' title='bbox 3175 3742 3397 3811; x_wconf 84' lang='lat' dir='ltr'><strong><em>Labbei,</em></strong></span> <span class='ocrx_word' id='word_1_626' title='bbox 3429 3744 3704 3802; x_wconf 81' lang='lat' dir='ltr'><strong><em>Combeﬁ-</em></strong></span> 
     </span>
    </p>
   </div>
   <div class='ocr_carea' id='block_1_83' title="bbox 2097 3833 3705 3912">
    <p class='ocr_par' dir='ltr' id='par_1_83' title="bbox 2097 3833 3705 3912">
     <span class='ocr_line' id='line_1_83' title="bbox 2097 3833 3705 3912; baseline 0.005 -23"><span class='ocrx_word' id='word_1_627' title='bbox 2097 3834 2187 3899; x_wconf 89' lang='lat' dir='ltr'><strong><em>sii,</em></strong></span> <span class='ocrx_word' id='word_1_628' title='bbox 2219 3834 2313 3905; x_wconf 89' lang='lat' dir='ltr'><strong><em>qui</em></strong></span> <span class='ocrx_word' id='word_1_629' title='bbox 2351 3833 2617 3907; x_wconf 77' lang='lat' dir='ltr'><strong><em>Siagrium</em></strong></span> <span class='ocrx_word' id='word_1_630' title='bbox 2649 3852 3024 3894; x_wconf 88' lang='lat' dir='ltr'><strong><em>successorem</em></strong></span> <span class='ocrx_word' id='word_1_631' title='bbox 3053 3834 3291 3896; x_wconf 85' lang='lat' dir='ltr'><strong><em>Zenonis</em></strong></span> <span class='ocrx_word' id='word_1_632' title='bbox 3334 3850 3539 3912; x_wconf 87' lang='lat' dir='ltr'><strong><em>ponunt</em></strong></span> <span class='ocrx_word' id='word_1_633' title='bbox 3576 3856 3705 3897; x_wconf 85' lang='lat' dir='ltr'><strong><em>auc-</em></strong></span> 
     </span>
    </p>
   </div>
   <div class='ocr_carea' id='block_1_84' title="bbox 2100 3926 3703 4004">
    <p class='ocr_par' dir='ltr' id='par_1_84' title="bbox 2100 3926 3703 4004">
     <span class='ocr_line' id='line_1_84' title="bbox 2100 3926 3703 4004; baseline 0.002 -19"><span class='ocrx_word' id='word_1_634' title='bbox 2100 3929 2316 3985; x_wconf 86' lang='lat' dir='ltr'><strong><em>toritate</em></strong></span> <span class='ocrx_word' id='word_1_635' title='bbox 2344 3926 2401 3984; x_wconf 89' lang='grc'><strong><em>8.</em></strong></span> <span class='ocrx_word' id='word_1_636' title='bbox 2437 3930 2710 3987; x_wconf 82' lang='lat' dir='ltr'><strong><em>Ambrosii</em></strong></span> <span class='ocrx_word' id='word_1_637' title='bbox 2748 3933 2889 3989; x_wconf 87' lang='lat' dir='ltr'><strong><em>male</em></strong></span> <span class='ocrx_word' id='word_1_638' title='bbox 2920 3944 3193 4004; x_wconf 87' lang='lat' dir='ltr'><strong><em>percepta,</em></strong></span> <span class='ocrx_word' id='word_1_639' title='bbox 3230 3944 3286 3989; x_wconf 81' lang='lat' dir='ltr'><strong><em>nt</em></strong></span> <span class='ocrx_word' id='word_1_640' title='bbox 3317 3935 3369 3989; x_wconf 87' lang='lat' dir='ltr'><strong><em>in</em></strong></span> <span class='ocrx_word' id='word_1_641' title='bbox 3397 3934 3580 3990; x_wconf 84' lang='lat' dir='ltr'><strong><em>verbis</em></strong></span> <span class='ocrx_word' id='word_1_642' title='bbox 3611 3951 3703 3990; x_wconf 83' lang='lat' dir='ltr'><strong><em>su-</em></strong></span> 
     </span>
    </p>
   </div>
   <div class='ocr_carea' id='block_1_85' title="bbox 2100 4022 3707 4098">
    <p class='ocr_par' dir='ltr' id='par_1_85' title="bbox 2100 4022 3707 4098">
     <span class='ocr_line' id='line_1_85' title="bbox 2100 4022 3707 4098; baseline 0.006 -23"><span class='ocrx_word' id='word_1_643' title='bbox 2100 4037 2196 4093; x_wconf 88' lang='lat' dir='ltr'><strong><em>pra</em></strong></span> <span class='ocrx_word' id='word_1_644' title='bbox 2224 4023 2409 4079; x_wconf 89' lang='lat' dir='ltr'><strong><em>relatis</em></strong></span> <span class='ocrx_word' id='word_1_645' title='bbox 2436 4033 2668 4080; x_wconf 87' lang='lat' dir='ltr'><strong><em>constat.</em></strong></span> <span class='ocrx_word' id='word_1_646' title='bbox 2706 4022 2835 4080; x_wconf 88' lang='lat' dir='ltr'><strong><em>Nam</em></strong></span> <span class='ocrx_word' id='word_1_647' title='bbox 2868 4042 2933 4082; x_wconf 83' lang='lat' dir='ltr'><strong><em>ex</em></strong></span> <span class='ocrx_word' id='word_1_648' title='bbox 2961 4027 3149 4083; x_wconf 89' lang='lat' dir='ltr'><strong><em>eadem</em></strong></span> <span class='ocrx_word' id='word_1_649' title='bbox 3198 4024 3457 4098; x_wconf 86' lang='lat' dir='ltr'><strong><em>Epistola,</em></strong></span> <span class='ocrx_word' id='word_1_650' title='bbox 3490 4028 3533 4081; x_wconf 89' lang='lat' dir='ltr'><strong><em>si</em></strong></span> <span class='ocrx_word' id='word_1_651' title='bbox 3568 4027 3707 4085; x_wconf 89' lang='lat' dir='ltr'><strong><em>bene</em></strong></span> 
     </span>
    </p>
   </div>
   <div class='ocr_carea' id='block_1_86' title="bbox 2103 4116 3704 4193">
    <p class='ocr_par' dir='ltr' id='par_1_86' title="bbox 2103 4116 3704 4193">
     <span class='ocr_line' id='line_1_86' title="bbox 2103 4116 3704 4193; baseline 0.003 -23"><span class='ocrx_word' id='word_1_652' title='bbox 2103 4116 2438 4186; x_wconf 79' lang='lat' dir='ltr'><strong><em>inspiciatur,</em></strong></span> <span class='ocrx_word' id='word_1_653' title='bbox 2465 4122 2792 4174; x_wconf 89' lang='lat' dir='ltr'><strong><em>contrarium</em></strong></span> <span class='ocrx_word' id='word_1_654' title='bbox 2829 4122 3005 4191; x_wconf 89' lang='lat' dir='ltr'><strong><em>potius</em></strong></span> <span class='ocrx_word' id='word_1_655' title='bbox 3032 4120 3246 4177; x_wconf 88' lang='lat' dir='ltr'><strong><em>videtur</em></strong></span> <span class='ocrx_word' id='word_1_656' title='bbox 3270 4121 3704 4193; x_wconf 78' lang='lat' dir='ltr'><strong><em>intelligendum.</em></strong></span> 
     </span>
    </p>
   </div>
   <div class='ocr_carea' id='block_1_87' title="bbox 2104 4210 3711 4285">
    <p class='ocr_par' dir='ltr' id='par_1_87' title="bbox 2104 4210 3711 4285">
     <span class='ocr_line' id='line_1_87' title="bbox 2104 4210 3711 4285; baseline 0.001 -18"><span class='ocrx_word' id='word_1_657' title='bbox 2104 4210 2257 4268; x_wconf 92' lang='lat' dir='ltr'><strong><em>Tunc</em></strong></span> <span class='ocrx_word' id='word_1_658' title='bbox 2300 4213 2443 4277; x_wconf 88' lang='lat' dir='ltr'><strong><em>enim</em></strong></span> <span class='ocrx_word' id='word_1_659' title='bbox 2477 4210 2568 4267; x_wconf 88' lang='lat' dir='ltr'><strong><em>ille</em></strong></span> <span class='ocrx_word' id='word_1_660' title='bbox 2608 4212 2773 4282; x_wconf 88' lang='lat' dir='ltr'><strong><em>Zeno,</em></strong></span> <span class='ocrx_word' id='word_1_661' title='bbox 2804 4230 2963 4285; x_wconf 89' lang='lat' dir='ltr'><strong><em>quem</em></strong></span> <span class='ocrx_word' id='word_1_662' title='bbox 2994 4210 3052 4271; x_wconf 88' lang='lat' dir='ltr'><strong><em>S.</em></strong></span> <span class='ocrx_word' id='word_1_663' title='bbox 3087 4214 3406 4270; x_wconf 87' lang='lat' dir='ltr'><strong><em>Ambrosius</em></strong></span> <span class='ocrx_word' id='word_1_664' title='bbox 3444 4217 3711 4282; x_wconf 81' lang='lat' dir='ltr'><strong><em>nominat,</em></strong></span> 
     </span>
    </p>
   </div>
   <div class='ocr_carea' id='block_1_88' title="bbox 2102 4301 3707 4377">
    <p class='ocr_par' dir='ltr' id='par_1_88' title="bbox 2102 4301 3707 4377">
     <span class='ocr_line' id='line_1_88' title="bbox 2102 4301 3707 4377; baseline 0.003 -20"><span class='ocrx_word' id='word_1_665' title='bbox 2102 4301 2437 4371; x_wconf 79' lang='lat' dir='ltr'><strong><em>Veronensis</em></strong></span> <span class='ocrx_word' id='word_1_666' title='bbox 2468 4304 2765 4375; x_wconf 82' lang='lat' dir='ltr'><strong><em>Episcopus</em></strong></span> <span class='ocrx_word' id='word_1_667' title='bbox 2795 4306 2965 4374; x_wconf 86' lang='lat' dir='ltr'><strong><em>putari</em></strong></span> <span class='ocrx_word' id='word_1_668' title='bbox 2999 4316 3202 4376; x_wconf 83' lang='lat' dir='ltr'><strong><em>posset,</em></strong></span> <span class='ocrx_word' id='word_1_669' title='bbox 3238 4306 3282 4361; x_wconf 92' lang='lat' dir='ltr'><strong><em>si</em></strong></span> <span class='ocrx_word' id='word_1_670' title='bbox 3317 4305 3513 4359; x_wconf 78' lang='lat' dir='ltr'><strong><em>Indicia</em></strong></span> <span class='ocrx_word' id='word_1_671' title='bbox 3553 4306 3707 4377; x_wconf 79' lang='lat' dir='ltr'><strong><em>virgo</em></strong></span> 
     </span>
    </p>
   </div>
   <div class='ocr_carea' id='block_1_89' title="bbox 2105 4394 3710 4465">
    <p class='ocr_par' dir='ltr' id='par_1_89' title="bbox 2105 4394 3710 4465">
     <span class='ocr_line' id='line_1_89' title="bbox 2105 4394 3710 4465; baseline 0.001 -16"><span class='ocrx_word' id='word_1_672' title='bbox 2105 4411 2134 4449; x_wconf 90' lang='lat' dir='ltr'><strong><em>a</em></strong></span> <span class='ocrx_word' id='word_1_673' title='bbox 2164 4394 2381 4451; x_wconf 90' lang='lat' dir='ltr'><strong><em>Zenone</em></strong></span> <span class='ocrx_word' id='word_1_674' title='bbox 2404 4396 2643 4465; x_wconf 85' lang='lat' dir='ltr'><strong><em>probata,</em></strong></span> <span class='ocrx_word' id='word_1_675' title='bbox 2676 4405 2730 4451; x_wconf 87' lang='lat' dir='ltr'><strong><em>et</em></strong></span> <span class='ocrx_word' id='word_1_676' title='bbox 2756 4396 3133 4453; x_wconf 83' lang='lat' dir='ltr'><strong><em>benedictione</em></strong></span> <span class='ocrx_word' id='word_1_677' title='bbox 3155 4398 3487 4452; x_wconf 88' lang='lat' dir='ltr'><strong><em>sanctilicata</em></strong></span> <span class='ocrx_word' id='word_1_678' title='bbox 3518 4396 3710 4451; x_wconf 82' lang='lat' dir='ltr'><strong><em>luisset</em></strong></span> 
     </span>
    </p>
   </div>
   <div class='ocr_carea' id='block_1_90' title="bbox 2108 4487 3711 4558">
    <p class='ocr_par' dir='ltr' id='par_1_90' title="bbox 2108 4487 3711 4558">
     <span class='ocr_line' id='line_1_90' title="bbox 2108 4487 3711 4558; baseline 0.001 -13"><span class='ocrx_word' id='word_1_679' title='bbox 2108 4487 2438 4545; x_wconf 78' lang='lat' dir='ltr'><strong><em>Veronensis</em></strong></span> <span class='ocrx_word' id='word_1_680' title='bbox 2466 4487 2707 4558; x_wconf 88' lang='lat' dir='ltr'><strong><em>ejusdem</em></strong></span> <span class='ocrx_word' id='word_1_681' title='bbox 2738 4487 2976 4545; x_wconf 92' lang='lat' dir='ltr'><strong><em>Zenonis</em></strong></span> <span class='ocrx_word' id='word_1_682' title='bbox 3005 4488 3238 4545; x_wconf 88' lang='lat' dir='ltr'><strong><em>subdita.</em></strong></span> <span class='ocrx_word' id='word_1_683' title='bbox 3294 4489 3548 4546; x_wconf 87' lang='lat' dir='ltr'><strong><em>indiciam</em></strong></span> <span class='ocrx_word' id='word_1_684' title='bbox 3581 4507 3711 4547; x_wconf 90' lang='lat' dir='ltr'><strong><em>vero</em></strong></span> 
     </span>
    </p>
   </div>
   <div class='ocr_carea' id='block_1_91' title="bbox 393 4535 3711 4651">
    <p class='ocr_par' dir='ltr' id='par_1_91' title="bbox 393 4535 3711 4651">
     <span class='ocr_line' id='line_1_91' title="bbox 393 4535 3711 4651; baseline 0.006 -32"><span class='ocrx_word' id='word_1_685' title='bbox 393 4549 908 4651; x_wconf 60' lang='grc' dir='ltr'><strong><em>θεηονίῐηυδυίδρίιξδ</em></strong></span> <span class='ocrx_word' id='word_1_686' title='bbox 922 4551 1135 4651; x_wconf 47' lang='lat' dir='ltr'><strong><em>ﬁnito“</em></strong></span> <span class='ocrx_word' id='word_1_687' title='bbox 1160 4541 1237 4595; x_wconf 63' lang='grc'><strong><em>1⁸³</em></strong></span> <span class='ocrx_word' id='word_1_688' title='bbox 1250 4539 1329 4651; x_wconf 46' lang='lat' dir='ltr'><strong><em>Ide</em></strong></span> <span class='ocrx_word' id='word_1_689' title='bbox 1345 4536 1671 4594; x_wconf 56' lang='lat' dir='ltr'><strong><em>commas&quot;)</em></strong></span> <span class='ocrx_word' id='word_1_690' title='bbox 1686 4535 1998 4651; x_wconf 39' lang='lat' dir='ltr'><strong><em>(&quot;timidum</em></strong></span> <span class='ocrx_word' id='word_1_691' title='bbox 2030 4560 2083 4621; x_wconf 80' lang='grc' dir='ltr'>Ῑ)</span> <span class='ocrx_word' id='word_1_692' title='bbox 2110 4598 2215 4637; x_wconf 90' lang='lat' dir='ltr'><strong><em>non</em></strong></span> <span class='ocrx_word' id='word_1_693' title='bbox 2246 4578 2412 4637; x_wconf 82' lang='lat' dir='ltr'><strong><em>fuisse</em></strong></span> <span class='ocrx_word' id='word_1_694' title='bbox 2434 4535 2804 4636; x_wconf 58' lang='lat' dir='ltr'><strong><em>Vtironensem</em></strong></span> <span class='ocrx_word' id='word_1_695' title='bbox 2824 4581 3186 4651; x_wconf 89' lang='lat' dir='ltr'><strong><em>apertissimis</em></strong></span> <span class='ocrx_word' id='word_1_696' title='bbox 3206 4583 3538 4651; x_wconf 88' lang='lat' dir='ltr'><strong><em>conjecturis</em></strong></span> <span class='ocrx_word' id='word_1_697' title='bbox 3559 4583 3711 4638; x_wconf 85' lang='lat' dir='ltr'><strong><em>evin-</em></strong></span> 
     </span>
    </p>
   </div>
   <div class='ocr_carea' id='block_1_92' title="bbox 396 4635 2002 4712">
    <p class='ocr_par' dir='ltr' id='par_1_92' title="bbox 396 4635 2002 4712">
     <span class='ocr_line' id='line_1_92' title="bbox 396 4635 2002 4712; baseline -0.014 -6"><span class='ocrx_word' id='word_1_698' title='bbox 396 4664 535 4706; x_wconf 85' lang='lat' dir='ltr'><strong><em>cum</em></strong></span> <span class='ocrx_word' id='word_1_699' title='bbox 576 4651 634 4699; x_wconf 88' lang='lat' dir='ltr'><strong><em>et</em></strong></span> <span class='ocrx_word' id='word_1_700' title='bbox 672 4643 782 4712; x_wconf 87' lang='lat' dir='ltr'><strong><em>ipse</em></strong></span> <span class='ocrx_word' id='word_1_701' title='bbox 825 4639 958 4695; x_wconf 87' lang='lat' dir='ltr'><strong><em>nihil</em></strong></span> <span class='ocrx_word' id='word_1_702' title='bbox 988 4636 1199 4699; x_wconf 74' lang='lat' dir='ltr'><strong><em>afferat,</em></strong></span> <span class='ocrx_word' id='word_1_703' title='bbox 1229 4635 1299 4688; x_wconf 89' lang='lat' dir='ltr'><strong><em>de</em></strong></span> <span class='ocrx_word' id='word_1_704' title='bbox 1342 4648 1449 4703; x_wconf 91' lang='lat' dir='ltr'><strong><em>quo</em></strong></span> <span class='ocrx_word' id='word_1_705' title='bbox 1478 4646 1639 4700; x_wconf 87' lang='lat' dir='ltr'><strong><em>supra</em></strong></span> <span class='ocrx_word' id='word_1_706' title='bbox 1684 4636 1865 4685; x_wconf 89' lang='lat' dir='ltr'><strong><em>actum</em></strong></span> <span class='ocrx_word' id='word_1_707' title='bbox 1898 4646 2002 4684; x_wconf 90' lang='lat' dir='ltr'><strong><em>non</em></strong></span> 
     </span>
    </p>
   </div>
   <div class='ocr_carea' id='block_1_93' title="bbox 396 4721 2004 4797">
    <p class='ocr_par' dir='ltr' id='par_1_93' title="bbox 396 4721 2004 4797">
     <span class='ocr_line' id='line_1_93' title="bbox 396 4721 2004 4797; baseline -0.014 0"><span class='ocrx_word' id='word_1_708' title='bbox 396 4742 501 4797; x_wconf 85' lang='lat' dir='ltr'><strong><em>sit.</em></strong></span> <span class='ocrx_word' id='word_1_709' title='bbox 530 4734 829 4792; x_wconf 69' lang='lat' dir='ltr'><strong><em>Videndum</em></strong></span> <span class='ocrx_word' id='word_1_710' title='bbox 859 4737 1104 4787; x_wconf 86' lang='lat' dir='ltr'><strong><em>remanet</em></strong></span> <span class='ocrx_word' id='word_1_711' title='bbox 1132 4741 1199 4781; x_wconf 88' lang='lat' dir='ltr'><strong><em>an</em></strong></span> <span class='ocrx_word' id='word_1_712' title='bbox 1229 4726 1366 4779; x_wconf 85' lang='lat' dir='ltr'><strong><em>alter</em></strong></span> <span class='ocrx_word' id='word_1_713' title='bbox 1394 4724 1451 4780; x_wconf 92' lang='lat' dir='ltr'><strong><em>S.</em></strong></span> <span class='ocrx_word' id='word_1_714' title='bbox 1481 4723 1630 4778; x_wconf 89' lang='lat' dir='ltr'><strong><em>Zeno</em></strong></span> <span class='ocrx_word' id='word_1_715' title='bbox 1655 4736 1780 4777; x_wconf 87' lang='lat' dir='ltr'><strong><em>vere</em></strong></span> <span class='ocrx_word' id='word_1_716' title='bbox 1808 4721 2004 4775; x_wconf 80' lang='lat' dir='ltr'><strong><em>extite-</em></strong></span> 
     </span>
    </p>
   </div>
   <div class='ocr_carea' id='block_1_94' title="bbox 399 4812 2010 4900">
    <p class='ocr_par' dir='ltr' id='par_1_94' title="bbox 399 4812 2010 4900">
     <span class='ocr_line' id='line_1_94' title="bbox 399 4812 2010 4900; baseline -0.016 -8"><span class='ocrx_word' id='word_1_717' title='bbox 399 4836 506 4898; x_wconf 86' lang='lat' dir='ltr'><strong><em>rit,</em></strong></span> <span class='ocrx_word' id='word_1_718' title='bbox 542 4828 692 4900; x_wconf 85' lang='lat' dir='ltr'><strong><em>cujus</em></strong></span> <span class='ocrx_word' id='word_1_719' title='bbox 712 4840 848 4897; x_wconf 84' lang='lat' dir='ltr'><strong><em>opus</em></strong></span> <span class='ocrx_word' id='word_1_720' title='bbox 879 4824 1191 4884; x_wconf 86' lang='lat' dir='ltr'><strong><em>Sermones,</em></strong></span> <span class='ocrx_word' id='word_1_721' title='bbox 1218 4817 1285 4873; x_wconf 92' lang='lat' dir='ltr'><strong><em>de</em></strong></span> <span class='ocrx_word' id='word_1_722' title='bbox 1312 4816 1507 4887; x_wconf 87' lang='lat' dir='ltr'><strong><em>quibus</em></strong></span> <span class='ocrx_word' id='word_1_723' title='bbox 1527 4812 1897 4870; x_wconf 86' lang='lat' dir='ltr'><strong><em>controversia</em></strong></span> <span class='ocrx_word' id='word_1_724' title='bbox 1925 4820 2010 4868; x_wconf 90' lang='lat' dir='ltr'><strong><em>est</em></strong></span> 
     </span>
    </p>
   </div>
   <div class='ocr_carea' id='block_1_95' title="bbox 406 4923 1016 4995">
    <p class='ocr_par' dir='ltr' id='par_1_95' title="bbox 406 4923 1016 4995">
     <span class='ocr_line' id='line_1_95' title="bbox 406 4923 1016 4995; baseline -0.011 -12"><span class='ocrx_word' id='word_1_725' title='bbox 406 4940 545 4986; x_wconf 83' lang='lat' dir='ltr'><strong><em>esse</em></strong></span> <span class='ocrx_word' id='word_1_726' title='bbox 573 4923 799 4995; x_wconf 86' lang='lat' dir='ltr'><strong><em>possint.</em></strong></span> <span class='ocrx_word' id='word_1_727' title='bbox 956 4984 959 4987; x_wconf 24' lang='grc' dir='ltr'><strong><em>λ</em></strong></span> <span class='ocrx_word' id='word_1_728' title='bbox 1011 4946 1016 4953; x_wconf 67' lang='grc' dir='ltr'><em>ο</em></span> 
     </span>
    </p>
   </div>
   <div class='ocr_carea' id='block_1_96' title="bbox 1033 5001 1392 5066">
    <p class='ocr_par' dir='ltr' id='par_1_96' title="bbox 1033 5001 1392 5066">
     <span class='ocr_line' id='line_1_96' title="bbox 1033 5001 1392 5066; baseline -0.017 -5"><span class='ocrx_word' id='word_1_729' title='bbox 1033 5002 1258 5066; x_wconf 83' lang='lat' dir='ltr'><strong><em>CAPUT</em></strong></span> <span class='ocrx_word' id='word_1_730' title='bbox 1300 5001 1392 5057; x_wconf 78' lang='lat' dir='ltr'><strong><em>XI.</em></strong></span> 
     </span>
    </p>
   </div>
   <div class='ocr_carea' id='block_1_97' title="bbox 676 5116 1755 5195">
    <p class='ocr_par' dir='ltr' id='par_1_97' title="bbox 676 5116 1755 5195">
     <span class='ocr_line' id='line_1_97' title="bbox 676 5116 1755 5195; baseline -0.016 -2"><span class='ocrx_word' id='word_1_731' title='bbox 676 5137 817 5194; x_wconf 79' lang='lat' dir='ltr'><strong><em>linus</em></strong></span> <span class='ocrx_word' id='word_1_732' title='bbox 838 5141 921 5190; x_wconf 74' lang='lat' dir='ltr'><strong><em>est</em></strong></span> <span class='ocrx_word' id='word_1_733' title='bbox 942 5129 1004 5187; x_wconf 87' lang='lat' dir='ltr'><strong><em>S.</em></strong></span> <span class='ocrx_word' id='word_1_734' title='bbox 1032 5128 1173 5183; x_wconf 83' lang='lat' dir='ltr'><strong><em>Zeno</em></strong></span> <span class='ocrx_word' id='word_1_735' title='bbox 1206 5125 1422 5180; x_wconf 75' lang='lat' dir='ltr'><strong><em>Veram</em></strong></span> <span class='ocrx_word' id='word_1_736' title='bbox 1448 5116 1755 5195; x_wconf 85' lang='lat' dir='ltr'><strong><em>Episcopus.</em></strong></span> 
     </span>
    </p>
   </div>
   <div class='ocr_carea' id='block_1_98' title="bbox 494 5232 2019 5314">
    <p class='ocr_par' dir='ltr' id='par_1_98' title="bbox 494 5232 2019 5314">
     <span class='ocr_line' id='line_1_98' title="bbox 494 5232 2019 5314; baseline -0.018 0"><span class='ocrx_word' id='word_1_737' title='bbox 494 5258 645 5314; x_wconf 87' lang='lat' dir='ltr'><strong><em>Duos</em></strong></span> <span class='ocrx_word' id='word_1_738' title='bbox 682 5251 843 5308; x_wconf 82' lang='lat' dir='ltr'><strong><em>luisse</em></strong></span> <span class='ocrx_word' id='word_1_739' title='bbox 881 5246 1128 5302; x_wconf 85' lang='lat' dir='ltr'><strong><em>Zenones</em></strong></span> <span class='ocrx_word' id='word_1_740' title='bbox 1165 5248 1221 5296; x_wconf 90' lang='lat' dir='ltr'><strong><em>et</em></strong></span> <span class='ocrx_word' id='word_1_741' title='bbox 1259 5240 1372 5309; x_wconf 88' lang='lat' dir='ltr'><strong><em>ipse</em></strong></span> <span class='ocrx_word' id='word_1_742' title='bbox 1398 5238 1662 5293; x_wconf 74' lang='lat' dir='ltr'><strong><em>Baronius</em></strong></span> <span class='ocrx_word' id='word_1_743' title='bbox 1685 5232 1935 5300; x_wconf 89' lang='lat' dir='ltr'><strong><em>credidit,</em></strong></span> <span class='ocrx_word' id='word_1_744' title='bbox 1962 5241 2019 5289; x_wconf 91' lang='lat' dir='ltr'><strong><em>ut</em></strong></span> 
     </span>
    </p>
   </div>
   <div class='ocr_carea' id='block_1_99' title="bbox 418 5326 2016 5407">
    <p class='ocr_par' dir='ltr' id='par_1_99' title="bbox 418 5326 2016 5407">
     <span class='ocr_line' id='line_1_99' title="bbox 418 5326 2016 5407; baseline -0.018 1"><span class='ocrx_word' id='word_1_745' title='bbox 418 5352 615 5407; x_wconf 80' lang='lat' dir='ltr'><strong><em>videre</em></strong></span> <span class='ocrx_word' id='word_1_746' title='bbox 643 5354 724 5401; x_wconf 91' lang='lat' dir='ltr'><strong><em>est</em></strong></span> <span class='ocrx_word' id='word_1_747' title='bbox 754 5345 803 5399; x_wconf 92' lang='lat' dir='ltr'><strong><em>in</em></strong></span> <span class='ocrx_word' id='word_1_748' title='bbox 836 5334 1269 5395; x_wconf 80' lang='lat' dir='ltr'><strong><em>adnutationibus</em></strong></span> <span class='ocrx_word' id='word_1_749' title='bbox 1315 5330 1383 5386; x_wconf 87' lang='lat' dir='ltr'><strong><em>ad</em></strong></span> <span class='ocrx_word' id='word_1_750' title='bbox 1413 5327 1851 5398; x_wconf 82' lang='lat' dir='ltr'><strong><em>Martyrologium</em></strong></span> <span class='ocrx_word' id='word_1_751' title='bbox 1906 5326 2016 5381; x_wconf 80' lang='lat' dir='ltr'><strong><em>Bo-</em></strong></span> 
     </span>
    </p>
   </div>
   <div class='ocr_carea' id='block_1_100' title="bbox 422 5419 2017 5503">
    <p class='ocr_par' dir='ltr' id='par_1_100' title="bbox 422 5419 2017 5503">
     <span class='ocr_line' id='line_1_100' title="bbox 422 5419 2017 5503; baseline -0.019 -1"><span class='ocrx_word' id='word_1_752' title='bbox 422 5458 652 5503; x_wconf 86' lang='lat' dir='ltr'><strong><em>manum</em></strong></span> <span class='ocrx_word' id='word_1_753' title='bbox 681 5440 833 5495; x_wconf 87' lang='lat' dir='ltr'><strong><em>tertia</em></strong></span> <span class='ocrx_word' id='word_1_754' title='bbox 875 5433 1020 5500; x_wconf 81' lang='lat' dir='ltr'><strong><em>Maii,</em></strong></span> <span class='ocrx_word' id='word_1_755' title='bbox 1061 5430 1152 5486; x_wconf 88' lang='lat' dir='ltr'><strong><em>ubi</em></strong></span> <span class='ocrx_word' id='word_1_756' title='bbox 1194 5442 1357 5499; x_wconf 77' lang='lat' dir='ltr'><strong><em>agens</em></strong></span> <span class='ocrx_word' id='word_1_757' title='bbox 1403 5426 1471 5482; x_wconf 89' lang='lat' dir='ltr'><strong><em>de</em></strong></span> <span class='ocrx_word' id='word_1_758' title='bbox 1500 5426 1559 5501; x_wconf 86' lang='grc'><strong><em>8.</em></strong></span> <span class='ocrx_word' id='word_1_759' title='bbox 1592 5421 1852 5480; x_wconf 82' lang='lat' dir='ltr'><strong><em>Juvenale</em></strong></span> <span class='ocrx_word' id='word_1_760' title='bbox 1882 5419 2017 5475; x_wconf 53' lang='lat' dir='ltr'><strong><em>Nar.</em></strong></span> 
     </span>
    </p>
   </div>
   <div class='ocr_carea' id='block_1_101' title="bbox 425 5516 2023 5604">
    <p class='ocr_par' dir='ltr' id='par_1_101' title="bbox 425 5516 2023 5604">
     <span class='ocr_line' id='line_1_101' title="bbox 425 5516 2023 5604; baseline -0.019 -6"><span class='ocrx_word' id='word_1_761' title='bbox 425 5543 624 5599; x_wconf 88' lang='lat' dir='ltr'><strong><em>niense</em></strong></span> <span class='ocrx_word' id='word_1_762' title='bbox 670 5532 952 5604; x_wconf 71' lang='lat' dir='ltr'><strong><em>Epismipo,</em></strong></span> <span class='ocrx_word' id='word_1_763' title='bbox 989 5524 1358 5581; x_wconf 80' lang='lat' dir='ltr'><strong><em>Veronensem</em></strong></span> <span class='ocrx_word' id='word_1_764' title='bbox 1401 5518 1697 5575; x_wconf 79' lang='lat' dir='ltr'><strong><em>Ecclesium</em></strong></span> <span class='ocrx_word' id='word_1_765' title='bbox 1741 5516 1793 5570; x_wconf 91' lang='lat' dir='ltr'><strong><em>in</em></strong></span> <span class='ocrx_word' id='word_1_766' title='bbox 1838 5530 2023 5571; x_wconf 80' lang='lat' dir='ltr'><strong><em>exem-</em></strong></span> 
     </span>
    </p>
   </div>
   <div class='ocr_carea' id='block_1_102' title="bbox 427 5610 2025 5710">
    <p class='ocr_par' dir='ltr' id='par_1_102' title="bbox 427 5610 2025 5710">
     <span class='ocr_line' id='line_1_102' title="bbox 427 5610 2025 5710; baseline -0.016 -20"><span class='ocrx_word' id='word_1_767' title='bbox 427 5637 581 5710; x_wconf 82' lang='lat' dir='ltr'><strong><em>plum</em></strong></span> <span class='ocrx_word' id='word_1_768' title='bbox 610 5630 841 5695; x_wconf 84' lang='lat' dir='ltr'><strong><em>adducit,</em></strong></span> <span class='ocrx_word' id='word_1_769' title='bbox 871 5636 989 5697; x_wconf 62' lang='lat' dir='ltr'><strong><em>qua:</em></strong></span> <span class='ocrx_word' id='word_1_770' title='bbox 1021 5621 1160 5678; x_wconf 88' lang='lat' dir='ltr'><strong><em>duos</em></strong></span> <span class='ocrx_word' id='word_1_771' title='bbox 1187 5617 1435 5674; x_wconf 88' lang='lat' dir='ltr'><strong><em>Zenones</em></strong></span> <span class='ocrx_word' id='word_1_772' title='bbox 1469 5613 1739 5680; x_wconf 88' lang='lat' dir='ltr'><strong><em>habuerit,</em></strong></span> <span class='ocrx_word' id='word_1_773' title='bbox 1774 5619 1831 5665; x_wconf 92' lang='lat' dir='ltr'><strong><em>ut</em></strong></span> <span class='ocrx_word' id='word_1_774' title='bbox 1852 5619 1934 5710; x_wconf 33' lang='grc' dir='ltr'><strong><em>ὀι-</em></strong></span> <span class='ocrx_word' id='word_1_775' title='bbox 1960 5610 2025 5710; x_wconf 69' lang='lat' dir='ltr'><strong><em>in</em></strong></span> 
     </span>
    </p>
   </div>
   <div class='ocr_carea' id='block_1_103' title="bbox 431 5703 2028 5786">
    <p class='ocr_par' dir='ltr' id='par_1_103' title="bbox 431 5703 2028 5786">
     <span class='ocr_line' id='line_1_103' title="bbox 431 5703 2028 5786; baseline -0.017 0"><span class='ocrx_word' id='word_1_776' title='bbox 431 5703 718 5786; x_wconf 45' lang='grc' dir='ltr'><strong><em>ἀτη-ηἰωηί</em></strong></span> <span class='ocrx_word' id='word_1_777' title='bbox 742 5716 1005 5777; x_wconf 78' lang='lat' dir='ltr'><strong><em>Catltcdra</em></strong></span> <span class='ocrx_word' id='word_1_778' title='bbox 1037 5712 1172 5769; x_wconf 91' lang='lat' dir='ltr'><strong><em>duos</em></strong></span> <span class='ocrx_word' id='word_1_779' title='bbox 1202 5708 1487 5765; x_wconf 74' lang='lat' dir='ltr'><strong><em>iuvenales</em></strong></span> <span class='ocrx_word' id='word_1_780' title='bbox 1519 5706 1724 5762; x_wconf 76' lang='lat' dir='ltr'><strong><em>sedisse</em></strong></span> <span class='ocrx_word' id='word_1_781' title='bbox 1750 5703 2028 5775; x_wconf 85' lang='lat' dir='ltr'><strong><em>probabile</em></strong></span> 
     </span>
    </p>
   </div>
   <div class='ocr_carea' id='block_1_104' title="bbox 437 5792 2031 5883">
    <p class='ocr_par' dir='ltr' id='par_1_104' title="bbox 437 5792 2031 5883">
     <span class='ocr_line' id='line_1_104' title="bbox 437 5792 2031 5883; baseline -0.021 0"><span class='ocrx_word' id='word_1_782' title='bbox 437 5819 650 5883; x_wconf 82' lang='lat' dir='ltr'><strong><em>reddat.</em></strong></span> <span class='ocrx_word' id='word_1_783' title='bbox 682 5817 737 5873; x_wconf 87' lang='lat' dir='ltr'><strong><em>lu</em></strong></span> <span class='ocrx_word' id='word_1_784' title='bbox 768 5813 917 5870; x_wconf 77' lang='lat' dir='ltr'><strong><em>notis’</em></strong></span> <span class='ocrx_word' id='word_1_785' title='bbox 937 5816 1115 5865; x_wconf 79' lang='lat' dir='ltr'><strong><em>autem</em></strong></span> <span class='ocrx_word' id='word_1_786' title='bbox 1162 5800 1401 5874; x_wconf 88' lang='lat' dir='ltr'><strong><em>ejusdem</em></strong></span> <span class='ocrx_word' id='word_1_787' title='bbox 1438 5796 1800 5870; x_wconf 74' lang='lat' dir='ltr'><strong><em>Martyrologii</em></strong></span> <span class='ocrx_word' id='word_1_788' title='bbox 1829 5792 2031 5851; x_wconf 81' lang='lat' dir='ltr'><strong><em>duode—</em></strong></span> 
     </span>
    </p>
   </div>
   <div class='ocr_carea' id='block_1_105' title="bbox 2109 4674 3714 4745">
    <p class='ocr_par' dir='ltr' id='par_1_105' title="bbox 2109 4674 3714 4745">
     <span class='ocr_line' id='line_1_105' title="bbox 2109 4674 3714 4745; baseline 0 -14"><span class='ocrx_word' id='word_1_789' title='bbox 2109 4674 2248 4732; x_wconf 90' lang='lat' dir='ltr'><strong><em>eitur</em></strong></span> <span class='ocrx_word' id='word_1_790' title='bbox 2275 4692 2338 4731; x_wconf 83' lang='lat' dir='ltr'><strong><em>ex</em></strong></span> <span class='ocrx_word' id='word_1_791' title='bbox 2371 4675 2560 4731; x_wconf 89' lang='lat' dir='ltr'><strong><em>eadem</em></strong></span> <span class='ocrx_word' id='word_1_792' title='bbox 2587 4674 2815 4745; x_wconf 89' lang='lat' dir='ltr'><strong><em>epistola</em></strong></span> <span class='ocrx_word' id='word_1_793' title='bbox 2844 4677 2904 4731; x_wconf 88' lang='grc'><strong><em>1).</em></strong></span> <span class='ocrx_word' id='word_1_794' title='bbox 2938 4674 3230 4731; x_wconf 86' lang='lat' dir='ltr'><strong><em>Ambrosii.</em></strong></span> <span class='ocrx_word' id='word_1_795' title='bbox 3269 4675 3450 4731; x_wconf 85' lang='lat' dir='ltr'><strong><em>Primo</em></strong></span> <span class='ocrx_word' id='word_1_796' title='bbox 3481 4691 3714 4745; x_wconf 88' lang='lat' dir='ltr'><strong><em>namque</em></strong></span> 
     </span>
    </p>
   </div>
   <div class='ocr_carea' id='block_1_106' title="bbox 2111 4769 3714 4842">
    <p class='ocr_par' dir='ltr' id='par_1_106' title="bbox 2111 4769 3714 4842">
     <span class='ocr_line' id='line_1_106' title="bbox 2111 4769 3714 4842; baseline 0 -16"><span class='ocrx_word' id='word_1_797' title='bbox 2111 4770 2170 4826; x_wconf 91' lang='grc'><strong><em>8.</em></strong></span> <span class='ocrx_word' id='word_1_798' title='bbox 2200 4769 2516 4826; x_wconf 83' lang='lat' dir='ltr'><strong><em>Ambrosius</em></strong></span> <span class='ocrx_word' id='word_1_799' title='bbox 2542 4769 2811 4840; x_wconf 82' lang='lat' dir='ltr'><strong><em>Siagrium</em></strong></span> <span class='ocrx_word' id='word_1_800' title='bbox 2836 4775 3029 4842; x_wconf 76' lang='lat' dir='ltr'><strong><em>arguit,</em></strong></span> <span class='ocrx_word' id='word_1_801' title='bbox 3063 4770 3207 4841; x_wconf 90' lang='lat' dir='ltr'><strong><em>quod</em></strong></span> <span class='ocrx_word' id='word_1_802' title='bbox 3237 4771 3353 4825; x_wconf 84' lang='lat' dir='ltr'><strong><em>sine</em></strong></span> <span class='ocrx_word' id='word_1_803' title='bbox 3384 4770 3714 4841; x_wconf 70' lang='lat' dir='ltr'><strong><em>prazcedenti</em></strong></span> 
     </span>
    </p>
   </div>
   <div class='ocr_carea' id='block_1_107' title="bbox 2111 4862 3716 4937">
    <p class='ocr_par' dir='ltr' id='par_1_107' title="bbox 2111 4862 3716 4937">
     <span class='ocr_line' id='line_1_107' title="bbox 2111 4862 3716 4937; baseline 0.001 -18"><span class='ocrx_word' id='word_1_804' title='bbox 2111 4864 2459 4935; x_wconf 79' lang='lat' dir='ltr'><strong><em>inquisitione</em></strong></span> <span class='ocrx_word' id='word_1_805' title='bbox 2486 4862 2743 4920; x_wconf 88' lang='lat' dir='ltr'><strong><em>lndiciam</em></strong></span> <span class='ocrx_word' id='word_1_806' title='bbox 2770 4866 3034 4937; x_wconf 77' lang='lat' dir='ltr'><strong><em>virginem</em></strong></span> <span class='ocrx_word' id='word_1_807' title='bbox 3054 4864 3373 4935; x_wconf 81' lang='lat' dir='ltr'><strong><em>inspectioni</em></strong></span> <span class='ocrx_word' id='word_1_808' title='bbox 3401 4865 3716 4936; x_wconf 75' lang='lat' dir='ltr'><strong><em>subiecerit.</em></strong></span> 
     </span>
    </p>
   </div>
   <div class='ocr_carea' id='block_1_108' title="bbox 2113 4956 3719 5030">
    <p class='ocr_par' dir='ltr' id='par_1_108' title="bbox 2113 4956 3719 5030">
     <span class='ocr_line' id='line_1_108' title="bbox 2113 4956 3719 5030; baseline 0.001 -19"><span class='ocrx_word' id='word_1_809' title='bbox 2113 4956 2193 5011; x_wconf 89' lang='lat' dir='ltr'><strong><em>Tu</em></strong></span> <span class='ocrx_word' id='word_1_810' title='bbox 2219 4967 2391 5011; x_wconf 87' lang='lat' dir='ltr'><strong><em>autem</em></strong></span> <span class='ocrx_word' id='word_1_811' title='bbox 2413 4958 2521 5012; x_wconf 89' lang='lat' dir='ltr'><strong><em>sine</em></strong></span> <span class='ocrx_word' id='word_1_812' title='bbox 2542 4957 2754 5011; x_wconf 88' lang='lat' dir='ltr'><strong><em>alterius</em></strong></span> <span class='ocrx_word' id='word_1_813' title='bbox 2781 4957 2961 5027; x_wconf 79' lang='lat' dir='ltr'><strong><em>fratris</em></strong></span> <span class='ocrx_word' id='word_1_814' title='bbox 2988 4958 3200 5012; x_wconf 88' lang='lat' dir='ltr'><strong><em>consilio</em></strong></span> <span class='ocrx_word' id='word_1_815' title='bbox 3230 4959 3324 5012; x_wconf 83' lang='lat' dir='ltr'><strong><em>hoc</em></strong></span> <span class='ocrx_word' id='word_1_816' title='bbox 3344 4959 3599 5030; x_wconf 78' lang='lat' dir='ltr'><strong><em>iudicium</em></strong></span> <span class='ocrx_word' id='word_1_817' title='bbox 3626 4957 3719 5012; x_wconf 87' lang='lat' dir='ltr'><strong><em>tibi</em></strong></span> 
     </span>
    </p>
   </div>
   <div class='ocr_carea' id='block_1_109' title="bbox 2113 5048 3722 5121">
    <p class='ocr_par' dir='ltr' id='par_1_109' title="bbox 2113 5048 3722 5121">
     <span class='ocr_line' id='line_1_109' title="bbox 2113 5048 3722 5121; baseline 0.001 -18"><span class='ocrx_word' id='word_1_818' title='bbox 2113 5048 2255 5104; x_wconf 83' lang='lat' dir='ltr'><strong><em>solus</em></strong></span> <span class='ocrx_word' id='word_1_819' title='bbox 2269 5049 2617 5121; x_wconf 84' lang='lat' dir='ltr'><strong><em>judicandum</em></strong></span> <span class='ocrx_word' id='word_1_820' title='bbox 2647 5057 2863 5119; x_wconf 78' lang='lat' dir='ltr'><strong><em>putum.</em></strong></span> <span class='ocrx_word' id='word_1_821' title='bbox 2912 5049 2970 5106; x_wconf 89' lang='lat' dir='ltr'><strong><em>Si</em></strong></span> <span class='ocrx_word' id='word_1_822' title='bbox 3000 5049 3331 5107; x_wconf 79' lang='lat' dir='ltr'><strong><em>Veronensis</em></strong></span> <span class='ocrx_word' id='word_1_823' title='bbox 3361 5052 3549 5107; x_wconf 83' lang='lat' dir='ltr'><strong><em>luisset</em></strong></span> <span class='ocrx_word' id='word_1_824' title='bbox 3576 5050 3722 5105; x_wconf 87' lang='lat' dir='ltr'><strong><em>indi-</em></strong></span> 
     </span>
    </p>
   </div>
   <div class='ocr_carea' id='block_1_110' title="bbox 2117 5134 3727 5212">
    <p class='ocr_par' dir='ltr' id='par_1_110' title="bbox 2117 5134 3727 5212">
     <span class='ocr_line' id='line_1_110' title="bbox 2117 5134 3727 5212; baseline 0.001 -16"><span class='ocrx_word' id='word_1_825' title='bbox 2117 5140 2471 5207; x_wconf 90' lang='lat' dir='ltr'><strong><em>cia,consi|io</em></strong></span> <span class='ocrx_word' id='word_1_826' title='bbox 2499 5139 2721 5195; x_wconf 91' lang='lat' dir='ltr'><strong><em>minime</em></strong></span> <span class='ocrx_word' id='word_1_827' title='bbox 2748 5141 3089 5212; x_wconf 76' lang='lat' dir='ltr'><strong><em>indiguisset,</em></strong></span> <span class='ocrx_word' id='word_1_828' title='bbox 3120 5159 3241 5199; x_wconf 87' lang='lat' dir='ltr'><strong><em>cum</em></strong></span> <span class='ocrx_word' id='word_1_829' title='bbox 3274 5143 3379 5200; x_wconf 89' lang='lat' dir='ltr'><strong><em>sibi</em></strong></span> <span class='ocrx_word' id='word_1_830' title='bbox 3423 5134 3544 5200; x_wconf 86' lang='lat' dir='ltr'><strong><em>nota</em></strong></span> <span class='ocrx_word' id='word_1_831' title='bbox 3580 5143 3727 5199; x_wconf 80' lang='lat' dir='ltr'><strong><em>foret</em></strong></span> 
     </span>
    </p>
   </div>
   <div class='ocr_carea' id='block_1_111' title="bbox 2121 5228 3724 5305">
    <p class='ocr_par' dir='ltr' id='par_1_111' title="bbox 2121 5228 3724 5305">
     <span class='ocr_line' id='line_1_111' title="bbox 2121 5228 3724 5305; baseline 0.002 -19"><span class='ocrx_word' id='word_1_832' title='bbox 2121 5240 2391 5302; x_wconf 88' lang='lat' dir='ltr'><strong><em>tamquam</em></strong></span> <span class='ocrx_word' id='word_1_833' title='bbox 2420 5228 2633 5285; x_wconf 89' lang='lat' dir='ltr'><strong><em>subdita</em></strong></span> <span class='ocrx_word' id='word_1_834' title='bbox 2666 5248 2678 5284; x_wconf 89' lang='lat'><strong>:</strong></span> <span class='ocrx_word' id='word_1_835' title='bbox 2712 5231 2756 5285; x_wconf 90' lang='lat' dir='ltr'><strong><em>si</em></strong></span> <span class='ocrx_word' id='word_1_836' title='bbox 2789 5242 2920 5304; x_wconf 78' lang='lat' dir='ltr'><strong><em>ergo</em></strong></span> <span class='ocrx_word' id='word_1_837' title='bbox 2952 5235 3024 5289; x_wconf 90' lang='lat' dir='ltr'><strong><em>ita</em></strong></span> <span class='ocrx_word' id='word_1_838' title='bbox 3055 5249 3178 5289; x_wconf 91' lang='lat' dir='ltr'><strong><em>eum</em></strong></span> <span class='ocrx_word' id='word_1_839' title='bbox 3223 5234 3592 5305; x_wconf 86' lang='lat' dir='ltr'><strong><em>reprehendit,</em></strong></span> <span class='ocrx_word' id='word_1_840' title='bbox 3620 5234 3724 5290; x_wconf 88' lang='lat' dir='ltr'><strong><em>hoc</em></strong></span> 
     </span>
    </p>
   </div>
   <div class='ocr_carea' id='block_1_112' title="bbox 2123 5325 3725 5399">
    <p class='ocr_par' dir='ltr' id='par_1_112' title="bbox 2123 5325 3725 5399">
     <span class='ocr_line' id='line_1_112' title="bbox 2123 5325 3725 5399; baseline 0 -16"><span class='ocrx_word' id='word_1_841' title='bbox 2123 5329 2248 5384; x_wconf 82' lang='lat' dir='ltr'><strong><em>facit</em></strong></span> <span class='ocrx_word' id='word_1_842' title='bbox 2275 5342 2341 5383; x_wconf 90' lang='lat' dir='ltr'><strong><em>eo</em></strong></span> <span class='ocrx_word' id='word_1_843' title='bbox 2373 5326 2516 5399; x_wconf 93' lang='lat' dir='ltr'><strong><em>quod</em></strong></span> <span class='ocrx_word' id='word_1_844' title='bbox 2555 5325 2756 5382; x_wconf 89' lang='lat' dir='ltr'><strong><em>Indicia</em></strong></span> <span class='ocrx_word' id='word_1_845' title='bbox 2785 5343 2891 5383; x_wconf 92' lang='lat' dir='ltr'><strong><em>non</em></strong></span> <span class='ocrx_word' id='word_1_846' title='bbox 2941 5337 3060 5384; x_wconf 90' lang='lat' dir='ltr'><strong><em>erat</em></strong></span> <span class='ocrx_word' id='word_1_847' title='bbox 3089 5329 3301 5385; x_wconf 87' lang='lat' dir='ltr'><strong><em>subdita</em></strong></span> <span class='ocrx_word' id='word_1_848' title='bbox 3330 5328 3587 5399; x_wconf 85' lang='lat' dir='ltr'><strong><em>episc0po</em></strong></span> <span class='ocrx_word' id='word_1_849' title='bbox 3612 5328 3725 5383; x_wconf 81' lang='lat' dir='ltr'><strong><em>Ve-</em></strong></span> 
     </span>
    </p>
   </div>
   <div class='ocr_carea' id='block_1_113' title="bbox 2125 5419 3723 5491">
    <p class='ocr_par' dir='ltr' id='par_1_113' title="bbox 2125 5419 3723 5491">
     <span class='ocr_line' id='line_1_113' title="bbox 2125 5419 3723 5491; baseline -0.002 -13"><span class='ocrx_word' id='word_1_850' title='bbox 2125 5421 2345 5478; x_wconf 90' lang='lat' dir='ltr'><strong><em>ronensi</em></strong></span> <span class='ocrx_word' id='word_1_851' title='bbox 2368 5437 2381 5485; x_wconf 90' lang='lat'><strong>;</strong></span> <span class='ocrx_word' id='word_1_852' title='bbox 2405 5419 2548 5490; x_wconf 89' lang='lat' dir='ltr'><strong><em>quod</em></strong></span> <span class='ocrx_word' id='word_1_853' title='bbox 2576 5420 2743 5491; x_wconf 80' lang='lat' dir='ltr'><strong><em>magis</em></strong></span> <span class='ocrx_word' id='word_1_854' title='bbox 2767 5429 2983 5477; x_wconf 87' lang='lat' dir='ltr'><strong><em>constat</em></strong></span> <span class='ocrx_word' id='word_1_855' title='bbox 3008 5437 3077 5477; x_wconf 83' lang='lat' dir='ltr'><strong><em>ex</em></strong></span> <span class='ocrx_word' id='word_1_856' title='bbox 3106 5422 3210 5477; x_wconf 75' lang='lat' dir='ltr'><strong><em>illis</em></strong></span> <span class='ocrx_word' id='word_1_857' title='bbox 3238 5422 3418 5477; x_wconf 88' lang='lat' dir='ltr'><strong><em>verbis</em></strong></span> <span class='ocrx_word' id='word_1_858' title='bbox 3444 5438 3462 5477; x_wconf 91' lang='lat'><strong><em>:</em></strong></span> <span class='ocrx_word' id='word_1_859' title='bbox 3492 5421 3605 5476; x_wconf 84' lang='lat' dir='ltr'><strong><em>Tibi</em></strong></span> <span class='ocrx_word' id='word_1_860' title='bbox 3627 5422 3723 5476; x_wconf 87' lang='lat' dir='ltr'><strong><em>soli</em></strong></span> 
     </span>
    </p>
   </div>
   <div class='ocr_carea' id='block_1_114' title="bbox 2116 5504 3729 5586">
    <p class='ocr_par' dir='ltr' id='par_1_114' title="bbox 2116 5504 3729 5586">
     <span class='ocr_line' id='line_1_114' title="bbox 2116 5504 3729 5586; baseline -0.002 -17"><span class='ocrx_word' id='word_1_861' title='bbox 2116 5512 2459 5586; x_wconf 87' lang='lat' dir='ltr'><strong><em>judicaudam</em></strong></span> <span class='ocrx_word' id='word_1_862' title='bbox 2490 5512 2711 5585; x_wconf 85' lang='lat' dir='ltr'><strong><em>putaris.</em></strong></span> <span class='ocrx_word' id='word_1_863' title='bbox 2744 5512 2864 5569; x_wconf 89' lang='lat' dir='ltr'><strong><em>Non</em></strong></span> <span class='ocrx_word' id='word_1_864' title='bbox 2896 5515 3040 5570; x_wconf 91' lang='lat' dir='ltr'><strong><em>enim</em></strong></span> <span class='ocrx_word' id='word_1_865' title='bbox 3074 5504 3176 5569; x_wconf 79' lang='lat' dir='ltr'><strong><em>hoc</em></strong></span> <span class='ocrx_word' id='word_1_866' title='bbox 3201 5522 3377 5585; x_wconf 83' lang='lat' dir='ltr'><strong><em>potest</em></strong></span> <span class='ocrx_word' id='word_1_867' title='bbox 3409 5512 3629 5581; x_wconf 82' lang='lat' dir='ltr'><strong><em>intelligi</em></strong></span> <span class='ocrx_word' id='word_1_868' title='bbox 3659 5511 3729 5566; x_wconf 87' lang='lat' dir='ltr'><strong><em>de</em></strong></span> 
     </span>
    </p>
   </div>
   <div class='ocr_carea' id='block_1_115' title="bbox 2128 5593 3734 5681">
    <p class='ocr_par' dir='ltr' id='par_1_115' title="bbox 2128 5593 3734 5681">
     <span class='ocr_line' id='line_1_115' title="bbox 2128 5593 3734 5681; baseline -0.002 -19"><span class='ocrx_word' id='word_1_869' title='bbox 2128 5607 2458 5665; x_wconf 89' lang='lat' dir='ltr'><strong><em>asciscendis</em></strong></span> <span class='ocrx_word' id='word_1_870' title='bbox 2502 5607 2604 5664; x_wconf 90' lang='lat' dir='ltr'><strong><em>sibi</em></strong></span> <span class='ocrx_word' id='word_1_871' title='bbox 2655 5608 2708 5664; x_wconf 92' lang='lat' dir='ltr'><strong><em>in</em></strong></span> <span class='ocrx_word' id='word_1_872' title='bbox 2739 5593 2946 5681; x_wconf 79' lang='lat' dir='ltr'><strong><em>judicio</em></strong></span> <span class='ocrx_word' id='word_1_873' title='bbox 2975 5606 3359 5664; x_wconf 87' lang='lat' dir='ltr'><strong><em>Sacerdotibus</em></strong></span> <span class='ocrx_word' id='word_1_874' title='bbox 3411 5604 3734 5660; x_wconf 84' lang='lat' dir='ltr'><strong><em>Veronensi-</em></strong></span> 
     </span>
    </p>
   </div>
   <div class='ocr_carea' id='block_1_116' title="bbox 2130 5696 3741 5775">
    <p class='ocr_par' dir='ltr' id='par_1_116' title="bbox 2130 5696 3741 5775">
     <span class='ocr_line' id='line_1_116' title="bbox 2130 5696 3741 5775; baseline -0.001 -17"><span class='ocrx_word' id='word_1_875' title='bbox 2130 5702 2252 5770; x_wconf 84' lang='lat' dir='ltr'><strong><em>bus,</em></strong></span> <span class='ocrx_word' id='word_1_876' title='bbox 2296 5702 2386 5774; x_wconf 92' lang='lat' dir='ltr'><strong><em>qui</em></strong></span> <span class='ocrx_word' id='word_1_877' title='bbox 2429 5700 2706 5772; x_wconf 86' lang='lat' dir='ltr'><strong><em>judieandi</em></strong></span> <span class='ocrx_word' id='word_1_878' title='bbox 2747 5709 3071 5775; x_wconf 88' lang='lat' dir='ltr'><strong><em>potestatem</em></strong></span> <span class='ocrx_word' id='word_1_879' title='bbox 3120 5717 3225 5757; x_wconf 90' lang='lat' dir='ltr'><strong><em>non</em></strong></span> <span class='ocrx_word' id='word_1_880' title='bbox 3272 5696 3559 5762; x_wconf 82' lang='lat' dir='ltr'><strong><em>habebant,</em></strong></span> <span class='ocrx_word' id='word_1_881' title='bbox 3613 5714 3741 5770; x_wconf 73' lang='lat' dir='ltr'><strong><em>qua:</em></strong></span> 
     </span>
    </p>
   </div>
   <div class='ocr_carea' id='block_1_117' title="bbox 2132 5785 3748 5867">
    <p class='ocr_par' dir='ltr' id='par_1_117' title="bbox 2132 5785 3748 5867">
     <span class='ocr_line' id='line_1_117' title="bbox 2132 5785 3748 5867; baseline -0.004 -13"><span class='ocrx_word' id='word_1_882' title='bbox 2132 5810 2300 5867; x_wconf 86' lang='lat' dir='ltr'><strong><em>penes</em></strong></span> <span class='ocrx_word' id='word_1_883' title='bbox 2328 5792 2598 5863; x_wconf 72' lang='lat' dir='ltr'><strong><em>Siagrium</em></strong></span> <span class='ocrx_word' id='word_1_884' title='bbox 2642 5804 2751 5853; x_wconf 87' lang='lat' dir='ltr'><strong><em>tota</em></strong></span> <span class='ocrx_word' id='word_1_885' title='bbox 2792 5793 2986 5851; x_wconf 85' lang='lat' dir='ltr'><strong><em>eratin</em></strong></span> <span class='ocrx_word' id='word_1_886' title='bbox 3026 5789 3245 5848; x_wconf 85' lang='lat' dir='ltr'><strong><em>dioecesi</em></strong></span> <span class='ocrx_word' id='word_1_887' title='bbox 3288 5785 3607 5855; x_wconf 79' lang='lat' dir='ltr'><strong><em>Veronensi.</em></strong></span> <span class='ocrx_word' id='word_1_888' title='bbox 3648 5788 3748 5850; x_wconf 75' lang='lat' dir='ltr'><strong><em>sed</em></strong></span> 
     </span>
    </p>
   </div>
  </div>
