4198 6160
461 235 570 298 (iiii

1557 227 1647 285 DE
1686 221 2130 285 SERMONIBUS
2167 220 2413 281 SANC'l'I
2453 215 2765 276 ZENONIS.

3647 203 3757 265 6l6

459 360 526 415 de
548 357 669 412 aliis
692 353 983 428 episcopis.
1025 350 1158 407 Nam
1206 347 1446 420 pluribus
1477 345 1532 401 in
1564 346 1696 400 locis
1726 344 1872 415 degit
1918 342 2060 397 lndi-
2087 347 2141 407 Α
2168 340 2381 396 Indicia:
2408 352 2607 394 mores.
2638 336 2693 392 Si
2740 347 2872 391 vero
2898 331 3100 389 Indicia
3129 324 3459 385 Veronensis
3480 339 3586 380 non
3616 332 3759 391 erat,

457 456 565 518 cia,
608 461 667 506 ιιι
706 450 930 506 inferius
967 445 1289 501 videbimus.
1325 442 1382 499 Si
1427 451 1606 495 autem
1656 438 1758 493 sibi
1790 436 2055 492 subditam

453 548 753 619 judicasset
798 541 1062 611 Siagrius,
1093 552 1253 609 quem
1292 534 1457 591 alium
1487 534 1539 589 in
1563 530 1858 604 judicando
1889 530 2057 585 colic-

455 659 578 716 gam
609 640 658 697 ei
701 639 888 694 fuisset
914 650 1051 706 opus
1078 630 1373 701 adhibere?
1395 629 1533 686 Num
1566 628 1636 684 de
1662 624 1927 697 imperitia
1964 637 2061 716 no-

460 715 575 791 tare
619 732 885 802 Siagrium
919 726 1238 783 Ambrosius
1263 723 1453 786 voluit,
1494 720 1647 791 quasi
1675 731 1952 773 assessore
1980 715 2061 768 in-

455 826 702 900 digeret?
749 820 1105 879 Doctissimus
1154 817 1252 872 fuit
1280 814 1544 885 Siagrius,
1578 820 1637 867 ut
1666 808 1922 882 Ughellus
1954 815 2061 861 tes-

459 878 623 977 tatur.
684 913 979 972 Dicendum
1052 920 1137 967 est
1214 913 1397 977 itaque
1448 905 1590 978 quod
1646 878 1774 960 licet
1832 901 2061 956 Verona:
2114 878 2119 883 λ

456 1013 810 1073 commissum
840 1018 1090 1078 stuprum
1110 1003 1419 1065 diceretur.
1464 1010 1640 1056 tamen
1670 998 1841 1068 virgo,
1873 1004 1931 1050 ut
1960 1009 2060 1064 pu-

460 1112 676 1167 tabatur
698 1112 962 1176 stuprata,
990 1098 1324 1155 Veronensis
1349 1111 1455 1151 non
1478 1102 1616 1159 erat,
1646 1103 1699 1147 et
1726 1106 1786 1147 ea
1810 1090 1876 1145 de
1900 1102 2061 1143 causa

463 1204 631 1275 ipsius
668 1200 986 1269 episcOpum
1040 1207 1161 1248 esse
1207 1187 1624 1251 consulendum,
1673 1194 1732 1239 ut
1770 1183 1837 1238 de
1862 1180 2064 1236 Indicia

461 1274 689 1367 ejusque
713 1290 955 1348 moribus
976 1286 1269 1342 haberetur
1290 1281 1503 1338 nOtitia.
1528 1278 1605 1333 Ex
1629 1293 1733 1347 quo
1749 1274 1912 1330 etiam
1934 1287 2066 1326 con-

458 1366 664 1459 jicitur,
714 1397 887 1453 neque
916 1377 1372 1435 Mediolanensem
1413 1370 1580 1426 fuisse
1632 1366 1913 1432 Indiciam,
1941 1376 2065 1417 cum

462 1455 579 1551 ipse
601 1479 659 1535 S.
689 1474 1008 1532 Ambrosius
1033 1473 1100 1525 ab
1127 1469 1247 1524 aliis
1288 1466 1533 1522 notitiam
1569 1462 1636 1517 de
1675 1475 1739 1515 ea
1767 1455 2063 1527 qutesierit.

466 1550 767 1628 Prtesertim
796 1582 912 1622 cum
938 1566 1034 1619 hoc
1046 1562 1307 1638 judicium
1334 1568 1566 1613 nostrum
1586 1570 1703 1609 cum
1728 1550 1974 1624 fratribus
2021 1557 2068 1602 et

468 1660 917 1720 consacerdotibus
968 1657 1157 1712 nostris
1186 1653 1552 1726 participatum
1592 1645 1919 1719 processerit.
1948 1640 2069 1712 Epi-

2164 446 2339 503 neque
2366 429 2459 501 qui
2488 444 2607 485 eam
2640 425 3016 484 benedictione
3059 424 3168 478 Deo
3208 425 3516 476 sacraverat
3552 417 3704 472 Zeno
3732 432 3762 467 a

2160 522 2221 578 S.
2245 521 2535 576 Ambrosio
2552 519 2801 574 laudatus
2820 513 3149 572 Veronensis
3169 509 3438 582 putandus
3458 519 3535 564 est
3558 525 3571 561 :
3602 507 3766 578 eique

2163 616 2221 672 S.
2273 614 2507 671 Zenonis
2548 612 2798 683 Episcopi
2842 607 3174 666 Veronensis
3219 617 3501 661 sermones
3552 601 3763 658 adscri-

2161 707 2325 765 bendi
2358 722 2464 762 non
2488 714 2634 761 sunt.

2235 800 2412 868 Quare
2433 796 2759 855 Godefridus
2783 796 2837 851 in
2869 793 2986 849 Vita
3020 793 3078 850 S.
3102 789 3395 868 Ambrosii,
3427 788 3614 853 lib.tx,
3637 801 3759 858 cap.

2165 895 2220 963 8,
2269 897 2405 948 hanc
2437 890 2690 947 Indiciam
2722 889 2863 944 nulla
2895 888 3104 943 ratione
3154 883 3419 940 adductus
3449 882 3532 937 vel
3573 891 3766 936 aucto-

2165 989 2325 1044 ritate
2360 986 2721 1042 Veronensem
2754 983 2910 1038 dixit.
2955 980 3176 1036 Cautius
3203 975 3587 1034 Tillcmonlius
3629 975 3762 1046 egit,

2165 1082 2259 1155 qui
2285 1097 2403 1139 eam
2447 1081 2818 1137 Veronensem
2858 1089 3105 1131 asserere
3132 1089 3237 1129 non
3268 1080 3353 1127 est
3398 1085 3580 1125 ausus.
3632 1068 3770 1124 Car-

2168 1176 2540 1247 thaginensem
2572 1172 2710 1229 forte
2739 1172 2915 1243 potius
2943 1166 3228 1224 dicendam
3257 1176 3406 1238 puto.
3461 1164 3590 1219 Nam
3639 1178 3767 1218 cum

2166 1270 2441 1326 Ambrosii
2482 1269 2791 1325 testimonio
2843 1281 2961 1321 eam
3007 1264 3196 1320 Romae
3244 1264 3390 1319 domi
3441 1277 3554 1318 sua:
3597 1261 3771 1318 fuisse

2166 1369 2399 1428 constet,
2449 1371 2505 1416 et
2550 1361 2804 1416 Paulinus
2859 1358 3135 1414 Ambrosii
3187 1356 3320 1413 Vita:
3365 1356 3596 1426 scriptor
3630 1355 3770 1410 alias

2168 1455 2301 1511 duas
2342 1454 2578 1525 virgines
2618 1454 2779 1509 simul
2822 1468 2943 1508 cum
2976 1466 3166 1508 sorore
3209 1449 3449 1521 ejusdem
3495 1450 3771 1507 Ambrosii

2169 1548 2531 1619 virginitatem
2560 1546 2793 1602 coluisse
2807 1544 2969 1612 dicat,
2997 1558 3130 1611 quas
3158 1544 3298 1598 inter
3318 1542 3574 1599 Indiciam
3598 1541 3772 1599 fuisse

2170 1641 2372 1710 optime
2401 1639 2611 1708 conjieit
2642 1638 2906 1693 Baronius
2936 1638 2987 1690 in
3016 1636 3133 1691 Vita
3161 1636 3453 1691 Ambrosii.
3482 1636 3612 1691 Alia:
3649 1636 3775 1690 item

468 1772 665 1829 scopos
689 1762 868 1811 autem
896 1751 1062 1805 fuisse
1087 1762 1249 1812 eos,a
1280 1744 1475 1816 quibus
1499 1739 1782 1797 consilium
1804 1733 2077 1806 exquisie-
2105 1736 2155 1798 B
2189 1730 2424 1803 Virgines
2444 1747 2498 1785 se
2518 1730 2597 1784 illi
2616 1731 2927 1801 junxerunt,
2966 1730 3098 1783 inter
3122 1745 3246 1797 quas
3274 1728 3372 1799 {uit
3401 1727 3624 1782 Indicia.
3659 1728 3775 1783 Ha-

474 1825 821 1919 rit,'ipsemet
841 1844 975 1900 dicit
1016 1843 1068 1897 in
1097 1838 1202 1895 fine
1223 1835 1489 1908 epistolae.
1512 1831 1613 1886 Die
1632 1832 1771 1901 ipso,
1793 1828 1883 1900 qui
1906 1825 2073 1892 dictus

474 1951 584 1998 erat
614 1918 911 2012 cognitioni,
938 1935 1300 1991 subtraxeruut
1329 1944 1382 1982 se
1409 1927 1767 1996 episcoporum
1786 1918 2071 1976 concentui.

474 2032 633 2100 Quod
676 2040 854 2086 autem
907 2025 1088 2082 subdit
1144 2022 1210 2078 de
1250 2018 1626 2077 benedictione
1666 2025 1723 2071 et
1762 2012 2077 2085 probatione

476 2123 733 2187 Zenonis,
770 2121 815 2175 si
862 2118 1093 2175 Verona:
1141 2115 1364 2186 probata
1412 2121 1467 2166 et
1508 2108 1839 2165 sanctificata
1887 2104 2079 2160 fuisset

478 2216 699 2281 indicia,
731 2223 879 2271 certe
914 2212 1018 2270 hoc
1055 2226 1161 2266 non
1192 2207 1507 2264 reticuisset
1527 2200 1883 2264 Ambrosius;
1907 2212 2080 2269 quare

479 2309 694 2365 videtur
719 2306 860 2363 hanc
879 2304 1089 2375 Siagrio
1109 2300 1409 2373 praebuisse
1434 2305 1719 2353 externam
1745 2293 1986 2349 notitiam
2010 2289 2077 2345 ad

479 2400 709 2472 culpata:
731 2397 971 2468 Virginis
997 2394 1388 2451 defensionem.
1417 2389 1531 2445 Hoc
1551 2401 1682 2443 vero
1715 2393 1920 2441 tantum
1948 2381 2081 2437 dicit

481 2495 737 2551 Indiciam
765 2492 997 2549 Verona:
1036 2488 1203 2544 fuisse
1252 2496 1495 2555 tempore
1523 2480 1759 2552 suspecti
1792 2488 1995 2549 partus,
2027 2485 2083 2532 et

480 2589 683 2662 opinati
706 2587 901 2658 stupri.
935 2583 1039 2639 Hic
1066 2598 1183 2638 uero
1222 2596 1338 2635 cum
1368 2579 1532 2634 editus
1563 2586 1763 2645 partus,
1795 2583 1843 2627 et
1872 2570 2081 2642 exposi-

481 2693 595 2749 tus,
630 2681 708 2736 vel
738 2688 946 2734 necatus
981 2676 1128 2750 (dum
1169 2673 1375 2728 incidite
1412 2669 1576 2742 magis
1598 2683 1753 2737 quam
1795 2662 2083 2734 probationi

477 2772 785 2843 consulitur)
813 2771 1089 2843 dissipatus
1118 2768 1183 2822 sit
1214 2781 1303 2837 per
1330 2780 1480 2818 aures
1519 2761 1896 2824 universorum,
1921 2766 2083 2811 stran.

479 2868 655 2940 gufata
679 2875 754 2920 est
767 2839 987 2919 libertas
1012 2859 1406 2915 calumniarum.
1439 2856 1502 2912 Si
1529 2852 1724 2927 peperit
1765 2866 1946 2922 nempe
1982 2839 2085 2902 Ve‘

478 2975 621 3013 rana:
648 2957 769 3028 fuit.
808 2953 1078 3008 Visebatur
1108 2955 1396 3023 frequenter
1431 2964 1465 3001 a
1513 2943 1790 3018 virginibus
1818 2954 1866 2997 et
1899 2941 2081 2995 mulie-

479 3052 644 3116 ribus,
671 3050 726 3104 in
756 3050 949 3103 honore
983 3062 1181 3117 semper
1206 3053 1337 3099 erat.
1372 3040 1644 3096 Visebatur
1670 3055 1701 3092 a
1738 3036 2085 3093 sacerdotibus

2179 1841 2296 1882 rum
2329 1840 2457 1880 vero
2487 1826 2736 1886 alteram.
2763 1825 2891 1878 dum
2924 1824 3179 1878 Paulinus
3207 1822 3493 1884 scriberet,
3539 1819 3775 1877 Cartha-

2177 1920 2301 1990 gine
2326 1918 2627 1975 confectam
2660 1927 2817 1973 aetate
2844 1916 3043 1988 degere
3088 1917 3313 1986 ipsemet
3343 1921 3570 1970 testatur
3601 1933 3614 1969 :
3655 1928 3778 1969 eam

2178 2012 2660 2081 Carthaginensem
2711 2019 2907 2080 putare
2938 2008 3157 2063 minime
3201 2005 3419 2078 quidem
3465 2021 3494 2060 a
3550 2006 3784 2061 veritate

2180 2107 2416 2161 alienum
2446 2105 2615 2159 videri
2640 2113 2836 2173 potest.
2870 2102 2995 2158 [hcc
3026 2112 3151 2157 sunt
3176 2101 3385 2155 Paulini
3408 2099 3593 2156 verba.
3626 2097 3787 2153 Post-

2180 2218 2245 2257 ea
2281 2217 2398 2257 vero
2439 2218 2552 2255 cum
2580 2200 2901 2265 adolevisset,
2936 2209 2991 2254 et
3029 2207 3156 2253 esset
3181 2195 3545 2271 (Ambrosius)
3575 2198 3628 2250 in
3660 2196 3788 2251 urbe

2182 2294 2352 2349 Roma
2396 2294 2700 2349 constitutus
2749 2309 2866 2346 cum
2905 2300 3065 2345 matre
3106 2289 3283 2354 vidua,
3330 2300 3385 2345 et
3427 2304 3621 2355 sorore,
3669 2302 3792 2358 qua:

2192 2384 2549 2458 Virginitatem
2569 2390 2685 2460 jam
2723 2385 2891 2455 fuerat
2935 2386 3167 2456 professa
3196 2382 3379 2437 comite
3404 2381 3508 2435 alia
3551 2380 3787 2452 Virgine,

2184 2481 2333 2551 cujus
2368 2476 2596 2549 Virginis
2638 2494 2784 2531 soror
2810 2475 3066 2540 Candida,
3107 2482 3161 2530 et
3185 2474 3300 2542 ipsa
3326 2473 3550 2543 ejusdem
3580 2475 3790 2543 profes-

2184 2573 2367 2637 sionis,
2397 2586 2513 2642 qua:
2543 2587 2678 2625 nunc
2702 2568 3013 2641 Carthagine
3033 2568 3167 2639 degit
3185 2570 3301 2639 jam
3329 2565 3680 2621 anus.Fateor
3706 2574 3795 2620 ta-

2186 2678 2308 2718 men
2336 2677 2402 2718 ex
2434 2661 2612 2717 verbis
2654 2660 2855 2728 allatis,
2909 2675 3014 2715 non
3057 2659 3190 2714 satis
3237 2662 3493 2714 constare
3534 2674 3601 2712 an
3642 2659 3794 2713 Can-

2186 2758 2333 2824 dida,
2376 2756 2460 2813 vel
2492 2757 2608 2827 ejus
2655 2770 2832 2822 soror,
2863 2754 3186 2825 Carthagine
3213 2753 3381 2809 fuisse
3422 2754 3630 2809 dicatur
3670 2770 3682 2805 :
3735 2762 3800 2809 at

2186 2867 2307 2907 cum
2335 2865 2551 2907 sorores
2571 2864 2665 2906 eas
2692 2850 2856 2904 fuisse
2885 2847 3120 2903 affirmet
3144 2847 3419 2914 Paulinus,
3443 2861 3793 2901 communem

2188 2944 2469 2999 amborum
2501 2942 2726 3012 patrima
2779 2949 2966 3010 putare
3015 2941 3180 2995 tutius
3223 2939 3456 2994 videtur.
3489 2938 3674 3007 Neque
3718 2938 3796 2993 ab

2191 3038 2290 3091 hac
2311 3051 2396 3091 me
2427 3044 2669 3091 removet
2693 3033 2968 3104 opinione,
2998 3031 3141 3103 quod
3171 3032 3371 3087 indicia
3402 3042 3640 3086 sororem
3676 3047 3799 3085 ma-

480 3153 690 3216 pr0pter
712 3140 974 3216 pudicitia:
1002 3138 1355 3205 reverentiam,
1405 3145 1453 3190 et
1493 3133 1757 3206 gravitatis
1796 3130 2078 3204 speculum.
2109 3119 2155 3183 C
2191 3129 2444 3183 trimonio
2465 3128 2704 3197 junctam
2741 3126 2968 3179 Verona:
3012 3123 3283 3188 habuerit,
3327 3138 3449 3179 cum
3487 3133 3537 3178 et
3572 3122 3793 3176 tertiam

483 3233 752 3303 Quomodo
772 3248 894 3303 ergo
919 3230 1085 3302 potuit
1106 3229 1335 3286 occulere
1360 3226 1575 3290 crimen,
1598 3223 1734 3292 quod
1755 3238 1807 3277 se
1819 3221 2087 3292 velspecie

481 3329 561 3382 sui
591 3326 866 3399 proderet?
894 3324 1165 3392 Quomodo
1194 3321 1317 3375 texit
1337 3317 1578 3373 uterum?
1607 3314 1879 3382 Quomodo
1908 3322 2087 3383 partu-

481 3425 617 3479 riens
645 3438 816 3478 uocem
844 3419 1128 3490 repressit?
1160 3417 1268 3473 Sed
1290 3418 1385 3470 hoc
1411 3431 1513 3469 non
1538 3414 1731 3485 patitur
1756 3412 1924 3466 dolor.
1948 3410 2083 3466 Cum

480 3533 614 3573 vero
641 3515 802 3570 altius
827 3513 1029 3583 repetit
1055 3510 1124 3566 de
1151 3508 1564 3566 conversatione
1590 3505 1826 3570 Ιηὰἰαίίιξ,
1851 3519 1957 3560 non
1985 3503 2086 3560 Ve-

483 3622 750 3665 ronenses
801 3604 1024 3660 adhibet
1074 3611 1237 3658 testes
1292 3600 1635 3664 Ambrosius,
1695 3598 1789 3654 sed
1840 3612 2082 3653 sororem

482 3716 663 3767 suam,
697 3698 899 3755 ibidem
946 3695 1226 3752 affirmans
1250 3693 1513 3749 Indiciam
1558 3693 1744 3746 Romae
1788 3689 2081 3745 habitasse.

488 3791 762 3848 Habitasse
785 3806 900 3846 eam
929 3786 1109 3843 Roma:
1134 3788 1188 3841 in
1213 3784 1366 3840 domo
1395 3794 1571 3839 nostra
1598 3781 1743 3837 nobis
1768 3782 2081 3847 absentibus,

483 3885 618 3941 nulli
644 3900 758 3939 eam
783 3898 837 3937 se
864 3882 1096 3936 uirorum
1116 3876 1465 3951 familiaritati
1487 3875 1705 3930 dedisse.
1738 3873 1911 3929 Aliam
1934 3872 2084 3928 adhi—

483 3978 577 4033 bet
620 3984 839 4042 testem,
889 3988 1052 4045 quam
1098 3970 1264 4027 filiam
1299 3977 1478 4031 vocat,
1513 3965 1650 4021 forte
1678 3965 1801 4036 quia
1833 3963 2085 4020 Mediola-

484 4068 669 4124 uensis
715 4075 854 4134 erat,
887 4064 1116 4136 ideoque
1155 4062 1259 4120 sibi
1286 4060 1517 4117 subdita.
1569 4057 1848 4114 Paternum
1887 4073 2087 4127 quoque

482 4161 644 4232 filiam
687 4169 917 4215 nostram
949 4156 1277 4228 interrogaui.
1328 4155 1425 4209 Diu
1468 4162 1648 4209 autem
1689 4153 1877 4208 Roma:
1920 4152 2086 4208 fuisse

483 4252 779 4325 putandum
822 4261 930 4317 est,
983 4249 1133 4320 parvi
1181 4246 1325 4303 enim
1373 4246 1633 4317 temporis
1662 4260 1813 4300 mora
1861 4243 1926 4300 ad
1961 4244 2084 4299 vita:

483 4360 663 4402 mores
693 4341 1082 4399 discernendos
1111 4339 1247 4395 satis
1290 4352 1412 4394 esse
1442 4352 1550 4393 non
1582 4344 1814 4407 poterat.
1850 4336 1916 4391 Et
1946 4334 2085 4390 hanc

480 4437 669 4492 Romae
699 4449 906 4490 moram
929 4444 1054 4488 ante
1082 4430 1471 4501 Episcopatum
1503 4428 1562 4485 S.
1592 4426 1861 4485 Ambrosii
1887 4426 2083 4482 fecisse

2187 3236 2431 3276 sororem
2474 3219 2673 3275 habere
2700 3219 2954 3288 potuerit,
2999 3227 3056 3273 et
3099 3218 3239 3273 inter
3265 3226 3483 3272 exteros
3509 3230 3615 3271 non
3664 3230 3798 3271 raro

2189 3314 2536 3370 matrimonia
2561 3313 2891 3383 jungantur:
2932 3326 3105 3381 neque
3134 3309 3271 3365 illud
3297 3308 3438 3379 quod
3471 3308 3797 3364 Ambrosius

2187 3407 2355 3471 addit,
2392 3405 2607 3461 scilicet
2627 3404 2880 3459 Indiciam
2908 3403 3095 3458 Roma:
3121 3403 3239 3473 ipso
3263 3402 3486 3457 absente
3505 3399 3649 3456 domi
3676 3416 3796 3456 sum

2188 3498 2373 3554 fuisse.
2413 3496 2685 3552 Habitasse
2703 3512 2816 3550 eam
2847 3495 3028 3552 Bonae
3056 3496 3112 3549 in
3140 3494 3293 3548 domo
3318 3502 3496 3548 nostra
3524 3491 3670 3547 nobis
3698 3491 3796 3546 ab-

2187 3591 2434 3647 sentibus.
2466 3591 2777 3646 Absentiam
2805 3604 3038 3660 namque
3069 3604 3221 3643 suam
3252 3586 3523 3643 indicasse
3565 3584 3794 3640 Ambro«

2187 3686 2327 3741 sium
2368 3701 2431 3741 ea
2474 3686 2684 3741 ratione
2715 3682 3008 3754 putandum
3054 3689 3157 3747 est,
3201 3696 3270 3735 ne
3298 3678 3543 3735 videatur
3586 3676 3795 3734 Iudicia

2188 3788 2409 3849 propter
2438 3777 2707 3832 Ambrosii
2756 3774 3096 3847 praesentiam
3142 3774 3420 3836 virtutem,
3458 3770 3795 3826 castitatem-

2188 3887 2293 3942 que
2321 3871 2600 3927 coluisse:
2649 3885 2754 3924 non
2800 3883 2930 3923 vero
2955 3865 3289 3922 credendum
3315 3876 3400 3919 est
3443 3864 3569 3921 dum
3609 3863 3796 3920 adhuc

2187 3963 2505 4020 adolescens
2535 3963 2717 4018 Roma:
2759 3960 2857 4015 fuit
2891 3959 3212 4029 Ambrosius
3244 3958 3296 4014 in
3345 3958 3467 4029 ejus
3505 3957 3687 4022 domo,
3718 3971 3793 4013 eo

2188 4059 2349 4114 etiam
2381 4067 2648 4129 prasente
2693 4069 2800 4111 non
2848 4052 3160 4109 habitasse:
3207 4067 3330 4107 cum
3380 4050 3591 4106 Paulini
3635 4051 3796 4104 testi-

2187 4150 2370 4206 monio
2390 4158 2605 4206 constet
2631 4147 2767 4203 alias
2806 4145 3043 4215 virgines
3085 4158 3154 4200 eo
3204 4156 3448 4214 tempore
3492 4156 3613 4199 cum
3646 4140 3794 4196 Mar-

2187 4240 2380 4297 cellina
2412 4240 2684 4297 Ambrosii
2712 4254 2901 4295 sorore
2924 4236 3113 4293 fuisse.

2257 4336 2504 4394 Graviori
2553 4337 2714 4392 etiam
2743 4348 2931 4390 errore
2967 4332 3220 4389 labuntur
3248 4333 3507 4403 Dupinius
3531 4343 3579 4386 et
3615 4330 3792 4387 'l‘ille.

2189 4430 2445 4505 montius,
2492 4429 2584 4500 qui
2631 4430 2842 4499 penitus
2887 4425 3179 4482 divinando
3221 4426 3493 4482 Zenonem
3541 4435 3792 4493 tempore

476 4528 765 4599 conjicitur
811 4541 878 4581 ex
913 4541 979 4581 eo
1001 4523 1145 4596 quod
1173 4523 1287 4593 ipse
1321 4523 1463 4578 dicat
1509 4519 1654 4574 nobis
1683 4517 1995 4574 absentibus.
2027 4516 2076 4573 Si

2189 4503 2426 4577 Gallieni
2450 4521 2697 4577 extitisse
2723 4529 2942 4592 negant.
2975 4519 3031 4575 Id
3055 4533 3286 4589 namque
3306 4527 3511 4576 certum
3539 4518 3793 4574 redditur

476 4621 619 4676 enim
646 4618 732 4675 sui
762 4616 1120 4689 Episcopatus
1140 4622 1389 4685 tempore
1418 4613 1608 4667 Rouuc
1635 4610 1828 4665 fuisset
1858 4608 2080 4670 Iudicia,

475 4720 807 4792 superfluum
847 4717 1122 4774 videretur
1171 4716 1344 4785 ipsum
1397 4726 1550 4765 suam
1595 4711 1734 4762 hanc
1778 4706 2083 4761 absentiam

475 4814 766 4886 iudicasse.
796 4808 870 4867 Ut
895 4822 1026 4866 vero
1051 4815 1217 4863 totam
1267 4803 1483 4859 Indicia:
1509 4800 1671 4854 vitam
1716 4798 1947 4855 haberet
2000 4800 2084 4854 in-

480 4904 828 4978 spectam,ab
844 4904 963 4972 ejus
994 4899 1205 4955 nutrice
1235 4893 1604 4951 testimoiiium
1636 4894 1849 4964 quaerit.
1881 4891 2071 4947 Nutri-

472 5015 579 5054 cem
607 5012 806 5069 quoquc
848 4992 1023 5049 liberte
1063 4987 1373 5044 conditionis
1407 4985 1852 5058 interrogavimus,
1902 4984 1984 5039 cui
2028 4996 2074 5040 et

469 5100 633 5145 status
660 5082 802 5142 haud
843 5097 1101 5154 quaquam
1144 5080 1381 5152 degeneri
1427 5077 1630 5133 servitio
1652 5078 2077 5134 obnoxiusfiber—

472 5191 627 5236 tatem
655 5194 773 5233 uera
826 5172 1025 5248 fatendi
1045 5173 1212 5240 daret,
1247 5183 1293 5227 et
1319 5171 1471 5242 ﬁdes,
1503 5180 1652 5243 atque
1675 5181 1800 5227 aetas
1838 5171 1906 5226 ad
1946 5173 2077 5226 ueri-

470 5281 626 5326 tatem
674 5267 1100 5335 adstipularetur,
1146 5274 1203 5322 et
1253 5265 1487 5339 ofﬁcium
1521 5266 1735 5320 nutricis
1783 5265 1854 5318 ad
1902 5264 2077 5336 cogni-

468 5364 658 5419 tionem
684 5362 891 5417 secreti.
926 5358 1063 5415 Cum
1105 5358 1285 5429 itaque
1323 5358 1383 5414 S.
1416 5357 1733 5413 Ambrosius
1768 5371 1873 5412 non
1907 5354 2076 5411 Vero-

468 5453 725 5511 nensibus
756 5451 984 5510 testibus
1002 5450 1147 5516 vitae,
1175 5458 1232 5505 et
1252 5448 1681 5504 conversationis
1704 5446 1926 5501 Indicia:
1953 5461 2075 5515 pro-

468 5549 564 5607 bet
584 5546 972 5612 innocentiam,
995 5543 1182 5613 utique
1207 5541 1496 5598 dicendum
1523 5550 1627 5606 Cal,
1649 5554 1771 5595 eam
1801 5538 2075 5595 Veroncn.

462 5658 584 5699 sem
614 5658 720 5698 non
751 5640 937 5696 fuisse.
984 5638 1272 5709 Pcrperam
1301 5637 1445 5692 enim
1495 5643 1711 5690 exteros
1769 5641 1935 5688 testes
1992 5633 2072 5688 in.

465 5734 708 5795 duxisset
756 5729 1097 5798 Ambrosius,
1157 5727 1355 5801 quibus
1397 5727 1513 5784 uoti
1542 5740 1663 5784 esse
1692 5740 1800 5783 non
1827 5734 2073 5797 poterant

2189 4628 2256 4669 ex
2278 4613 2577 4669 Veronensi
2623 4613 2847 4669 historia
2872 4623 2924 4669 et
2951 4613 3243 4669 traditione
3269 4629 3375 4669 non
3395 4612 3574 4679 modo,
3597 4612 3693 4666 sed
3717 4628 3789 4668 ex

2187 4706 2356 4761 veteri
2389 4721 2491 4762 ms.
2526 4707 2668 4778 quod
2694 4706 2863 4765 refert
2893 4707 3236 4764 Mabillonius
3265 4709 3378 4764 suis
3403 4709 3458 4764 ia
3486 4706 3787 4779 Analeclis,

2190 4799 2241 4853 in
2272 4814 2379 4871 quo
2411 4799 2470 4856 S.
2498 4800 2645 4857 Zeno
2674 4801 2959 4873 episcopus
2989 4802 3317 4860 Veronensis
3347 4807 3564 4876 ponitur
3590 4820 3792 4863 octavo

2178 4891 2320 4957 loco,
2350 4892 2492 4961 quod
2523 4903 2577 4948 et
2603 4908 2797 4950 omnes
2831 4894 3122 4951 affirmant.
3165 4897 3404 4955 Octavus
3445 4911 3624 4954 autem
3664 4903 3791 4969 epi-

2177 4998 2375 5055 scopus
2403 4984 2733 5053 Veronensis
2758 4989 3088 5060 temporibus
3107 4992 3163 5045 S.
3185 4993 3455 5050 Ambrosii
3480 4997 3653 5066 aptari
3683 5001 3791 5055 mi-

2180 5077 2324 5131 nime
2351 5086 2557 5146 potest;
2584 5078 2840 5151 Ugbellus
2865 5082 3028 5149 enim,
3061 5085 3152 5154 qui
3192 5087 3486 5144 secundum
3510 5090 3788 5149 Zenonem

2180 5169 2321 5224 inter
2351 5168 2693 5229 Veronenses
2727 5174 3012 5246 episcopos
3043 5186 3309 5244 numerat,
3338 5179 3552 5237 decimo
3592 5195 3793 5242 octavo

2182 5263 2302 5319 loco
2328 5261 2481 5319 illum
2529 5265 2691 5330 locat,
2725 5268 2873 5323 nulla
2904 5276 3086 5325 tamen
3127 5272 3451 5329 auctoritate
3490 5274 3785 5345 subnixus,

2182 5352 2285 5408 nisi
2315 5355 2609 5422 Ambrosii,
2641 5372 2710 5413 ex
2748 5374 2852 5430 qua
2895 5359 3001 5415 hoc
3043 5360 3303 5418 affirmari
3345 5380 3454 5419 non
3494 5381 3655 5436 posse
3681 5369 3780 5424 de-

2184 5450 2628 5514 monstravimus;
2661 5460 2715 5504 et
2744 5450 2984 5520 Baronii,
3013 5456 3103 5524 qui
3152 5470 3182 5508 a
3221 5470 3316 5512 sua
3370 5458 3640 5515 sententia
3681 5464 3788 5517 de—

2183 5539 2359 5595 scivit.
2385 5541 2596 5597 Erravit
2624 5557 2856 5614 namque
2885 5544 3310 5617 Papebrochius,
3350 5551 3444 5620 qui
3474 5552 3786 5608 successio-
3824 5548 3831 5553 ’

2182 5646 2303 5687 nem
2334 5632 2583 5687 undecim
2612 5636 2912 5701 primorum
2961 5638 3346 5709 episcoporqu
3380 5641 3786 5702 Veronensium

2181 5724 2439 5784 incertam
2464 5726 2815 5799 existimavit,
2848 5746 2969 5786 cum
2994 5746 3059 5788 ea
3084 5748 3149 5790 ex
3178 5748 3282 5789 ms.
3305 5734 3602 5795 Mabillonii
3625 5748 3786 5796 certa
