4198 6160
524 275 632 336 619

1602 252 1694 313 DE
1731 242 2095 311 MARTYRIO
2133 240 2383 304 SANCTI
2419 238 2732 319 ZENONIS.

3711 228 3809 294 620

519 385 914 449 Veronensium
940 379 1283 437 traditionem
1312 374 1645 447 objiciuntur
1686 368 1959 425 diluemus
1983 365 2122 422 infe-
2149 361 2203 424 A
2227 362 2403 418 sancti
2442 357 2601 429 hujus
2626 355 2884 414 Praesnlis
2909 352 3183 411 recolitur.
3208 349 3342 409 Cum
3384 362 3516 408 vero
3544 351 3812 423 antiquum

526 488 662 556 rius,
693 494 814 553 cap.
847 475 901 533 ϐ.

1163 541 1393 601 CAPUT
1422 537 1487 596 II.

636 673 974 730 Monumenta
1004 663 1250 723 Ecclesia
1281 659 1620 716 Pistoriensis
1667 656 1730 715 S.
1759 654 2021 712 Zenonem

977 760 1263 833 Hartyrem
1290 756 1668 811 demonstrant.

599 858 942 922 Cathedralis
965 855 1206 915 Ecclesia
1222 848 1599 913 Pistoriensis,
1613 860 1735 918 qua:
1754 839 1971 925 prius
1986 835 2127 893 Mar—

531 960 704 1016 tinum
727 955 1038 1025 episcopum
1055 948 1330 1005 titularem
1346 940 1729 1006 venerabatur,
1747 950 1852 1008 qua
1874 933 1942 989 de
1969 940 2134 987 causa

529 1052 587 1109 8.
621 1051 894 1107 Zenonem
926 1053 1232 1115 patronum,
1252 1045 1458 1093 mutato
1485 1033 1670 1099 titulo,
1701 1026 1992 1087 colendum
2014 1033 2136 1077 sus-

536 1144 784 1215 ceperit,
841 1113 1037 1208 conjici
1087 1135 1266 1207 potius
1312 1139 1490 1202 potest
1543 1143 1703 1199 quam
1747 1113 2133 1180 demonstrari.

537 1207 733 1293 Exstat
773 1207 917 1303 apud
948 1207 1149 1298 .loseph
1181 1224 1422 1281 Dondori
1453 1219 1648 1295 (Picta
1677 1218 1729 1273 di
1761 1214 1962 1271 Pistoia
1990 1228 2043 1283 ρ.
2078 1207 2132 1303 t,

534 1328 675 1383 della
720 1298 905 1380 Chiesa
935 1318 1251 1387 Cattedrale)
1286 1313 1532 1385 quaedam
1566 1311 1777 1376 notitia,
1824 1321 1929 1377 qua
1956 1298 2141 1358 innui-

532 1426 623 1476 tur
650 1424 773 1490 post
799 1414 1122 1471 miraculum
1152 1409 1394 1473 Athesis,
1423 1407 1516 1478 qui
1538 1406 1650 1461 suis
1681 1401 1837 1472 aquis
1862 1398 1929 1455 ad
1955 1396 2139 1451 valvas

531 1488 789 1568 Ecclesia:
836 1507 894 1563 S.
930 1504 1169 1560 Zenonis
1203 1500 1435 1557 Verona:
1467 1495 1707 1553 substitit
1732 1537 1747 1561 ,
1800 1505 1975 1561 neque
1995 1488 2141 1543 intus

530 1599 774 1668 efﬂuxit,
808 1599 1043 1668 coepisse
1084 1592 1443 1649 Pistorienses
1468 1588 1613 1643 hunc
1638 1586 1697 1642 8.
1728 1581 2016 1656 praesulem
2046 1592 2143 1634 ve-

539 1691 720 1748 nerari
756 1708 768 1744 :
801 1699 856 1746 et
885 1686 1216 1761 procedente
1245 1695 1490 1754 tempore
1541 1683 1593 1737 in
1628 1688 1915 1751 patronum
1963 1674 2141 1730 electo

2235 450 2475 508 ofﬁcium
2503 467 2612 508 non
2646 449 2900 517 viderim,
2931 447 3036 502 hoc
3065 445 3338 501 afﬁrmare
3367 457 3475 498 non
3497 442 3684 498 ausim.
3718 443 3818 499 Ex-

2238 554 2315 601 tat
2347 545 2400 600 in
2430 545 2625 601 eodem
2674 542 2932 599 Archivio
2982 538 3131 595 aliud
3162 553 3263 595 ms.
3296 536 3366 593 de
3394 535 3602 592 Divinis
3626 534 3823 596 Officiis

2236 637 2497 693 Ecclesiae
2534 635 2885 691 Pistoriensis
2925 632 3197 709 recentius
3224 646 3291 687 eo
3321 628 3392 685 de
3419 644 3527 700 quo
3559 629 3820 700 superius.

2236 730 2293 784 In
2328 732 2430 785 hoc
2445 730 2589 786 enim
2607 719 2922 797 'diSponitur
2933 724 3070 781 ordo
3089 710 3265 780 Officii
3288 737 3389 793 pro
3405 721 3570 778 Festo
3589 720 3646 777 S.
3665 719 3827 777 Fran-

2238 822 2398 888 cisei;
2442 821 2497 876 in
2527 820 2621 875 illo
2646 820 2830 876 autem
2874 802 3202 876 Sanctorum
3250 814 3615 886 antiquiorum
3643 812 3827 869 Officia

2237 923 2445 971 tantum
2473 912 2813 979 ordinantur,
2840 917 2896 965 et
2923 923 3043 965 mea
3066 904 3282 979 quidem
3308 906 3576 964 sententia
3602 905 3670 960 ad
3686 904 3829 960 deci-

2239 1024 2387 1066 mum
2404 1007 2660 1063 saeculum
2683 1003 3048 1075 conscriptum
3080 1010 3185 1057 est.
3216 1000 3331 1055 Hoc
3360 1001 3545 1070 itaque
3564 998 3832 1054 recentius

2240 1120 2344 1160 ms.
2369 1100 2621 1159 Ofﬁcium
2645 1096 2982 1155 solummodo
3010 1102 3164 1152 notat
3190 1108 3290 1165 pro
3318 1091 3635 1148 Festivitate
3657 1090 3714 1148 8.
3732 1089 3833 1146 Ze-

2241 1196 2400 1253 nonis
2445 1207 2635 1249 mense
2669 1189 2972 1247 Decembri.
3002 1189 3075 1242 De
3096 1184 3355 1257 martyrio
3385 1194 3592 1239 tantum
3614 1183 3678 1238 ad
3710 1182 3836 1238 Ves-

2240 1303 2402 1363 peras
2453 1296 2509 1345 et
2559 1287 2772 1343 Laudes
2823 1283 3107 1349 meminit;
3161 1280 3253 1337 ubi
3308 1279 3511 1336 indicat
3572 1278 3836 1348 Hymnum

2241 1382 2495 1439 Prcesulis
2524 1380 2739 1446 Sancti,
2772 1378 2825 1433 in
2858 1388 2967 1447 Quo
2991 1376 3051 1432 S.
3074 1373 3312 1430 Zenonis
3337 1371 3657 1444 Martyrium
3687 1385 3835 1426 com-

2244 1485 2577 1534 memoratur
2598 1473 2728 1547 (vid.
2759 1475 2812 1527 in
2834 1488 2951 1543 cap.
2977 1471 3065 1539 l):
3092 1468 3358 1538 reliquum
3407 1478 3538 1521 vero
3569 1462 3838 1531 Ofﬁcium,

2243 1580 2297 1627 et
2343 1568 2504 1625 Missa
2535 1567 2605 1623 de
2644 1568 2961 1622 confessore
3018 1560 3273 1633 pontifice
3316 1565 3419 1615 est.
3454 1556 3568 1613 Hoc
3614 1569 3846 1627 namque

2243 1664 2407 1721 Festo
2438 1662 2722 1719 Ordinatio
2754 1660 2812 1716 S.
2845 1656 3080 1714 Zenonis
3118 1654 3448 1711 celebratur.
3499 1650 3556 1706 In
3600 1651 3709 1707 alio
3739 1664 3841 1705 ms.

534 1771 2125 1849 ecclesiamCathedralemipsiusnoministitulodecorasse.
2156 1752 2205 1813 Β
2235 1757 2288 1812 in
2347 1758 2540 1814 eodem
2609 1753 2865 1811 Archivio
2945 1750 3145 1822 pariter
3194 1752 3470 1804 asservato
3497 1788 3511 1814 ,
3579 1742 3735 1816 cujus
3781 1742 3849 1799 ti-

528 1875 916 1946 Perantiquam
988 1887 1118 1928 vero
1181 1869 1349 1925 fuisse
1392 1868 1531 1924 hanc
1582 1864 1725 1918 tituli
1779 1860 2135 1946 mutationem

539 1969 593 2023 in
626 1940 873 2022 Ecclesia
901 1960 1217 2020 Pistoriensi
1245 1976 1312 2014 ex
1341 1954 1723 2026 Martyrologio
1780 1940 1837 2008 et
1864 1946 2136 2006 Kalenda-

536 2061 619 2117 rio
659 2055 994 2128 dignoscitur
1017 2097 1032 2122 ,
1074 2069 1193 2125 quae
1221 2053 1275 2107 in
1303 2058 1516 2107 vetusto
1542 2045 1731 2103 codice
1763 2058 1865 2099 ms.
1894 2038 2137 2097 Archivii

535 2152 756 2225 capituli
784 2149 1027 2222 ejusdem
1056 2144 1396 2203 Cathedralis
1423 2144 1693 2197 habentur
1719 2139 1878 2194 simul
1912 2129 2043 2190 cum
2067 2132 2135 2187 li-

540 2224 642 2303 bro
683 2243 961 2300 canonicm
1014 2241 1138 2297 vitae
1180 2238 1338 2310 jussu
1380 2234 1640 2292 Ludovici
1669 2231 1748 2286 Pii
1788 2224 2138 2299 imperatoris

540 2342 688 2399 edito
728 2340 781 2395 in
825 2344 1093 2395 conventu
1144 2332 1522 2402 episcoporum
1574 2321 1899 2396 Aquisgrani
1952 2318 2139 2373 habito

532 2449 677 2491 anno
700 2431 842 2497 816,
872 2438 935 2486 ut
959 2427 1115 2482 initio
1152 2422 1395 2495 ejusdem
1431 2418 1557 2474 libri
1607 2417 1801 2486 legitur
1848 2410 2139 2485 (Baronius

532 2533 715 2581 tamen
745 2527 887 2577 hunc
911 2527 1240 2575 conventum
1267 2513 1420 2584 ponit
1452 2522 1595 2564 anno
1620 2504 1773 2577 817).
1811 2505 1925 2560 Hoc
1948 2503 2003 2558 in
2031 2501 2131 2556 Ca-

537 2615 784 2674 lendario
814 2613 883 2669 de
927 2610 986 2666 S.
1018 2609 1241 2663 Zenone
1267 2583 1506 2674 martyre
1538 2599 1597 2654 fit
1626 2596 1833 2652 mentio
1865 2583 2142 2664 tamquam

532 2708 696 2779 hujus
724 2702 973 2762 ecclesiae
984 2701 1242 2763 Patrono,
1260 2702 1318 2750 ut
1342 2690 1571 2749 inferius
1599 2678 1926 2744 videbimus.
1942 2676 2145 2751 Quem;

542 2775 864 2859 admodum,
916 2802 973 2850 et
997 2794 1051 2848 in
1081 2791 1190 2846 alio
1238 2803 1344 2844 ms.
1399 2785 1543 2856 quod
1572 2780 1886 2837 inscribitur
1912 2777 2054 2832 Ordo
2079 2775 2145 2831 de

534 2890 740 2946 Divinis
778 2886 985 2960 Ofﬁciis
1030 2882 1311 2938 secundum
1350 2874 1683 2933 Pistoriensis
1740 2871 1990 2926 Ecclesia:
2016 2885 2141 2923 con-

535 2980 890 3045 suetudinem,
923 2975 1079 3047 cujus
1119 2978 1445 3028 vetustatem
1490 2968 1619 3023 licet
1649 2964 1942 3039 ,conjicere
1980 2977 2045 3018 ex
2076 2962 2139 3015 ti-

540 3070 653 3132 tulo
675 3073 744 3130 de
768 3067 1211 3128 reconciliatione
1243 3061 1619 3135 pcenitentium
1646 3059 1715 3114 ab
1745 3058 2015 3128 Episcopo
2038 3069 2142 3125 pu-

2240 1849 2388 1905 tulus
2426 1858 2511 1905 est
2553 1863 2567 1901 :
2622 1846 2773 1901 Liber
2831 1844 3159 1916 Hymnorum
3214 1851 3263 1895 et
3314 1837 3541 1894 Kalend.
3602 1835 3849 1891 Ecclesia!

2244 1939 2577 1997 Pistoriensis
2600 1980 2617 2006 ,
2669 1938 2784 1993 haec
2829 1935 3098 1991 habentur
3132 1949 3147 1987 :
3185 1931 3346 1988 Sexto
3383 1929 3514 1985 ldus
3552 1926 3852 1984 Decembris’

2246 2035 2308 2091 S.
2340 2034 2563 2089 Zenonis
2584 2030 2830 2102 episcopi.
2857 2028 3041 2085 Mense
3064 2042 3192 2083 vero
3212 2024 3396 2097 aprilis
3415 2021 3549 2077 nihil
3569 2021 3640 2077 de
3666 2019 3724 2076 8.
3751 2018 3851 2074 Ze-

2243 2141 2411 2183 none.
2436 2124 2496 2180 In
2518 2122 2832 2195 supradicto
2853 2119 3233 2192 Martyrologio
3260 2132 3361 2173 ms.
3387 2113 3640 2185 ejusdem
3666 2111 3856 2168 Archi-

2239 2221 2348 2287 vii,
2381 2218 2525 2290 quod
2557 2226 2613 2273 ut
2658 2231 2728 2272 ex
2762 2215 2980 2299 sanctis
3007 2211 3297 2270 recensitis
3321 2208 3618 2280 conjicitur
3656 2204 3724 2261 ad
3756 2203 3851 2260 de-

2240 2316 2447 2372 cimum
2477 2312 2735 2369 saeculum
2763 2308 3133 2379 conecriptum
3160 2313 3264 2372 est,
3288 2312 3443 2360 sexto
3471 2301 3606 2357 ldus
3636 2300 3855 2356 decem-

2244 2408 2360 2465 bris
2386 2408 2455 2462 ita
2480 2406 2675 2477 legitur
2699 2422 2713 2461 :
2736 2402 2934 2458 Eodem
2955 2402 3039 2457 die
3065 2400 3249 2455 Natali
3267 2398 3328 2455 S.
3353 2397 3585 2453 Zenonis
3630 2392 3855 2465 episcopi

2246 2508 2295 2555 et
2325 2498 2653 2570 confessoris.
2686 2494 3023 2551 Duodecimn
3049 2507 3181 2547 vero
3207 2490 3329 2546 Kal.
3359 2487 3484 2543 Maii
3514 2486 3660 2541 nihil
3694 2484 3860 2540 habe-

2246 2578 2339 2646 tur
2361 2593 2415 2644 in
2444 2597 2596 2645 textu
2622 2588 2689 2644 de
2718 2586 2884 2643 Festo
2911 2585 2971 2641 8.
2999 2583 3250 2640 Zenonis.
3280 2581 3335 2637 in
3382 2579 3637 2650 margine
3683 2586 3860 2632 tamen

2247 2685 2465 2740 diverso
2524 2682 2827 2739 atramento
2865 2688 2920 2736 et
2961 2678 3121 2749 longe
3158 2674 3447 2733 recentiori
3492 2674 3862 2728 charactere:

2246 2777 2385 2832 Item
2415 2777 2595 2831 eodem
2639 2776 2721 2829 die
2752 2772 3015 2846 Depositio
3043 2770 3105 2827 S.
3129 2769 3353 2826 Zenonis
3384 2765 3517 2839 Epis
3530 2767 3652 2836 capi
3671 2806 3685 2830 ,
3722 2775 3861 2820 et....

2249 2869 2474 2926 Patroni
2502 2868 2665 2923 nostri
2694 2884 2711 2922 :
2735 2867 2826 2921 ubi
2855 2875 2979 2937 post
3006 2863 3231 2920 verbum
3257 2871 3303 2916 et
3326 2859 3710 2930 interponitur
3739 2857 3870 2912 citra

2248 2964 2497 3037 qumdaim
2543 2961 2855 3034 significans
2886 2958 3232 3028 Confessoris.
3261 2959 3330 3011 At
3375 2971 3493 3010 rasa
3544 2950 3871 3010 videturlit—

2252 3067 2369 3113 tera
2398 3052 2489 3112 ubi
2518 3055 2651 3112 cifra
2676 3062 2781 3121 est,
2814 3043 2869 3108 et
2899 3054 2953 3108 ut
2988 3058 3120 3122 puto
3147 3050 3243 3114 RL,
3271 3040 3395 3120 quae
3424 3047 3695 3120 Martyris
3726 3045 3870 3101 dice-

538 3168 683 3233 blice
733 3161 975 3219 facienda
1010 3158 1141 3216 feria
1170 3157 1358 3228 quinta
1398 3154 1452 3209 in
1484 3144 1649 3208 Cinna
1678 3148 1925 3214 Domini;
1965 3150 2020 3202 in
2073 3160 2141 3202 eo
2165 3131 2212 3196 C
2246 3150 2361 3213 bat,
2396 3148 2523 3219 quia
2567 3148 2720 3202 locus
2749 3152 3008 3216 angustus
3058 3150 3228 3198 totum
3258 3135 3492 3196 verbum
3544 3136 3868 3209 Con/moris

541 3270 721 3316 autem
746 3273 801 3314 Vl
832 3254 908 3311 id.
936 3248 1273 3315 Decembris,
1301 3249 1416 3304 haec
1438 3246 1507 3302 de
1531 3243 1696 3301 Festo
1718 3240 1776 3299 8.
1796 3242 2029 3298 Zenonis
2062 3239 2140 3296 lc—

537 3363 758 3426 guntur.
793 3340 860 3404 In
896 3342 1055 3402 Festo
1102 3334 1165 3400 S.
1198 3340 1428 3398 Zenonis
1471 3334 1695 3395 Patroni
1748 3335 1913 3391 nostri
1963 3345 2142 3388 nostra

537 3444 774 3500 Ecclesia
802 3440 1034 3495 devotius
1061 3445 1109 3490 et
1132 3434 1423 3489 accuratius
1451 3447 1612 3503 quam
1641 3430 1697 3484 in
1718 3428 1837 3483 aliis
1859 3418 2142 3481 Festivital

537 3522 675 3592 tibus
702 3531 1024 3590 solemnizat.
1053 3527 1445 3584 Pistoriensem
1475 3538 1606 3579 vero
1625 3520 1926 3578 Ecclesiam
1956 3517 2013 3576 S.
2040 3517 2144 3574 Ze-

539 3642 737 3684 nonem
769 3633 1043 3693 tamquam
1090 3627 1386 3690 martyrem
1417 3613 1652 3686 antiquis
1686 3612 2023 3683 temporibus
2052 3625 2146 3665 vc-

540 3728 785 3777 neratam
830 3728 954 3772 esse
1001 3704 1071 3769 ex
1098 3711 1287 3767 iisdem
1318 3723 1449 3763 mss.
1479 3712 1714 3762 constat.
1747 3703 1881 3759 Nam
1920 3704 1973 3758 in
2004 3717 2145 3770 prae-

540 3813 685 3869 dicto
714 3804 1042 3866 Kalendario
1092 3818 1194 3859 ms.
1229 3796 1289 3857 Η
1326 3799 1449 3855 Kal.
1494 3798 1617 3854 Maii
1639 3839 1653 3864 ,
1683 3811 1792 3867 quo
1820 3794 1908 3851 die
1951 3792 2005 3850 S.
2037 3792 2144 3848 Ze-

544 3902 705 3961 nonis
733 3898 973 3955 natalitia
998 3895 1432 3958 celebrabantur,
1466 3892 1581 3945 hzrc
1621 3890 1888 3945 habentur
1922 3906 1935 3943 :
1968 3884 2147 3958 Depo-

538 3998 657 4053 sitio
690 3986 750 4050 S.
784 3974 1007 4047 Zenonis
1042 3988 1257 4043 Patroni
1302 3986 1466 4041 nostri
1522 3972 1828 4038 Veronensis
1876 3966 2143 4051 martyris.

546 4088 715 4145 Sexto
755 4094 931 4140 tamen
978 4079 1101 4136 ldus
1126 4078 1441 4135 Decembris
1490 4076 1571 4131 sic
1601 4074 1829 4130 habetur
1864 4075 1915 4129 in
1954 4072 2149 4130 eodem

546 4178 893 4236 Kalendario.
925 4174 1117 4230 Natale
1144 4172 1206 4231 S.
1230 4152 1453 4227 Zenonis
1482 4164 1701 4224 Patroni
1730 4169 1914 4223 nostri.
1950 4168 2005 4223 ln
2038 4162 2153 4224 alio'

548 4289 653 4330 ms.
687 4268 840 4341 cujus
881 4283 1040 4337 supra
1073 4265 1402 4321 mentionem
1434 4258 1662 4317 fecimus
1690 4302 1705 4327 ,
1738 4259 1883 4331 quod
1909 4260 2147 4331 inscrip-

549 4377 660 4422 tum
678 4375 763 4421 est
787 4382 800 4418 :
829 4361 973 4417 Ordo
995 4360 1059 4417 de
1072 4358 1274 4413 Divinis
1301 4353 1494 4429 Ofﬁciis
1516 4356 1796 4410 secundum
1811 4350 2148 4410 Pistoriensis

550 4454 799 4515 Ecclesia:
846 4450 1288 4510 consuetudinem.
1333 4450 1502 4507 Sexto
1548 4449 1674 4504 [ilus
1718 4450 2031 4505 Decembris
2079 4447 2149 4502 ad

552 4532 794 4613 Laudes,
830 4558 883 4603 et
915 4548 966 4601 in
1013 4545 1266 4616 Vosperis
1304 4542 1595 4598 aantatur
1624 4541 1863 4613 Hymnus
1899 4538 2153 4593 Prazsulis

554 4638 764 4708 Sancti,
797 4639 951 4711 cujus
1003 4653 1166 4707 supra
1215 4646 1422 4707 partem
1476 4633 1761 4688 retulimus
1795 4633 1932 4701 (cap.
1966 4630 2045 4702 1),
2097 4629 2154 4683 in

549 4753 657 4807 quo
707 4726 1024 4805 martyrium
1058 4729 1116 4787 8.
1149 4728 1388 4784 Zenonis
1429 4732 1906 4781 commemoratur.
1955 4720 2153 4776 Totum

549 4826 680 4886 vero
707 4826 943 4884 officium
974 4834 1057 4880 est
1085 4823 1152 4878 de
1181 4818 1498 4877 confessore
1552 4815 1826 4885 pontifice.
1856 4812 1927 4867 At
1968 4812 2021 4868 in
2052 4813 2157 4869 Fe-

552 4932 637 4977 sto
662 4922 862 4977 mensis
883 4917 1086 4990 Aprilis
1107 4928 1192 4970 ant
1207 4914 1422 4983 iphonze
1437 4909 1503 4964 ad
1520 4908 1730 4964 Laudes
1750 4907 1818 4963 de
1830 4900 2157 4979 Martyribus

552 5026 799 5086 tempore
817 5010 1061 5067 Paschnli
1083 5016 1355 5072 notantur,
1375 5003 1582 5059 scilicet
1599 5002 1779 5058 Sancti
1793 5003 1888 5065 tui,
1904 5002 2147 5056 Domine.

549 5107 629 5162 Ad
659 5104 981 5161 Benedictus
1016 5098 1312 5175 antiphona
1340 5095 1643 5165 Acceptum,
1672 5110 1793 5166 quae
1823 5104 1906 5149 est
1931 5093 2148 5165 propria

547 5204 603 5258 8.
634 5200 892 5259 Zenonis,
918 5198 1003 5251 vel
1030 5192 1147 5249 Lux
1173 5201 1444 5265 perpetua,
1471 5206 1591 5259 qure
1615 5199 1693 5246 est
1713 5190 1780 5246 de
1797 5190 2148 5261 Martyribus.

547 5294 628 5349 Ad
654 5290 888 5347 Primam
919 5272 1307 5367 antiphdna‘ln
1355 5283 1639 5339 cmlestibus
1667 5285 1861 5355 regnis,
1889 5298 2010 5353 qua:
2049 5295 2148 5351 pa-

548 5387 682 5441 riter
703 5383 875 5439 estde
905 5381 1180 5437 Communi
1205 5378 1497 5451 Martyrum
1530 5386 1772 5448 tempore
1797 5373 2058 5445 paschali.
2088 5375 2146 5429 in

543 5476 802 5549 Vesperis
831 5474 1124 5543 antiphona
1151 5471 1334 5527 Sancti
1365 5471 1466 5536 tui,
1508 5467 1829 5537 Domine,de
1869 5464 2143 5523 communi

540 5570 831 5640 Martyrum
884 5577 1133 5639 tempore
1166 5564 1425 5633 paschali.
1460 5562 1519 5619 in
1549 5561 1670 5617 aliis
1698 5559 2032 5630 Αηιίρὶιοιιίε
2084 5567 2141 5614 et

541 5661 917 5735 Rcsponsoriis
968 5675 1091 5730 qua:
1135 5671 1203 5711 ex
1235 5656 1459 5714 historia
1481 5652 1540 5711 S.
1577 5654 1812 5710 Zenonis
1841 5651 2138 5708 desumun-

535 5761 645 5822 tur,
678 5768 850 5829 neque
890 5750 1119 5828 integrae
1165 5757 1482 5820 ponuntur,
1538 5745 1764 5806 forsitan
1816 5742 2138 5817 martyrium

2170 5930 2216 5942 Δ

2249 3238 2411 3297 scribi
2455 3239 2676 3295 minime
2701 3239 3026 3310 patiebatur.
3061 3234 3261 3292 Cifram
3284 3230 3604 3304 appositam
3630 3228 3865 3287 dixerim

2248 3334 2319 3390 ab
2340 3334 2522 3404 aliquo
2553 3333 2644 3404 qui
2673 3332 2731 3389 8.
2762 3331 3039 3387 Zenonem
3066 3326 3437 3383 confessorem
3467 3325 3723 3396 putabat.

2322 3426 2468 3482 Idem
2494 3426 2787 3481 observare
2811 3424 2939 3479 licet
2962 3423 3016 3478 in
3047 3422 3153 3476 alio
3195 3419 3594 3491 Martyrologio
3632 3432 3739 3473 ms.
3767 3430 3869 3471 sa:-

2253 3519 2378 3574 culo
2407 3519 2645 3585 decimo,
2678 3516 2822 3588 quod
2865 3514 3081 3571 Pistorii
3116 3518 3266 3570 extat
3308 3511 3362 3566 in
3402 3512 3632 3582 publica
3665 3507 3866 3564 Biblio-

2256 3611 2412 3668 theca
2462 3612 2620 3666 almae
2666 3609 2859 3665 domus
2903 3606 3215 3679 Sapientiae,
3244 3605 3296 3659 in
3336 3619 3447 3674 quo
3503 3603 3591 3658 sic
3621 3598 3869 3671 legitur:

2258 3706 2444 3763 Pridie
2465 3705 2594 3761 Idus
2618 3705 3198 3777 Aprilis................
3228 3708 3275 3754 et
3304 3696 3643 3769 confessoris
3678 3695 3876 3749 Eodem

2255 3804 2342 3860 die
2380 3802 2441 3860 8.
2474 3800 2697 3858 Zenonis
2723 3800 2992 3873 episcopi,
3023 3798 3111 3868 qui
3152 3799 3287 3852 inter
3328 3795 3597 3867 procellas
3637 3804 3877 3867 persecu-

2257 3897 2415 3952 tionis
2444 3891 3177 3951 Veronensem................
3227 3887 3551 3949 Valeriani,
3605 3896 3655 3945 et
3693 3884 3881 3942 Urbem

2254 3991 2565 4046 mirabiliter
2594 3989 2725 4043 rexit
2745 4032 2759 4054 ,
2789 3997 2836 4042 et
2867 3998 3097 4058 tempore
3127 3984 3354 4040 Gallieni
3389 3985 3811 4057 imperatorum,
3835 3982 3883 4032 et

2256 4085 2407 4139 turba
2448 4098 2841 4154 pa...ganorum
2878 4081 2946 4135 ad
2983 4079 3139 4150 ﬁdem
3186 4078 3435 4132 convertit
3474 4092 3494 4132 :
3538 4082 3718 4129 tamen
3747 4073 3883 4143 ‘ejus

2256 4177 2514 4247 depositio
2563 4174 2849 4231 celebratur
2902 4170 3118 4228 Pistorii
3160 4185 3237 4225 xu
3269 4168 3393 4224 Kal.
3442 4167 3613 4223 Maii.
3661 4164 3731 4221 Et
3771 4165 3887 4237 ejus

2254 4268 2501 4325 solemnis
2534 4266 2810 4322 Festivttas
2849 4281 2899 4320 vr
2954 4263 3041 4317 Id.
3077 4261 3372 4316 Decembris
3394 4303 3410 4327 ,
3459 4270 3520 4313 ut
3563 4254 3642 4314 ibi
3668 4257 3884 4311 dicitur.

2259 4362 2434 4420 Verba
2466 4374 2513 4418 et
2543 4362 2649 4419 Con
2660 4362 2865 4436 fessoris
2893 4358 3102 4430 adjecta
3133 4367 3255 4413 sunt
3283 4355 3513 4411 diverso
3562 4353 3891 4411 charactere

2258 4467 2311 4512 et
2334 4465 2663 4521 atramento,
2696 4454 2852 4509 sicuti
2886 4460 2943 4509 et
2969 4452 3060 4506 illa
3090 4448 3358 4505 Valeriani
3397 4457 3472 4503 et.
3522 4446 3663 4503 Post
3693 4454 3891 4499 nomen

2259 4544 2491 4605 Gallieni
2525 4546 2706 4603 rasum
2756 4557 2838 4601 est
2882 4532 3083 4616 aliquid
3132 4550 3283 4597 tanto
3337 4539 3525 4609 spatio
3554 4580 3571 4607 ,
3623 4545 3892 4611 quantum

2261 4648 2387 4712 apte
2426 4641 2571 4711 capit
2615 4641 2731 4695 haec
2762 4637 2923 4693 verba
2953 4678 2967 4700 ,
3000 4634 3247 4706 martyrio
3269 4638 3561 4687 coronatus
3604 4640 3686 4686 est
3710 4673 3726 4694 ,
3760 4641 3895 4699 quo-

2263 4749 2385 4788 rum
2408 4733 2528 4787 loco
2554 4732 2670 4786 haec
2699 4730 2891 4786 eodem
2919 4727 3138 4783 diverso
3165 4725 3493 4781 charactere
3525 4730 3663 4780 sunt
3688 4723 3894 4791 scripta

2266 4818 2683 4894 lmperatorum,
2738 4831 2789 4876 et
2842 4820 2990 4875 turba
3025 4818 3158 4892 pa...
3212 4817 3423 4886 reliqua
3506 4816 3650 4871 vero
3698 4812 3895 4870 eodem

2263 4916 2585 4973 charactere
2627 4915 2681 4969 in
2717 4905 2981 4983 margine.
3009 4910 3162 4979 Quod
3190 4915 3372 4963 autem
3414 4922 3552 4962 rasa
3587 4907 3704 4962 sint
3729 4901 3895 4961 verba

2263 5008 2514 5079 martyrio
2540 5015 2816 5062 coronatus
2848 5013 2944 5070 est,
2977 5013 3086 5057 tum
3112 5008 3175 5056 ex
3204 4998 3381 5070 spatio
3406 4998 3648 5065 abraso,
3683 5009 3797 5053 tum
3824 5009 3894 5050 ex

2260 5114 2329 5155 eo
2357 5098 2500 5170 quod
2539 5098 2761 5154 verbum
2805 5094 3113 5168 confessoris
3151 5087 3583 5163 superadditum
3627 5090 3745 5157 sit,
3778 5085 3895 5144 evi-

2262 5192 2456 5247 denter
2486 5199 2652 5261 patet.

2336 5284 2435 5339 Hic
2457 5299 2586 5339 vero
2611 5297 2764 5338 error
2793 5278 3043 5349 irrepsit,
3085 5278 3207 5348 quia
3256 5258 3575 5331 solemnior
3624 5258 3896 5331 festivitas

2260 5376 2320 5433 S.
2354 5376 2590 5431 Zenonis
2621 5391 2670 5429 v1
2709 5372 2831 5429 ldus
2877 5370 3193 5427 Decembris
3226 5362 3464 5423 Veronae
3500 5366 3815 5437 agebatur,
3841 5370 3896 5418 et

2262 5467 2479 5523 Pistorii
2523 5481 2667 5521 nunc
2710 5479 2927 5536 quoque
2958 5462 3168 5533 agitur;
3196 5450 3288 5532 qui
3331 5458 3460 5515 dies
3505 5455 3895 5517 Ordinationis

2260 5568 2374 5628 est,
2405 5569 2460 5617 et
2489 5556 2737 5615 Officium
2769 5555 2963 5627 legitur
2988 5554 3057 5611 de
3083 5554 3401 5611 confessore
3440 5542 3720 5623 b’onti‘lice
3757 5564 3896 5619 pra:-

2258 5652 2444 5707 sertim
2476 5648 2703 5704 Verona:
2726 5689 2740 5715 ,
2781 5646 2903 5713 ubi,
2930 5653 2991 5701 ut
3016 5646 3271 5702 observat
3309 5643 3571 5699 Dondori
3599 5644 3618 5715 (
3643 5642 3774 5697 Loc.
3803 5638 3890 5694 cit.

2255 5760 2373 5816 cap.
2432 5732 2517 5814 f),
2545 5738 2613 5797 de
2656 5736 2919 5812 martyrio
2954 5736 3011 5797 S.
3043 5736 3282 5796 lenonis
3330 5730 3490 5791 nulla
3547 5736 3611 5791 lit
3661 5732 3891 5791 mentio.
