4198 6160
374 257 477 312 62!
1566 240 1665 299 1)
1704 234 2051 297 ΜΑΒΤῩΜΕ

2153 233 2360 293 ΑΝΟΤΙ
2399 236 2718 298 ZENONIS.
2750 281 2754 290 .
3661 264 3767 321 θῇ

375 367 595 428 Pistorii
625 381 779 437 vero,
807 374 870 423 ut
893 376 1061 436 supra
1086 357 1548 425 observavimus,
1570 356 1629 413 in
1654 354 1861 425 hymno
1885 353 2031 409 Prae-
2056 352 2110 414 Α
2134 349 2286 444 addit
2312 359 2374 444 et
2387 354 2726 444 confessoris.
2781 355 3066 432 “abantis,
3101 381 3267 437 quem
3294 369 3463 427 refert
3492 372 3767 444 Pspebru-

375 465 507 521 snlis
535 463 711 520 Sancti
734 455 1300 518 commemorabatur
1328 450 1659 522 martyrium
1682 448 1740 504 S.
1765 446 2025 513 Zenonis,

2153 441 2307 508 :hius,
2344 442 2414 500 de
2438 443 2497 499 S.
2523 444 2748 501 Zenone
2781 446 2908 506 haec
2936 454 3131 513 habet:
3157 458 3456 518 Eademdie
3474 465 3528 519 in
3550 441 3769 526 Civitale

380 569 437 616 et
464 573 605 614 nunc
629 572 854 628 quoque
906 556 959 610 in
989 550 1266 609 Oratione
1309 552 1373 601 et
1414 543 1771 602 Lectionibus
1802 538 2028 598 secundi

382 650 659 707 Nocturni.
691 648 763 703 At
811 646 956 702 hanc
983 639 1407 702 correctionem
1460 636 1662 695 fecisse
1699 633 2027 690 crediderim

384 744 617 815 aliquem
645 738 972 797 Officiorum
1018 732 1290 793 Ecclesia:
1335 728 1711 786 Pistoriensis
1738 726 1984 796 ignarum
2009 764 2027 792 ,

387 835 544 905 cujus
570 831 843 903 ignoratio
864 846 932 887 ex
958 844 1022 886 eo
1042 822 1643 898 cognoscitur.........
1685 816 1950 873 Valeriani
1979 824 2030 869 et

390 927 535 998 quod
564 925 724 981 verba
750 921 946 978 addita
978 940 992 975 :
1022 920 1082 975 Et
1108 928 1339 988 tempore
1364 913 1615 969 Gallieni
1635 911 2026 982 imperatorum,

393 1029 441 1074 et
467 1017 618 1073 turba
646 1015 999 1085 Paganorum
1038 1011 1104 1066 ad
1144 1008 1329 1065 Fidem
1363 1005 1668 1071 convertit,
1697 1018 1822 1059 cum
1862 1015 2028 1073 supe-

395 1110 632 1168 rioribus
670 1107 907 1162 minime
929 1104 1256 1161 cohaereant.
1284 1100 1411 1168 Qua
1441 1099 1591 1155 enim
1621 1096 1835 1153 ratione
1863 1094 1947 1151 bis
1977 1094 2030 1150 in

394 1217 544 1259 anno
575 1199 713 1256 idem
755 1198 995 1253 Festum
1035 1190 1430 1251 celebrandum
1478 1190 1550 1245 sit
1589 1190 1644 1245 in
1691 1188 1885 1245 eadem
1930 1185 2034 1241 Ec:-

396 1293 568 1352 clesia
592 1333 606 1356 ,
637 1291 833 1362 utique
866 1303 982 1344 non
1021 1294 1251 1342 constat.
1295 1283 1597 1339 Diversum
1627 1295 1759 1352 ergo
1784 1293 1909 1336 esse
1937 1277 2034 1333 de-

399 1384 498 1443 bet
526 1382 743 1438 Festum
794 1377 1018 1435 mensis
1061 1374 1263 1446 Aprilis
1288 1389 1319 1429 a
1350 1372 1529 1429 Festo
1578 1371 1784 1428 mensis
1811 1371 2033 1425 Decem-

399 1475 553 1540 bris;
587 1464 782 1543 nempe
812 1470 929 1526 boc
966 1468 1375 1532 Ordinationis,
1411 1465 1552 1522 illud
1579 1464 1819 1530 Natalis;
1857 1474 2036 1531 neque

401 1577 611 1624 tantum
654 1567 760 1620 ritu
790 1559 1125 1619 solemniori
1156 1560 1245 1617 vel
1275 1559 1463 1615 minus
1508 1556 1742 1614 solemni
1772 1550 2036 1622 distingui

400 1644 623 1715 debent.
668 1660 859 1725 Quare
900 1668 1195 1723 perperam
1237 1651 1528 1708 adnotavit
1562 1667 1574 1702 :
1610 1647 1742 1720 Ejus
1792 1645 2038 1703 solemnis

2140 533 2378 601 veronte,
2417 534 2607 592 Passio
2632 538 2694 591 S.
2726 536 2966 602 Zenonis
2988 547 3266 622 Martyris.
3302 554 3397 610 Die
3418 571 3547 613 vero
3571 569 3762 618 octava

2130 625 2451 683 Decembris
2499 649 2514 684 :
2555 627 2632 684 1η
2673 628 2898 691 Civitate
2935 637 3151 697 Verona
3196 643 3389 702 Natale
3432 648 3494 704 S.
3537 649 3762 710 Zenonis

2131 717 2408 789 Martyris.
2442 720 2710 778 Rabanus
2740 737 2926 783 autem
2970 733 3192 803 scripsit
3233 737 3533 808 imperante
3567 742 3753 801 Ludo-

2130 809 2257 902 vico
2287 809 2405 866 Pio.
2441 811 2729 871 Notkerus
2755 832 2971 893 quoque
3007 825 3189 894 pridie
3217 829 3338 884 ldus
3362 831 3582 902 Aprilis,
3613 846 3667 891 et
3698 853 3752 894 rt

2131 901 2259 959 Idus
2288 904 2615 963 Decembris
2665 909 2724 964 S.
2780 910 3052 973 Zenonem
3086 901 3591 993 martyremdiclt.
3651 929 3755 986 Ec-

2131 997 2303 1053 clesia
2333 1014 2548 1072 quoque
2594 1000 2961 1077 Frisingensis
3004 1020 3283 1082 tamquam
3329 1016 3648 1087 Episcopum
3698 1032 3756 1078 et

2133 1098 2430 1163 martyrem
2466 1093 2526 1148 S.
2564 1093 2844 1154 Zenonem
2881 1100 3043 1167 colit,
3075 1110 3134 1157 ut
3164 1105 3310 1161 idem
3350 1106 3752 1177 Papebrocbius

2133 1180 2372 1238 afllrmat
2391 1183 2484 1255 (In
2504 1186 2638 1240 actis
2657 1186 2762 1243 SS.
2786 1196 2945 1243 mens.
2968 1192 3194 1262 Aprilis,
3217 1195 3303 1249 die
3326 1195 3410 1262 12,
3438 1214 3483 1251 c.
3509 1197 3566 1264 2,
3596 1201 3749 1264 τιὸ).

2134 1274 2283 1332 Beda
2315 1276 2445 1334 item
2478 1280 2530 1334 in
2562 1280 2946 1353 Martyrologio
2977 1284 3159 1354 pridie
3193 1287 3321 1342 ldus
3349 1289 3572 1359 Aprilis.
3597 1292 3753 1364 Apud

2141 1369 2487 1430 Veronensem
2511 1375 2779 1430 Civitatem
2804 1374 2991 1432 Passio
3022 1378 3087 1433 S.
3122 1378 3353 1436 Zenonis
3380 1387 3657 1455 martyris‘,
3688 1388 3756 1441 de

2136 1483 2237 1538 quo
2266 1467 2331 1525 Β.
2365 1462 2646 1543 Gregorius
2672 1471 2726 1525 in
2770 1470 2903 1525 libro
2948 1470 3301 1546 Dialogorum
3337 1477 3496 1547 refert
3544 1492 3595 1533 vt
3624 1479 3747 1534 ldus

2140 1558 2475 1618 Decembris.
2523 1560 2591 1617 In
2641 1561 2861 1617 Civitate
2915 1562 3127 1620 Verona
3176 1566 3371 1624 Natale
3414 1568 3473 1625 S.
3526 1568 3756 1625 Zenonis

2141 1654 2403 1725 martyris.
2455 1652 2733 1710 Usuardus
2758 1663 2815 1709 et
2864 1654 2983 1723 ipse
3031 1657 3085 1712 in
3139 1657 3525 1732 Martyrologio
3575 1660 3753 1732 pridie

403 1749 677 1807 Festivitas
714 1763 771 1802 Vt
803 1745 947 1801 ldus
976 1742 1318 1811 Decembris.
1350 1753 1464 1798 etc.
1513 1740 1612 1795 Hic
1654 1753 1809 1799 error
1839 1751 1909 1791 ex
1937 1748 2041 1788 Ins-
2072 1736 2121 1797 B
2150 1744 2274 1802 ldus
2323 1746 2521 1818 Aprilis
2552 1762 2567 1803 :
2599 1744 2798 1800 Eodem
2836 1746 2921 1801 die
2960 1748 3022 1804 S.
3058 1748 3285 1806 Zenonis
3326 1748 3610 1823 Episcopi,
3662 1755 3755 1824 qut

403 1845 618 1915 irrepsit
648 1844 699 1898 in
726 1841 920 1911 aliqua
949 1837 1354 1910 Martyrologia
1381 1835 1529 1909 typis
1557 1834 1738 1899 edita,
1766 1840 1826 1887 ut
1848 1827 2037 1883 videre

403 1936 566 1994 estin
618 1933 842 2006 publica
890 1940 949 1985 et
983 1930 1339 2000 amplissima
1388 1925 1723 1984 bibliotheca
1775 1919 2043 1978 Eminen-

406 2026 595 2086 tissimi
637 2022 957 2082 Cardinalis
998 2020 1247 2078 Fabroni
1277 2018 1592 2090 sumptibus
1638 2012 1859 2073 Pistorii
1911 2023 2046 2066 con-

405 2133 601 2181 structa
623 2161 639 2187 ,
674 2121 728 2175 in
758 2132 870 2190 qua
900 2126 1226 2172 asservatur
1267 2110 1719 2186 Martyrologium
1751 2104 2049 2165 Florentia:

408 2216 606 2273 editum
637 2226 809 2284 opera
848 2209 1125 2268 Francisci
1155 2208 1233 2265 de
1271 2204 1665 2263 Bonaccursiis
1704 2213 1854 2257 anno
1886 2197 2048 2269 1486,

406 2306 581 2380 inquo
608 2306 677 2363 de
698 2307 760 2363 S.
793 2303 1022 2359 Zenone
1044 2301 1124 2357 sic
1153 2317 1167 2354 :
1212 2297 1400 2354 Pridie
1426 2296 1557 2351 ldus
1583 2295 1887 2365 Aprilis....
1917 2287 2052 2346 Item

408 2402 469 2460 S.
492 2400 709 2458 Zenonis
752 2395 1064 2453 Veronensis
1084 2392 1320 2463 episcopi
1371 2401 1422 2446 et
1450 2389 1783 2459 confessoris
1801 2428 1816 2453 ,
1848 2382 1938 2454 qui
1959 2385 2054 2438 tri-

405 2495 493 2551 bus
511 2496 655 2549 annis
698 2490 976 2547 Valeriani
1009 2497 1057 2541 et
1083 2485 1311 2542 Gallieni
1334 2484 1445 2555 ﬁde
1479 2482 1848 2544 clarissimus,
1895 2492 2051 2532 sanc-

404 2590 542 2645 titate
560 2587 878 2660 conspicuus
909 2580 1102 2637 Christi
1132 2578 1321 2632 Fidem
1341 2576 1489 2648 genti
1508 2590 1624 2630 sua:
1643 2570 2054 2642 ferventissime

406 2683 694 2756 {medicauit
720 2723 737 2748 ,
768 2688 820 2734 et
853 2689 1099 2747 magnam
1136 2671 1333 2726 turbam
1373 2685 1711 2740 paganorum
1751 2665 1832 2725 ad
1864 2661 2055 2721 Fidem

410 2778 596 2834 Christi
649 2773 924 2832 convertit.
982 2766 1170 2822 Tamen
1219 2762 1494 2820 Festiuitas
1549 2764 1671 2835 ejus
1741 2759 2073 2818 celebratur,

406 2882 543 2927 sexto
569 2868 695 2925 Idus
719 2861 1051 2923 Decembris.
1079 2857 1258 2913 Mense
1287 2865 1465 2910 autem
1499 2853 1859 2911 Decembris
1894 2850 1965 2906 ita
1999 2851 2053 2907 in

412 2964 594 3021 eodem
622 2954 1018 3033 Martyrologio
1045 2968 1061 3007 :
1090 2946 1144 3005 vi
1175 2947 1300 3002 ldus
1330 2943 1627 3000 Decembris
1668 2942 1856 3014 apud
1891 2941 2057 2998 Vero-

415 3066 530 3112 nam
556 3056 615 3113 8.
642 3051 873 3112 Zenonis
898 3043 1125 3120 ejutdent
1149 3038 1287 3094 urbis
1310 3034 1543 3103 episcopi
1599 3040 1646 3087 et
1709 3034 2055 3107 confessoris

419 3152 568 3206 totius
588 3145 883 3205 sanctitatis
906 3136 1028 3194 uiri.
1055 3134 1157 3191 Ubi
1184 3131 1320 3187 nihil
1339 3129 1405 3185 de
1428 3126 1596 3183 FeSto
1625 3124 2052 3193 Ordinationis,
2082 3128 2127 3191 C

422 3244 480 3299 in
510 3256 611 3314 quo
636 3242 771 3299 satis
800 3241 999 3308 aperte
1039 3227 1212 3298 liquet
1239 3218 1619 3314 Ordinationis
1644 3258 1659 3282 ,
1710 3228 1777 3274 et
1826 3220 2055 3314 Depogi-

428 3311 591 3391 tionis
616 3378 629 3397 .
660 3348 759 3391 seu
783 3321 1045 3395 martyrii
1075 3314 1236 3375 Festa
1277 3311 1570 3373 confundi,
1601 3323 1728 3380 qute
1760 3314 1973 3382 'optime
1999 3313 2054 3368 in

429 3424 809 3499 Martyrologio
850 3419 1105 3475 Romano
1146 3418 1200 3465 et
1266 3407 1390 3462 aliis
1416 3403 1851 3499 distinguuntur.
1899 3403 2060 3460 Licet

436 3495 596 3591 igitur
617 3519 671 3574 in
700 3512 988 3572 veteribus
1019 3501 1392 3561 monumentis
1436 3496 1598 3565 huius
1640 3495 1902 3551 Ecclesia:
1932 3497 2056 3554 Pis-

440 3586 689 3670 toriensis
707 3604 966 3666 confusio
995 3597 1299 3669 reperiatur
1324 3594 1376 3647 in
1403 3588 1601 3647 Ofﬁcio
1621 3586 1682 3643 S.
1714 3587 1954 3645 Zenonis
1989 3590 2059 3648 de

442 3705 550 3763 ritu
580 3701 834 3773 martyris
908 3702 967 3751 et
988 3687 1350 3751 confessoris,
1385 3694 1565 3738 tamen
1606 3677 1891 3773 evidenter
1912 3696 2058 3773 con-

440 3808 553 3855 stat
600 3770 815 3864 semper
871 3788 1025 3843 illum
1070 3791 1341 3854 tamquam
1370 3781 1666 3844 martyrem
1709 3770 1877 3827 fuisse
1908 3772 2061 3829 habi-

446 3902 560 3947 tnm
586 3906 603 3956 ;
632 3889 707 3943 ita
751 3893 811 3941 ut
832 3878 1154 3939 continuata
1202 3870 1422 3927 traditio
1461 3865 1532 3921 de
1560 3864 1817 3936 Martyrio
1864 3864 1924 3919 S.
1958 3866 2060 3922 Ze-

446 3985 605 4044 nonis
632 3973 1045 4038 evidentissime
1068 3968 1500 4027 demonstretur,
1526 3975 1646 4031 qua:
1668 3957 1871 4015 nostris
1893 3959 2058 4017 etiam

448 4073 785 4147 temporibus
811 4069 1156 4140 perseverat.

1077 4152 1307 4211 CAPUT
1347 4149 1431 4206 lll.

449 4263 695 4322 Etctern‘is
714 4251 1108 4314 auctoritatibus
1132 4246 1375 4319 probatur
1395 4239 1705 4311 Martyrium
1729 4241 1790 4295 S.
1812 4237 2059 4295 Zenonis.

523 4359 755 4414 Sanctus
780 4345 1077 4419 Gregorius
1096 4342 1319 4411 Magnus
1341 4337 1481 4393 libro
1504 4333 1662 4388 tertio
1685 4331 2058 4402 Dialogorum,

450 4454 630 4522 capite
655 4448 745 4512 l9,
779 4439 1103 4501 miraculum
1146 4449 1371 4490 narrans
1417 4428 1567 4486 ﬂuvii
1596 4426 1906 4522 AthesisS.
1959 4428 2062 4522 Ze-

453 4558 653 4602 nonem
683 4546 976 4609 martyrem
1008 4529 1174 4586 dicit:
1207 4524 1364 4597 Apud

452 4646 571 4693 atus
607 4632 809 4689 Athesis
829 4638 1130 4685 accrescens
1170 4621 1239 4674 ad
1265 4618 1328 4675 Β.
1374 4615 1599 4673 Zenonis
1640 4617 1881 4685 martyris
1909 4621 2060 4683 atque

460 4726 722 4802 pontiﬁcis
754 4720 1039 4778 Ecclesium
1072 4715 1248 4769 venit:
1277 4714 1425 4783 cujus
1467 4708 1715 4763 Ecclesia:
1749 4706 2059 4802 dum-essent

450 4796 636 4897 ianua
673 4826 864 4886 aperta
885 4853 902 4879 ,
928 4822 1064 4879 aqua
1090 4808 1146 4861 in
1193 4820 1305 4859 eam
1329 4802 1543 4856 minime
1584 4796 2058 4854 intravit.‘Paulus

462 4889 630 4971 etiam
661 4910 951 4969 Diaconus,
983 4900 1052 4955 de
1080 4897 1262 4955 Gestis
1289 4891 1771 4964 Langobardorum
1793 4889 1931 4945 libro
1951 4899 2057 4943 ter-

463 5007 564 5070 tio,
593 5017 712 5073 cap.
740 5000 832 5065 25,
859 5004 1175 5064 martyrem,
1201 5000 1254 5045 et
1274 4989 1390 5057 ipse
1412 4984 1673 5050 affirmat,
1700 4983 1769 5039 de
1793 4982 2056 5037 miraculo

465 5094 687 5153 Athesis
728 5102 896 5162 agens
918 5103 934 5147 :
959 5083 1238 5139 Destructa
1273 5087 1394 5134 sunt
1419 5077 1625 5142 itinera,
1655 5073 1919 5147 dissipata:
1943 5082 2061 5127 sunt

465 5189 565 5244 vita
585 5229 600 5253 ,
634 5190 925 5251 tantumque
960 5173 1163 5232 Athesis
1195 5171 1382 5232 ﬂuvius
1418 5177 1538 5224 tunc
1565 5168 1784 5222 excreuit
1805 5206 1820 5233 ,
1847 5174 1900 5218 ut
1926 5164 2065 5217 circa

467 5282 747 5340 Basilicam
778 5275 840 5331 B.
872 5270 1095 5328 Zenonis
1130 5265 1399 5337 martyris,
1429 5276 1544 5332 qua:
1572 5270 1719 5316 extra
1754 5257 2063 5313 Veronensis

468 5376 614 5433 urbis
643 5386 818 5427 muros
867 5368 967 5423 sita
1018 5372 1124 5428 est,
1154 5374 1314 5430 usque
1358 5357 1429 5411 ad
1471 5354 1761 5427 superiores
1792 5355 2063 5428 fenestras

469 5486 606 5542 aqua
634 5464 938 5536 pertingeret
961 5473 979 5513 :
1001 5456 1121 5512 licet
1148 5451 1214 5506 Β.
1258 5447 1541 5521 Gregorius
1578 5456 1693 5542 post
1728 5443 1875 5542 Papa
1896 5442 2061 5542 scrip-

469 5533 595 5621 serit
634 5533 692 5613 in
726 5551 956 5611 eamdem
997 5545 1281 5604 Basilicam
1317 5556 1504 5612 aquam
1538 5538 1748 5593 minime
1798 5533 2059 5589 introisse.

470 5654 891 5721 Manuscriptum
948 5638 1359 5702 Modoetiense,
1422 5642 1480 5689 ut
1532 5628 1859 5689 Muratorius
1915 5633 2066 5721 notat

478 5750 634 5823 (iter.
665 5719 790 5800 Ital.
810 5750 845 5796 t.
875 5755 913 5806 ι,
947 5752 1071 5807 pag.
1104 5729 1246 5801 447)
1280 5727 1349 5786 ad
1404 5724 1535 5784 illud
1563 5723 1783 5782 verbum
1810 5719 2067 5790 martyris

2148 1836 2283 1892 inter
2333 1838 2589 1908 procellas
2634 1840 3009 1908 persecutionis
3082 1840 3428 1899 Veronensem
3467 1842 3756 1900 Ecclesium

2150 1928 2452 1985 mirabiliter
2482 1934 2639 1999 rexit,
2674 1946 2736 1985 ac
2774 1940 3003 2002 tempore
3045 1932 3275 1989 Gallieni
3314 1935 3564 2006 martyrio
3604 1951 3757 1989 coro-

2151 2032 2304 2077 natus
2326 2034 2420 2078 est.
2448 2023 2584 2079 Nota
2620 2023 2705 2078 hic
2728 2023 2896 2080 verba
2919 2023 3162 2082 Usuardi
3180 2067 3196 2093 ,
3252 2042 3372 2095 quia
3411 2028 3601 2083 eadem
3630 2035 3757 2083 Sunt

2152 2129 2220 2171 ac
2243 2116 2405 2171 verba
2435 2115 2797 2187 Martyrologii
2826 2131 2930 2172 ms.
2959 2116 3106 2189 quod
3128 2118 3216 2174 hic
3243 2119 3460 2175 Pistorii
3484 2121 3536 2175 in
3565 2120 3758 2176 biblio-

2155 2209 2309 2266 theca
2354 2210 2512 2265 almae
2568 2210 2771 2267 Domus
2816 2211 3115 2281 Sapientiae
3163 2223 3515 2280 asservatnr,
3560 2214 3627 2270 de
3650 2224 3757 2285 quo

2154 2302 2392 2359 diximus
2434 2304 2611 2373 capite
2640 2305 2912 2371 secundo,
2947 2302 3043 2362 ubi
3088 2306 3157 2363 de
3209 2308 3379 2378 ipsius
3407 2322 3514 2364 ms.
3543 2318 3758 2364 correc-

2157 2396 2322 2462 tione,
2356 2412 2452 2452 seu
2482 2397 2658 2465 potius
2679 2396 3077 2466 depravatione
3102 2400 3332 2468 egimus,
3365 2399 3509 2471 quod
3540 2408 3761 2456 senten-

2156 2490 2287 2545 tiam
2335 2498 2572 2546 nostram
2619 2489 2953 2559 confirmat,
3004 2490 3184 2547 deleta
3222 2492 3433 2549 scilicet
3483 2494 3650 2549 fuisse
3696 2493 3754 2548 in

2155 2583 2348 2640 eodem
2388 2597 2490 2639 ms.
2523 2582 2686 2638 verba
2720 2583 2834 2647 illa,
2866 2580 3129 2656 Martyrio
3174 2594 3454 2641 coronatus
3495 2598 3588 2641 est.
3614 2585 3762 2641 Van-

2156 2676 2436 2733 delbertus
2465 2675 2517 2730 in
2562 2689 2660 2733 suo
2687 2673 3076 2747 Martyrologio
3115 2678 3341 2733 metrico
3381 2692 3438 2733 vr
3484 2677 3609 2734 ldus
3656 2676 3761 2733 De—

2159 2767 2394 2826 cembris
2422 2768 2499 2822 sic
2562 2766 2756 2822 cecinit
2797 2765 2993 2837 (Apud
3048 2767 3388 2839 Daclterium,
3418 2780 3456 2825 t.
3507 2786 3540 2827 v
3585 2768 3767 2841 Spici-

2162 2858 2319 2933 legii)
2355 2877 2367 2914 :
3286 2878 3289 2887 π

2408 2951 2509 3003 Has
2528 2949 2924 3019 qpoque_Zenon
2948 2952 3103 3005 habet
3125 2953 3385 3019 coniuncto

2530 3013 2708 3076 Martyr
2730 3013 2942 3065 honore.

2230 3096 2363 3156 Item
2394 3098 2587 3155 Petrus
2615 3097 2903 3154 Galesinus
2926 3099 2979 3155 in
3012 3103 3156 3157 notis
3181 3084 3356 3175 pridie
3401 3104 3526 3160 ldus
3554 3106 3761 3176 Aprilis

2160 3192 2277 3248 hmo
2335 3191 2501 3247 refert
2540 3209 2552 3243 :
2592 3188 2655 3245 S.
2683 3188 2910 3246 Zenonis
2937 3194 3166 3265 episcopi
3219 3205 3267 3250 et
3311 3196 3588 3268 martyris,
3617 3206 3671 3251 ut
3701 3214 3765 3254 ea:

2162 3282 2226 3341 S.
2257 3278 2493 3356 Gregorii
2546 3283 2849 3337 testimoniis
2902 3294 3064 3353 atque
3102 3302 3167 3341 ea:
3207 3289 3347 3343 omni
3390 3290 3759 3364 martyrologio

2160 3385 2383 3441 constat,
2417 3376 2569 3440 idque
2596 3374 2834 3443 pluribus
2859 3378 3148 3430 ostenditur
3168 3381 3220 3431 in
3243 3379 3404 3445 libro,
3430 3381 3519 3449 qui
3549 3387 3613 3435 de
3637 3381 3723 3438 SS
3734 3424 3747 3436 .

2163 3468 2434 3539 Episcopis
2468 3466 2848 3522 Veronensibus
2876 3480 3039 3538 nuper
3058 3468 3113 3522 in
3138 3470 3301 3523 lucem
3326 3472 3493 3527 editus
3515 3482 3610 3527 est.
3641 3473 3758 3531 Hoc

2162 3560 2274 3629 ipso
2296 3561 2378 3615 die
2406 3559 2715 3631 ﬂartyrinm
2740 3575 2753 3612 ;
2779 3574 2832 3613 v1
2853 3557 2987 3613 ldus
3016 3558 3311 3616 Decembris
3328 3562 3604 3620 Ordinatio
3638 3582 3657 3622 :
3688 3572 3762 3624 xli

2166 3650 2431 3708 Kalendas
2470 3649 2624 3706 Junii
2677 3650 2950 3705 translatio
3012 3649 3230 3707 Veronte
3273 3654 3576 3712 celebratur.
3627 3657 3761 3729 Ejus

2174 3744 2345 3800 Vilaa
2388 3743 2646 3799 Coronam
2696 3742 2916 3797 Notario
2959 3745 3252 3816 conscripta
3292 3745 3445 3802 Lo‘bii
3488 3760 3644 3804 extat.
3677 3750 3760 3807 Tu

2166 3845 2414 3907 prwterca
2454 3837 2564 3906 lege
2606 3833 2837 3891 Surium.
2887 3832 3241 3891 Contstantius
3268 3835 3507 3895 Felicius
3558 3840 3612 3897 in
3661 3857 3761 3899 suo

2164 3931 2493 3988 Kalendario
2539 3929 2710 4002 pridie
2742 3928 2862 3985 ldus
2888 3914 3091 4000 Aprilis
3135 3932 3425 3987 vernacula
3458 3934 3641 4007 lingua
3681 3936 3760 3992 sic

2164 4012 2354 4094 liabet,
2401 4025 2544 4097 quod
2591 4040 2690 4080 nos
2742 4023 2907 4078 latine
2950 4023 3223 4078 reddimus
3272 4023 3491 4082 :Zenon
3550 4027 3763 4085 Verona:

2164 4118 2435 4189 episcopus
2461 4128 2656 4190 martyr
2674 4116 2768 4170 sub
2793 4114 3031 4170 Gallieno
3063 4117 3392 4189 imperatore.
3428 4120 3495 4175 Et
3526 4138 3575 4177 Vl
3630 4106 3754 4180 ldus

2166 4209 2482 4265 Decembris
2515 4229 2527 4264 :
2567 4209 2744 4265 Zenon
2808 4208 3119 4264 Veronensis
3159 4210 3432 4280 episcopus
3490 4217 3756 4273 miraculis

2164 4303 2444 4358 admodum
2474 4303 2644 4358 clarus
2667 4312 2896 4371 tempore
2918 4300 3146 4356 Gallieni
3176 4301 3507 4374 imperatoris
3536 4308 3716 4376 ﬂoruit
3735 4352 3751 4378 ,

2166 4399 2313 4469 cujus
2355 4396 2519 4465 ﬁliam
2556 4412 2589 4449 a
2617 4390 2861 4448 Dwmone
2895 4392 3213 4447 liberaverat.
3257 4391 3428 4451 Caute
3471 4396 3634 4469 igitur
3678 4400 3759 4456 le-

1388 4485 1734 4578 peronemem
1758 4518 1937 4573 urbem
1955 4520 2053 4589 ﬂ“.
2086 4517 2135 4577 υ
2161 4490 2372 4589 gendus
2394 4488 2475 4589 De
2503 4490 2631 4589 Astc
2651 4525 2666 4553 ,
2827 4485 2970 4589 prid.
3002 4485 3125 4589 ldus
3153 4485 3356 4589 Aprilis
3388 4489 3440 4543 in
3482 4492 3604 4589 suis
3628 4493 3757 4589 Dis-

2161 4580 2561 4652 ceptatiouibus
2611 4581 2662 4633 in
2711 4578 3148 4649 Martyrologium
3195 4578 3498 4637 Romanum
3540 4584 3761 4642 adducit

2161 4675 2420 4731 Felicium
2451 4687 2503 4730 et
2553 4670 2889 4737 Galcsinum,
2916 4677 3107 4742 utpote
3131 4672 3223 4741 qui
3243 4673 3300 4727 S.
3333 4672 3608 4731 Zenonem
3633 4693 3758 4733 con-

2161 4767 2425 4823 fessorem
2470 4781 2575 4822 non
2628 4770 2920 4835 martyrem
2960 4766 3388 4833 nuncupaverint
3432 4783 3647 4837 :quare
3690 4770 3762 4826 ti-

2161 4860 2417 4916 mendum
2440 4868 2525 4915 est
2568 4874 2635 4913 ne
2688 4863 2744 4910 ct
2778 4855 2832 4910 in
2859 4855 2977 4910 aliis
3004 4855 3321 4911 auctoribus
3350 4857 3637 4915 aﬂ‘erendis
3664 4862 3763 4916 fal-

2163 4951 2342 5018 latur,
2379 4953 2535 5007 sicuti
2568 4952 2619 5005 in
2648 4951 2731 5003 his
2760 4949 2989 5003 fallitur.
3033 4948 3253 5004 Falsum
3286 4960 3371 5006 est
3414 4949 3566 5008 enim
3613 4956 3759 5026 quod

2164 5043 2296 5099 dicit
2329 5061 2341 5097 :
2371 5042 2502 5097 Item
2534 5041 2794 5113 Vuitford,
2830 5039 3087 5107 Bellinus,
3112 5039 3412 5111 Galesinns,
3444 5053 3492 5098 et
3526 5042 3759 5103 Felicius

2164 5150 2339 5191 onmes
2366 5150 2471 5188 uno
2497 5149 2581 5187 ore
2620 5133 2939 5186 buccinando
2972 5132 3032 5187 S.
3065 5132 3326 5191 Zenonem
3350 5138 3646 5211 episcopum
3666 5180 3680 5205 ,
3710 5152 3761 5196 et

2162 5229 2521 5299 confessorem.
2552 5223 2706 5292 Quod
2736 5224 2972 5278 alienum
3005 5239 3127 5280 esse
3151 5241 3182 5281 a
3209 5230 3462 5295 veritate,
3487 5246 3553 5286 ex
3586 5247 3760 5303 nuper

2161 5320 2340 5377 allatis
2365 5319 2601 5376 Galcsini
2630 5329 2682 5374 et
2712 5315 2898 5373 Felicii
2929 5318 3109 5375 verbis
3140 5320 3266 5378 licet
3292 5339 3602 5396 agnoscere.

2830 5434 3010 5489 APUT
3052 5434 3141 5489 IV.

2830 5434 2866 5485 A
3127 5473 3141 5489 .

2241 5524 2467 5582 Romani
2505 5428 3180 5597 Martyrologiipa‘itftoi'iCas
3220 5528 3470 5600 Martyris
3505 5544 3690 5597 nomen

2677 5621 2738 5679 S.
2779 5619 2978 5678 Zenoni
3014 5623 3267 5680 decernit.

2246 5715 2312 5773 ili
2352 5728 2543 5773 omnes
2565 5758 2581 5785 ,
2611 5729 2749 5786 quos
2777 5728 2942 5784 supra
2968 5714 3349 5773 recensuimus
3367 5753 3382 5781 ,
3415 5724 3539 5772 ante
3568 5713 3773 5776 Roma-
