4198 6160
392 281 502 336 625

1469 267 1557 323 DE
1597 263 1962 324 MARTYRIO
1999 264 2246 322 SANCTI
2287 263 2602 323 ZENONIS.

3599 265 3706 322 624
3740 343 3742 345 b

392 410 523 450 num
575 387 1018 461 Martyrologium
1069 398 1096 436 a
1150 383 1377 437 Summo
1425 381 1684 449 pontifice
1735 379 2001 450 Gregorio
2029 383 2083 441 Α
2107 380 2338 449 Remigii
2359 399 2370 433 :
2391 379 2514 434 Non
2538 381 2699 434 multo
2725 389 2837 449 post
2857 380 2910 432 in
2937 395 3061 450 pace
3087 387 3315 450 receptus
3341 387 3431 432 est.
3462 379 3550 432 Illa
3577 394 3715 448 (μιθ-

393 485 551 547 Χιιι,
583 480 928 538 emendatum
957 477 1023 530 de
1065 474 1323 543 martyrio
1355 473 1411 526 8.
1445 471 1681 527 Zenonis
1713 481 2002 527 testantur.

395 577 596 646 Eisqbe
636 573 776 628 idem
818 555 1266 640 Martyrologium
1307 565 1613 628 eonsetitit,
1663 565 1714 618 in
1753 579 1861 634 quo
1902 562 2009 618 fes-

394 677 511 722 tum
554 661 794 734 martyrii
824 677 852 715 a
887 662 1025 715 festo
1053 657 1415 713 ordinationis
1447 658 1504 712 8.
1538 656 1775 711 Zenonis
1805 655 2010 726 optime

395 757 764 828 distinguitur.
797 754 981 809 Pridie
1013 768 1243 823 namque
1275 751 1397 805 Idus
1428 751 1631 821 Aprilis
1662 750 1735 804 ita
1763 749 1832 805 de
1863 749 2009 804 Mar-

393 852 536 923 tyrio
579 849 636 904 8.
694 847 969 902 Zenonis:
1012 844 1246 909 Veronaz,
1293 842 1481 897 Passio
1529 842 1593 897 S.
1635 841 1858 897 Zenonis
1901 840 2011 910 epi-

402 943 570 1012 scopi,
602 941 690 1008 qui
719 941 852 993 inter
881 938 1132 1008 procellas
1178 936 1546 1008 persecutionis
1568 950 1680 988 eam
1723 933 2009 988 Ecclesium

397 1036 531 1087 mira
554 1031 843 1086 constantia
871 1030 1169 1102 gubernavit
1190 1070 1204 1093 ,
1237 1037 1286 1083 et
1328 1026 1554 1081 Gallieni
1597 1036 1827 1096 tempore
1861 1023 2008 1078 Mar-

399 1125 534 1194 tyrio
574 1132 848 1177 coronatus
891 1130 984 1174 est.
1027 1121 1195 1175 Sexto
1238 1118 1366 1172 ldus
1403 1117 1756 1172 Decembris:
1796 1114 2012 1170 Verona:

403 1217 678 1271 Ordinatio
729 1215 789 1271 8.
846 1214 1068 1268 Zenonis
1119 1213 1369 1284 episcopi.
1426 1212 1797 1284 Martyrologii
1850 1210 2012 1280 hujus

400 1310 694 1365 auctoritas
711 1307 852 1377 apud
874 1321 1060 1377 aequos
1087 1305 1300 1374 judices
1321 1304 1454 1358 satis
1481 1319 1601 1358 esse
1628 1304 1875 1359 deberet.
1903 1301 1982 1356 Ne
1997 1330 2012 1342 -

401 1401 605 1456 minem
645 1400 913 1468 siquidem
957 1397 1090 1468 fugit
1130 1397 1428 1451 Romanam
1471 1395 1811 1461 Ecclesium,
1853 1403 2015 1464 caput

401 1501 460 1549 et
489 1492 806 1561 magistram
834 1499 1158 1544 caeterarum
1192 1487 1427 1542 maxima
1461 1503 1611 1541 usam
1641 1501 1861 1556 semper
1891 1499 2018 1540 esse

399 1585 626 1640 solertia
658 1585 710 1638 in
747 1581 1082 1652 inquirendis
1113 1591 1415 1650 martyrum
1449 1580 1618 1646 actis;
1654 1580 1956 1650 iisdemque
1985 1595 2017 1633 a

398 1677 618 1733 rttdium
675 1675 954 1729 hominum
1003 1683 1058 1728 et
1099 1672 1481 1727 haereticorum
1536 1673 1815 1726 erroribus
1842 1671 2018 1726 vindi-

2113 486 2218 540 que
2259 471 2312 524 in
2355 471 2564 525 duobus
2607 472 2689 526 his
2715 471 2993 526 codicibus
3023 470 3305 525 diversitas
3339 470 3574 524 notanda
3605 483 3708 525 est.

2112 564 2246 618 Nam
2287 565 2337 618 in
2381 564 2566 620 codice
2606 565 2860 621 Remensi
2901 565 3096 635 legitur
3135 566 3192 620 S.
3227 563 3502 618 Zenonem
3546 565 3719 621 fuisse

2114 656 2427 712 ordinatum
2489 659 2801 728 episcopum
2850 658 3280 724 Veronensium,
3353 658 3421 714 de
3461 674 3565 729 qua
3615 658 3720 714 Or-

2114 749 2396 804 dinatione
2447 750 2497 803 in
2556 752 2746 806 codice
2793 752 3038 807 Abbatiaa
3079 752 3138 806 S.
3177 751 3481 808 Salvatoris
3519 751 3721 810 Montis

2114 843 2316 898 Amiati
2344 843 2484 912 apud
2517 843 2801 914 Ughellum
2833 845 2978 901 nulla
3009 845 3068 899 tit
3096 847 3324 901 mentio.
3353 846 3474 900 Vita
3503 861 3724 917 quoque

2116 936 2176 988 8.
2201 934 2465 998 Zenonis,
2485 951 2606 1004 qua:
2628 952 2655 989 a
2680 937 2955 992 Coronato
2981 939 3288 1005 conscripta
3312 939 3526 1004 dicitur,
3558 955 3723 1010 quam

2118 1026 2380 1097 Ughcllus
2423 1026 2630 1094 refert,
2672 1029 2740 1082 ab
2781 1045 2842 1084 ea
2899 1029 3176 1099 discrepat
3219 1045 3339 1100 qua:
3369 1030 3512 1101 apud
3547 1031 3722 1102 Pape-

2117 1120 2398 1174 brocltium
2442 1121 2636 1190 legitur
2677 1123 2695 1191 (
2718 1132 2842 1177 tont.
2895 1139 2968 1187 tt,
3015 1139 3177 1176 mens.
3214 1123 3410 1194 Aprilis
3453 1124 3536 1178 die
3589 1123 3721 1195 12).

2117 1211 2295 1276 Quare
2308 1211 2687 1268 Tillemontius
2699 1214 2898 1269 nullius
2927 1215 3270 1270 auctoritatis
3296 1215 3433 1270 hanc
3464 1217 3724 1272 Coronati

2118 1303 2586 1359 elucubrationem
2621 1313 2802 1375 putat,
2835 1305 2980 1376 quod
3022 1306 3224 1361 certius
3262 1306 3508 1362 redditur
3538 1324 3605 1363 ex
3634 1307 3724 1362 di-

2120 1397 2399 1461 versitate,
2441 1414 2600 1468 quam
2633 1399 2683 1452 in
2719 1399 2990 1469 praedictis
3026 1399 3241 1455 duobus
3263 1416 3394 1454 mss.
3437 1401 3720 1456 adnotavi-

2119 1502 2260 1543 mus.
2293 1487 2406 1543 Non
2441 1489 2668 1543 multum
2716 1490 2896 1560 itaque
2943 1488 3273 1545 Combelisio
3318 1491 3591 1546 ﬁdendum
3631 1493 3727 1563 qui

2120 1579 2335 1634 codices
2353 1594 2482 1635 mss.
2513 1581 2582 1636 de
2607 1581 2724 1635 Vita
2754 1581 2810 1637 8.
2839 1581 3073 1637 Zenonis
3100 1598 3128 1636 a
3149 1583 3420 1638 Coronato
3450 1583 3725 1654 descripta

2123 1688 2231 1726 non
2259 1673 2536 1728 absitniles
2566 1688 2688 1728 esse
2716 1674 2881 1738 dicit;
2915 1690 3038 1728 nam
3065 1683 3120 1729 et
3148 1674 3372 1729 inferius
3397 1675 3724 1744 videbimus,

403 1769 612 1824 caudis.
647 1767 763 1833 Qua
796 1767 955 1836 plane
986 1766 1207 1820 solertia
1238 1778 1456 1831 semper
1480 1762 1606 1817 licet
1636 1763 1879 1817 Romana
1909 1763 2012 1817 Ec-
2045 1767 2092 1828 Β
2119 1780 2242 1820 eum
2278 1767 2331 1819 in
2360 1766 2665 1821 referendis
2697 1767 3006 1821 auctoribus
3039 1783 3142 1822 non
3173 1770 3308 1823 satis
3339 1777 3540 1822 totum.
3577 1769 3729 1826 llanc

400 1863 565 1919 clesia
614 1876 710 1913 usa
760 1861 864 1926 sit;
914 1860 966 1913 in
1014 1857 1400 1928 Martyrologio
1447 1866 1628 1911 tamen
1673 1855 2016 1911 emendando

399 1955 734 2011 exactiorem
767 1953 1018 2024 praestitit
1048 1966 1232 2006 curam
1258 1991 1272 2017 ,
1303 1961 1362 2005 ut
1394 1951 1445 2003 in
1478 1950 1627 2004 brevi
1659 1950 1838 2005 eidem
1870 1949 2013 2004 Mar-

404 2045 674 2118 tyrologio
703 2043 954 2113 apposito
984 2043 1214 2112 ipsemet
1243 2049 1472 2096 testatur
1502 2040 1833 2111 Gregorius:
1866 2055 2018 2094 nem-

405 2154 473 2208 pe
514 2139 690 2206 ipsum
733 2135 1182 2206 Martyrologium
1224 2133 1562 2198 Romanum,
1599 2152 1617 2185 (
1648 2133 1924 2188 nonnullis
1964 2133 2018 2186 in

404 2233 541 2287 locis
601 2230 949 2286 librariorum
1026 2237 1082 2284 et
1165 2229 1628 2298 typograpborum
1685 2226 2017 2298 negligentia

407 2322 732 2378 mendosum
763 2335 858 2391 per
883 2321 1032 2375 viros
1056 2319 1299 2375 eruditos
1328 2319 1392 2373 ad
1419 2319 1578 2374 fidem
1603 2320 1871 2385 historiat,
1897 2334 2018 2389 qua:

407 2430 591 2470 rerum
631 2422 938 2484 gestarum,
973 2427 1329 2482 personarum
1350 2452 1366 2479 ,
1401 2412 1642 2467 locorum
1663 2456 1677 2477 ,
1714 2422 2017 2481 temporum

408 2507 673 2562 varietate
693 2506 1028 2571 continetur,
1060 2504 1315 2558 adhibitis
1341 2503 1505 2558 etiam
1533 2503 1814 2558 codicibus
1839 2512 2020 2559 vetus-

408 2603 637 2659 tioribus
700 2612 865 2671 atquc
933 2598 1397 2655 emendatioribus
1442 2606 1750 2654 correctum
1792 2597 2014 2653 fuisse.»

410 2697 566 2766 Quod
598 2705 781 2752 autem
812 2696 979 2766 aliqui
1012 2695 1210 2750 veteris
1243 2694 1467 2746 Romani
1500 2693 1871 2764 Martyrologii
1901 2707 2023 2746 auc-

409 2793 634 2847 toritate
675 2792 732 2845 8.
763 2789 1039 2844 Zenonem
1081 2804 1188 2842 non
1231 2785 1557 2857 Martyretn,
1601 2786 1697 2841 sed
1723 2785 2020 2841 Confesso-

405 2902 522 2943 rem
553 2885 722 2940 fuisse
748 2892 1013 2938 conentur
1039 2895 1285 2936 asserere
1323 2894 1416 2933 eos
1455 2895 1638 2934 errare
1685 2880 1739 2933 in
1775 2879 2024 2948 rejicien-

408 2979 496 3034 dis
525 2977 814 3034 contrariis
839 2973 1236 3046 objectionibus
1267 2973 1736 3028 demontrabimus
1767 2971 1906 3043 (cap.
1939 2970 2019 3042 7).

412 3072 482 3127 Et
525 3087 657 3128 sane
701 3070 894 3124 mirum
936 3078 1020 3124 est
1059 3067 1362 3137 quosdam,
1407 3066 1496 3134 qui
1539 3067 1680 3120 inter
1709 3062 2022 3120 Catltolicos

414 3162 794 3220 connumerari
846 3161 1071 3222 volunt,
1117 3169 1306 3215 contra
1348 3157 1651 3212 Romanum
1697 3157 2018 3229 Martyrolo-

409 3255 557 3326 gium
590 3264 697 3310 tam
730 3253 921 3308 leviter
947 3251 1164 3308 elIutire
1185 3292 1198 3314 ,
1225 3251 1295 3305 ita
1339 3258 1397 3305 ut
1437 3249 1613 3320 ipsum
1656 3249 1854 3305 nullius
1879 3248 2021 3321 apud

417 3361 478 3403 se
516 3361 638 3403 esse
679 3344 1020 3400 auctoritatis
1059 3341 1369 3399 ostendant.

1045 3473 1274 3530 CAPUT
1316 3472 1380 3527 V.

417 3594 586 3661 Quam
629 3590 786 3662 ﬁdem
830 3596 1086 3642 mereatur
1131 3586 1255 3641 Vita
1307 3585 1370 3640 8.
1423 3585 1648 3639 Zenonis
1690 3601 1722 3637 a
1766 3584 2022 3640 Coronato

482 3684 709 3756 quodam
758 3679 979 3735 Notario
1021 3678 1336 3749 conscripta,
1364 3677 1418 3730 in
1455 3693 1556 3746 qua
1605 3675 1665 3730 S.
1699 3673 1838 3730 Zeno
1885 3674 2022 3730 Con-

491 3780 652 3850 fessor
692 3775 904 3829 dicitur.

486 3893 559 3950 lis
587 3909 707 3964 qua:
737 3891 1074 3962 objiciuntur
1101 3885 1541 3959 respondendum
1575 3885 1626 3941 in
1659 3899 1920 3957 prmsens.
1955 3885 2026 3940 Et

418 3989 657 4061 primum
684 3986 752 4042 de
781 3985 1015 4057 quodam
1046 3981 1322 4037 Coronato
1351 3980 1573 4035 Notario
1599 3979 1865 4050 agendum
1889 4020 1905 4044 ,
1933 3978 2024 4050 qui

418 4084 479 4140 S.
522 4081 760 4140 Zenonis
800 4082 1001 4144 vitam,
1043 4078 1162 4132 rudi
1207 4076 1350 4148 stylo
1391 4073 1707 4129 describens
1747 4073 1813 4128 de
1857 4073 2025 4142 ipsius

420 4187 599 4234 morte
620 4177 739 4231 haec
759 4174 956 4230 habet:
982 4173 1080 4227 Dei
1105 4172 1362 4226 voluntate
1387 4169 1590 4240 quando
1614 4171 1807 4240 placuit
1827 4169 1879 4222 in
1902 4186 2026 4238 pace

418 4284 650 4342 receptus
677 4279 772 4324 est.
803 4254 1049 4336 Ita'apud
1074 4265 1380 4336 Ughcllum.
1412 4262 1583 4335 (Tom.
1608 4278 1638 4314 v
1665 4261 1784 4315 Ital.
1802 4278 1934 4326 sac.,
1962 4261 2026 4316 de

424 4365 680 4422 Veronen.
710 4361 813 4432 Ep.
843 4380 895 4414 η.
924 4360 979 4426 8,
1008 4359 1063 4411 in
1089 4358 1178 4411 vit.
1209 4357 1270 4412 8.
1303 4355 1460 4425 Zen.)
1492 4355 1567 4410 De
1597 4355 1701 4408 hoc
1754 4354 2026 4408 Coronato

419 4456 789 4512 meminerunt
827 4454 988 4508 etiam
1032 4449 1136 4504 PP.
1183 4447 1631 4518 Congregationis
1671 4447 1728 4503 8.
1761 4445 1928 4500 Mauri
1971 4445 2023 4500 in

2123 1859 2372 1913 eamdem
2403 1858 2659 1913 Coronati
2685 1860 3146 1915 elucubrationem
3164 1859 3541 1915 Tillemontius
3565 1865 3733 1932 scrip-

2121 1957 2226 2003 tam
2273 1959 2419 2018 putat
2462 1961 2585 2020 post
2617 1952 3024 2007 translationem
3085 1953 3334 2023 corporis
3362 1955 3419 2008 8.
3451 1953 3725 2022 ZenOnis,

2119 2057 2242 2111 qua:
2273 2041 2337 2096 ad
2369 2057 2568 2097 annum
2602 2043 2741 2108 805,
2773 2053 3016 2113 tempore
3047 2045 3223 2114 Pipini
3256 2046 3396 2116 regis
3429 2046 3568 2101 facta
3601 2047 3722 2102 fuit.

2119 2133 2339 2190 Certum
2370 2151 2497 2190 vero
2525 2135 2656 2190 illud
2683 2145 2766 2190 est
2792 2135 2936 2191 hunc
2958 2135 3286 2192 Coronatum
3310 2137 3587 2192 Notarium
3616 2154 3726 2193 non

2120 2227 2311 2282 eadem
2340 2243 2444 2297 qua
2471 2228 2527 2282 S.
2555 2227 2702 2282 Zeno
2727 2240 2885 2282 aetate
2916 2229 3113 2284 vixisse
3139 2247 3152 2284 :
3179 2239 3361 2284 narrat
3388 2231 3529 2284 enim
3559 2231 3729 2285 mira-

2120 2321 2300 2375 culum
2353 2319 2601 2387 Athesis,
2636 2321 2778 2390 quod
2817 2322 2872 2377 8.
2902 2319 3150 2391 Gregorii
3184 2322 3359 2390 Magni
3389 2318 3732 2391 temporibus

2121 2413 2414 2480 contigisse
2457 2415 2749 2480 trecentis,
2789 2422 2846 2468 et
2877 2415 3108 2484 amplius
3144 2415 3302 2468 annis
3339 2430 3368 2468 a
3408 2415 3465 2470 8.
3508 2414 3732 2470 Zenone

2119 2513 2446 2559 certntnest.
2473 2504 2642 2573 Hujus
2671 2505 2852 2574 itaque
2883 2520 2984 2559 ms.
3014 2510 3216 2560 incerta
3246 2505 3381 2561 fides
3409 2516 3521 2571 est,
3554 2521 3736 2576 neque

2124 2605 2202 2651 tot
2254 2599 2488 2667 antiquis
2530 2607 2584 2652 et
2610 2598 2773 2652 certis
2805 2599 3205 2665 monumentis,
3239 2614 3360 2668 qua:
3389 2613 3550 2668 supra
3582 2608 3736 2653 rctuo

2123 2690 2284 2744 limus
2306 2735 2320 2756 ,
2366 2689 2720 2760 pracferenda.
2757 2691 2895 2757 Quin
2933 2691 3112 2760 potius
3142 2701 3196 2745 ut
3225 2689 3444 2746 dubiam
3478 2690 3737 2761 rejicien-

2123 2784 2244 2838 dam
2279 2798 2401 2838 esse
2446 2784 2690 2854 quisquis
2723 2783 2996 2854 intelligit.

2745 2918 2974 2976 CAPUT
3014 2919 3098 2976 Vl.

2125 3031 2433 3102 Explicatur
2457 3031 2774 3097 Panvinius,
2823 3034 2910 3103 qui
2941 3033 3071 3088 libro
3103 3045 3289 3104 quarto
3314 3033 3492 3104 Antiq.
3533 3033 3727 3089 Veron.

2047 3145 2093 3208 ρ
2196 3125 2351 3189 dicit,
2382 3124 2668 3179 Ecclesium
2700 3124 3043 3180 Veronensem
3069 3126 3354 3196 antiquitus
3383 3125 3444 3181 S.
3474 3123 3739 3179 Zenonem

2197 3232 2298 3269 non
2337 3217 2556 3270 coluisse
2597 3217 2673 3270 uti
2707 3216 3028 3287 Martyrem:
3067 3227 3112 3270 et
3157 3217 3424 3287 Aloysium
3454 3215 3740 3288 Lippoma-

2199 3326 2320 3363 nunt
2351 3310 2576 3378 primum
2617 3310 2806 3378 fuisse,
2851 3310 2937 3378 qui
2969 3307 3217 3379 Ofﬁcium
3247 3308 3309 3364 S.
3340 3308 3563 3363 Zenonis
3592 3320 3737 3363 tatu-

2195 3416 2348 3471 quant
2377 3397 2652 3468 Pontiﬁcis
2682 3397 2932 3470 Martyris
2962 3397 3298 3452 ordinauerit.

2199 3512 2446 3568 Panvinii
2485 3510 2824 3568 Veronensis
2867 3512 3246 3567 auctoritatem
3291 3511 3549 3582 Dupinius
3571 3510 3740 3568 Tille-

2124 3609 2360 3661 montius
2413 3614 2468 3661 et
2513 3605 2603 3660 alii
2641 3605 2850 3660 contra‘
2883 3605 2941 3660 8.
2971 3604 3206 3660 Zenonis
3245 3603 3565 3676 Martyrium
3605 3619 3733 3660 sen-

2126 3701 2321 3756 tientes
2350 3700 2636 3770 plurimum
2663 3698 2912 3761 laudant,
2947 3713 3107 3769 quam
3139 3697 3227 3754 hic
3253 3713 3316 3752 ex
3353 3697 3578 3766 Ughello
3606 3712 3733 3755 sus-

2127 3796 2371 3865 cepimus
2400 3791 2799 3862 explicandam.
2828 3791 3064 3848 tVerum
3093 3792 3350 3862 quoniam
3383 3791 3471 3862 (ut
3499 3790 3734 3861 opinor)

2125 3885 2192 3941 de
2216 3885 2456 3956 Martyrii
2485 3899 2684 3954 genere
2709 3899 2819 3939 non
2843 3892 3152 3948 constaret,
3183 3882 3424 3939 Ecclesia
3453 3881 3739 3938 Veronen-

2126 3980 2202 4035 sis
2239 3979 2307 4033 ab
2347 3978 2504 4032 initio
2538 3992 2709 4047 usque
2742 3976 2811 4032 ad
2849 3985 3032 4030 nostra
3063 3975 3261 4030 saecula
3297 3975 3734 4029 anniversariam

2126 4073 2194 4128 de
2222 4088 2288 4127 eo
2316 4080 2586 4141 tamquam
2613 4069 2684 4125 de
2715 4068 2969 4138 pontiﬁce
2995 4068 3311 4124 confessore
3340 4082 3740 4122 commemora-

2127 4167 2328 4220 tionem
2356 4164 2501 4219 fecit.
2532 4162 2745 4218 Primus
2772 4161 3030 4233 Aloysius
3059 4160 3423 4230 Lippomanus
3451 4159 3737 4214 Veronen-

2127 4257 2204 4312 sis
2227 4257 2535 4328 episc0pus,
2565 4255 2893 4310 testimoniis
2919 4269 3039 4323 quae
3063 4267 3228 4322 supra
3253 4253 3410 4307 retuli
3440 4251 3736 4318 adductus,

2129 4360 2316 4406 nostro
2343 4359 2586 4418 tempore
2612 4348 2732 4418 ejus
2760 4346 3062 4402 solemnem
3096 4346 3416 4402 memoriam
3452 4356 3733 4415 tamquam

2130 4443 2399 4511 pontificis
2427 4441 2680 4512 martyris
2710 4442 2764 4496 in
2795 4439 3039 4495 Ecclesia
3069 4439 3377 4494 Veronensi
3418 4438 3535 4494 fieri
3578 4439 3739 4494 insti-

421 4548 691 4617 Operibus
717 4547 775 4602 8.
807 4545 996 4600 Hilarii
1026 4543 1078 4596 in
1110 4541 1480 4596 admonitione
1507 4541 1571 4595 ad
1600 4540 1797 4594 Psalm.
1825 4555 1988 4593 cxxvr
2011 4581 2024 4604 ,
2053 4538 2110 4598 D
2136 4537 2253 4590 tuit.
2283 4556 2300 4588 ι
2325 4536 2468 4590 Idem
2508 4549 2754 4590 asserere
2791 4533 3132 4588 Cardinaletn
3178 4532 3450 4588 Valerium
3495 4533 3548 4587 iit
3593 4532 3738 4589 libro

420 4639 576 4709 cujus
617 4634 1066 4693 commentarium
1110 4631 1177 4687 de
1217 4634 1327 4686 vita
1356 4630 1414 4685 8.
1442 4629 1675 4684 Zenonis
1706 4629 1861 4682 initio
1891 4645 2024 4698 ope-

420 4749 542 4788 rum
578 4730 823 4802 ejusdem
862 4727 921 4784 8.
956 4725 1196 4796 ερίεεοιιί
1237 4726 1288 4778 in
1335 4722 1659 4778 bibliotheca
1705 4722 1760 4777 8.
1792 4721 2025 4792 Remigii

423 4824 630 4879 servari
656 4823 845 4876 dicunt
872 4819 975 4874 hoc
1002 4817 1321 4884 inscriptum
1350 4813 1540 4867 titulo:
1578 4815 1758 4867 Sermo
1794 4812 2023 4868 Venera-

429 4916 542 4969 bilis
590 4913 832 4967 Coronati
876 4909 1090 4963 Notarii
1133 4909 1196 4960 de
1236 4908 1338 4960 vita
1379 4905 1441 4960 8.
1475 4904 1703 4959 Zenonis
1733 4907 1954 4978 episcopi
1982 4917 2030 4961 et

422 5005 754 5078 confessoris.
782 5005 842 5058 In
867 4991 979 5072 quo
1002 5015 1253 5056 sermone
1281 4998 1603 5069 praadieatur
1624 4997 1762 5053 Zeno
1789 5017 1821 5053 a
1846 5004 2023 5057 matris

423 5109 573 5154 utero
595 5096 969 5164 sanctiﬁcatus.
998 5095 1063 5148 Et
1101 5093 1168 5148 de
1208 5093 1323 5163 ejus
1352 5101 1527 5146 tnorte
1557 5093 1636 5148 sic
1663 5112 1675 5146 :
1712 5092 1833 5148 Non
1863 5096 2023 5149 multo

424 5202 536 5262 post
576 5192 628 5244 in
668 5205 792 5260 pace
829 5198 1062 5256 receptus
1100 5196 1198 5242 est.
1241 5186 1572 5256 Opusculunt
1615 5187 1714 5242 hoc
1743 5204 1810 5243 ex
1839 5189 2026 5244 codice

428 5285 606 5338 :edino
636 5281 880 5336 Abbatizc
920 5281 979 5336 S.
1011 5278 1304 5335 Salvatoris
1341 5277 1536 5332 Montis
1567 5280 1764 5334 Amiati
1799 5281 2022 5335 totidem

423 5374 717 5442 exscripsit
745 5372 926 5426 verbis
954 5369 1213 5440 Ughcllus
1234 5412 1248 5434 ,
1279 5380 1329 5424 et
1359 5369 1412 5423 in
1442 5386 1506 5424 eo
1535 5370 1666 5423 nihil
1695 5370 1906 5439 penitus
1937 5373 2029 5425 ha-

424 5465 519 5521 bet
543 5465 610 5520 de
637 5462 1067 5519 sanctiﬁcatiOnc
1095 5462 1154 5516 8.
1185 5461 1418 5516 Zenonis
1448 5461 1500 5515 in
1532 5469 1688 5515 utero
1719 5463 1942 5516 matris:
1976 5473 2031 5518 et

420 5560 537 5626 ipsa
564 5557 728 5612 verba
752 5555 822 5610 de
844 5555 988 5610 illius
1025 5553 1176 5609 obitu
1205 5555 1443 5619 variant,
1479 5563 1536 5608 ut
1567 5553 1711 5624 apud
1742 5553 2028 5624 Ugltellum

417 5649 604 5705 videre
629 5659 716 5706 est
737 5648 859 5702 loco
883 5661 1047 5717 supra
1073 5645 1258 5714 citato,
1283 5646 1372 5702 ubi
1400 5645 1480 5702 sic
1503 5645 1728 5717 legitur:
1761 5645 1837 5700 De
1858 5647 2030 5702 volun-

409 5751 515 5797 tate
540 5744 750 5814 quando
781 5740 978 5811 placuit
1015 5740 1072 5796 in
1107 5755 1230 5811 pace
1259 5750 1490 5812 receptus
1518 5750 1612 5798 cst.
1653 5739 1716 5797 In
1743 5739 1932 5800 codice
1960 5740 2018 5799 S.

2125 4629 2195 4684 de
2218 4629 2544 4684 Praesulibus
2570 4626 2978 4682 Veronensibus
3003 4627 3134 4680 folio
3162 4627 3253 4689 15,
3279 4634 3510 4681 testator
3540 4624 3606 4679 de
3631 4624 3739 4680 As-

2127 4733 2198 4778 te.
2243 4723 2312 4779 At
2339 4723 2647 4778 Cardinalis
2677 4722 2928 4777 Valerius
2959 4723 3011 4777 in
3042 4721 3378 4777 dedicaturia
3418 4737 3643 4791 operum
3673 4722 3736 4779 8.

2129 4816 2364 4872 Zenonis
2393 4815 2549 4871 Sixto
2579 4813 2621 4868 V
2670 4827 2981 4885 nuncupata
3023 4816 3083 4870 S.
3113 4814 3388 4870 Zenonem
3435 4826 3737 4887 martyrem

2127 4910 2297 4972 dicit,
2328 4919 2384 4964 et
2414 4909 2466 4963 in
2495 4907 2688 4964 eodem
2731 4908 2872 4962 libro
2902 4908 3002 4964 SS.
3033 4909 3417 4978 episcoporum
3447 4907 3738 4963 Veronen-

2129 5003 2268 5058 sium
2294 5043 2308 5065 ,
2337 5010 2394 5054 ut
2423 5009 2570 5070 patet
2599 5016 2668 5054 ex
2695 5000 2856 5055 Petro
2881 4999 3139 5056 Galesino
3159 5042 3174 5066 ,
3203 5016 3365 5069 quem
3393 5016 3555 5070 supra
3585 5012 3743 5056 retu-

2129 5093 2293 5148 limus
2332 5091 2481 5164 (cup.
2513 5093 2618 5162 '5),
2677 5091 2820 5147 idem
2872 5091 3128 5146 affirmat.
3174 5091 3297 5162 Ipse
3337 5093 3498 5148 etiam
3543 5092 3743 5148 Panvi—

2131 5186 2252 5239 nius
2281 5185 2337 5239 8.
2371 5184 2644 5240 Zenonem
2675 5196 2970 5256 martyrem
3004 5183 3227 5252 probat,
3266 5185 3391 5240 licet
3431 5184 3484 5238 in
3514 5199 3576 5239 ea
3605 5200 3739 5241 sen-

2131 5278 2298 5332 tentia
2347 5277 2544 5343 fuerit,
2592 5287 2652 5331 ut
2697 5278 2968 5347 putaverit
3014 5277 3314 5333 Ecclesiam
3363 5276 3739 5334 Veronensem

2132 5371 2389 5431 Ofﬁcium,
2413 5371 2466 5428 8.
2500 5370 2733 5425 Zenonis
2772 5381 3046 5438 tamquam
3088 5369 3418 5427 confessoris
3460 5370 3741 5441 pontificis

2133 5463 2429 5534 antiquitus
2453 5463 2779 5518 celebrasse.
2823 5463 2938 5519 Hoc
2963 5480 3030 5519 ex
3063 5461 3310 5517 Panvinii
3349 5463 3529 5517 verbis
3575 5462 3738 5533 Dupi-

2135 5555 2276 5622 nius,
2305 5556 2757 5611 etTillemontius
2783 5571 2890 5611 non
2917 5558 3295 5620 observarunt,
3323 5555 3419 5612 sed
3447 5555 3502 5610 id
3525 5557 3736 5623 solum,

2133 5651 2274 5720 quod
2297 5666 2410 5706 sua)
2437 5651 2676 5719 ipsorum
2704 5651 2994 5707 sententia:
3022 5650 3164 5707 favet
3185 5691 3198 5712 ,
3221 5652 3496 5722 opinatam
3525 5651 3742 5709 scilicet

2129 5743 2305 5815 quoad
2356 5742 2570 5801 titulum
2611 5740 2952 5801 Conlessoris
3004 5743 3350 5802 traditionem
3399 5743 3743 5802 Veronensis
