4198 6160
489 203 607 262 625
1635 226 1724 286 DE
1761 231 1954 295 MART
1967 240 2127 300 YRIO

489 321 787 393 Ecclesire,
818 325 886 382 ab
915 339 978 383 ea
1007 326 1113 385 fide
1142 329 1571 403 desciscentes,
1604 357 1722 413 qua:
1747 349 1793 405 si
1824 350 1998 421 desit,
2029 373 2135 413 nu-

485 427 568 474 tat
610 421 791 477 omnis
831 421 1076 478 historia:
1104 426 1342 483 veritas.
1384 430 1520 486 Hinc
1550 441 1726 494 tamen
1757 449 1990 513 quaestio
2046 451 2131 507 in-

478 524 679 582 specta
711 530 814 571 ms.
846 517 1075 573 veritate
1104 516 1268 577 facile
1294 523 1653 584 dissolvitur.
1682 533 1818 590 Nam
1841 553 1908 594 ex
1948 540 2126 599 Vero-

482 609 706 676 nensis,
751 624 851 665 nec
888 626 995 666 non
1036 611 1408 671 Pistoriensis
1451 617 1723 682 Ecclesia:
1755 638 2129 694 monumentis

475 716 647 772 supra
680 703 873 760 relatis
907 709 1066 776 (cap.
1123 707 1149 761 1
1199 719 1251 763 et
1301 707 1378 780 2)
1431 725 1500 765 ex
1553 713 1734 787 iisque
1779 724 2129 792 p0tissimnm

473 810 604 866 quae
634 796 1025 854 Pistoriensem
1058 798 1376 857 Ecclesiam
1408 818 1438 857 a
1477 803 1781 867 Veronensi
1824 827 2125 876 mutuatam

442 903 605 944 ,esse
634 889 967 945 credendum
997 902 1118 957 est,
1148 893 1364 962 liquido
1394 907 1615 954 constat
1649 903 1707 957 in
1744 904 2122 981 Lectionibus,

473 983 530 1037 in
576 982 793 1056 Hymno
838 994 895 1040 et
939 985 993 1042 in
1032 985 1383 1056 Antiphonis‘
1414 987 1750 1062 Martyrium
1790 997 1848 1053 8.
1883 1000 2125 1059 Zenonis

470 1077 922 1131 commemorari.
953 1076 1153 1133 Verum
1185 1079 1410 1150 quidem
1438 1090 1523 1134 est
1551 1085 1837 1156 reliquum
1866 1090 2121 1152 Officium

470 1169 764 1225 Festorum
792 1170 849 1227 S.
881 1170 1122 1228 Zenonis
1148 1188 1214 1229 ex
1241 1176 1521 1229 communi
1550 1179 1949 1239 confessorntn
1983 1202 2122 1257 pon-

467 1263 679 1318 tificum
719 1246 1028 1319 ordinatum
1073 1266 1276 1332 fuisse;
1326 1277 1381 1323 et
1419 1269 1489 1323 ita
1526 1280 1697 1339 patet
1745 1277 2003 1335 confundi
2045 1283 2122 1337 ri-

466 1363 587 1411 tum
618 1356 686 1411 de
715 1368 950 1431 martyre
977 1367 1036 1414 et
1063 1361 1386 1418 eonfessore
1416 1362 1470 1417 in
1499 1363 1709 1423 Ofﬁcio
1766 1371 1822 1425 S.
1852 1372 2114 1443 Zenonis,

465 1464 535 1505 ea
566 1449 708 1506 forte
733 1451 802 1508 de
828 1466 991 1508 causa
1011 1493 1027 1518 ,
1055 1455 1181 1525 quia
1212 1470 1340 1510 cum
1369 1456 1638 1513 solemnis
1673 1461 1970 1532 festivitas,
1999 1477 2111 1526 tam

462 1542 617 1611 apud
644 1542 987 1601 Veronenses
1041 1561 1206 1616 quam
1233 1547 1381 1618 apud
1407 1547 1794 1610 Pistorienses
1821 1556 1889 1612 de
1918 1558 1975 1615 S.
2009 1560 2114 1617 Ze-

462 1651 618 1693 none
646 1653 701 1693 vt
732 1636 852 1693 ldus
878 1638 1206 1695 Decembris
1226 1680 1239 1703 ,
1273 1639 1368 1709 qui
1418 1639 1535 1696 dies
1565 1639 1956 1704 Ordinationis
1984 1661 2104 1721 est,

461 1730 866 1796 celebraretur,
891 1747 1069 1787 unum
1105 1739 1317 1786 tantum
1341 1729 1576 1787 officium
1599 1732 1825 1793 duabus
1842 1738 2110 1799 festivita-

468 1822 620 1878 tibus
647 1823 795 1879 rudis
818 1825 1125 1896 antiquitas
1149 1824 1607 1891 accommodavit,
1644 1828 1723 1884 ita
1751 1839 1811 1885 ut
1838 1836 2104 1914 memoria

462 1918 716 1987 martyrii
739 1918 795 1972 8.
820 1919 1073 1975 Zenonis
1106 1919 1606 1991 unice-servaretur
1641 1923 1694 1989 in
1723 1924 2099 1998 Lectionibus,

462 2010 710 2082 llymno,
740 2010 1079 2081 Antiphonis
1103 2053 1119 2077 ,
1152 2021 1209 2066 et
1240 2010 1463 2077 forsitan
1494 2012 1546 2067 in
1577 2011 1862 2084 Oratione,
1892 2034 2012 2089 qua:
2040 2021 2096 2078 in

462 2114 661 2159 nostro
703 2105 861 2160 etiam
910 2104 1110 2161 officio
1156 2106 1439 2161 immutata
1480 2120 1585 2161 non
1624 2107 1841 2164 videtur
1869 2111 1920 2165 itt
1953 2128 2097 2183 prte-

459 2208 635 2259 setts,
712 2209 831 2249 cum
913 2195 1156 2250 multam
1210 2210 1321 2263 prae
1376 2209 1437 2250 se
1488 2195 1625 2252 ferat
1685 2199 2088 2271 antiquitatem.

460 2287 583 2344 Hoc
633 2286 794 2358 igitur
841 2288 1180 2359 praestitisse
1233 2288 1603 2357 Lippomanus
1648 2291 1915 2350 dicendus
1963 2305 2084 2353 est:

458 2380 751 2437 sustulisse
791 2381 1013 2438 scilicet
1056 2380 1200 2435 lianc
1232 2380 1407 2436 Officii
1450 2382 1861 2453 confusionem,
1904 2396 1961 2443 et
1992 2404 2085 2445 re-

456 2473 597 2528 licto
636 2474 741 2529 rittt
778 2474 1138 2530 Confessoris
1180 2472 1459 2530 Pontificis
1491 2490 1587 2545 pro
1617 2476 1704 2532 die
1732 2478 1895 2535 Festo
1923 2481 2087 2537 Ordi-

456 2567 732 2636 nationis,
775 2569 948 2623 ritum
1001 2550 1172 2621 totius
1219 2565 1390 2623 Ofﬁcii
1432 2567 1502 2623 de
1541 2567 1805 2627 Pontifice
1842 2572 2082 2647 Martyre

454 2675 561 2731 pro
589 2659 749 2716 Festo
775 2661 1041 2716 Natalitio
1067 2660 1126 2716 S.
1153 2658 1387 2717 Zenonis
1412 2660 1554 2732 prid.
1579 2662 1704 2718 ldus
1726 2666 1929 2736 Aprilis
1956 2669 2080 2726 des-

457 2754 681 2809 tinasse.
727 2753 868 2810 lllud
915 2761 1105 2815 autem
1142 2763 1349 2808 certum
1397 2763 1484 2809 est
1527 2765 1655 2811 ante
1681 2756 2074 2828 Lippomanum

452 2845 676 2901 Festum
718 2845 1098 2904 Ordinationis
1144 2860 1199 2899 v1
1250 2844 1368 2900 ldus
1425 2847 1739 2903 Decembris
1778 2851 2076 2910 solemnius

451 2940 715 2996 celebrari
758 2940 990 2996 solitum
1031 2938 1300 2993 Veronae:
1345 2950 1468 3009 post
1506 2940 1899 3011 Lippomanum
1940 2963 2071 3003 vero

450 3034 839 3090 solemniorem
883 3031 1265 3089 Festivitatem
1308 3032 1396 3087 die
1452 3032 1659 3089 Natalis
1698 3050 1795 3092 sett
1826 3042 2069 3112 martyrii

451 3126 653 3182 ibidem
679 3125 956 3182 celebrari
984 3124 1069 3179 bis
1096 3138 1313 3196 quoque
1337 3126 1537 3181 nostris
1565 3129 1897 3198 temporibus
1918 3131 2061 3201 prid.
2095 3121 2139 3185 C
2173 3139 2364 3206 potuit.

448 3217 580 3273 ldus
608 3218 816 3287 Aprilis
845 3215 1235 3281 consuevisse;
1264 3224 1321 3270 et
1349 3217 1451 3271 hoc
1481 3226 1809 3287 praeceptum
1840 3220 2006 3277 fuisse
2032 3238 2060 3277 a

449 3311 816 3381 Lippomano,
847 3308 1176 3381 putaverim,
1207 3317 1267 3362 ut
1293 3309 1607 3380 Martyrium
1633 3310 1691 3366 S.
1709 3309 1944 3367 Zenonis
1968 3330 2063 3371 ce-

448 3403 678 3460 lebriori
729 3403 997 3459 memoria
1052 3409 1325 3472 ageretur.
1381 3401 1771 3472 Lippomanum
1830 3420 2063 3477 namque

455 3496 697 3568 primum
757 3495 927 3551 fuisse
970 3493 1062 3564 qui
1107 3492 1423 3549 memoriam
1465 3492 1709 3565 Martyrii
1739 3493 1797 3549 S.
1829 3494 2064 3553 Zenonis

450 3590 781 3657 instituerit,
812 3589 964 3647 nullo
988 3596 1149 3657 pacto
1175 3586 1279 3641 dici
1313 3593 1522 3656 potest,
1551 3602 1673 3642 cum
1701 3587 1753 3643 id
1785 3590 2062 3646 veteribus

447 3682 703 3738 omnibus
748 3679 1119 3735 monumentis
1161 3677 1503 3733 adversetur.
1536 3678 1651 3737 Non
1683 3694 1813 3748 ergo
1854 3682 2061 3749 primus

448 3776 696 3847 martyrii
726 3773 1107 3830 celebritatem
1138 3771 1373 3826 instituit
1402 3772 1796 3842 Lippomanus,
1830 3774 1925 3829 sed
1956 3776 2057 3833 ad-

446 3868 618 3925 mixta
644 3866 902 3925 discrevit
929 3864 1119 3921 Ofﬁcia
1145 3904 1161 3929 ,
1192 3871 1247 3919 et
1274 3861 1614 3919 Confessoris
1649 3862 1899 3920 Officium
1954 3866 2057 3923 Or—

445 3964 717 4020 dinationi
738 4006 753 4029 ,
780 3963 1040 4034 Martyris
1065 3959 1239 4016 Natali
1269 3959 1326 4017 S.
1358 3959 1593 4016 Zenonis
1619 3958 1847 4015 addixit.
1880 4026 1881 4029 η

1068 4050 1299 4107 CAPUT
1352 4050 1463 4106 VII.

440 4146 529 4201 De
552 4146 924 4218 Martyrologio
942 4146 1170 4202 Usuardi
1185 4164 1217 4200 a
1237 4146 1451 4203 Molana
1476 4157 1726 4214 correcta,
1752 4159 1799 4202 et
1819 4148 1880 4203 de
1905 4147 2056 4202 Mar-

519 4244 771 4313 tyrologio
792 4242 1023 4297 Romana
1044 4242 1274 4313 antiqua,
1292 4242 1413 4296 etde
1433 4244 1550 4297 aliis
1573 4240 1979 4313 Martyrologiis.

524 4354 765 4409 Molanus
826 4355 878 4410 in
942 4354 1389 4409 adnotationibus
1472 4355 1537 4410 ad
1614 4355 2053 4426 Martyrologium

442 4444 679 4501 Usuardi
714 4445 883 4515 pridie
911 4444 1030 4500 ldus
1056 4445 1282 4516 Aprilis,
1314 4446 1403 4500 ubi
1446 4444 1514 4499 de
1546 4445 1604 4501 8.
1637 4444 1878 4509 Zenone,
1930 4446 2046 4503 haec

2165 242 2425 308 SANCTl
2462 252 2778 316 zenoms.
2942 329 2969 357 ν
3773 298 3880 357 s26

2942 329 2969 358 ἱ

2161 360 2213 421 Α
2242 362 2511 423 Ecclesiae
2540 369 2674 427 nihil
2700 383 2784 430 est
2812 379 2955 449 quod
2982 382 3265 461 dicamus;
3305 396 3396 458 die
3423 418 3662 479 namque
3682 425 3772 471 oet

2242 456 2523 479 Auni.
2648 467 2660 479 .
2702 468 2715 479 .
2920 474 2937 479 -

2236 456 2554 517 decembris
2578 467 2891 528 celebratur
2914 474 3112 537 festum
3129 486 3408 549 ordinatio

2233 551 2317 605 uti
2349 550 2686 614 confessoris
2717 566 3024 638 pontiﬁcis,
3060 590 3173 632 non
3222 585 3390 641 modo

2233 651 2292 697 et
2324 644 2650 712 Veronm,et
2670 652 2988 727 Pistorii,et
3017 665 3176 726 Pisis.
3198 673 3279 731 Ita
3311 689 3366 735 et
3392 644 3865 757 decuma-im“;

2233 731 2381 757 11-4-:
2419 747 2521 757 ιαμ»
2561 740 2599 757 η

3318 731 3365 735 --
3395 731 3462 740 ..ν
3502 731 3758 750 Vua-“vult!
3804 731 3862 757 O-

2231 731 2383 790 Petri
2418 747 2529 793 tum
2556 740 2825 815 Romana,
2847 758 2960 808 tum
2987 757 3331 824 Antiochena
3363 773 3581 835 Festum
3611 785 3862 845 celebra-

2233 833 2326 882 tur
2354 829 2561 902 absque
2589 835 2692 891 ulla
2725 846 3009 904 mentione
3040 862 3312 929 martyrii.
3345 865 3400 921 ln
3432 869 3632 930 Missali
3666 886 3854 939 tamen

2229 921 2605 981 Ambrosiano
2623 929 2780 999 jussu
2809 935 3092 999 Frederici
3116 953 3410 1013 cardinalis
3440 961 3720 1025 Borromei
3745 976 3855 1029 Ar-

2229 1012 2572 1089 cltiepiscopi
2620 1021 3043 1090 Mediolanensis
3073 1039 3247 1110 edito,
3281 1061 3471 1106 octava
3512 1055 3599 1112 die
3628 1061 3849 1124 decem-

2229 1102 2341 1124 1--3-
2371 1106 2395 1124 Α·
2456 1120 2465 1124 -
2602 1112 2636 1124 ’⁸
2850 1122 2858 1124 ’

2228 1102 2345 1159 bris
2369 1106 2565 1165 festum
2597 1112 2985 1189 Conceptionis
3018 1125 3077 1181 Β.
3103 1102 3290 1191 Maria:
3321 1139 3541 1212 virginis
3582 1102 3841 1221 habetur,

2224 1207 2353 1250 cum
2382 1210 2904 1266 commemoratione
2936 1213 2993 1270 S.
3037 1217 3295 1294 Zenonis,
3332 1207 3471 1288 etin
3502 1207 3844 1302 orationibus

2225 1284 2285 1340 S.
2322 1288 2471 1346 Zeno
2498 1308 2701 1369 martyr
2727 1309 2781 1355 et
2827 1305 3075 1373 pontifex
3109 1312 3332 1374 dicitur.
3378 1323 3531 1391 Quod
3556 1342 3759 1399 autem,
3790 1347 3855 1394 ut

2225 1375 2417 1399 nutu.--
2442 1398 2449 1399 κ
2507 1387 2540 1399 μ’
2696 1391 2741 1399 ⁸⁸
2938 1397 2945 1399 “

2225 1375 2609 1443 Tillemontius
2656 1391 2887 1450 afﬁrmat
2933 1397 2987 1452 in
3038 1400 3244 1463 Missali
3291 1375 3657 1478 Ambrosiam
3703 1376 3841 1484 anni

2226 1471 2389 1538 1560,
2421 1479 2565 1534 nulla
2611 1482 2703 1537 fiat
2730 1497 3183 1552 commemoratio
3224 1501 3294 1559 de
3326 1512 3609 1582 martyrio,
3638 1519 3845 1576 mirum

2222 1580 2333 1622 non
2362 1578 2463 1638 est,
2514 1588 2635 1630 cum
2659 1587 2715 1632 et
2747 1578 2992 1652 Veronae,
3026 1598 3083 1642 ut
3111 1606 3281 1662 supra
3326 1578 3557 1675 (eam!)
3584 1578 3655 1662 ex
3688 1609 3839 1666 Don-

2217 1656 2380 1716 dario
2402 1668 2727 1738 notavimus,
2758 1672 2825 1728 de
2853 1680 3115 1749 martyrio
3136 1683 3196 1739 8.
3229 1656 3463 1749 Zenonis
3484 1656 3701 1756 inlfeSIo
3730 1717 3829 1757 or-

2139 1742 2191 1802 B
2219 1750 2516 1812 dinationis
2540 1759 2659 1830 ejus
2688 1764 2858 1819 altum
2887 1767 3191 1832 silentium.
3222 1780 3377 1839 Nunc
3406 1786 3474 1841 de
3504 1789 3834 1864 Martyrolo-

2210 1843 2305 1912 gio
2333 1845 2581 1927 Romano
2602 1851 2888 1911 dicendum
2914 1869 3015 1916 est.
3047 1863 3295 1932 Quaestio
3321 1885 3502 1934 autem
3524 1896 3632 1936 non
3646 1843 3741 1937 est
3759 1886 3834 1943 de

2188 1935 2602 2027 Martyrologio
2626 1946 2874 2005 Romano
2900 1957 3214 2031 emendato,
3240 1966 3291 2037 in
3313 1984 3419 2039 quo
3442 1972 3500 2028 S.
3520 1973 3669 2030 Zeno
3682 1992 3829 2033 marv

2186 2018 2345 2105 qtyris
2386 2035 2539 2090 titulo
2576 2037 2889 2109 decoratur,
2918 2048 3013 2102 sed
3050 2018 3546 2134 de~Martyjrologio
3576 2065 3827 2127 Romano

2200 2123 2452 2195 antiquo,
2474 2138 2531 2183 ut
2548 2129 2911 2191 Combefisius
2928 2150 3102 2211 putat,
3130 2123 3221 2216 qui
3235 2123 3690 2214 MelaniErrorem
3711 2176 3823 2219 non

2197 2217 2616 2290 animadvertit,
2669 2238 2791 2281 cum
2834 2230 2984 2287 illum
3026 2238 3115 2293 vel
3158 2240 3408 2301 Molanus
3450 2258 3573 2319 post
3609 2251 3814 2310 editum

2195 2304 2435 2366 Usuardi
2458 2313 2900 2390 Martyrologium
2938 2334 3246 2395 agnoverit.
3280 2336 3401 2406 Ipse
3610 2304 3815 2404 fat—etuti;

3778 431 3879 474 8V8

3412 498 3496 554 nis
3517 500 3578 556 S.
3608 503 3872 580 Zenonis,

3419 589 3734 670 Mediolani,
3767 605 3866 661 sed

3418 2861 3492 2863 η.
3530 2861 3767 2885 -.-ηηη

2179 2861 2388 2932 legium
2407 2869 2705 2932 Romanum
2722 2887 2965 2951 tempore
2979 2886 3195 2947 Baronii
3210 2894 3415 2952 editum
3431 2902 3674 2970 vidisset,
3694 2921 3797 2962 no-

2175 2957 2418 3016 tationes
2431 2979 2559 3021 suas
2574 2969 2625 3023 in
2644 2969 2942 3032 Usuardum
2958 2985 3201 3040 correxit
3216 3002 3280 3044 ac
3294 2990 3676 3069 Martyrologio
3690 3000 3793 3055 Ro-

2173 3060 2341 3105 mano
2360 3061 2809 3130 accommodavit;
2840 3068 2935 3123 sed
2961 3085 3135 3131 morte
3158 3060 3465 3147 prmventus
3487 3060 3651 3145 edere
3674 3107 3783 3147 non

2395 3143 2468 3198 Ita
2500 3156 2726 3207 testatur
2741 3155 3007 3217 Baronius
3037 3165 3089 3222 in
3120 3143 3517 3243 prolegomenis
3543 3164 3613 3236 de
3645 3183 3801 3239 Mar-‘

2168 3232 2438 3303 tyrologio
2469 3237 2713 3297 Romano
2738 3257 2865 3303 ante
2881 3265 3012 3307 suas
3039 3232 3366 3330 natationes,
3400 3268 3578 3338 capite
3613 3286 3779 3330 nono.

2177 3318 2226 3338 η
2298 3331 2311 3338 .
2375 3326 2387 3336 .
2636 3335 2645 3338 -
2724 3334 2770 3338 -ς

3354 3318 3366 3330 1
3410 3318 3577 3338 ““κ”“”
3613 3318 3776 3330 “’“’¹’ν¹

2150 3318 2543 3383 ¹Ρνιιεεενὶεηιηι
2562 3335 2697 3388 enim
2713 3334 2987 3397 Nolanum
3008 3353 3390 3422 quamplurima
3430 3361 3644 3432 antiqua
3679 3376 3776 3421 n‘ts.

2174 3408 2295 3432 DA---
2318 3430 2327 3432 Α
2382 3419 2392 3428 ”
2434 3418 2482 3432 ἰ’
2674 3428 2683 3432 ·
2764 3430 2771 3432 ⁸

2163 3408 2392 3519 Romani
2423 3418 2793 3500 Martyrologii
2839 3408 3191 3508 exemplaria,
3222 3461 3288 3500 ea:
3313 3408 3496 3518 quibus
3521 3408 3781 3519 qjuodnam

2161 3506 2375 3573 qualeve
2404 3523 2536 3567 esset
2566 3515 2880 3578 Germanum
2926 3527 3098 3596 ipsum
3124 3506 3419 3594 Romanum
3459 3506 3781 3617 Martyrolo-

2162 3597 2308 3698 gium
2325 3600 2618 3704 intelligere
2636 3614 2825 3669 certius
2846 3621 3115 3684 patuisset.
3149 3623 3457 3687 Tolerabilis
3477 3597 3781 3704 quidem?”

2160 3688 2307 3741 venia
2335 3691 2523 3762 dignus
2550 3714 2714 3767 error,
2749 3720 2865 3759 cum
2895 3708 3006 3776 ipse
3035 3722 3140 3767 tam
3161 3715 3312 3786 longe
3337 3725 3559 3791 positus,
3587 3743 3647 3781 ea
3679 3745 3772 3784 ne-

2160 3778 2335 3835 scierit
2386 3800 2502 3853 qua:
2526 3789 2627 3855 illi,
2669 3795 2760 3864 qui
2791 3797 2969 3855 Ramw
2994 3818 3186 3875 agunt,
3229 3778 3770 3887 vim'magna'

2160 3877 2417 3948 pervigili,
2449 3882 2743 3956 diligentia,
2768 3901 2816 3944 et
2839 3910 3041 3953 summa
3061 3911 3184 3955 sunt
3197 3902 3457 3962 industria
3480 3915 3765 3968 consecuti.

2161 3967 2382 4028 Gavisus
2403 3991 2523 4041 vero
2545 3996 2648 4035 non
2677 3985 3001 4045 mediocriter
3022 3995 3119 4063 fui,
3148 4013 3263 4051 cum
3288 4016 3455 4069 nuper
3476 4017 3766 4076 Opportune

2158 4063 2437 4121 admodum
2465 4074 2696 4130 accincta
2711 4082 2829 4151 jam
2850 4084 2919 4135 ad
2947 4089 3224 4144 secundam
3237 4063 3769 4173 editionem'tgpogra-

2158 4154 2264 4223 plto
2287 4163 2635 4232 conjecturam
2675 4172 3117 4247 suspicionemque
3139 4179 3275 4236 Imnc
3294 4200 3461 4240 nteant
3490 4206 3553 4244 ea:
3579 4192 3761 4247 litteris

2126 4253 2566 4310 .reverendissimi
2602 4257 2816 4316 Domini
2866 4265 3076 4323 Henrici
3126 4270 3285 4327 Gravi
3319 4275 3546 4353 theologi
3581 4282 3757 4339 Lava-

2159 4342 2350 4404 niensis
2402 4347 2614 4403 minime
2684 4366 2899 4409 vacuam
2946 4368 3035 4411 aut
3074 4362 3478 4437 inanem.fuisse
3518 4377 3751 4446 cognovi.

2158 4432 2351 4490 Scribit
2370 4438 2414 4492 is
2441 4441 2577 4493 enim
2603 4442 2671 4496 ad
2698 4461 2778 4498 me
2819 4453 3305 4513 reuerendissimum
3328 4459 3607 4520 Dominum
3630 4468 3751 4523 Ma-

444 4499 613 4593 verba
643 4499 871 4594 Usuardi
898 4499 1125 4593 sustulil
1146 4557 1158 4591 :
1191 4539 1262 4592 Ac
1289 4549 1518 4605 tempore
1544 4537 1770 4592 Gallieni
1790 4542 2042 4611 martyrio
2070 4502 2080 4558 J

2854 4499 2867 4502 -
2883 4499 2897 4502 -
2911 4499 2947 4503 --
2967 4499 3305 4513 ν.---ν--ηυυσηυ
3328 4499 3607 4520 υυηκηιυη
3630 4499 3679 4521 ΠΙ
3692 4499 3750 4523 υ-

2173 4544 2324 4582 anum
2348 4542 2557 4603 accepta
2586 4536 2705 4605 jam
2734 4554 2910 4594 recens
2940 4543 3076 4598 edito
3104 4547 3483 4627 Martyrologia
3511 4557 3750 4615 Romano

443 4638 718 4685 coronatus
744 4641 838 4685 est.
870 4628 1031 4699 Cujus
1059 4620 1415 4687 correctionis
1446 4633 1712 4685 rationem
1744 4630 1830 4685 his
1862 4632 2040 4687 verbis

444 4723 623 4778 reddit
651 4742 664 4776 :
697 4721 775 4777 De
811 4721 1018 4777 Zenone
1041 4722 1225 4778 sustuli
1257 4721 1484 4779 Usuardi
1516 4724 1689 4786 verba,
1724 4740 1786 4777 ac
1811 4732 2041 4793 tempore

445 4816 672 4870 Gallieni
691 4817 938 4886 martyrio
971 4824 1244 4870 coronatus
1274 4827 1366 4870 est.
1398 4815 1663 4872 Hanorari
1690 4833 1807 4872 eum
1832 4826 1887 4870 ut
1914 4833 2039 4872 conc

444 4909 694 4978 [essorem
736 4917 939 4962 constat
967 4924 1030 4962 ea:
1076 4908 1310 4962 Romano
1357 4908 1733 4981 Martyrologio
1778 4920 1825 4964 et
1866 4910 2043 4982 ofﬁcio

448 5000 852 5057 Medialanensis
911 4999 1187 5066 Ecclesiae,
1249 5003 1332 5055 die
1419 5012 1597 5057 octava
1644 5003 1924 5058 decembris
1997 5011 2045 5057 et

445 5094 685 5159 aliunde;
721 5104 957 5165 extatque
996 5092 1144 5147 Lobii
1190 5094 1422 5147 narratio
1468 5089 1770 5149 uenerabilis
1797 5094 2043 5150 Coronati

446 5184 870 5242 Christianissimi
912 5188 1100 5242 notarii
1136 5187 1199 5240 de
1236 5185 1349 5241 Vita
1379 5187 1442 5243 S.
1482 5188 1704 5242 Zenonis
1739 5190 1964 5270 episcopi
1994 5198 2045 5244 et

446 5278 772 5348 confessoris.
822 5277 1098 5351 Gregorius
1139 5279 1339 5333 interim
1377 5280 1526 5333 tertio
1556 5278 1895 5347 Dialogorum
1916 5297 2032 5352 cap.

446 5372 538 5437 19,
581 5372 655 5426 bis
681 5388 795 5427 eum
820 5381 1095 5442 martyrem
1132 5372 1395 5425 nominare
1425 5371 1604 5425 maluit
1648 5387 1805 5442 quam
1832 5374 2036 5440 confes-

443 5480 635 5531 sorem,
666 5480 725 5517 eo
751 5463 887 5530 quod
914 5464 1044 5516 inter
1074 5461 1328 5533 procellas
1355 5463 1726 5534 persecutionis
1751 5464 1915 5516 multa
1958 5466 2032 5518 vi-

442 5559 613 5613 riliter
641 5558 938 5626 pertulerit;
967 5571 1066 5623 qua
1096 5556 1268 5609 cadent
1299 5572 1452 5609 causa
1493 5555 1796 5609 Iuvenalem
1831 5571 2031 5626 quoque

418 5647 569 5701 alibi
593 5657 860 5718 martyrem
884 5647 1131 5699 nominat.
1162 5647 1235 5700 De
1254 5646 1563 5702 narratione
1591 5647 1843 5702 Coronati
1877 5657 2031 5701 nota-

442 5739 507 5795 rii
532 5737 643 5807 jam
685 5737 882 5793 dictum
913 5742 999 5790 est
1023 5734 1158 5806 (cap.
1184 5733 1259 5803 ὅ).
1300 5737 1374 5792 De
1401 5736 1584 5792 officio
1614 5736 2032 5796 Mediolanensis

2146 4623 2431 4678 natationes
2450 4641 2591 4693 suas,
2613 4644 2742 4699 quas
2768 4631 2821 4685 in
2852 4631 3150 4691 Usuardum
3161 4643 3279 4712 jam
3300 4645 3501 4712 pridem
3521 4652 3746 4720 scripse-

2144 4722 2225 4766 rat
2253 4717 2408 4782 probe
2444 4722 2732 4793 recagnitas
2761 4734 3039 4797 auctasque
3064 4731 3226 4787 eidem
3270 4717 3641 4813 Martyrologia
3669 4752 3748 4797 at-

2144 4816 2454 4866 temperasse
2500 4824 2652 4882 atque
2699 4820 3154 4889 accommodasse;
3210 4826 3302 4880 sed
3329 4838 3379 4883 et
3428 4845 3746 4898 praematura

2146 4910 2308 4957 morte
2346 4904 2625 4971 subtracta,
2656 4909 2827 4963 minus
2852 4914 3021 4980 facere
3049 4914 3275 4973 licuisse.
3300 4919 3426 4977 Haec
3451 4923 3740 4986 Baronius.

2145 4991 2279 5046 lllud
2307 5010 2522 5065 quoque
2546 5006 2632 5053 est
2666 5001 3090 5071 observandum,
3120 5008 3296 5077 ipsum
3335 5014 3541 5071 scilicet
3568 5018 3741 5075 Mola-

2146 5103 2271 5141 num
2300 5089 2351 5142 in
2378 5092 2636 5158 opusculo
2674 5094 2741 5149 de
2779 5096 3175 5171 Martyrologiis
3218 5104 3491 5164 afﬁrmare
3543 5111 3738 5169 Eccle-

2114 5180 2277 5234 'siatn
2329 5196 2606 5238 romanam
2663 5189 2737 5241 uti
2790 5190 3006 5245 solitam
3063 5194 3449 5270 Martyrologio
3503 5199 3735 5259 Usuardi

2146 5283 2326 5341 aucto,
2359 5276 2411 5331 in
2435 5292 2542 5346 quo
2563 5276 2620 5333 S.
2652 5279 2798 5336 Zeno
2822 5294 3067 5354 tempore
3087 5286 3324 5346 Gallieni
3360 5294 3619 5364 martyrio
3647 5310 3741 5351 co-

2151 5379 2373 5425 ronatus
2425 5370 2639 5429 dicitur.
2712 5375 3147 5452 Martyrologium
3209 5400 3342 5455 ergo
3398 5388 3737 5456 Romanum,

2106 5482 2111 5487 ·
2146 5464 2289 5533 quod
2318 5464 2458 5520 idem
2490 5478 2571 5522 est
2597 5484 2668 5524 ex
2691 5471 2863 5542 ipsius
2901 5479 3190 5545 sententia,
3215 5496 3277 5536 ac
3301 5481 3739 5554 Martyrologium

2145 5568 2363 5612 auctum
2393 5558 2623 5618 Usuardi
2669 5565 2729 5621 S.
2759 5566 3029 5623 Zenonem
3064 5582 3357 5645 martyrem
3391 5588 3510 5629 esse
3538 5576 3741 5630 conﬁr-

2106 5676 2111 5677 ί
2140 5662 2271 5715 mat;
2302 5651 2733 5729 Martyrologium
2754 5675 2882 5715 vero
2909 5660 3119 5725 Bellini,
3144 5662 3289 5733 quod
3314 5666 3442 5718 vidit
3467 5663 3737 5738 Molanus,

2110 5743 2210 5800 οδ.
2270 5741 2551 5801 Zenonem
2598 5752 2962 5805 confessorem
3007 5752 3138 5806 dicit
3162 5764 3216 5805 vr
3254 5751 3383 5807 ldus
3411 5748 3745 5827 decembri-If,
