4198 6160
482 276 587 330 6‘27

1554 265 1643 324 DE
1682 261 2043 322 MARTYRIO
2081 260 2333 320 SANCTI
2377 260 2688 334 ZENONIS.

3667 255 3776 312 6‘28

473 405 544 445 eo
572 389 780 447 scilicet
810 390 916 455 die,
964 401 1071 458 quo
1113 384 1308 441 festum
1339 382 1698 439 ordinationis
1738 381 2066 438 celebratur.
2101 382 2156 443 Α
2179 379 2420 436 historias
2450 379 2702 452 martyris
2739 378 2949 434 titulum
2980 376 3097 431 aliis
3125 375 3371 447 largitum
3412 389 3550 431 esse.
3579 374 3648 430 At
3679 377 3783 431 hos

480 483 631 540 Prid.
681 494 862 539 autem
913 479 1035 536 ldus
1063 478 1267 549 Aprilis
1318 478 1626 533 nullatenus
1656 476 1726 532 de
1764 476 1822 533 S.
1854 474 2074 531 Zenone

479 577 600 649 ipse
621 574 888 632 meminit.
919 572 1098 641 Quare
1125 568 1429 626 ruirandum
1459 584 1569 624 non
1592 577 1677 624 est
1704 566 1879 637 ipsum
1903 565 2076 622 Belli-

477 686 608 728 num
638 669 1007 725 confessorem
1060 674 1275 736 putasse
1305 664 1361 721 S.
1393 663 1662 720 Zenonem
1705 677 1773 718 eo
1817 661 1927 726 die,
1968 674 2078 732 quo

477 765 648 838 ipsius
698 761 957 818 memoria
1007 759 1313 816 celebratur
1350 756 1532 813 officio
1578 756 1969 812 eonfessorum.
2018 752 2076 808 Id

479 858 649 923 enim,
676 855 801 910 etin
827 852 930 908 hac
956 849 1178 909 dioecesi
1200 848 1518 906 Pistoriensi
1540 848 1618 915 fit,
1649 848 1741 904 ubi
1762 848 1818 905 S.
1854 847 2002 904 Zeno
2022 856 2080 904 ut

479 958 690 1019 martyr
710 945 903 1001 colitur
922 958 1089 1015 usque
1109 943 1163 998 iu
1189 951 1510 1013 praesentem
1532 942 1674 996 diem
1706 958 1722 1007 ;
1764 949 1998 998 attamen
2020 958 2079 999 vr

484 1038 612 1095 Idus
637 1037 943 1095 decembris
975 1037 1026 1091 iu
1069 1035 1383 1092 kalendario
1409 1034 1634 1106 singulis
1663 1034 1822 1089 annis
1861 1044 2080 1090 notatur

482 1133 644 1191 titulo
671 1130 1025 1198 confessoris,
1055 1128 1120 1183 ad
1146 1127 1492 1183 indicandum
1520 1126 1728 1183 scilicet
1754 1126 1934 1191 ritum,
1968 1141 2076 1197 quo

482 1228 653 1298 ipsius
683 1226 879 1282 festum
904 1225 1235 1289 celebratur,
1273 1224 1398 1278 licet
1428 1223 1478 1276 iu
1511 1220 1756 1276 oratione
1816 1231 1870 1275 et
1896 1221 2084 1278 lectio-

482 1322 643 1377 nibus
673 1318 899 1375 secundi
930 1316 1183 1373 nocturni
1225 1316 1467 1388 martyrii
1502 1316 1668 1386 ipsius
1700 1314 1960 1369 memoria
1995 1330 2084 1371 re-

483 1415 713 1471 colatur.
757 1410 957 1467 Octava
1016 1406 1320 1465 decembris
1363 1426 1375 1460 :
1423 1406 1695 1461 Ordinatio
1741 1405 1803 1462 S.
1860 1405 2084 1463 Zenonis

484 1506 712 1577 episcopi
748 1513 800 1559 et
821 1503 1152 1573 confessoris,
1205 1501 1413 1573 patroni
1442 1509 1489 1555 et
1532 1499 1779 1555 Ecclesiae
1806 1499 2084 1554 cathedra-

483 1600 548 1655 lis
570 1598 815 1654 titularis.
853 1597 1178 1654 Duodecimn
1206 1610 1339 1652 vero
1358 1595 1560 1666 Aprilis
1587 1610 1605 1650 :
1637 1594 1700 1651 S.
1731 1592 1953 1650 Zenonis
1973 1596 2088 1666 epi-

484 1697 624 1768 scopi
654 1705 701 1750 et
727 1694 975 1764 martyris
1009 1689 1240 1763 (kalend.
1274 1689 1603 1759 Pistorien.).
1630 1688 1777 1745 Idem
1808 1689 1970 1745 etiam
1996 1703 2087 1765 no-

2182 470 2575 528 calumniarum
2615 469 2817 525 rivulos
2845 484 2877 526 e
2910 468 3146 525 fontibus
3178 468 3556 525 haereticorum
3584 482 3782 523 recen-

2183 566 2350 621 tiores
2377 564 2431 619 bi
2461 564 2794 620 derivarunt.
2826 563 3034 637 Quanta
3063 567 3195 618 vero
3222 562 3531 619 temeritate
3558 561 3618 620 8.
3647 560 3786 619 Gre-

2182 658 2391 729 gorium
2423 656 2663 713 levitatis
2691 664 2939 728 arguant,
2961 670 3031 710 ex
3053 669 3120 710 eo
3144 663 3291 725 patet
3323 654 3467 725 quod
3496 655 3613 726 ipse
3654 669 3789 710 san-

2182 750 2458 807 ctissimus
2504 749 2740 820 pontifex
2779 747 3082 820 Augustino
3134 746 3514 803 Cantuariensi
3558 748 3791 804 Archie-

2185 845 2410 916 piscopo
2438 842 2506 899 de
2528 844 2677 899 cultu
2706 843 2865 899 alicui
2897 851 3167 911 tamquam
3199 842 3418 916 Martyri
3449 844 3788 912 exhibendo,

2185 940 2258 1003 ita
2292 937 2568 1007 praecepit,
2595 936 2724 993 dum
2747 932 2922 992 eidem
2952 936 3254 1006 Augustino
3283 937 3340 994 S.
3367 936 3505 993 Sinti
3534 939 3792 1012 martyris

2186 1029 2441 1100 reliquias
2470 1028 2691 1083 indulsit
2722 1026 3122 1101 (Epistolarum,
3154 1028 3244 1084 lib.
3270 1045 3329 1095 ιι,
3361 1028 3486 1085 Ind.
3524 1028 3599 1102 7).
3635 1028 3793 1085 Feri-

2186 1140 2301 1178 mus
2326 1121 2464 1193 quod
2483 1122 2673 1194 petisti,
2697 1131 2943 1192 quatenus
2965 1121 3210 1191 populus,
3240 1123 3327 1192 qui
3354 1123 3407 1177 in
3430 1123 3541 1178 loco
3562 1124 3791 1195 quodam

2188 1214 2251 1273 S.
2285 1214 2426 1271 Simti
2454 1214 2697 1285 martyris
2737 1228 2925 1285 corpus
2954 1214 3195 1269 dixerunt
3228 1217 3459 1271 venerari
3478 1259 3490 1279 ,
3520 1217 3658 1287 quod
3687 1227 3795 1273 tua:

2189 1306 2523 1379 fraternitati,
2552 1322 2642 1360 nec
2675 1321 2872 1373 verum,
2899 1322 2989 1360 nec
3019 1308 3265 1362 ueraciter
3296 1307 3548 1365 Sanctum
3569 1310 3790 1378 videtur,

2187 1408 2330 1456 certa
2371 1398 2679 1453 sanctissimi
2733 1408 2782 1453 et
2832 1398 3177 1469 probatissimi
3251 1398 3501 1472 Martyris
3546 1401 3793 1471 beneﬁcia

2189 1493 2500 1561 suscipiens,
2527 1492 2697 1547 colere
2722 1493 2919 1548 incerta
2944 1510 3046 1547 non
3074 1494 3270 1548 debeat.
3299 1494 3434 1549 Mihi
3459 1505 3626 1550 tamen
3652 1496 3791 1550 vide-

2193 1595 2297 1652 tur,
2325 1587 2449 1656 quia
2474 1583 2519 1637 si
2547 1601 2764 1655 corpus,
2807 1585 2945 1657 quod
2970 1604 3001 1641 a
3037 1587 3227 1659 populo
3247 1587 3515 1659 cujusdam
3547 1587 3794 1660 Martyris

2190 1693 2300 1731 esse
2336 1677 2585 1742 creditur,
2627 1677 2787 1731 nullis
2828 1678 2918 1732 ille
2959 1679 3223 1735 miraculis
3248 1690 3515 1748 coruscat,
3547 1691 3595 1737 et
3632 1698 3796 1754 neque

492 1787 712 1843 tandum
736 1794 819 1841 est
847 1785 901 1839 in
926 1785 1106 1840 edicto
1136 1783 1240 1839 hoc
1264 1797 1407 1837 anno
1436 1782 1575 1837 1752
1612 1782 1681 1837 ab
1711 1781 2084 1837 illustrissituo
2113 1772 2165 1833 B
2191 1769 2350 1840 aliqui
2390 1769 2454 1824 de
2495 1769 2872 1841 antiquioribus
2911 1773 3167 1841 επὶεεωιι,
3198 1774 3286 1839 συί
3326 1791 3381 1829 ιε
3424 1791 3457 1829 α
3500 1776 3793 1846 parentibus

487 1889 543 1935 et
589 1877 1045 1934 reverendissimo
1100 1873 1327 1930 Domino
1364 1873 1691 1929 Columbina
1731 1875 1922 1944 Bassi,
1972 1877 2088 1947 epi-

485 1984 655 2041 scopo
682 1977 875 2047 nostro
924 1966 1263 2033 Pistoriensi,
1315 1975 1371 2021 et
1428 1966 1672 2022 Pratensi
1724 1969 2086 2040 promulgato,

487 2064 630 2119 circa
656 2060 1062 2116 translationem
1078 2057 1434 2131 quorumdam
1460 2057 1744 2127 festorum,
1770 2060 1860 2116 ubi
1888 2058 2087 2118 festum

488 2134 867 2208 Immaculatte
902 2150 1287 2220 Conecptionis
1326 2148 1387 2204 Β.
1418 2148 1489 2205 M.
1536 2148 1599 2204 V.
1645 2150 1987 2217 transfertur,
2019 2167 2087 2210 eo

489 2243 633 2313 quod
678 2244 933 2298 Occurrat
979 2256 1105 2295 cum
1153 2239 1291 2296 festo
1335 2239 1689 2295 ordinationis
1728 2241 1789 2296 8.
1831 2240 2084 2310 Zenonis,

494 2350 601 2405 quo
650 2334 701 2388 in
752 2333 872 2388 loco
903 2332 960 2388 8.
994 2330 1144 2386 Zeno
1186 2331 1340 2385 titulo
1379 2330 1709 2386 confessoris
1755 2334 2084 2390 nominatur.

499 2424 744 2498 Ofﬁcium
775 2422 1119 2494 conceptionis
1142 2419 1208 2474 Β.
1228 2420 1282 2475 Μ
1294 2463 1305 2475 .
1333 2419 1394 2475 γ.
1428 2421 1623 2488 duplex
1646 2423 1884 2477 secunda:
1906 2424 2090 2481 classis

489 2515 811 2572 recitandum
851 2514 935 2567 die
973 2522 1152 2568 octava
1189 2511 1493 2579 decembris;
1523 2528 1637 2581 qua:
1680 2512 1791 2568 dies
1816 2516 2089 2572 solemnis-

492 2610 623 2664 sima
655 2607 799 2662 nobis
832 2615 908 2660 est
947 2606 1008 2660 ob
1041 2605 1228 2671 festum
1253 2604 1609 2661 Urdinationis
1640 2604 1701 2660 8.
1738 2604 1962 2661 Zenonis
1985 2608 2092 2677 epi—

494 2701 637 2768 sc0pi
685 2707 732 2753 et
763 2698 1099 2767 confessoris,
1142 2697 1349 2767 patroni
1398 2706 1444 2749 et
1515 2696 1745 2752 ecclesia:
1772 2697 2093 2753 cathedralis

495 2790 745 2856 titularis,
773 2789 970 2861 duplex
1006 2788 1186 2858 prima:
1210 2786 1412 2842 classis.
1443 2786 1599 2856 Quod
1627 2788 1791 2845 etiam
1806 2788 2094 2845 dicendum

496 2892 581 2939 est
617 2883 685 2938 de
713 2881 1100 2954 Martyrologio
1128 2894 1231 2935 ms.
1263 2878 1331 2935 de
1369 2894 1476 2950 quo
1503 2894 1664 2949 supra
1694 2881 1712 2950 (
1743 2896 1858 2952 cap.
1893 2879 1929 2934 2
1954 2880 2005 2949 ),
2037 2882 2092 2935 in

498 2988 566 3030 eo
591 2975 738 3029 enim
767 2982 960 3029 octava
986 2971 1074 3026 die
1103 2970 1406 3026 decembris
1437 2970 1494 3026 S.
1525 2969 1672 3025 Zeno
1723 2972 2010 3042 episcopus
2039 2980 2095 3027 et

495 3064 776 3121 confessor
797 3064 1015 3120 dicitur.
1038 3062 1195 3131 Quin,
1227 3072 1282 3118 et
1310 3063 1486 3133 ipsum
1515 3062 1950 3134 Martyrologium
1979 3063 2090 3118 Ro-

2192 1862 2488 1933 passionem
2520 1863 2632 1929 eius
2660 1863 2868 1918 audisse
2892 1868 3174 1936 fateantur,
3204 1867 3277 1921 ita
3300 1868 3530 1937 reliquit:
3551 1884 3679 1937 quas
3708 1885 3797 1937 pe-

2192 1956 2299 2011 tisti
2319 1972 2549 2010 seorsum
2577 1957 2859 2013 condenda
2883 1968 3021 2027 sunt,
3044 1969 3099 2014 ut
3127 1960 3289 2026 locus,
3317 1961 3371 2015 in
3396 1977 3500 2032 quo
3521 1965 3797 2033 praefatum

2192 2063 2382 2116 corpus
2400 2047 2544 2118 jacet
2568 2049 2734 2102 modis
2759 2050 2990 2105 omnibus
3017 2050 3328 2120 obstruatur,
3359 2047 3451 2107 nec
3474 2052 3797 2125 permittatur

2191 2140 2415 2211 populus
2444 2149 2637 2195 certum
2667 2141 2919 2211 deserere,
2941 2152 2988 2198 et
3013 2145 3263 2198 incertum
3312 2147 3565 2201 uenerari.
3599 2145 3797 2201 Htccne

2193 2231 2467 2288 censenda
2514 2233 2806 2289 credulitas
2848 2243 2965 2301 est,
3015 2250 3137 2306 quae
3180 2235 3248 2290 ad
3278 2236 3531 2308 Martyris
3580 2236 3796 2292 titulum

2195 2326 2359 2383 alicui
2385 2327 2754 2395 tribuendum,
2773 2332 2958 2401 populi
2989 2346 3208 2387 rumore
3228 2340 3564 2402 contempto,
3585 2331 3668 2387 vel
3691 2330 3800 2385 mi.

2196 2421 2381 2476 racula
2407 2421 2594 2492 exigit,
2625 2422 2707 2478 vel
2735 2424 3012 2493 probatam
3039 2425 3389 2495 antiquorum
3419 2422 3802 2481 traditionem?

2196 2510 2335 2567 Num
2366 2500 2509 2584 quod
2540 2512 2597 2568 8.
2631 2513 2924 2586 Gregorius
2954 2515 3077 2570 aliis
3108 2517 3439 2587 praescripsit
3467 2518 3519 2571 in
3548 2515 3803 2588 Martyris
3891 2587 3901 2594 _

2196 2606 2345 2662 cultu
2373 2606 2712 2675 adhibendo,
2744 2608 2923 2678 ipsum
2973 2624 3077 2664 non
3109 2608 3430 2679 praestitisse
3472 2607 3802 2664 credendum

2199 2700 2320 2754 est?
2350 2699 2488 2766 Quid
2523 2699 2724 2756 habent
2749 2687 3084 2757 recentiores
3116 2700 3219 2769 hi,‘
3245 2700 3389 2772 quod
3430 2701 3482 2755 in
3514 2700 3805 2757 tribuendo

2194 2793 2252 2851 S.
2284 2792 2488 2848 Zenoni
2532 2794 2784 2865 martyris
2814 2793 2968 2848 titulo
2995 2792 3054 2850 8.
3083 2792 3401 2864 Gregorium
3447 2793 3650 2849 erroris
3675 2792 3806 2848 red-

2196 2884 2464 2955 arguant?
2552 2881 2806 2938 Coronati
2880 2882 3085 2939 Notarii
3149 2884 3555 2940 narrationem?
3604 2883 3808 2941 [neerti

2197 2978 2438 3032 auctoris
2482 2974 2847 3048 apocryphum
2879 2978 3225 3045 opusculum,
3253 2976 3402 3031 nulla
3431 2976 3647 3048 dignum
3672 2976 3804 3042 fide,

2201 3077 2259 3124 ut
2290 3067 2508 3138 ipsimet
2534 3068 2791 3129 fatentur,
2816 3076 2870 3122 et
2891 3068 3142 3138 superius
3173 3067 3520 3138 probavimus
3544 3068 3679 3141 (cap.
3707 3068 3811 3140 5)?

492 3175 714 3215 manum
739 3167 1047 3214 correctum
1078 3156 1267 3213 eadem
1308 3156 1399 3212 die
1438 3157 1797 3214 ordinationis
1827 3159 1884 3215 8.
1917 3158 2091 3215 Zeuo-
2121 3145 2168 3209 C
2203 3161 2461 3216 Ecclesia:
2491 3159 2821 3215 Veronensis
2848 3160 3169 3215 contrariam
3220 3158 3600 3215 traditionem?
3635 3158 3813 3214 Mani—

495 3255 579 3308 nis
606 3268 711 3308 non
753 3252 884 3309 dicit
911 3262 1236 3320 martyrem;
1286 3249 1401 3305 haec
1442 3250 1586 3305 enim
1634 3250 1838 3306 habet:
1880 3252 2097 3310 Verona:

497 3348 758 3404 ordinatio
791 3345 851 3402 8.
883 3345 1106 3401 Zenonis
1133 3345 1382 3417 episcopi.
1411 3344 1509 3399 Cui
1542 3351 1753 3399 vetusta
1781 3343 2096 3402 kalendaria

498 3442 757 3498 Ecclesiae
809 3439 1157 3495 Pistoriensis
1203 3452 1362 3508 supra
1415 3439 1682 3493 recensita
1743 3440 2095 3498 conveniunt.

500 3534 561 3589 In
603 3549 670 3590 eo
727 3547 986 3602 namque,
1034 3530 1176 3601 quod
1220 3531 1393 3599 primo
1432 3530 1555 3584 loco
1581 3531 1860 3600 posuimus
1888 3545 1945 3585 vr
1973 3528 2097 3587 Idus

498 3623 802 3682 decembris
831 3623 1061 3693 legitur:
1088 3620 1283 3675 Natale
1318 3619 1380 3676 S.
1414 3619 1637 3675 Zenonis
1667 3622 1870 3691 patroni
1908 3623 2093 3690 nostri,

500 3719 628 3775 licet
675 3719 729 3772 in
774 3716 963 3772 eodem
1005 3713 1321 3770 kalendario
1362 3727 1435 3767 κη
1472 3710 1654 3767 kalen.
1701 3711 1822 3767 Maii
1854 3714 1911 3770 S.
1951 3714 2099 3769 Zeno

498 3806 748 3879 martyrii
784 3807 941 3861 titulo
970 3807 1288 3862 illustratur.
1319 3802 1378 3859 lu
1424 3804 1535 3859 alio
1562 3818 1662 3859 ms.
1689 3804 1861 3860 relato
1888 3822 1942 3861 vr
1968 3805 2099 3864 ldus

500 3898 779 3956 decembris
807 3898 867 3953 S.
901 3894 1124 3949 Zenonis
1152 3895 1397 3967 episcOpi.
1430 3894 1613 3964 Itaque
1636 3895 1682 3951 si
1713 3895 1764 3949 in
1787 3896 1907 3951 aliis
1935 3898 2096 3954 etiam

501 3990 901 4062 Martyrologiis
954 4004 1008 4043 vr
1057 3987 1182 4043 Idus
1223 3985 1528 4043 decembris
1558 3986 1619 4043 S.
1648 3986 1794 4042 Zeno
1819 3986 2101 4048 confessor

501 4086 740 4157 legatur,
782 4082 885 4139 hoc
913 4095 978 4137 ea
1011 4082 1219 4136 ratione
1246 4081 1442 4136 factum
1483 4079 1649 4136 fuisse
1673 4080 1961 4137 dicendum
1988 4093 2097 4153 est,

501 4179 626 4249 quia
668 4175 856 4233 eadem
884 4172 973 4230 die
1001 4172 1059 4230 8.
1090 4172 1325 4233 Zenonis
1351 4170 1547 4228 festum
1589 4173 1698 4228 ritu
1723 4173 2098 4231 eonfessorum

499 4270 827 4329 celebratur.
872 4266 1027 4334 Quod
1050 4280 1175 4321 cum
1206 4274 1355 4321 esset
1386 4279 1497 4335 pra:
1524 4264 1646 4320 aliis
1676 4265 1827 4321 festis
1855 4266 2102 4323 celeber-

502 4363 723 4427 rimum,
757 4360 826 4415 ab
851 4358 1043 4415 eodem
1073 4366 1327 4413 auctores
1354 4356 1859 4428 Martyrologiorum
1884 4357 2102 4415 confes-

502 4455 644 4509 soris
672 4452 883 4507 titulum
927 4450 1313 4517 desumebant;
1354 4461 1413 4505 ut
1447 4451 1609 4506 etiam
1634 4450 1870 4507 Felieius
1902 4453 1955 4508 in
2000 4468 2101 4509 suo

2204 3257 2400 3313 festum
2432 3255 2674 3310 Panvinii
2702 3267 2969 3319 errorem,
2999 3260 3057 3306 ut
3092 3267 3158 3308 ex
3184 3254 3424 3324 antiquis
3447 3260 3654 3311 constat
3680 3268 3811 3305 rno-

2205 3346 2498 3403 nutnentis.
2534 3345 2686 3417 (Cap.
2719 3343 2801 3416 6.)
2829 3343 3060 3399 Romani
3093 3347 3291 3400 veteris
3323 3343 3678 3417 Martyrologii
3703 3359 3810 3399 au-

2203 3437 2544 3493 ctoritatem?
2596 3435 2998 3505 [inprudentem
3049 3435 3243 3492 Μοιειηί
3296 3436 3541 3507 lapsum,
3588 3435 3676 3506 qui
3708 3451 3814 3503 pro

2206 3514 2484 3597 Romano,
2535 3530 2728 3585 Beliini
2782 3528 3220 3601 Martyrologium
3273 3528 3515 3584 adtribuit
3546 3528 3680 3602 (cap.
3722 3529 3806 3600 7).

2207 3625 2404 3680 Haecne
2454 3630 2582 3678 sunt
2633 3629 2986 3693 argumenta,
3035 3621 3232 3691 quibus
3261 3619 3319 3676 8.
3350 3619 3612 3691 Gregorio
3640 3618 3811 3675 fidem

2208 3716 2509 3771 habendam
2552 3728 2657 3768 non
2688 3727 2810 3769 esse
2839 3712 3248 3769 demonstrent?
3272 3709 3439 3782 Cujus
3477 3710 3809 3778 auctoritas,

2205 3820 2262 3866 et
2288 3812 2457 3880 ipsius
2489 3808 2816 3865 Veronensis
2860 3807 3116 3863 Ecclesia:
3137 3848 3151 3873 ,
3183 3815 3237 3862 et
3266 3805 3427 3877 hujus
3454 3804 3814 3861 Pistoriensis

2205 3885 2481 3959 traditioni
2512 3917 2574 3956 ac
2600 3900 2985 3957 vetustioribus
3014 3914 3114 3955 ms.
3139 3910 3421 3956 consonat.
3456 3897 3610 3971 (ϐαρ.
3638 3898 3688 3965 l,
3716 3898 3807 3969 Ξ.)

2206 3995 2397 4050 Dicent
2426 3993 2654 4047 fortasse
2680 3993 2733 4046 in
2766 3992 2984 4047 laudato
3014 3990 3074 4047 S.
3106 3991 3353 4063 Gregorii
3383 4005 3666 4060 responso,
3695 3998 3813 4047 non

2205 4087 2273 4143 de
2294 4087 2412 4143 solo
2436 4087 2677 4158 Martyrii
2700 4087 2858 4142 titulo
2880 4089 2989 4156 agi,
3015 4085 3111 4142 sed
3132 4086 3200 4141 de
3221 4087 3363 4144 cultu
3385 4085 3562 4141 dubiis
3584 4085 3640 4141 S.
3667 4085 3814 4141 Mar-

2206 4179 2342 4251 tyris
2372 4176 2617 4249 reliquiis
2658 4176 2946 4233 tribuendo
2976 4195 2991 4231 :
3021 4192 3197 4249 neque
3240 4179 3292 4233 in
3322 4177 3543 4233 dubium
3571 4176 3706 4232 verti
3737 4193 3812 4233 an

2208 4271 2268 4325 D.
2296 4270 2444 4326 Zeno
2470 4269 2774 4326 sanctitatis
2805 4270 3048 4327 laureola
3075 4270 3271 4341 dignus
3295 4271 3386 4337 sit,
3418 4270 3513 4327 sed
3547 4270 3599 4325 id
3627 4271 3811 4327 solum

2205 4361 2500 4419 Confessor
2523 4376 2589 4419 ne
2616 4369 2847 4429 tantum,
2880 4377 2947 4417 an
2976 4360 3133 4427 simul
3164 4360 3328 4418 etiam
3361 4370 3563 4434 martyr
3593 4361 3810 4419 baben-

2206 4456 2309 4512 dus
2350 4457 2441 4512 sit.
2475 4457 2546 4512 At
2572 4469 2637 4517 ex
2668 4469 2735 4510 eo
2774 4455 2914 4525 quod
2943 4454 3001 4512 S.
3036 4454 3282 4517 Pontifex
3335 4463 3440 4511 tam
3472 4455 3707 4525 prudens
3750 4465 3813 4514 et

500 4542 820 4601 kalendaria
859 4543 1119 4603 servavit.
1162 4539 1295 4597 Nam
1337 4541 1479 4613 prid.
1526 4542 1605 4597 Μ·
1657 4541 1858 4612 Aprilis
1885 4558 2010 4598 cum
2039 4544 2097 4600 S.
2128 4533 2181 4594 ι)
2206 4558 2397 4621 cautus
2417 4548 2519 4607 fuit
2544 4549 2594 4605 in
2624 4546 2804 4605 dubiae
2828 4548 3067 4619 reliquiae
3090 4547 3238 4603 cultu
3266 4546 3643 4618 permittendo,
3677 4564 3808 4604 num

501 4639 777 4696 Zenonem
825 4646 1122 4709 martyrem
1177 4635 1441 4701 dixisset;
1482 4650 1547 4689 ’Vl
1597 4633 1723 4689 Idus
1794 4635 2101 4693 decembris

502 4734 814 4802 episcopum
842 4728 1189 4785 solummodo
1218 4727 1534 4787 nominavit.
1561 4725 1680 4787 Non
1710 4735 1794 4782 est
1822 4728 1981 4797 igitur
2002 4743 2102 4785 cur

504 4822 563 4879 S.
590 4821 799 4878 Zenoni
832 4820 1076 4890 martyrii
1100 4819 1333 4889 palmam
1355 4817 1728 4886 detrahamus,
1757 4818 1888 4874 licet
1915 4821 1967 4875 in
1995 4821 2100 4876 ali-

502 4912 699 4985 quibus
724 4909 1125 4983 Martyrologiis
1151 4910 1209 4966 8.
1242 4910 1388 4967 Zeno
1414 4911 1575 4966 unice
1598 4919 1961 4983 nuncupetur.

1112 5044 1343 5125 parur
1381 5044 1516 5111 vtrt.

505 5162 583 5229 Ea
608 5162 986 5237 expendgntur,
1042 5177 1158 5234 qua:
1185 5171 1365 5223 contra
1393 5162 1458 5219 S.
1483 5161 1719 5237 Gregorii
1746 5167 2099 5231 auctoritatem

568 5256 732 5327 aliqui
758 5251 1297 5327 auctpres,Dupinius
1326 5257 1609 5332 prasertirn
1634 5266 1682 5329 et
1714 5256 2096 5332 Tillemontius,

562 5347 836 5419 alliciam.

567 5460 755 5525 Sancti
790 5458 1040 5530 Gregorii
1086 5461 1464 5518 auctoritatem
1510 5460 1742 5535 (Saeuit.
1776 5460 1831 5529 6,
1860 5471 1899 5519 t.
1932 5477 2005 5532 tv,
2035 5466 2099 5521 de

496 5555 559 5610 8.
589 5552 770 5626 Greg.,
797 5551 899 5606 loc.
924 5553 1068 5627 cit),
1095 5551 1311 5608 elevare
1327 5564 1594 5611 conantur
1619 5552 1862 5623 Dupinus
1904 5562 1959 5610 et
1987 5554 2099 5613 Til-

489 5646 780 5702 lemontius
800 5643 984 5703 nimia:
1004 5643 1348 5703 credulitatis
1366 5645 1545 5718 ipsum
1575 5645 1971 5714 insimulantes,
2000 5649 2098 5706 ad-

488 5733 673 5813 ditque
716 5738 1105 5805 Tillemontius
1133 5741 1190 5799 8.
1239 5742 1558 5821 Gregorium
1589 5748 1778 5800 contra
1806 5742 2097 5806 veritatem

2207 4651 2314 4699 tam
2342 4642 2478 4698 levis
2503 4656 2626 4698 esse
2655 4640 2947 4709 debuerat,
2977 4649 3033 4696 ut
3059 4639 3331 4696 Zenonem
3369 4649 3661 4712 martyrem
3694 4641 3810 4709 pri-

2205 4753 2325 4793 mus
2350 4737 2578 4803 diceret,
2609 4750 2771 4806 quem
2796 4778 2811 4801 ,
2843 4737 2909 4810 si,
2931 4743 3137 4806 martyr
3160 4749 3268 4789 non
3294 4731 3517 4800 fuisset,
3552 4734 3811 4792 universa

2210 4827 2417 4883 Verona
2436 4836 2707 4897 tamquam
2736 4825 3116 4885 Confessorem
3145 4835 3521 4883 veneraretur.
3552 4826 3809 4883 Gaudeat

2205 4920 2386 4990 itaque
2410 4920 2466 4975 8.
2492 4918 2639 4985 Zeno
2663 4917 2885 4989 gloriosi
2910 4918 2993 4981 sui
3022 4916 3262 4989 Martyrii
3284 4932 3344 4979 se
3372 4927 3578 4979 tantum
3605 4918 3810 4975 habere

2206 5011 2501 5069 Patr-onum
2529 5019 2584 5066 et
2628 5020 2981 5072 assertorem,
3009 5009 3095 5081 qui
3119 5018 3271 5077 tanto
3294 5025 3425 5075 usus
3446 5011 3674 5069 consilio
3695 5020 3806 5079 est,

2200 5112 2351 5160 tanta
2380 5101 2669 5175 prudentia
2698 5112 2983 5174 antequam
3012 5110 3231 5163 sanctos
3270 5104 3418 5159 cultu
3444 5102 3695 5175 Martyris
3723 5104 3811 5160 di-

2204 5203 2484 5266 gnaretur,
2512 5210 2692 5265 neque
2713 5203 2820 5257 tam
2845 5208 2990 5257 eteco
3016 5194 3217 5264 impetu
3240 5194 3413 5251 acutis
3439 5196 3553 5252 suis
3576 5195 3809 5259 calamis

2206 5289 2339 5343 tanti
2370 5286 2649 5349 Pontificis
2678 5287 3051 5349 auctoritatem
3081 5284 3136 5347 hi
3176 5288 3508 5347 recentiores
3551 5289 3807 5359 prosein-

2205 5379 2356 5435 dant.
2386 5378 2493 5435 Cur
2519 5393 2580 5437 ea
2606 5387 2811 5435 tantum
2840 5376 3091 5443 afferunt,
3120 5377 3243 5445 sine
3271 5377 3381 5435 ullo
3408 5376 3649 5449 delectu,
3682 5394 3808 5449 qua

2206 5470 2280 5527 ita
2312 5470 2469 5528 facile
2512 5471 2716 5529 incerta
2758 5479 2814 5526 et
2864 5470 2995 5529 falsa
3043 5469 3340 5541 probantur
3364 5479 3555 5533 contra
3584 5470 3808 5539 $.Gre-

2205 5565 2338 5635 gorii
2362 5563 2643 5635 probatam
2673 5562 2873 5619 fidem?
2900 5561 3011 5619 Cur
3030 5562 3173 5629 hinc,
3206 5578 3324 5639 quas
3356 5564 3409 5619 in
3439 5563 3601 5634 hujus
3631 5563 3806 5620 libelli

2205 5656 2527 5715 tractatione
2552 5654 2759 5725 digesta
2779 5664 2927 5722 sunt,
2949 5655 3136 5714 videre
3162 5655 3539 5729 neglexerunt,
3567 5670 3806 5728 quorum

2207 5752 2357 5835 plura
2389 5746 2531 5832 apud
2559 5747 2851 5819 Batoniutn
2879 5757 2933 5812 et
2980 5748 3120 5822 alios
3166 5762 3303 5835 quos
3332 5748 3671 5823 laudavimus
3699 5764 3804 5826 au-
