4198 6160
446 232 556 290 εὶς)

1511 223 1599 281 DE
1640 222 2000 282 MARTYRIO
2037 219 2290 281 SANCTI
2329 221 2653 284 ZENONIS.

3681 241 3783 299 csa

441 356 630 400 ctorcs
666 343 850 399 videre
898 340 1240 414 potuissent?
1272 340 1313 394 A
1343 339 1625 394 calumniis
1666 339 1846 410 itaque
1885 338 2054 394 absti-
2083 341 2130 401 Α
2162 338 2296 391 bona
2325 337 2428 405 ﬁde
2457 354 2556 394 nos
2584 357 2893 412 agnoscere,
2926 347 3124 402 nullum
3156 365 3247 407 nos
3277 348 3472 405 habere
3512 367 3781 423 argnmen-

442 447 646 500 neant,
703 449 880 505 neque
927 433 1129 488 Bedam
1195 440 1290 486 aut
1336 431 1470 486 alios
1515 430 1771 502 culpent,
1819 430 1865 484 si
1918 429 2055 485 forte

443 529 506 586 8.
539 527 783 599 Gregorii
814 525 1144 581 auctoritate
1168 523 1334 588 ducti,
1369 522 1423 579 S.
1458 522 1729 578 Zenonem
1758 529 2055 593 martyrem

441 619 704 676 dixerint.
735 617 928 672 Nonne
953 616 1166 672 Verona
1196 615 1335 671 Urbs
1360 624 1443 670 est
1469 614 1633 669 Italiae
1655 613 1934 684 praeclara,
1961 629 2054 670 cu-

436 717 533 788 jus
562 715 618 772 8.
652 715 945 771 Patronum
975 712 1139 767 facile
1179 726 1474 782 agnoscere
1514 722 1725 783 poterat
1761 710 2053 782 Gregorius

441 825 693 865 summus
721 807 990 872 Pontifex,
1018 816 1074 861 et
1104 805 1226 874 ipse
1255 804 1418 860 Italus
1463 804 1771 871 Romanus,
1802 804 1854 858 in
1889 803 2053 858 rebus

440 902 613 958 Italica
642 899 1038 955 versatissimus
1059 939 1073 963 ,
1107 907 1219 951 tum
1253 907 1477 966 preptcr
1521 911 1606 952 res
1639 896 1805 950 Italia:
1833 905 2049 965 gestas,

443 1005 560 1049 tum
589 1001 805 1064 prepter
828 991 1058 1046 Romani
1102 989 1454 1061 pontiﬁcatus
1489 987 2050 1044 administrationem?

443 1086 526 1140 De
575 1084 737 1138 Paulo
789 1085 950 1138 etiam
1005 1083 1268 1147 Diacono,
1320 1080 1414 1151 qui
1461 1080 1521 1136 S.
1575 1081 1850 1136 Zenonem
1901 1094 2048 1134 mar-

440 1188 621 1248 tyrem
649 1175 777 1230 dicit
803 1175 930 1244 quid
955 1173 1242 1229 dubitant?
1273 1173 1386 1239 Qua
1419 1174 1631 1229 ratione
1661 1181 1848 1242 putant
1875 1173 2049 1242 ipsum

439 1269 765 1324 auctoritate
795 1270 850 1325 S.
884 1267 1130 1340 Gregorii
1177 1269 1401 1324 ductum
1451 1268 1503 1323 id
1543 1267 1885 1323 afﬁrmasse?
1911 1266 2048 1323 Cum

437 1362 538 1417 ille
568 1363 742 1416 Patria
774 1361 1129 1431 Aquileiensis
1150 1376 1214 1415 ac
1275 1359 1538 1416 Desiderii
1569 1360 2046 1431 Longobardorum

437 1456 621 1526 regis,
669 1469 696 1508 a
738 1455 956 1510 secretis
985 1454 1352 1509 Veronensetn
1397 1454 1589 1509 urbem
1643 1469 1671 1507 a
1727 1454 1892 1522 Papia
1939 1469 2048 1509 non

434 1547 601 1618 longe
630 1545 912 1600 admodum
939 1546 1094 1600 sitam
1138 1545 1389 1616 apprime
1428 1546 1697 1601 calluerit.
1732 1545 1868 1599 Num
1897 1544 2049 1616 igno-

433 1655 566 1698 rare
593 1639 791 1710 potuit,
819 1654 922 1708 quo
951 1639 1091 1694 cultu
1118 1639 1421 1694 Patronum
1452 1654 1608 1692 suum
1644 1637 1858 1692 Verona
1897 1639 2044 1694 cole-

2157 440 2268 482 tum
2296 427 2361 484 8.
2393 427 2671 486 Zenonem
2695 445 2919 506 tempore
2940 439 3163 496 Gallieni
3193 442 3375 508 fuisse.
3409 441 3643 504 Missalis
3671 446 3779 500 Me-

2157 522 2498 578 diolanensis
2530 528 2803 597 meminit,
2836 547 2977 587 anno
3013 531 3173 597 1560,
3194 533 3350 601 editi,
3385 533 3474 592 ubi
3507 536 3610 590 ritu
3639 519 3780 594 Con-

2157 615 2383 671 fessoris
2415 613 2648 674 Festum
2689 620 2746 677 8.
2792 622 3023 680 Zenonis
3070 624 3322 681 habetur.
3366 626 3438 684 At
3484 628 3780 688 observare

2156 706 2443 772 debuerat,
2475 709 2660 778 ipsum
2690 713 2906 770 Festum
2935 715 3304 773 Ordinationis
3325 732 3474 785 esse,
3502 735 3606 775 non
3634 738 3781 777 mar-

2157 800 2304 871 tyrii,
2337 799 2388 853 iu
2417 816 2529 870 quo
2557 804 2721 860 etiam
2751 805 2980 862 Verona:
3001 808 3150 863 nulla
3173 810 3240 864 de
3261 809 3518 882 Martyrio
3541 812 3600 868 fit
3621 829 3777 869 men-

2157 892 2232 946 tio
2263 891 2379 958 (lib.
2405 907 2462 958 ιι,
2494 910 2616 966 cap.
2639 895 2717 969 7).
2755 896 3095 956 Auctoritate
3117 901 3369 956 Coronati
3396 903 3604 961 Notarii
3628 907 3778 964 Con-

2131 981 2418 1038 -fessorem
2469 983 2530 1040 8.
2580 987 2853 1044 Zenonem
2906 992 3115 1060 probat.
3168 991 3334 1048 Unica
3381 994 3595 1051 historia
3655 999 3777 1068 (ait

2155 1075 2297 1146 ipse)
2323 1092 2478 1146 quam
2505 1079 2571 1133 de
2598 1082 2693 1135 hoc
2721 1080 2918 1138 Sancto
2946 1083 3212 1151 habemus,
3239 1102 3355 1156 qua:
3389 1099 3502 1156 post
3533 1100 3775 1144 sanctum

2155 1166 2465 1238 Gregorium
2493 1184 2612 1229 ante
2638 1191 2830 1230 nonum
2857 1179 3103 1232 steculum
3131 1180 3322 1249 scripta
3349 1181 3562 1249 dicitur,
3591 1183 3772 1252 ipsum

2152 1263 2209 1316 in
2241 1279 2366 1332 pace
2403 1265 2653 1335 quievisse
2691 1267 2847 1335 dicit,
2879 1269 3110 1336 nihilque
3135 1286 3229 1341 pro
3271 1270 3405 1327 Fide
3432 1289 3546 1328 eum
3590 1276 3778 1330 tulisse

2155 1364 2356 1409 narrat.
2405 1355 2538 1411 Eam
2572 1359 2856 1416 historiam
2888 1371 3076 1430 postea
3109 1361 3413 1432 improbat,
3460 1382 3583 1422 cum
3616 1368 3668 1422 in
3703 1383 3774 1423 ea

2156 1444 2215 1501 8.
2267 1445 2543 1508 Zenonem
2585 1449 2821 1506 Gallieni
2864 1463 3106 1521 tempore
3147 1453 3347 1508 vixisse
3395 1455 3612 1512 dicitur.
3665 1458 3776 1514 Ut.

2154 1556 2369 1610 cumque
2387 1541 2452 1595 sit
2476 1542 2584 1597 lucc
2608 1544 2711 1596 vita
2733 1562 2764 1598 a
2790 1545 3009 1614 quodam
3031 1544 3286 1601 Coronato
3305 1547 3526 1606 Notario
3552 1568 3771 1624 compo-

2153 1632 2254 1685 sita
2293 1642 2364 1686 tot
2393 1636 2655 1690 erroribus
2695 1636 2956 1702 abundat,
3000 1647 3054 1690 ut
3080 1639 3275 1692 nullius
3313 1643 3636 1697 auctoritatis
3667 1644 3773 1698 ha-

433 1744 524 1788 ret
569 1731 853 1788 universa?
879 1731 1003 1786 Haec
1042 1746 1138 1802 pro
1177 1730 1240 1786 S.
1269 1731 1523 1800 Gregorii
1569 1729 1923 1795 auCtoritate,
1955 1731 2047 1800 qui
2078 1725 2126 1787 B
2155 1726 2318 1781 benda
2343 1729 2427 1782 sit.
2461 1729 2580 1783 Alia
2625 1730 2928 1785 omittimus
2964 1730 3034 1786 de
3063 1731 3260 1800 quibus
3305 1747 3468 1803 supra
3524 1736 3768 1806 egimus.

432 1826 530 1881 lib.
565 1841 622 1880 ιιι
649 1824 1014 1895 Dialogorum,
1051 1840 1171 1894 cap.
1213 1824 1305 1888 '19,
1332 1822 1388 1879 S.
1423 1823 1704 1879 Zenonem
1747 1830 2044 1895 martyrem

432 1919 661 1984 asserit,
693 1918 830 1973 dicta
858 1919 1142 1973 sulliciant.
1179 1917 1262 1970 De
1288 1931 1354 1970 eo
1383 1931 1541 1983 vero,
1568 1917 1710 1987 quod
1741 1914 2042 1971 Tillemono

432 2014 544 2069 tius
577 2019 778 2067 temere
800 2011 1078 2067 admodum
1103 2009 1368 2075 afﬁrmat,
1400 2013 1610 2067 scilicet
1633 2011 1690 2067 S.
1721 2009 2040 2080 Gregorium

433 2116 626 2161 contra
654 2107 923 2161 veritatem
955 2106 1221 2171 historiae,
1258 2104 1396 2160 alios
1416 2115 1635 2162 sanctos
1659 2107 1925 2177 Martyres
1946 2121 2044 2161 no-

432 2199 695 2266 minasse,
727 2200 945 2254 seorsim
973 2199 1247 2270 agendum
1273 2205 1377 2253 est.

1043 2329 1283 2388 CAPUT
1319 2328 1414 2386 IX.

440 2448 604 2515 Quam
634 2445 805 2502 leviter
857 2444 1107 2516 Dupinius
1148 2455 1196 2501 et
1241 2443 1640 2509 Tillentontius,
1684 2443 1746 2499 S.
1780 2443 2037 2500 Zenonem

611 2555 714 2593 non
748 2537 1018 2609 Martyrem
1039 2582 1054 2607 ,
1086 2539 1179 2596 sed
1210 2535 1572 2605 Confessorem
1592 2536 1851 2605 jactitent.

507 2653 642 2708 Cum
676 2653 854 2723 itaque
877 2669 934 2707 ea
956 2653 1342 2716 everterimus,
1369 2666 1491 2720 qua:
1513 2659 1700 2705 contra
1725 2648 1782 2705 S.
1806 2649 2036 2705 Zenonis

438 2747 758 2816 martyrium
781 2744 1124 2815 objiciuntur,
1159 2741 1525 2798 admiratione
1550 2741 1763 2811 quidem
1785 2740 1943 2811 digna
1965 2741 2040 2795 vi-

437 2837 612 2902 detur,
652 2835 882 2905 Dupinii,
915 2835 1248 2891 Tillemontii
1294 2849 1354 2888 ac
1383 2833 1738 2904 quorumdam
1770 2833 2037 2887 recentio-

437 2945 552 2984 rum
583 2930 866 2993 securitas,
894 2930 980 2999 qui
1005 2927 1330 2997 antiquitate
1359 2936 1690 2996 contempta,
1715 2926 1870 2979 novis
1893 2939 2032 2978 sem-

437 3037 533 3090 per
563 3019 905 3091 opinionibus
933 3020 1238 3089 praecipites
1261 3018 1652 3073 assentiuntur.
1683 3017 1797 3072 l‘loc
1824 3033 1953 3072 vero
1977 3026 2035 3072 ut

2149 1819 2373 1874 Constat
2402 1830 2584 1877 autem
2614 1837 2682 1877 ex
2718 1821 2822 1884 bis,
2851 1837 3012 1892 quam
3041 1829 3245 1878 temere
3272 1826 3466 1894 spretis
3487 1827 3770 1897 antiquio-

2147 1911 2300 1968 ribus
2355 1915 2670 1970 auctoribus
2727 1924 2783 1970 et
2851 1917 3253 1986 monumentis,
3322 1919 3461 1974 viam
3513 1918 3766 1977 veritatis

2147 2005 2464 2074 obtrudant,
2483 2009 2720 2064 incertas
2746 2008 3120 2064 tantummodo
3141 2011 3767 2084 asserentes,falsasque

2146 2098 2406 2155 rationes.
2439 2101 2557 2168 Quo
2594 2102 2740 2156 enim
2790 2109 2945 2170 pacto
2990 2102 3110 2170 quis
3150 2101 3309 2162 fidem
3358 2103 3425 2160 iis
3466 2105 3759 2175 adhibeat,

2145 2206 2265 2261 quae
2311 2194 2522 2250 incerto
2581 2202 2636 2250 et
2681 2193 2882 2249 nullius
2927 2196 3268 2251 auctoritatis
3308 2199 3575 2267 scriptore
3624 2199 3761 2258 alle-

2143 2287 2372 2342 runtur?
2402 2288 2587 2358 anue
2616 2297 2875 2358 spernat,
2908 2304 3026 2357 quae
3057 2289 3232 2359 ipsum
3264 2289 3567 2347 Romanum
3608 2294 3757 2350 Mar-

2144 2377 2503 2447 tyrologium,
2538 2378 2683 2432 Beda
2709 2420 2722 2443 ,
2753 2377 2950 2433 Paulus
2982 2378 3284 2447 Diaconus,
3312 2382 3514 2453 aliique
3559 2383 3752 2441 claris-

2141 2467 2264 2520 simi
2309 2478 2561 2522 auctores
2609 2475 2896 2533 testantur,
2942 2484 3170 2538 quorutn
3197 2486 3361 2540 opera
3405 2474 3604 2544 ubique
3643 2476 3751 2532 dif-

2139 2559 2259 2613 fusa
2299 2560 2440 2628 justa
2480 2560 2907 2631 reprehensione
2947 2578 3051 2618 non
3106 2564 3444 2631 caruissent,
3473 2567 3519 2620 si
3550 2567 3750 2637 aliquis

2140 2651 2193 2705 in
2222 2652 2303 2706 eis
2343 2666 2499 2707 error
2537 2651 2888 2722 irrepsisset?
2917 2653 2986 2708 At
3029 2655 3363 2711 recentiores
3411 2657 3499 2721 bi,
3547 2659 3636 2727 qui
3681 2675 3743 2716 se

2139 2758 2251 2813 prze
2278 2744 2530 2800 omnibus
2558 2746 2836 2800 veteribus
2880 2759 3073 2815 sapere
3105 2746 3238 2801 falso
3280 2755 3505 2817 putant,
3545 2758 3602 2804 et
3647 2765 3749 2820 pro

2140 2836 2291 2891 libito
2319 2837 2671 2892 auctoritates
2703 2836 2918 2892 easdem
2950 2839 3216 2907 recipiunt
3271 2847 3326 2902 et
3351 2849 3636 2910 respuunt,
3668 2843 3750 2896 ni-

2137 2928 2243 2982 mia
2273 2927 2532 2983 facilitate
2573 2928 2824 2998 antiquos
2868 2937 3095 2999 carpunt
3139 2937 3424 2998 auctores,
3451 2946 3481 2984 a
3514 2945 3744 3001 quorum

2137 3022 2408 3077 sententia
2438 3021 2726 3088 recedere,
2771 3021 2826 3076 in
2859 3023 2940 3076 his
2976 3021 3278 3092 prmsertim
3299 3063 3314 3088 ,
3345 3037 3469 3093 qua:
3495 3024 3563 3078 ad
3593 3033 3743 3080 vete-

437 3113 721 3169 evidenter
750 3127 1002 3182 agnoscas
1023 3153 1036 3177 ,
1072 3113 1160 3166 hic
1189 3127 1255 3165 ex
1297 3109 1502 3165 Gallico
1533 3125 1787 3164 sermone
1830 3109 1880 3162 in
1910 3108 2034 3162 lati~
2061 3111 2106 3174 C
2142 3129 2254 3169 rem
2284 3115 2564 3170 historiam
2595 3117 2890 3186 pertinent,
2920 3116 3021 3170 nisi
3046 3116 3112 3172 de
3139 3117 3486 3186 apertissimo
3514 3132 3744 3194 arguant

438 3222 562 3260 num
635 3205 872 3274 ipsorum
910 3205 1068 3260 effata
1111 3204 1449 3259 exhibemus.
1484 3201 1730 3272 (Dupin,
1781 3199 2030 3255 Biblioth.

440 3297 616 3362 Eccl.,
660 3305 697 3349 t.
726 3312 776 3358 ι,
815 3305 946 3364 part.
981 3313 1018 3363 ι,
1067 3297 1224 3348 trium
1276 3295 1431 3361 print.
1487 3292 1691 3364 swcul.)
1737 3292 2035 3347 Communis

441 3391 612 3461 Opinio
638 3398 712 3442 est
735 3386 829 3460 (ait
863 3388 1120 3460 Dupinus)
1153 3388 1422 3459 quemdam
1452 3388 1610 3458 fuisse
1641 3385 1897 3441 Zenonem
1931 3385 2032 3440 Ve-

436 3495 578 3534 rona:
603 3481 918 3549 episcopum,
948 3481 1034 3550 qui
1062 3479 1156 3534 sub
1183 3481 1397 3549 imperio
1428 3478 1684 3545 Gallieni,
1721 3477 2033 3548 Martyrium

441 3573 631 3625 tulerit.
668 3570 734 3624 Et
764 3573 860 3642 ipsi
892 3589 1148 3627 sermones
1175 3573 1383 3642 quidam
1403 3573 1695 3627 tribuuntur
1722 3590 1754 3626 a
1775 3571 2027 3638 Guarino,

437 3668 560 3720 editi
598 3664 822 3718 Venetiis
871 3677 918 3719 et
985 3666 1199 3720 Veronte
1241 3666 1400 3737 prtelo
1425 3667 1601 3721 excusi
1652 3683 1787 3720 anno
1825 3665 1961 3720 1508
1987 3672 2034 3718 et

441 3758 601 3823 1586,
634 3760 721 3828 qui
759 3768 932 3829 postea
969 3761 1022 3813 in
1061 3760 1362 3814 bibliotheca
1403 3759 1524 3814 PP.
1559 3762 1700 3831 fuere
1738 3759 1934 3814 inserti.
1967 3758 2034 3811 At

438 3853 595 3924 hujus
633 3853 873 3916 auctoris,
904 3869 1052 3918 quem
1074 3870 1284 3922 prorsus
1313 3854 1586 3921 antiquitas
1608 3853 1858 3922 ignoravit
1879 3867 2034 3920 opera

436 3944 758 4016 rejiciuntur.
796 3943 861 3996 Et
900 3945 951 3998 in
993 3944 1202 3998 dubium
1240 3946 1448 3998 vertitur
1492 3961 1558 3997 an
1614 3946 1770 4016 hujus
1813 3943 2033 3997 nominis

440 4033 731 4104 Episcbpus
765 4034 982 4089 Verona:
1025 4037 1215 4106 fuerit,
1258 4037 1343 4106 qui
1389 4037 1480 4090 sub
1530 4034 1753 4090 Gallieni
1805 4033 2033 4104 Imperio

438 4137 636 4196 martyr
663 4127 863 4180 abierit.
893 4126 972 4180 Ad
997 4126 1100 4181 hoc
1132 4127 1486 4196 probandum,
1516 4126 1650 4181 nihil
1679 4126 1824 4180 aliud
1856 4125 2030 4192 affert,

436 4235 599 4290 quam
644 4219 700 4276 S.
729 4220 996 4274 Ambrosii
1028 4218 1312 4289 epistolam
1357 4219 1422 4274 ad
1460 4218 1744 4289 Syagrium
1776 4217 2030 4287 scriptam

438 4313 551 4386 (lib.
578 4328 615 4377 ι,
643 4329 755 4382 cap.
792 4314 902 4382 11),
935 4314 985 4367 in
1014 4327 1117 4383 qua
1147 4312 1278 4366 dicit
1298 4312 1366 4367 de
1393 4312 1610 4367 Zenone
1637 4310 1867 4381 quodam
1885 4326 2034 4366 men-

439 4405 642 4460 tionem
673 4405 806 4471 lieri,
837 4406 973 4460 falso
1001 4414 1176 4460 tamen
1205 4406 1409 4476 Syagrii
1438 4403 1742 4458 decessore.
1778 4402 1948 4458 Alfert
1979 4412 2031 4458 et

2141 3221 2226 3266 tur
2271 3227 2488 3279 errore,
2533 3227 2638 3268 non
2683 3213 2816 3267 satis
2861 3221 3058 3280 tutum,
3089 3213 3217 3282 quin
3261 3227 3292 3266 a
3343 3211 3588 3283 periculo
3634 3227 3742 3268 non

2138 3303 2296 3372 longe
2323 3303 2511 3373 procul
2538 3317 2658 3359 esse
2683 3303 3028 3359 crediderim.

2776 3433 3007 3491 CAPUT
3045 3434 3115 3490 Χ.

2139 3550 2522 3606 Examinantur
2558 3551 2758 3622 reliqua
2794 3566 2906 3621 qua:
2943 3549 3330 3621 Papebrochius
3375 3552 3534 3622 refert
3572 3551 3741 3624 pridie

2234 3643 2352 3698 idus
2373 3644 2577 3713 aprilis,
2611 3645 2789 3713 quibus
2816 3643 2876 3700 S.
2904 3644 3044 3698 Zeno
3071 3643 3345 3714 Confessor
3371 3647 3638 3701 asseritur.

2211 3755 2370 3809 Plura
2421 3756 2560 3825 apud
2610 3755 3040 3826 Papobrocbium
3083 3757 3374 3825 leguntur,
3426 3758 3495 3815 de
3539 3757 3737 3828 quibus

2138 3861 2298 3916 supra
2359 3855 2660 3917 opportune
2703 3850 3071 3904 tractavimus.
3122 3850 3199 3905 De
3239 3849 3452 3908 Bellino
3496 3853 3640 3910 enim
3680 3862 3736 3912 et

2137 3941 2353 3996 Molano
2375 3943 2605 4012 egimus,
2633 3957 2752 4014 cap.
2781 3944 2835 4006 7,
2867 3945 2992 3998 item
3022 3943 3090 3999 de
3118 3943 3381 4001 Ecclesiae
3408 3945 3735 4006 Veronensis

2140 4035 2451 4102 traditione,
2485 4050 2604 4105 cap.
2636 4036 2689 4090 6.
2720 4035 2797 4091 De
2824 4036 2943 4091 aliis
2969 4051 3090 4106 qua:
3121 4045 3330 4093 restant
3352 4037 3440 4092 hic
3466 4039 3732 4102 dicemus.

2140 4135 2196 4180 ut
2237 4128 2416 4182 omnia
2449 4143 2568 4198 qua:
2599 4129 2880 4194 novimus,
2925 4129 3300 4185 discutiamus.
3344 4129 3461 4185 Non
3511 4132 3736 4200 proinde

2138 4219 2335 4274 mirum
2369 4221 2534 4274 videri
2577 4219 2756 4284 debet,
2791 4221 2934 4290 quod
2985 4222 3039 4276 in
3082 4221 3324 4277 Ecclesia
3375 4224 3735 4279 Ambrosiana

2137 4321 2192 4366 et
2241 4311 2293 4365 in
2339 4311 2540 4367 Missali
2583 4311 2826 4379 ejusdem
2869 4313 3124 4368 Ecclesiae
3156 4315 3283 4369 anni
3317 4314 3452 4370 1522
3487 4324 3543 4370 et
3571 4315 3731 4382 1560.

2137 4402 2295 4456 sicuti
2323 4412 2376 4456 et
2406 4404 2457 4457 in
2487 4403 2766 4458 Breviario
2786 4403 2844 4460 S.
2873 4404 3019 4459 Zeno
3039 4405 3332 4460 Confessor
3351 4405 3580 4473 dicatur,
3608 4419 3733 4461 cum

441 4498 638 4553 Molani
670 4503 1064 4555 correctionem
1090 4514 1155 4552 ac
1186 4499 1426 4553 Panvinii
1458 4498 1767 4568 opinionem
1799 4496 1866 4550 de
1923 4506 2033 4551 tra-
2060 4489 2112 4548 D
2141 4493 2192 4546 in
2220 4496 2408 4549 eadem
2439 4494 2683 4549 Ecclesia
2712 4496 2886 4550 solum
2910 4497 3127 4551 Festum
3157 4498 3524 4554 Ordinationis
3547 4499 3606 4556 S.
3635 4499 3736 4558 Ze-

437 4591 642 4644 ditione
676 4590 929 4646 Ecclesia:
955 4591 1279 4647 Veronensis
1306 4592 1373 4646 de
1403 4591 1595 4656 quibus
1625 4604 1784 4659 supra
1827 4591 2035 4654 egimus

440 4683 557 4753 (lib.
590 4698 657 4748 ιι,
690 4700 806 4754 cap.
837 4683 891 4748 6,
923 4683 998 4756 7).
1042 4684 1210 4749 Quam
1254 4697 1386 4738 vero
1431 4682 1658 4750 turpiter
1698 4681 1906 4735 labatur
1942 4697 2035 4736 ne-

439 4777 616 4848 gando
641 4776 696 4833 S.
723 4777 996 4834 Zenonem
1029 4787 1268 4846 tempore
1297 4775 1527 4831 Gallieni
1564 4773 1792 4829 Verona:
1819 4773 2036 4842 Episco-

443 4887 566 4940 pum
587 4914 601 4937 ,
634 4871 920 4926 manifesto
945 4878 1091 4940 patet
1128 4885 1195 4924 ex
1220 4868 1508 4922 Mabillonii
1538 4883 1638 4943 ms.
1675 4882 1834 4936 supra
1865 4867 2036 4921 relato

442 4965 556 5034 (lib.
587 4980 658 5029 ιι,
699 4951 816 5033 cap.
861 4963 938 5036 l),
981 4964 1072 5034 qui
1123 4964 1174 5017 in
1202 4963 1592 5017 Veronensium
1646 4962 2034 5030 EpiscOporum

441 5060 586 5126 albo,
636 5069 826 5114 octavo
874 5057 1061 5114 scribit
1109 5057 1227 5111 loco
1254 5055 1548 5110 Zenonem.
1581 5054 1815 5116 Octavus
1857 5063 2037 5107 autem

446 5152 742 5219 Epismpus
776 5149 1022 5215 Veronae,
1059 5148 1271 5204 nonnisi
1298 5147 1632 5216 temporibus
1660 5145 1888 5201 Gallieni
1916 5160 2041 5199 con-

443 5245 610 5300 venit.
639 5242 1018 5298 Tillemontius
1049 5256 1262 5312 quoque
1290 5239 1438 5310 (tam.
1471 5254 1543 5301 tv,
1574 5254 1709 5290 mon.
1744 5235 1944 5292 Eccles.
1976 5236 2039 5291 de

444 5338 709 5391 Persecut.
751 5335 1046 5399 Valeriani,
1082 5344 1188 5388 not.
1220 5333 1274 5404 5)
1305 5332 1570 5385 adductus
1604 5329 1873 5394 rationes,
1907 5343 2041 5399 quas

442 5445 604 5499 supra
641 5428 952 5498 rejecimus,
989 5427 1119 5480 tanti
1144 5425 1289 5490 facit,
1327 5435 1382 5477 ut
1409 5423 1558 5478 nullo
1589 5424 1694 5476 alio
1727 5430 1881 5490 pacto
1903 5421 2044 5476 hanc

440 5521 581 5576 solvi
610 5521 966 5590 quaestionem
999 5530 1159 5586 posse
1211 5525 1387 5584 putet,
1419 5530 1579 5583 quam
1610 5514 1652 5567 si
1685 5512 1739 5566 S.
1770 5510 2043 5566 Zenonem

445 5626 695 5684 tempore
741 5611 970 5668 Gallieni
1014 5625 1120 5664 non
1153 5609 1356 5665 vixisse
1386 5609 1690 5662 credamus.
1741 5603 1898 5658 Ratio
1921 5607 2048 5674 [aci-

442 5713 545 5771 tior
591 5706 656 5763 ab
702 5705 780 5768 his
818 5702 1055 5762 omnibus
1093 5700 1478 5780 diﬁcultatibus
1516 5714 1570 5756 se
1611 5695 1896 5756 extricandi
1945 5706 2048 5766 est,

2140 4587 2298 4641 nonis
2325 4597 2533 4658 agatur,
2564 4588 2706 4659 quod
2735 4590 2802 4643 de
2839 4589 3166 4648 Confessore
3197 4592 3460 4648 Pontiﬁce
3495 4593 3736 4648 celebra-

2140 4687 2242 4743 tur,
2281 4687 2383 4732 tam
2410 4679 2462 4734 in
2488 4679 2732 4734 Ecclesia
2763 4681 3085 4749 Veronensi,
3117 4699 3274 4753 quam
3309 4684 3648 4752 Pistoriensi,
3681 4685 3732 4739 in

2140 4780 2340 4840 qua,ut
2363 4773 2770 4828 observavimus
2795 4774 2932 4845 (cap.
2963 4777 3038 4846 7),
3071 4777 3133 4830 ad
3159 4775 3276 4832 hrrc
3299 4791 3472 4846 usque
3494 4785 3738 4848 tempora

2141 4862 2280 4917 idem
2315 4863 2534 4919 Festum
2566 4864 2665 4919 sub
2690 4866 2845 4920 titulo
2862 4866 3200 4922 Cenfessoris
3225 4868 3499 4923 Pontiﬁcis
3521 4879 3738 4926 notatur

2140 4955 2190 5006 in
2219 4955 2542 5010 Kalendario
2566 4957 2630 5009 ad
2654 4957 2816 5012 ritum
2847 4957 3210 5014 indicandum.
3239 4961 3391 5014 Nunc
3417 4971 3595 5017 autem
3622 4963 3736 5032 ipsa

2142 5045 2499 5102 Ambrosiana
2530 5047 2802 5112 Ecclesia,
2835 5060 2892 5102 ut
2934 5049 3118 5106 videre
3147 5061 3229 5106 est
3256 5053 3307 5107 in
3353 5051 3556 5110 Missali
3603 5069 3740 5126 prte-

2141 5136 2287 5191 dicto
2315 5138 2440 5190 anni
2479 5137 2640 5203 1692,
2671 5139 2726 5194 8.
2757 5138 3028 5195 Zenonem
3071 5154 3365 5215 martyrem
3391 5145 3526 5200 colit
3570 5145 3742 5214 pridie

2145 5230 2269 5285 ldus
2300 5231 2650 5285 Decembris:
2683 5231 2734 5285 id
2762 5242 2938 5286 autem
2969 5249 3073 5288 non
3105 5235 3222 5290 leve
3251 5246 3334 5290 est
3364 5245 3743 5305 argumentum

2147 5324 2214 5379 ad
2263 5323 2688 5378 confirmandam
2739 5325 2982 5396 martyrii
3028 5326 3089 5383 S.
3135 5327 3368 5383 Zenonis
3411 5330 3740 5383 veritatem:

2149 5416 2280 5472 Cum
2315 5418 2429 5489 ipsa
2459 5417 2702 5472 Ecclesia
2733 5418 3088 5476 Atubrosiana
3119 5423 3228 5475 suis
3259 5421 3312 5474 iu
3342 5421 3532 5475 ritibus
3558 5422 3746 5475 obser-

2153 5509 2341 5564 vandis
2380 5509 2516 5564 adeo
2557 5510 2826 5581 religiosa,
2857 5511 2927 5566 ita
2958 5514 3180 5583 antiqua
3227 5511 3458 5566 Missalia
3482 5511 3744 5579 correxit,

2155 5607 2297 5674 quod
2330 5603 2516 5674 utique
2557 5615 2662 5660 non
2691 5604 2940 5668 fecisset,
2975 5604 3080 5661 nisi
3119 5611 3268 5658 certo
3297 5602 3396 5656 sibi
3424 5602 3756 5655 constitisset

2155 5698 2212 5759 S.
2240 5696 2523 5765 Zenonem
2555 5697 2817 5770 martyrio
2846 5708 3197 5756 coronatum.
3239 5691 3294 5746 Si
3321 5706 3452 5749 vero
3492 5689 3551 5746 s.
3582 5690 3763 5749 Zeno.
