4198 6160
441 262 540 316 “Si

439 469 704 525 fessorem
727 509 741 533 ,
773 482 882 522 non
927 463 1218 536 Martyrem
1254 461 1484 531 legimus
1504 502 1518 525 ,
1550 474 1617 515 eo
1646 457 1787 528 quod
1819 455 2049 511 Ordina-

439 562 607 618 tionis
634 561 753 629 ejus
800 558 1021 614 Festum
1067 556 1451 620 celebraretur,
1497 551 1651 607 facile
1690 558 1745 605 et
1774 550 1826 604 in
1874 548 2050 618 diplo-

444 662 592 708 mate
619 651 871 706 Ludovici
898 650 1000 714 Pii,
1035 649 1094 705 8.
1125 648 1273 704 Zeno
1299 645 1592 702 Confessor
1621 643 1727 698 dici
1756 642 1950 713 potuit,
1981 656 2048 697 eo

445 745 589 816 quod
615 745 734 814 ejus
761 745 1013 814 princeps
1043 742 1259 798 Fesmm
1279 784 1293 808 ,
1324 740 1535 796 scilicet
1560 737 1930 794 Ordinationis
1962 750 2048 790 so-

441 839 676 894 letnnius
699 837 929 893 Veronae
959 838 1352 898 celebrabatur,
1383 842 1440 889 et
1469 833 1554 888 vix
1584 849 1615 888 e
1642 831 1843 886 szeculo
1875 829 2050 884 homi-

446 945 542 985 nes
574 930 792 984 Festum
825 930 994 1000 ipsius
1033 928 1269 1000 Martyrii
1301 934 1567 982 noverant
1604 923 1888 980 celebrari.
1938 921 2051 976 Hoc

442 1037 576 1077 vero
602 1023 934 1092 probabilius
963 1021 1227 1085 redditur,
1258 1020 1378 1088 quia
1401 1019 1698 1086 antiquitus
1725 1017 1776 1070 in
1809 1014 2050 1083 Quadra-

444 1117 650 1187 gesima
682 1117 888 1171 nullum
922 1117 1138 1170 lt‘estum
1177 1116 1500 1168 Sanctorum
1549 1109 1946 1169 celebrabatur,
1993 1116 2051 1162 ut

447 1224 514 1263 ex
547 1208 772 1263 Concilii
801 1207 1050 1261 Toletani
1083 1220 1292 1261 canone
1319 1216 1463 1257 anno
1508 1202 1612 1257 ($56
1639 1199 1805 1254 habiti
1846 1197 2050 1267 colligi-

445 1307 538 1352 tur
571 1300 746 1370 (Apud
779 1298 1045 1362 Martene,
1080 1307 1202 1351 tom.
1236 1311 1290 1359 v,
1323 1295 1446 1365 pag.
1473 1291 1600 1363 63):
1636 1291 1787 1345 Nihil
1817 1291 1879 1344 de
1907 1289 2046 1343 Sane

446 1400 643 1444 ctorum
666 1390 1090 1453 solemnitatibus,
1116 1390 1245 1442 sicut
1275 1403 1336 1441 ea:
1363 1385 1663 1455 antiquitate
1682 1382 1902 1452 regulari
1929 1397 2051 1434 cau-

448 1492 554 1535 tum
577 1491 672 1545 est,
702 1482 933 1535 conuenit
964 1480 1230 1534 celebrari.
1261 1478 1330 1532 Et
1361 1474 1666 1547 hujusmodi
1687 1472 1896 1528 Canoni
1921 1487 2051 1526 con-

448 1574 638 1628 cordat
682 1589 786 1628 ms.
819 1573 981 1643 hujus
1018 1570 1348 1626 cathedralis
1375 1569 1631 1624 Ecclesiae
1665 1563 2047 1629 Pistoriensis,

449 1682 514 1723 ex
548 1683 721 1738 eoque
754 1667 912 1737 hujus
952 1674 1154 1721 nostrae
1183 1664 1442 1719 Ecclesia:
1478 1661 1767 1730 antiquitas
1794 1673 2046 1728 compro-

1620 252 1708 308 DE
1739 247 1984 307 SANC'I'I
2025 243 2316 302 ZENONIS
2356 242 2634 300 EPOCHA

347 412 353 418 -
440 393 567 432 nem
599 376 655 432 in
687 372 1088 448 Martyrologiis
1139 368 1410 441 aliquibus
1448 377 1502 424 et
1528 366 1868 432 Missalibus,
1917 377 2048 418 con-
2073 362 2126 425 Α

3635 237 3743 294 652

2759 353 2995 414 CAPUT
3017 353 3109 410 XI.

2156 451 2282 519 Qua:
2298 451 2362 506 de
2386 450 2446 506 S.
2470 449 2693 505 Zenonis
2712 449 2957 520 nmrtyrio
2978 447 3216 516 superius
3235 445 3429 517 digesta
3449 454 3590 512 sunt,
3615 443 3752 500 breui

2671 544 2984 614 colliguntur
3007 541 3230 612 epilogo.

2223 636 2484 692 Ecclesiae
2514 635 2875 699 Veronensis,
2908 633 3065 687 sicuti
3114 633 3277 687 etiam
3314 631 3546 702 insignis
3592 631 3756 701 hujus

2151 730 2492 786 Cathedralis
2533 729 2789 784 Ecclesiae
2819 725 3200 791 Pistoriensis,
3249 723 3759 798 continuatatradi-

2152 823 2260 888 tio,
2308 831 2599 893 martyrem
2653 821 2710 876 8.
2761 819 3039 873 Zenonem
3083 817 3440 872 demonstrat.
3491 817 3761 894 Quamvis

2152 921 2294 975 enim
2328 920 2379 974 in
2411 918 2584 973 Festis
2609 919 2665 973 S.
2692 916 2928 972 Zenonis
2952 916 3309 982 celebrandis,
3341 917 3501 981 ritus,
3534 923 3589 971 et
3618 915 3763 970 Mar-

2154 1015 2318 1085 tyris,
2352 1022 2407 1068 et
2433 1010 2776 1067 Confessoris
2804 1011 3072 1065 admixtus
3103 1008 3295 1072 fuerit,
3327 1024 3544 1080 semper
3576 1022 3761 1064 tamen

2151 1103 2392 1176 Martyrii
2425 1103 2790 1158 meminerunt
2823 1101 2904 1155 hac
2927 1101 3049 1155 dua:
3081 1099 3340 1155 Ecclesia:
3362 1142 3376 1166 ,
3416 1116 3536 1170 qua:
3564 1100 3620 1155 S.
3651 1099 3762 1155 Ze-

2154 1213 2355 1253 nonem
2385 1197 2680 1253 Patronum
2736 1212 2893 1252 suum
2936 1203 3263 1252 venerantur
3298 1205 3353 1251 et
3392 1195 3596 1252 colunt.
3627 1196 3763 1252 Hmc

2154 1289 2371 1344 traditio
2394 1289 2451 1343 S.
2473 1288 2716 1359 Gregorii
2735 1287 3053 1342 auctoritate
3077 1286 3297 1354 probata
3332 1286 3398 1340 ad
3427 1301 3626 1341 annum
3648 1287 3766 1344 595

2153 1380 2546 1450 posterioribus
2587 1395 2802 1450 quoque
2831 1379 3044 1434 smculis
3069 1378 3549 1434 celeberrimorum
3577 1389 3769 1434 aucto-

2154 1488 2274 1526 rum
2301 1471 2612 1527 testimonio
2632 1486 2694 1526 ac
2718 1472 3080 1525 monumentis
3096 1469 3470 1526 vetustissimis
3485 1468 3772 1525 conﬁrma-

2157 1573 2262 1617 tur.
2307 1561 2670 1617 Conlirmatur
2710 1564 2759 1618 in
2830 1563 3015 1634 primis
3079 1563 3384 1618 testimonio
3436 1562 3772 1619 Venerabilis

2155 1656 2356 1722 Bedaa,
2396 1656 2487 1728 qui
2544 1656 2684 1712 circa
2754 1673 2951 1712 annum
3009 1657 3143 1722 7'51;
3200 1657 3554 1713 conﬁrmatur
3619 1657 3772 1712 testi-

448 1762 628 1816 batur.
661 1761 738 1815 De
767 1761 930 1816 Festo
968 1774 1200 1830 namque
1241 1756 1478 1828 Martyrii
1509 1755 1566 1812 8.
1602 1753 1836 1809 Zenonis
1866 1767 2053 1806 mense
2080 1753 2129 1813 B
2158 1751 2341 1805 monio
2370 1749 2519 1804 Pauli
2550 1750 2768 1806 Diaconi
2791 1791 2807 1816 ,
2833 1749 2927 1820 qui
2966 1761 3088 1819 post
3113 1751 3354 1818 elapsum
3400 1764 3600 1803 annum
3635 1749 3766 1814 774;

447 1852 620 1922 Aprili
648 1854 726 1907 sic
767 1853 929 1907 habet
962 1871 974 1905 :
1021 1851 1081 1907 Si
1111 1850 1324 1904 Festum
1359 1849 1422 1904 Β.
1459 1849 1680 1903 Zenonis
1720 1855 1955 1916 occurrat
1999 1846 2051 1899 in

451 1945 627 2014 aliqua
655 1945 736 1998 die
768 1945 1206 2015 Quadragesimae,
1236 1945 1313 1997 vel
1335 1944 1387 1996 in
1417 1943 1501 1997 die
1521 1941 1950 2007 Resurrectionis,
1977 1939 2055 1995 vel

450 2036 680 2104 sequenti
711 2035 793 2088 die
820 2034 1004 2102 Lunae,
1039 2036 1115 2088 uel
1153 2033 1362 2100 Martis,
1387 2051 1444 2087 eo
1475 2050 1609 2086 anno
1639 2032 1769 2086 nihil
1796 2034 1858 2086 de
1881 2049 1941 2088 eo
1975 2037 2052 2103 fa-

451 2123 650 2180 cimus.
679 2127 742 2180 Si
783 2137 954 2179 autent
983 2136 1218 2180 occurrat
1259 2126 1341 2179 die
1370 2124 1644 2190 Mercurii,
1679 2125 1756 2178 vel
1796 2125 1848 2177 in
1882 2123 2053 2193 aliquo

450 2220 679 2286 sequenti
723 2219 888 2287 ipsius
939 2218 1212 2272 Paschalis
1260 2217 1644 2283 Hebdomades,
1697 2217 1774 2271 uel
1813 2218 1926 2286 ipso
1973 2216 2057 2271 die

457 2305 662 2360 Octavia
691 2310 1247 2377 resurrectionis,‘lum
1290 2309 1402 2362 sola
1445 2308 1624 2362 Oratio
1671 2309 1728 2376 ﬁt
1771 2308 1834 2362 de
1857 2314 1915 2362 eo
1939 2325 2053 2361 cum

453 2415 548 2452 sua
576 2400 893 2472 Antip/iona.
925 2399 1094 2473 (Ordo
1124 2399 1267 2470 Oﬁic.
1286 2399 1533 2455 Ecclesiw
1557 2399 1857 2466 Pistorien.,
1889 2400 1966 2452 tit.
1992 2399 2057 2453 de

453 2489 688 2561 Deposit.
717 2493 779 2547 S.
811 2491 1033 2556 Zenon.,
1057 2510 1171 2563 cap.
1206 2491 1290 2564 2.)
1317 2492 1431 2560 Qua
1453 2492 1522 2546 de
1544 2506 1704 2546 causa
1737 2501 1883 2561 puto,
1911 2490 2054 2560 quod

451 2582 504 2636 in
537 2583 646 2637 alio
677 2599 780 2637 ms.
811 2583 1154 2649 Kalendario,
1185 2583 1254 2639 de
1280 2600 1387 2656 quo
1411 2586 1572 2639 etiam
1601 2599 1766 2653 supra
1786 2624 1802 2652 ,
1829 2584 2051 2639 Festum

452 2672 509 2729 8.
553 2673 788 2729 Zenonis
827 2676 879 2729 in
928 2676 1032 2731 hac
1074 2677 1309 2732 Ecclesia
1360 2676 1675 2734 Pistoriensi
1719 2677 2052 2746 assignatum

454 2764 618 2820 fuerit
647 2782 719 2821 xu
759 2767 1030 2822 Kalendas
1069 2769 1194 2822 maii
1217 2810 1231 2834 ,
1264 2783 1334 2823 ne
1379 2769 1589 2823 scilicet
1615 2769 1690 2822 ita
1720 2770 2052 2837 frequenter,

453 2857 540 2912 vel
567 2857 620 2912 in
649 2858 1095 2929 Quadragesima,
1122 2859 1208 2914 vel
1239 2860 1289 2912 in
1315 2859 1657 2914 solemnitate
1686 2858 1939 2913 Paschali
1963 2873 2057 2915 oc-

454 2958 701 3002 curreret
758 2957 813 3004 et
863 2949 1231 3026 impediretur.
1264 2951 1396 3006 Cum
1445 2951 1624 3021 itaque
1655 2950 1874 3004 Festum
1918 2950 2056 3005 Mar-

452 3040 578 3110 tyrii
606 3039 662 3098 S.
696 3040 930 3095 Zenonis
961 3041 1133 3111 pridie
1155 3042 1301 3106 ldus,
1334 3057 1478 3112 saepe
1500 3043 1585 3098 vel
1610 3042 2049 3111 Quadragesima,

2158 1841 2508 1897 conﬁrmatur
2557 1843 2866 1899 testimonio
2918 1843 3311 1917 wandelherti,
3345 1845 3434 1915 qui
3464 1859 3606 1898 anno
3632 1844 3762 1911 855,

2159 1934 2246 1987 vel
2263 1935 2478 1990 circiter
2499 1935 2821 2009 ﬂoruerunt.
2857 1936 3128 1992 Rithmica
3166 1953 3380 2008 quoque
3408 1938 3667 2003 narratio,
3698 1937 3775 1992 de

2156 2041 2261 2096 qua
2279 2042 2436 2096 supra
2452 2029 2591 2098 (cap.
2613 2029 2686 2099 l),
2711 2045 2853 2099 quze,
2880 2041 2936 2084 ut
2954 2030 3276 2084 Muratorius
3298 2039 3469 2100 putat,
3501 2030 3638 2084 circa
3670 2044 3777 2084 an-

2159 2135 2284 2172 num
2312 2119 2433 2200 799,
2451 2119 2760 2176 elucubrata
2787 2121 2906 2186 fuit,
2940 2132 2991 2175 et
3007 2138 3034 2175 a
3052 2121 3311 2178 Ratherio
3331 2121 3630 2187 Veronensi
3645 2123 3731 2192 cpi
3746 2154 3774 2163 -

2158 2223 2346 2280 scapo,
2371 2211 2422 2264 in
2457 2210 2769 2279 Laubiensi,
2791 2211 3054 2269 Cmnohio
3073 2229 3216 2268 anno
3246 2213 3352 2269 970
3380 2215 3665 2281 collocata,
3696 2215 3764 2270 S.

2158 2301 2430 2357 Zenonem
2453 2302 2742 2375 Martyrem
2763 2318 2886 2360 esse
2906 2303 3212 2360 confirmat.
3237 2305 3676 2377 Martyrologium
3708 2307 3770 2360 in

2157 2393 2473 2449 Pistoriensi
2488 2394 2819 2450 Bibliotheca
2845 2397 2946 2466 pia:
2969 2397 3166 2451 Dormis
3192 2395 3650 2467 SapientiazJicet
3670 2398 3775 2452 de-

2157 2494 2458 2553 pravatum.
2475 2486 2675 2540 saeculo
2694 2486 2980 2542 undecimo
2997 2487 3244 2542 elabente
3261 2486 3317 2542 S.
3335 2486 3541 2542 Zenoni
3562 2487 3770 2558 Marty-

2157 2576 2232 2631 ris
2253 2591 2448 2631 nomen
2473 2579 2738 2632 attribuit.
2755 2579 2874 2633 Alia
2899 2581 3274 2650 iusuper,qu:e
3294 2578 3510 2635 Pistorii
3525 2588 3769 2643 exstant,

2157 2682 2260 2721 ms.
2299 2667 2682 2724 Kalendarium
2708 2656 2990 2738 videlicet,
3018 2682 3072 2726 et
3096 2671 3242 2726 Ordo
3269 2672 3438 2726 Divini
3461 2671 3632 2727 Oilicii
3661 2670 3773 2726 Ca-

2157 2757 2416 2815 thedralis
2446 2762 2609 2828 hujus
2640 2762 2896 2817 Ecclesize
2921 2759 3312 2832 posterioribus
3342 2762 3554 2818 saeculis
3583 2761 3768 2818 eidem

2156 2851 2221 2906 D.
2250 2851 2474 2908 Praesuli
2506 2852 2753 2924 Martyris
2802 2854 3008 2910 cultum
3055 2855 3387 2924 impcrtiunt.
3417 2854 3623 2922 Quibus
3652 2853 3778 2908 Ga-

2159 2947 2367 3001 lesinus
2381 2956 2436 3006 et
2467 2945 2702 3001 Felicius
2731 2947 3118 3019 Martyrologio
3158 2946 3404 3002 Romano
3448 2962 3552 3000 nou
3583 2947 3768 3001 adhuc

2157 3040 2448 3095 emendato
2487 3055 2516 3093 a
2545 3040 2808 3109 Gregorio
2842 3039 2957 3096 Xlll
3005 3040 3226 3094 minime
3274 3038 3630 3109 refragantur.
3661 3037 3769 3093 Hic

449 3132 537 3186 vel
565 3133 908 3202 paschalibus
932 3134 1212 3189 solemniis
1239 3135 1600 3200 omitteretur,
1637 3133 1720 3188 vel
1747 3142 1951 3188 tantum
1983 3133 2050 3189 de
2079 3125 2125 3188 C
2157 3147 2388 3202 namque
2437 3133 2653 3202 scripsit
2691 3148 2832 3187 anno
2879 3131 3042 3197 l556,
3091 3133 3184 3187 ille
3227 3148 3358 3186 vero
3406 3147 3548 3187 anno
3596 3131 3760 3186 1578.

450 3239 518 3281 eo
539 3230 987 3283 commemoratio
1017 3228 1200 3296 ﬁeret,
1235 3229 1384 3283 notio
1407 3229 1526 3298 ejus
1550 3228 1632 3283 vel
1663 3227 1837 3294 nulla,
1869 3227 1954 3281 vel
1979 3227 2049 3282 ita

449 3320 658 3374 occulta
687 3328 824 3383 erat,
855 3329 912 3374 ut
934 3319 1112 3390 potius
1138 3335 1296 3389 quam
1321 3320 1524 3392 Martyr
1545 3317 1838 3374 Confessor
1863 3318 1935 3373 ob
1957 3333 2049 3372 so-

448 3409 768 3466 lemniorem
805 3413 977 3481 ipsius
1003 3411 1372 3467 Ordinationis
1401 3412 1772 3467 Festivitatem
1813 3426 1842 3464 a
1875 3411 2050 3465 Laicis

447 3501 790 3572 potissimum
819 3503 1113 3557 diceretur.
1148 3503 1333 3570 Quoad
1367 3503 1622 3571 reliquias
1644 3511 1824 3556 autem
1858 3501 1915 3556 S.
1947 3501 2048 3556 Ze-

448 3595 609 3650 nonis
647 3592 1024 3661 Conlessoris,
1054 3612 1173 3666 qua:
1204 3605 1354 3650 extra
1385 3595 1675 3650 Civitatem
1705 3595 1930 3650 Verona:
1959 3611 2050 3650 ve-

448 3695 731 3752 nerantur,
763 3687 884 3742 dico
913 3688 1093 3758 plures
1119 3687 1286 3742 fuisse
1313 3687 1371 3742 S.
1398 3686 1647 3742 Zenones
1671 3687 2044 3754 Confessores,

449 3787 509 3833 ut
537 3795 605 3835 ex
632 3781 1030 3852 Martyrologiis
1077 3789 1321 3847 constat,
1364 3796 1539 3850 neque
1574 3795 1666 3835 eas
1707 3795 1827 3836 esse
1864 3780 1920 3836 S.
1949 3780 2049 3836 Ze-

448 3876 608 3929 nonis
632 3874 983 3938 Veronensis,
1011 3875 1102 3928 illa
1125 3884 1368 3944 excepta,
1405 3890 1562 3944 quam
1590 3890 1618 3927 a
1643 3874 1885 3928 Valterio
1904 3876 2043 3930 Ger-

449 3981 612 4021 mano
634 3966 902 4037 Episcopo
919 3967 1239 4036 Vcronensi,
1269 3983 1414 4022 anno
1459 3967 1618 4034 1058,
1640 3968 1850 4023 Ulmam
1873 3980 2044 4024 trans-

450 4059 612 4114 latam
643 4059 781 4113 dixit
825 4059 1166 4115 l-lermannus
1206 4060 1533 4116 Contractus
1578 4059 1813 4133 (Ugliell.
1859 4071 1982 4115 tam.
2011 4078 2043 4115 ν

445 4151 574 4206 Ital.
609 4169 739 4218 sac.,
785 4153 848 4206 de
878 4151 1058 4224 Episc.
1099 4151 1335 4222 Veron.).
1390 4151 1728 4222 Quapropter
1769 4154 2042 4222 sapienter

449 4245 741 4300 admodum
813 4245 1244 4314 l‘apebrochius,
1299 4262 1362 4300 eo
1396 4245 1540 4316 quod
1596 4261 1702 4300 non
1740 4247 1920 4300 omnia
1976 4247 2043 4302 de

445 4338 708 4409 martyrio
734 4335 789 4392 8.
817 4337 1049 4393 Zenonis
1080 4347 1430 4401 monumenta
1459 4348 1739 4408 comperta
1765 4337 2036 4405 habuerit,

445 4444 474 4482 a
513 4445 606 4484 sua
640 4431 811 4484 voluit
854 4431 1129 4486 abstinere
1161 4432 1454 4487 sententia.
1491 4429 1603 4484 Nos
1641 4431 1813 4484 onmia
1835 4431 2038 4500 judicio

2158 3223 2604 3296 Martyrologium
2631 3224 2863 3295 denique
2891 3225 3191 3280 Romanum
3220 3239 3363 3278 anno
3389 3223 3548 3290 1584,
3573 3238 3767 3278 einen-

2153 3317 2361 3382 datum,
2395 3331 2610 3371 omnem
2662 3317 2878 3370 sustulit
2923 3315 3203 3371 dubitandi
3240 3315 3439 3378 locum,
3469 3324 3526 3371 et
3551 3315 3758 3385 Marty-

2155 3427 2270 3467 rem
2302 3411 2360 3466 8.
2393 3411 2666 3466 Zenonem
2698 3410 2988 3466 deﬁnivit:
3025 3410 3095 3464 ita
3144 3419 3200 3464 ut
3245 3426 3351 3463 non
3399 3409 3469 3463 sit
3515 3424 3651 3479 opus
3689 3409 3764 3464 de

2153 3505 2283 3558 Aste
2311 3504 2704 3559 correctionem
2731 3503 3039 3568 admittere,
3069 3502 3158 3570 qui
3185 3501 3625 3574 Martyrologium
3649 3500 3764 3555 Ro-

2153 3611 2374 3650 manum
2404 3607 2705 3651 correctum
2724 3635 2738 3660 ,
2772 3611 2876 3649 non
2907 3596 3091 3663 agnito
3114 3593 3312 3648 Molani
3341 3607 3552 3658 errore,
3582 3594 3653 3646 ita
3679 3592 3764 3648 le-

2151 3689 2386 3760 gendum
2409 3689 2577 3743 voluit
2600 3707 2611 3741 :
2643 3687 2767 3742 Haec
2789 3687 2919 3742 adeo
2938 3688 3163 3759 implexa
3185 3685 3601 3740 controversiain
3624 3701 3762 3755 pra:-

2149 3785 2434 3838 sentiarum
2461 3782 2766 3847 eliminetur,
2798 3780 3096 3850 interposita
3125 3779 3390 3833 saniorum
3413 3778 3622 3848 placito,
3653 3778 3758 3830 ad-

2149 3880 2314 3933 instar
2337 3877 2535 3931 Moloni
2559 3877 2866 3930 enuntietur.
2914 3873 3129 3929 Verona:
3156 3873 3218 3927 S.
3241 3871 3462 3927 Zenonis
3484 3869 3756 3941 Episwpi,

2148 3973 2234 4042 qui
2261 3973 2393 4024 inter
2415 3968 2668 4038 procellas
2689 3966 3056 4035 persecutionis
3078 3981 3188 4019 eam
3216 3964 3508 4022 Ecclesium
3532 3964 3681 4028 rexit,
3705 3974 3756 4016 et

2148 4062 2312 4115 multa
2340 4076 2522 4130 passus
2553 4060 2707 4112 vitam
2754 4059 2936 4125 ﬁnivit.
2973 4056 3030 4112 Si
3055 4071 3184 4111 vero
3214 4057 3265 4111 in
3310 4056 3581 4127 aliquibus
3608 4055 3756 4110 Mar-

2147 4153 2428 4226 tyrologiis
2460 4151 2516 4207 8.
2548 4149 2696 4204 Zeno
2725 4149 3019 4205 Confessor
3043 4158 3249 4203 tantum
3271 4149 3504 4215 dicatur,
3537 4148 3639 4202 hoc
3663 4151 3752 4202 vel

2147 4244 2180 4299 6
2213 4244 2335 4298 ldus
2379 4242 2693 4297 Decembris
2743 4250 2981 4305 notatur,
3014 4239 3234 4309 quando
3263 4238 3618 4294 ordinationis
3637 4237 3754 4310 .Fe.

2144 4326 2367 4392 stum'de
2382 4335 2708 4392 Confessore
2723 4334 2984 4388 Pontillce
3001 4333 3323 4398 celebratur,
3341 4333 3426 4387 vcl
3447 4329 3753 4401 pridieldus

2145 4431 2344 4500 Aprilis
2369 4427 2674 4498 appositum
2703 4426 2978 4480 invenitur
3029 4425 3297 4494 imperitia
3325 4425 3710 4479 nonnullorum
3733 4468 3749 4489 ,

444 4521 833 4590 prudentiorum
854 4522 1078 4576 virorum
1109 4523 1467 4591 permittimus.
1494 4520 1729 4591 Su/jiciat
1757 4521 2037 4575 ostendisse
2063 4507 2116 4567 D
2143 4522 2232 4593 qui
2264 4520 2692 4576 Urdinationiset
2713 4518 2950 4588 Martyrii
2976 4515 3138 4572 Festa
3157 4531 3264 4571 non
3279 4515 3436 4587 plane
3459 4515 3744 4579 callentes,

441 4613 577 4684 quod
606 4616 668 4668 de
689 4613 752 4668 S.
783 4611 989 4670 Zenone
1011 4615 1259 4684 scriptum
1280 4615 1587 4685 reperimus.
1618 4613 1744 4668 llaec
1776 4613 1883 4668 ille.

2143 4613 2515 4669 a.solemniori
2547 4610 2916 4665 Ordinationis
2960 4606 3122 4663 Festo
3144 4607 3487 4664 Confessoris
3533 4606 3749 4662 titulum

2144 4705 2396 4770 mutuati,
2421 4701 2672 4759 eumdem
2701 4716 2915 4772 quoque
2940 4699 3178 4770 Martyrii
3229 4699 3390 4754 Festo
3419 4698 3746 4754 tribuerunt.

1405 4921 2404 5010 DISSERTATIONES
2498 4923 2775 5006 DU/E

436 5100 517 5160 IN
588 5096 1057 5161 APPENDICIS
1130 5095 1383 5160 VlCEM
1439 5071 1786 5157 DUOBUS.
1827 5094 2507 5160 PRAECEDENTIBUS
2577 5094 2834 5158 LIBRIS
2898 5093 3004 5169 DE
3074 5086 3575 5154 SERMONIBUS
3636 5087 3746 5148 ET

632 5200 1063 5264 MARTYBIO
1094 5200 1157 5262 S.
1189 5199 1527 5264 ZENONIS
1552 5199 2160 5273 SUPERADDITIE,
2199 5197 2574 5260 AUCTORE
2606 5196 3052 5260 FRANCISCO
3077 5192 3506 5259 BONACCHI.

1576 5321 2209 5384 DISSERTATIO
2251 5323 2569 5398 PRIMA,

1157 5421 1297 5516 srvi;
1341 5441 1565 5486 SANCTI
1609 5440 1876 5484 zuuoms
1919 5441 2205 5486 EPISCOPI
2252 5442 2640 5487 venomzusrs
2684 5443 2957 5505 evocas.

932 5543 1163 5602 CAPUT
1201 5523 1490 5602 Primum.

610 5637 638 5709 ᾖ
678 5638 720 5694 1.
753 5667 825 5679 ——
849 5637 1045 5694 lterum
1083 5637 1336 5692 scribendi
1364 5638 1567 5692 occasio
1595 5648 1645 5692 et
1673 5637 1816 5707 ﬁnis.

500 5731 704 5788 Exacto
741 5731 914 5787 ferme
968 5730 1193 5788 biennio
1221 5731 1288 5788 ab
1311 5729 1472 5788 editis
1524 5729 1576 5786 in
1621 5728 1916 5787 Sermones
1974 5739 2030 5786 et

2139 5547 2453 5619 Martyrium
2485 5548 2541 5603 S.
2577 5547 2813 5603 Zenonis
2845 5548 3311 5604 lucubrationibus
3343 5548 3501 5613 meis,
3535 5547 3659 5602 libri
3711 5562 3743 5601 a

2137 5641 2467 5697 Clarissimis
2491 5637 2629 5695 Viris
2655 5641 2814 5697 Petro
2855 5651 2910 5697 et
2931 5641 3263 5713 Hieronymo
3289 5641 3544 5698 Balleriui
3570 5641 3738 5698 Pres-

2137 5732 2342 5804 hyteris
2369 5732 2772 5792 Veronensibus
2802 5737 3012 5806 copiam
3044 5735 3205 5792 habui
3237 5750 3382 5793 anno
3433 5735 3573 5792 1739
3629 5735 3737 5789 Ve-
