4198 6160
371 257 482 313 6Ξ5

1799 253 2288 314 DlSSERTATlO.

3591 255 3697 312 654

366 387 521 428 ronre
549 372 694 444 typis
726 371 935 428 excusi.
964 369 1230 426 Eximium
1261 366 1505 440 profecto
1551 369 1978 442 laboratumqne
2007 373 2058 434 Α
2086 372 2427 440 impietatem
2460 371 2605 440 prior
2645 379 2728 425 est
2775 369 3102 434 insectatus,
3151 384 3386 442 eumque
3432 384 3533 426 suo
3578 386 3699 428 cum

364 481 548 536 epus,
583 483 693 534 qtto
741 464 1059 536 conquisitis
1103 464 1336 535 undique
1381 465 1784 520 vetustioribus
1826 483 1982 530 mss.,

365 556 738 627 adhibitisque
791 556 1084 626 aptissimis
1131 570 1194 611 ac
1241 554 1628 630 eruditissimis
1677 556 1987 612 adnotatio-

365 649 532 702 nibus
565 649 869 703 Sermones
926 647 981 703 S.
1027 646 1258 701 Zenonis
1289 646 1471 718 (quem
1504 647 1823 716 splendoris
1863 664 1983 718 gra-

363 738 496 794 dum
527 739 652 794 aliis
676 740 728 793 itt
756 739 1081 794 editionihus
1113 754 1404 810 numquam
1430 749 1558 794 sunt
1580 740 1794 811 adepti)
1819 742 1981 797 nitori

364 846 470 884 suo
500 831 737 884 restituti
766 871 780 894 ,
808 845 1015 900 suoque
1045 831 1266 886 Auctori
1315 829 1569 886 vindicati
1601 833 1732 901 jure
1761 833 1977 903 quidem

365 938 433 978 ac
463 923 662 977 merito
679 921 900 977 'dicendi
929 931 1075 977 sunt.
1109 922 1330 980 Summa
1353 923 1571 993 quidem
1604 925 1880 992 voluptate
1904 923 1981 978 al-

363 1015 565 1080 fectus,
596 1015 727 1070 dum
754 1031 858 1070 non
909 1027 1014 1071 tam
1040 1016 1248 1083 oculos,
1273 1031 1430 1087 quam
1474 1017 1530 1071 in
1559 1016 1693 1072 illud
1743 1028 1976 1074 mentem

362 1111 695 1179 conjicicns,
746 1127 928 1168 rerum
971 1113 1218 1168 ordinem
1261 1113 1461 1183 optime
1492 1113 1792 1184 digestum,
1824 1114 1976 1170 latini

362 1205 640 1257 sermonis
667 1202 889 1258 nitidam
909 1205 1254 1276 elegantiam,
1286 1201 1975 1276 omnisgeuerisconsum-

361 1305 570 1348 matam
610 1294 910 1352 doctrinam
937 1339 951 1363 ,
998 1313 1106 1352 non
1138 1301 1270 1353 satis
1301 1312 1459 1368 posse
1507 1298 1721 1364 mirari,
1757 1299 1976 1368 gavisus

359 1401 506 1440 sum.
541 1385 674 1440 Cum
707 1403 838 1442 vero
896 1389 1170 1457 praeclaris
1210 1398 1292 1443 tot
1328 1389 1635 1445 rationibus
1680 1404 1742 1444 ac
1777 1406 1973 1446 monu-

359 1480 567 1532 mentis
595 1477 650 1533 8.
683 1477 889 1534 Zenoni
911 1495 1190 1536 sermones
1211 1495 1340 1534 suos
1357 1480 1657 1551 adjudicari
1683 1483 1968 1551 conspexi,

354 1570 644 1623 tenuitatis
687 1585 822 1624 mete
846 1612 860 1636 ,
903 1572 1179 1628 iniisdem
1227 1574 1576 1628 sermonibus
1600 1589 1704 1644 pro
1733 1577 1970 1644 genuino

351 1659 411 1715 S.
447 1660 692 1730 ejusdem
721 1661 898 1716 Patris
952 1661 1083 1717 laetu
1131 1663 1446 1720 asserendis
1479 1680 1588 1720 non
1623 1665 1842 1735 quidem
1889 1667 1970 1736 pi-

2090 470 2322 517 auctore
2353 461 2700 517 anathemate
2727 461 2987 532 perculit,
3017 462 3194 532 ipsius
3235 478 3453 519 errores
3481 479 3706 520 enumeo

2086 561 2173 606 rat
2221 553 2276 607 in
2313 551 2544 622 epistola
2572 551 2640 607 ad
2670 551 3034 607 Alexandrum
3082 553 3403 623 episcOpum
3435 555 3704 611 Constan-

2087 642 2512 712 tinOpolitannm
2539 660 2552 696 :
2585 643 2685 710 Qui
2712 653 2945 697 asserunt
2975 653 3178 713 tentpus
3208 646 3490 715 aliquando
3518 647 3700 718 fuisse,

2085 752 2202 789 cum
2235 751 2340 789 non
2363 744 2494 790 esset
2523 733 2694 789 Filius
2721 733 2852 788 Dei:
2880 745 3056 804 postea
3085 738 3284 806 factum
3313 754 3427 791 cunt
3457 754 3556 792 non
3583 750 3704 795 ante

2084 829 2310 882 extiterit
2335 847 2352 882 :
2377 828 2532 883 talem
2563 828 2724 898 fuisse
2749 837 2879 893 tum,
2904 844 3018 881 cum
3043 831 3215 899 factus
3237 841 3370 898 erat,
3393 831 3706 902 qualisquis-

2081 937 2180 991 que
2208 921 2478 975 hominum
2503 931 2599 975 est.
2642 919 2830 975 Omnia
2858 922 2992 974 enim
3015 919 3188 975 Deunt
3215 939 3280 977 ea:
3304 924 3469 978 nihilo
3497 926 3702 996 fecisse,

2080 1029 2184 1082 qua
2222 1014 2476 1068 sententia
2504 1014 2656 1067 etiam
2688 1011 2888 1068 Filium
2927 1011 3026 1066 Dei
3067 1015 3527 1082 comprehendunt.
3568 1018 3700 1082 Qui-

2081 1106 2177 1161 bus
2203 1109 2360 1162 etiam
2389 1117 2756 1178 consequenter
2784 1106 3006 1170 addunt,
3047 1122 3166 1161 eum
3199 1106 3391 1162 natura
3418 1124 3564 1179 posse
3585 1125 3700 1163 mu-

2080 1203 2184 1254 tari
2214 1201 2439 1264 uirtutis,
2465 1211 2511 1255 et
2537 1202 2647 1254 uitii
2681 1217 2916 1273 capacem
2967 1215 3093 1254 esse.
3161 1199 3348 1271 Itaque
3400 1202 3495 1256 hoc
3532 1205 3697 1272 posito

2077 1309 2197 1347 eum
2229 1311 2292 1348 ea:
2319 1295 2482 1348 nihilo
2510 1295 2742 1364 factum}
2773 1310 2876 1347 non
2904 1292 3039 1345 enim
3056 1305 3268 1360 natura,
3301 1304 3392 1348 aut
3418 1295 3695 1366 quidquam

2077 1400 2272 1456 praeter
2322 1401 2530 1444 cteteros
2580 1389 2717 1458 ﬁlios
2772 1387 3010 1441 habuisse
3051 1389 3415 1458 prterogutiute
3455 1389 3692 1460 (nullum

2075 1497 2302 1549 namque
2323 1489 2511 1536 natura
2538 1479 2588 1532 F
2592 1481 2735 1534 ilium
2763 1479 2858 1532 Dei
2879 1494 2984 1533 esse
3011 1479 3302 1548 afﬁrmant,
3336 1495 3497 1550 neque
3517 1497 3688 1547 quem-

2073 1590 2231 1643 quam
2263 1591 2387 1644 esse,
2417 1575 2504 1644 qui
2533 1575 2640 1628 ulla
2671 1589 2787 1626 cum
2816 1588 2874 1626 eo
2902 1574 3221 1642 proprietate
3241 1578 3545 1647 conjunctus
3573 1575 3687 1643 sit),

2072 1667 2167 1720 sed
2196 1683 2314 1720 cum
2355 1677 2484 1721 esset
2514 1678 2699 1720 natura
2741 1665 3020 1728 mutabilis.
3051 1676 3099 1720 et
3131 1677 3341 1736 propter
3369 1668 3683 1740 singularem

350 1753 496 1825 guit,
522 1769 680 1822 quam
724 1754 958 1810 viderem
993 1765 1157 1812 tanta:
1187 1757 1514 1813 eruditionis
1556 1759 1805 1812 ubertate
1838 1775 1967 1828 pen-
2001 1761 2045 1818 B
2074 1760 2129 1811 in
2154 1759 2281 1824 vita,
2316 1769 2362 1811 et
2389 1759 2617 1812 moribus
2645 1759 2740 1812 rite
2769 1759 3101 1813 instituendis
3126 1759 3472 1831 diligentiam,
3495 1777 3558 1813 ac
3575 1769 3685 1813 stu-

350 1854 550 1900 satam.
586 1845 804 1901 ilrerere
836 1856 1008 1902 tamen
1042 1849 1176 1903 mihi
1211 1851 1471 1920 contigit,
1504 1866 1631 1905 cum
1665 1852 1968 1919 praeclaris-

350 1940 527 1994 simos
585 1939 748 1995 hosce
797 1940 937 1995 viros
987 1942 1040 1996 in
1095 1942 1353 2013 ejusdem
1383 1945 1440 1999 8.
1472 1944 1714 1999 Zenonis
1744 1943 1964 2013 Epoclta

348 2032 731 2086 constituenda
763 2031 902 2086 aliud
933 2047 961 2087 a
985 2035 1154 2089 veteri
1186 2035 1412 2104 vulgata
1441 2037 1702 2106 opinione
1731 2036 1837 2107 (eui
1865 2051 1966 2107 ego

347 2139 475 2178 sum
506 2124 856 2195 adstipulatus
883 2129 1188 2200 sententiae)
1223 2129 1442 2196 opinari
1470 2129 1805 2198 deprehendi
1826 2170 1841 2194 ,
1882 2145 1968 2185 ra-

352 2217 698 2287 tionibusque
730 2233 832 2272 non
860 2221 986 2274 levis
1012 2221 1282 2292 ponderis
1306 2235 1459 2275 suam
1487 2223 1816 2277 conﬁrmare
1841 2238 1967 2277 sen-

351 2313 602 2366 tentiam.
657 2311 770 2380 Qua
799 2312 862 2368 de
898 2329 974 2378 re,
1010 2326 1065 2369 ut
1120 2331 1149 2369 a
1206 2295 1348 2367 mea‘
1381 2315 1641 2384 opinione
1691 2330 1796 2368 non
1845 2316 1964 2370 sine

347 2404 556 2474 judicio
581 2403 999 2472 recederem,vel
1029 2417 1244 2463 temere
1278 2407 1329 2459 in
1352 2421 1419 2461 ea
1443 2408 1823 2471 consisterent,
1843 2423 1962 2476 qua:

266 2549 279 2560 ,
353 2500 421 2554 ad
447 2499 811 2557 difficultatem
831 2503 1111 2570 iaciebant,
1129 2503 1406 2560 attentius
1425 2504 1783 2562 examinanda
1807 2505 1959 2571 duxi,

353 2609 464 2663 quo
485 2603 659 2647 tamen
687 2595 836 2649 exitu
866 2595 1318 2667 lectorisjndicin
1365 2611 1436 2652 ex
1485 2597 1671 2652 animo
1701 2611 1763 2651 ac
1787 2597 1958 2651 liben-

354 2694 442 2738 ter
473 2685 764 2739 committo.
815 2686 1028 2743 Minime
1072 2690 1208 2743 milti
1265 2688 1490 2756 quidem
1527 2688 1742 2758 probari
1785 2697 1961 2756 potest

356 2776 490 2830 illud
539 2777 863 2834 Tillemontii
911 2782 1194 2836 consilium
1258 2783 1540 2835 mutanda:
1595 2780 1659 2834 D.
1726 2779 1960 2835 Zenonis

362 2867 614 2938 Epocltm,
639 2879 694 2922 ut
720 2885 750 2924 a
780 2873 938 2926 variis
959 2871 1395 2928 dubitationibus
1428 2889 1485 2927 se
1509 2871 1757 2938 extricet,
1785 2873 1873 2942 qui
1905 2873 1956 2928 in

357 2971 422 3012 ea
455 2959 782 3026 temporibus
805 2960 1030 3016 Gallieni
1082 2961 1349 3016 lirntanda
1396 2963 1490 3017 dat
1515 2977 1736 3032 operam
1767 2965 1958 3016 Astro-

359 3050 494 3120 logi,
527 3066 754 3121 namque
791 3064 876 3108 est
916 3056 980 3108 ad
1009 3055 1383 3110 conciliandos
1407 3058 1742 3125 planetarum
1776 3063 1955 3109 motus

353 3145 580 3200 arbitrio
608 3161 702 3202 suo
730 3157 1022 3219 systemata
1052 3149 1153 3203 sibi
1183 3147 1413 3219 fingere.
1464 3148 1719 3203 llistorici
1745 3162 1874 3202 vero
1896 3147 1947 3202 in
1980 3139 2025 3203 C

347 3237 694 3306 antiquorum
723 3241 1038 3295 enarrandis
1058 3243 1248 3312 gestis.
1283 3241 1558 3296 veteribus
1586 3243 1951 3295 monumentis

346 3329 513 3383 inniti
541 3371 556 3396 ,
586 3347 704 3401 quae
733 3334 775 3386 si
807 3333 1027 3398 desint,
1071 3350 1131 3388 ea
1163 3350 1258 3388 sua
1311 3336 1361 3389 in
1421 3334 1755 3389 obscuritate
1785 3334 1951 3390 relin-

340 3437 539 3492 quere.
575 3423 680 3478 Hac
706 3425 866 3495 igitur
897 3436 1076 3481 mente
1101 3467 1114 3491 ,
1162 3427 1230 3483 de
1262 3437 1503 3498 tempore
1554 3441 1661 3497 quo
1698 3427 1759 3480 D.
1797 3426 1947 3482 Zeno

347 3513 680 3570 Veronensis
711 3517 967 3572 Etclesite
1011 3520 1379 3589 episcopatum
1411 3521 1596 3590 gessit,
1627 3533 1789 3589 agere
1809 3535 1943 3576 con-

337 3607 520 3670 stitui,
550 3624 656 3663 non
689 3620 744 3664 ut
765 3610 817 3664 itt
851 3627 970 3666 mea
994 3614 1262 3667 sententia
1295 3614 1474 3667 animo
1502 3623 1736 3683 perstcm
1774 3611 1941 3667 oblic-

334 3707 512 3757 rnato,
553 3715 736 3755 verum
770 3713 825 3755 ut
868 3701 921 3756 id
971 3705 1241 3772 experiar,
1274 3720 1340 3758 an
1374 3703 1621 3758 diversas
1668 3703 1792 3757 hine
1816 3704 1942 3761 inde

332 3791 747 3862 contrariaSque
775 3797 1013 3850 rationes
1041 3795 1106 3850 ad
1131 3797 1413 3851 veritatem
1442 3811 1700 3850 revocare
1727 3798 1941 3853 contin-

327 3891 420 3951 gat
458 3879 554 3953 (ν.
585 3899 700 3954 cap.
747 3884 780 3939 9
813 3886 876 3938 de
907 3885 1162 3956 Martyrio
1190 3887 1252 3942 S.
1282 3887 1506 3942 Zenonis
1537 3888 1625 3943 lib.
1656 3887 1736 3956 tt).

326 3993 356 4066 ξ
387 3993 456 4048 ll.
490 4023 545 4034 —
574 3993 753 4050 Prima
779 3999 912 4051 ratio
943 3997 1170 4067 Epochte
1207 3999 1267 4056 S.
1298 4000 1522 4056 Zenonis
1565 4002 1773 4055 Arionis
1805 4010 1932 4056 tem-

819 4088 1029 4156 poribus
1059 4093 1439 4158 posthabendw.

398 4196 572 4267 Urget
594 4199 814 4269 quidem
845 4211 1218 4270 argumentum
1245 4203 1394 4265 illud,
1428 4205 1689 4274 quosdam
1723 4203 1932 4259 scilicet

322 4287 382 4343 S.
409 4287 651 4343 Zenonis
682 4290 974 4346 Sermones
1006 4292 1117 4346 Arii
1154 4308 1369 4349 errores
1396 4296 1688 4365 impetere,
1715 4305 1771 4349 ut
1800 4298 1928 4350 Ario

327 4384 687 4450 posteriorem
717 4382 992 4439 Zenonem
1021 4387 1141 4456 quis
1185 4388 1493 4453 arbitretur,
1520 4389 1606 4444 vel
1647 4404 1926 4444 sermones

322 4472 447 4525 illus
474 4473 707 4529 Zenonis
738 4491 844 4530 non
890 4491 1012 4532 esse
1051 4476 1240 4534 foetum
1282 4479 1575 4536 existimet.
1631 4481 1743 4536 Hoc
1774 4481 1924 4536 Emi-

323 4567 676 4621 nentissimus
716 4568 980 4623 Baronius
1029 4573 1254 4640 putavit,
1291 4573 1420 4626 illm]
1462 4573 1750 4629 clarissimi
1800 4574 1919 4628 Bal-

322 4656 522 4713 lcrinii.
561 4658 780 4714 Baronii
819 4662 1058 4717 rationes
1091 4663 1444 4718 refutavimus
1475 4664 1615 4718 libro
1648 4663 1823 4733 primo
1850 4664 1918 4720 de

318 4745 672 4803 Sermonibns
701 4749 760 4804 S.
795 4749 1062 4816 Zenonis,
1096 4756 1272 4824 capite
1309 4756 1559 4826 septimo.
1596 4757 1670 4811 De
1701 4757 1766 4810 iis
1795 4771 1915 4826 quae

324 4838 595 4893 uberrime
623 4856 650 4894 a
675 4832 1006 4898 doctissimis
1031 4842 1171 4899 Viris
1195 4846 1464 4916 disputata
1493 4891 1507 4913 ,
1555 4857 1717 4918 atque
1747 4848 1915 4903 adno-

321 4938 432 4983 tata
462 4943 581 4985 sunt
626 4932 919 4987 novissima
950 4936 1002 4988 in
1042 4936 1280 4992 editione
1311 4938 1614 4995 Veronensi
1642 4940 1908 5012 agendum

318 5021 480 5076 modo
535 5023 780 5090 (Dissert.
827 5027 1007 5094 prima:
1050 5045 1166 5096 cap.
1200 5029 1255 5092 2,
1287 5029 1412 5100 §2).
1471 5033 1582 5086 Arii
1613 5032 1794 5104 itaque
1823 5049 1913 5089 er-

319 5126 469 5167 rores
496 5115 804 5186 prateipuos
837 5132 1143 5184 recensere,
1176 5135 1473 5192 eorumque
1500 5123 1760 5192 originem
1792 5141 1916 5194 per-

318 5208 542 5259 scrutari
572 5223 756 5276 apera:
783 5209 1016 5278 pretium
1057 5211 1190 5265 erit:
1224 5223 1332 5266 tum
1365 5213 1425 5267 D.
1467 5213 1700 5269 Zenonis
1725 5227 1914 5271 contra

317 5294 531 5350 eosdem
556 5313 772 5353 errores
798 5300 1054 5370 allegatas
1080 5304 1374 5358 sententias
1405 5303 1655 5360 conferre
1681 5347 1696 5370 ,
1729 5317 1782 5359 ut
1810 5306 1910 5363 hac

318 5385 520 5441 ratione
541 5389 787 5459 opposita
813 5390 967 5459 juxta
1014 5407 1074 5447 se
1105 5394 1279 5462 posita
1311 5394 1571 5451 lucidiora
1599 5395 1909 5454 discrimine

317 5476 705 5539 discernamus.

642 5598 672 5667 §
714 5597 801 5654 ill.
833 5629 904 5641 —
931 5600 1045 5654 Arii
1073 5616 1270 5656 errores
1295 5604 1565 5675 prcecipui.

388 5703 441 5762 S.
474 5708 776 5769 Alexander
814 5711 1132 5771 Patriarcha
1185 5714 1617 5787 Alexandrinus,
1653 5715 1746 5790 qui
1792 5717 1909 5775 Arii

2071 1851 2217 1905 diunt
2262 1869 2365 1906 non
2414 1853 2483 1906 ad
2528 1854 2652 1906 vitia
2683 1854 2972 1923 deﬂecteret
3002 1895 3016 1919 ,
3075 1853 3239 1908 Deum
3283 1872 3397 1910 eum
3444 1855 3677 1926 elegisse.

2071 1941 2280 2014 (Refert
2309 1940 2598 2012 Theodorl,
2621 1963 2736 2018 cap.
2770 1945 2803 1998 4
2827 1945 2968 1999 Hist.
3005 1947 3160 2019 Ecc.)

2144 2055 2172 2127 §
2217 2056 2310 2114 IV.
2337 2089 2409 2098 —
2447 2059 2740 2115 Ilecensitos
2770 2045 2968 2114 errores
2996 2060 3134 2114 unde
3165 2062 3322 2116 Arius
3352 2061 3602 2116 hauserit.

2141 2169 2253 2225 Has
2300 2171 2494 2242 impias
2541 2173 2593 2228 in
2626 2172 2823 2228 Filium
2867 2173 2962 2228 Dei
2995 2174 3362 2245 blasphemias
3389 2190 3495 2230 non
3523 2173 3678 2230 adin-

2067 2262 2217 2315 venit
2245 2265 2430 2330 Arius,
2481 2264 2576 2320 sed
2624 2266 2691 2320 ab
2718 2266 2838 2320 aliis
2861 2267 3258 2336 antiquioribus
3290 2267 3563 2322 hzereticis
3587 2281 3676 2321 ac-

2065 2355 2425 2422 eepiteodem
2451 2357 3001 2413 S.Alexandroteste.
3021 2359 3223 2431 Quippe
3260 2376 3376 2413 cum
3421 2360 3521 2430 ipsi
3563 2358 3676 2412 sitis

2064 2448 2204 2500 docti
2229 2465 2262 2500 a
2293 2448 2425 2517 Deo,
2458 2460 2506 2504 et
2538 2465 2638 2504 non
2665 2451 2931 2519 ignoretis,
2963 2462 3070 2506 tum
3098 2452 3334 2518 Ebionis,
3366 2465 3415 2508 et
3452 2455 3676 2508 Artemae

2065 2539 2379 2606 doctrinam,
2403 2557 2520 2609 qua:
2564 2557 2664 2595 non
2695 2543 2768 2596 ita
2807 2544 3007 2612 pridem
3032 2560 3206 2599 veram
3237 2544 3481 2600 Ecclesia:
3507 2545 3671 2616 pieta‘

2063 2641 2164 2684 tem
2194 2647 2497 2703 Oppugnare
2541 2636 2691 2703 coepit
2717 2677 2729 2698 ,
2774 2647 2882 2689 tum
2927 2638 3226 2708 pestiferum
3253 2639 3478 2692 studium
3513 2635 3673 2690 Pauli

2065 2718 2399 2778 Samosateni
2431 2723 2675 2794 Episc0pi
2704 2727 3011 2794 Antiochitc,
3053 2731 3142 2799 qui
3182 2731 3400 2784 concilio
3438 2729 3671 2784 omnium

2061 2815 2250 2886 ubique
2283 2815 2685 2888 Episcoporutn,
2720 2831 2868 2891 atque
2894 2822 3024 2876 adeo
3041 2823 3242 2893 judicio
3270 2822 3518 2879 Ecclesia:
3537 2826 3674 2897 ejec-

2061 2916 2141 2961 tus
2167 2917 2263 2962 est.
2307 2907 2574 2965 Lucianus
2616 2928 2879 2968 successor
2906 2917 3074 2985 factus
3106 2915 3385 2970 multorum
3411 2931 3667 2970 annorum

2058 3003 2254 3070 spatio,
2285 3003 2382 3057 hoc
2410 3016 2484 3059 est
2513 3007 2783 3074 tantisper,
2818 3007 2943 3060 dum
2975 3019 3075 3063 tres
3106 3008 3356 3078 Episc0pi
3385 3010 3520 3063 alius
3552 3019 3666 3079 post

2059 3093 2220 3148 aliunt
2277 3095 2563 3151 Ecclesium
2608 3099 2755 3154 illant
2799 3117 3017 3168 rexere,
3070 3103 3307 3157 exclusus
3337 3105 3400 3156 ab
3429 3101 3664 3156 Ecclesia

2055 3185 2266 3238 mansit.
2315 3185 2545 3242 Istorum
2587 3190 2948 3245 haereticorum
2977 3193 3249 3265 impietatis
3275 3195 3445 3262 faces,
3492 3195 3546 3247 hi
3575 3195 3664 3262 qui

2055 3277 2208 3332 modo
2237 3279 2291 3333 in
2322 3281 2489 3334 lucem
2528 3282 2656 3336 editi
2697 3282 2896 3338 Filium
2925 3283 3024 3339 Dei
3052 3302 3114 3340 ex
3140 3285 3302 3341 nihilo
3330 3295 3498 3340 ortum
3519 3302 3660 3341 asse-

2051 3381 2194 3437 runt,
2227 3373 2417 3442 quique
2445 3387 2562 3429 sunt
2585 3375 2721 3429 velut
2749 3378 2976 3432 stolones
3007 3380 3194 3432 occulti
3223 3379 3418 3433 catillis
3445 3396 3658 3434 nascen-

2052 3471 2124 3514 tes
2165 3464 2387 3529 animis,
2434 3465 2737 3521 hauserunt.
2772 3469 2957 3522 Arium
2988 3471 3102 3524 dico
3134 3471 3426 3536 Achillam,
3466 3483 3511 3525 et
3539 3472 3658 3526 reli-

2045 3570 2200 3626 quam
2224 3557 2336 3611 illis
2368 3559 2746 3614 adhwrentinm
2794 3563 2997 3617 turbam
3027 3564 3127 3636 (In
3157 3565 3333 3619 eadem
3366 3563 3651 3634 Epistola).

2046 3647 2142 3702 Cui
2174 3661 2225 3703 et
2253 3649 2310 3704 S.
2348 3651 2678 3708 Athanasius
2721 3654 3102 3726 adstipulatur.
3143 3658 3352 3713 Videtur
3387 3660 3514 3712 mihi
3563 3670 3652 3713 aut

2045 3740 2396 3810 ignorantiam
2427 3745 2616 3799 callide
2657 3749 2903 3803 simulare
2926 3792 2940 3816 ,
2991 3754 3138 3817 quasi
3169 3754 3460 3819 nescirent,
3494 3755 3648 3808 etiam

2043 3840 2160 3887 ante
2182 3832 2475 3890 Concilium
2507 3837 2557 3892 Ν
2563 3839 2781 3893 ica’num
2805 3840 3060 3898 Hazresim
3083 3846 3232 3898 istam
3255 3847 3646 3900 abominabilent

2042 3927 2221 3994 fuisse,
2254 3947 2356 4000 quo
2384 3943 2610 4003 tempore
2637 3935 2873 3992 Artemas
2903 3940 3013 4006 eius
3040 3940 3376 4006 fundamenta
3393 3942 3640 4012 faciebat.

2041 4017 2144 4090 (De
2173 4021 2304 4094 Syn.
2331 4025 2496 4080 Arim.
2525 4038 2572 4081 et
2597 4026 2828 4099 Seleuc.)

2129 4139 2156 4210 §
2205 4140 2266 4194 V.
2296 4139 2602 4197 --"Ebionis
2628 4160 2826 4200 errores
2859 4148 2996 4201 circa
3033 4147 3160 4200 Filii
3191 4148 3528 4204 divinitatem.

2106 4253 2368 4309 Ebionetn
2401 4258 2646 4311 nominat
2674 4257 2729 4312 S.
2768 4260 3075 4315 Alexander
3097 4276 3202 4314 non
3230 4274 3498 4331 tamquam
3527 4265 3640 4331 pri-

2033 4363 2220 4412 mum,
2265 4349 2358 4401 sed
2408 4358 2466 4404 ut
2514 4352 2840 4420 praecipuum
2897 4353 3013 4408 Filii
3061 4354 3360 4408 divinitatis
3395 4355 3626 4410 hostem.

2031 4435 2149 4506 Ipse
2201 4439 2465 4509 siquidem
2517 4441 2781 4509 Cerinthi,
2814 4443 3051 4499 Simonis
3103 4445 3239 4515 Magi
3269 4446 3518 4516 discipuli
3577 4457 3632 4502 et

1949 4529 2000 4588 D
2027 4529 2393 4598 apostolorum
2407 4533 2681 4593 coetanei,
2709 4533 2957 4588 haeresim
2977 4536 3087 4604 jam
3116 4536 3408 4606 collapsam
3435 4538 3628 4593 instan-

2025 4621 2186 4685 ravit,
2223 4623 2668 4693 propagavitque.
2703 4624 2853 4693 (Till.
2899 4636 2938 4679 t.
2981 4626 3034 4690 2,
3071 4626 3212 4680 Nota
3244 4645 3324 4696 pr.
3361 4629 3425 4682 de
3452 4628 3627 4683 Cerin-

2023 4712 2312 4769 thithianis.
2343 4714 2539 4770 Theod.
2571 4717 2607 4770 ι.
2635 4732 2697 4782 n,
2726 4720 2898 4772 aditer.
2926 4719 3164 4784 htereses,
3197 4736 3312 4790 mp.
3343 4721 3420 4791 '5).
3440 4719 3627 4776 Cerin-

2023 4803 2147 4858 thus
2178 4807 2378 4861 etenim
2409 4807 2592 4863 Jesum
2612 4812 2847 4864 similiter
2886 4826 2948 4863 ac
2977 4809 3182 4866 ΙΙεὸτωὶ
3224 4812 3420 4866 (licebat
3444 4822 3624 4868 natum

2018 4905 2129 4950 esse
2157 4901 2436 4953 secundum
2469 4911 2709 4954 naturam
2751 4919 2813 4956 ea:
2842 4901 2948 4955 viro
2988 4913 3035 4956 et
3061 4902 3294 4968 muliere,
3324 4921 3502 4975 nempe
3526 4903 3623 4960 Jo—

2025 4987 2152 5056 seph
2180 4997 2226 5040 et
2269 4988 2472 5056 Maria;
2509 4995 2841 5062 temperantia
2871 5003 3037 5047 autem
3069 5006 3114 5048 et
3150 4997 3382 5068 justitia,
3415 5008 3460 5050 et
3503 4998 3624 5052 aliis

2025 5080 2168 5133 bonis
2190 5084 2511 5150 cxcelluisse,
2547 5084 2807 5139 Christum
2846 5097 3012 5141 autent
3038 5091 3091 5142 in
3121 5091 3288 5160 specie
3317 5093 3564 5147 columba’
3593 5111 3621 5147 e

2022 5176 2258 5244 supernis
2299 5177 2352 5230 in
2409 5179 2578 5247 ipsum
2619 5180 2968 5246 descendisse,
3012 5197 3058 5237 et
3109 5195 3231 5238 tunc
3273 5185 3477 5248 Deum,
3530 5189 3618 5256 qui

2022 5267 2376 5338 ignorabatur,
2403 5271 2656 5340 prodisse,
2681 5284 2724 5326 et
2752 5290 2865 5344 qua:
2885 5277 3076 5346 scripta
3107 5261 3222 5331 sunt
3263 5281 3514 5334 miracula
3535 5285 3611 5350 fe-

2017 5361 2170 5427 cisse;
2199 5371 2425 5432 tentpore
2447 5373 2616 5418 autem
2646 5367 2900 5437 passionis
2930 5373 3195 5424 recessisse
3215 5360 3422 5441 quidem
3441 5372 3617 5426 Chris-

2015 5458 2124 5505 tum
2148 5491 2162 5517 ,
2195 5453 2375 5508 Iesum
2415 5467 2586 5510 autent
2635 5460 2925 5530 passionem
2977 5461 3180 5516 abiisse.
3218 5461 3420 5517 Eodem
3452 5461 3613 5516 modo

2016 5542 2183 5599 Ebion
2209 5562 2359 5601 ontne
2390 5548 2594 5603 initium
2624 5549 2751 5605 Filii
2779 5569 2841 5606 ea:
2873 5551 3044 5606 Maria
3072 5553 3378 5616 concedens,
3423 5568 3522 5606 non
3547 5569 3612 5606 ea:

2015 5633 2126 5690 Deo
2158 5638 2452 5704 hominem,
2500 5641 2590 5695 sed
2629 5659 2693 5697 ea;
2717 5643 2919 5696 homine
2969 5641 3133 5712 Deupt
3163 5647 3414 5712 proferat,
3452 5656 3612 5708 neque

1997 5727 2293 5806 subsistens
2332 5743 2486 5790 antea
2515 5769 2529 5803 ,
2566 5736 2705 5806 quod
2734 5737 2785 5791 in
2818 5735 3073 5804 principio
3111 5733 3252 5806 apud
3273 5733 3439 5788 Deum
3471 5730 3614 5791 Deus
