4198 6160
606 282 673 335 55
1675 285 1762 341 DE
1790 284 2036 342 SANCTI
2076 283 2368 351 ZENONIS
2408 288 2679 346 EPOCIIA

3754 295 3861 351 676

566 408 676 454 erat
715 398 970 465 Verbum,
1036 397 1191 471 Virgo
1229 401 1283 454 in
1317 415 1471 455 carne
1498 401 1814 468 susceperit,
1846 401 1935 455 sed
1960 416 2164 457 carnem
2193 405 2248 469 Δ
2270 403 2351 463 Ad
2386 407 2764 477 quaestionem
2820 423 2951 466 vero
2996 410 3262 482 quintam.
3313 410 3466 478 Quod
3519 423 3690 468 autem
3735 416 3867 473 dicit

566 493 800 562 genuerit
827 506 918 560 per
959 490 1195 558 Verbum,
1222 493 1345 563 quia
1370 491 1426 546 in
1464 490 1627 547 Verbo
1673 508 1777 547 non
1826 501 1980 548 antea
2027 493 2164 550 emis-

570 585 720 639 tentis
775 581 1041 656 Unigeniti
1091 582 1192 639 Dei
1271 592 1519 639 naturam
1581 584 1762 651 dicat,
1835 584 1926 641 sed
1979 601 2167 641 sonum

569 677 706 732 uocis
744 677 954 731 elatum.
1008 676 1265 748 Ejusdem
1309 678 1538 740 Ebionis
1590 693 1833 737 errorem
1895 689 1951 735 et
2000 678 2169 735 refert

571 769 965 826 Theodoretus.
1019 768 1297 853 Dominum
1340 771 1518 827 Iesum
1559 771 1821 826 Christum
1860 771 2059 826 dicebat
2101 786 2168 826 ea:

568 861 763 931 Joseph
791 873 839 917 et
873 862 1043 918 Maria
1086 880 1196 919 esse
1225 874 1419 930 natum,
1477 866 1565 937 qui
1593 865 1747 921 homo
1774 866 1977 936 quidem
2014 874 2123 921 erat
2147 906 2163 932 ,

570 956 661 1010 sed
687 956 894 1020 virtute,
945 957 1159 1027 vittaque
1184 957 1477 1012 innocentia
1506 966 1555 1011 et
1593 957 1887 1029 integritate
1923 957 2041 1012 aliis
2070 973 2167 1011 an—

570 1046 848 1103 tecellebat.
873 1045 1195 1120 Carpocras,
1219 1064 1378 1121 quem
1411 1050 1602 1105 Ehioni
1646 1053 2001 1122 posteriorem
2036 1049 2166 1105 faci-

572 1156 715 1210 mus,
744 1152 798 1196 et
828 1143 944 1212 ipse
968 1142 1232 1212 Cerintlii,
1254 1154 1308 1199 et
1329 1143 1556 1199 Ehionis
1582 1159 1826 1200 errorem
1857 1143 2162 1213 amplexus,

570 1247 629 1293 ut
673 1237 960 1317 Augustini
1000 1240 1183 1296 verbis
1232 1249 1446 1296 utamur
1484 1240 1586 1313 (De
1614 1240 1763 1296 liter.
1795 1258 1911 1312 cap.
1948 1231 2026 1311 7).
2068 1240 2166 1296 Hic

570 1332 721 1387 etiam
747 1330 930 1388 Iesum
959 1333 1215 1389 hominem
1240 1336 1613 1400 tantummodo,
1649 1346 1697 1391 et
1720 1337 1783 1391 de
1804 1349 2019 1408 utroque
2039 1352 2167 1393 sexu

573 1432 777 1494 putasse
806 1424 1120 1494 perhibetur,
1166 1428 1256 1481 sed
1285 1428 1545 1507 accepisse
1583 1426 1737 1483 talem
1765 1429 2022 1496 animam,
2052 1442 2168 1497 qua:

569 1517 718 1572 sciret
743 1534 805 1573 ea
833 1533 951 1584 quis
974 1535 1203 1589 superna
1231 1508 1420 1587 essent,
1454 1528 1609 1590 atque
1634 1522 1916 1576 nuntiaret.

846 1630 874 1704 ᾗ
916 1631 1004 1688 VI.
1031 1663 1104 1672 —
1130 1630 1210 1686 De
1239 1632 1469 1701 Artema,
1501 1649 1590 1687 seu
1615 1631 1906 1689 Artemone.

641 1714 894 1815 Artemas
915 1746 1134 1805 Ebionis
1154 1747 1399 1805 hreresim
1417 1762 1522 1807 non
1553 1748 1688 1819 ipse,
1709 1748 1804 1804 sed
1828 1747 2165 1804 Theodotion
2198 1787 2246 1850 Β

547 1822 639 1905 ab
669 1838 857 1901 inferis
895 1839 1190 1895 revocavit.
1222 1839 1598 1896 Theodotioue
1630 1849 1810 1895 tamen
1854 1841 2033 1895 notior
2060 1840 2166 1897 Ar-

575 1938 765 1995 temas,
791 1932 1037 2000 quamvis
1061 1930 1151 1985 ille
1174 1939 1382 1999 auctor,
1407 1945 1501 1985 seu
1531 1940 1868 1987 restaurator
1882 1930 2065 1997 fuerit,
2084 1931 2170 1986 hic

570 2039 689 2079 eam
721 2025 1039 2096 propagavit
1065 2024 1220 2098 (Eus.
1248 2023 1388 2078 Hist.
1420 2023 1460 2078 ι.
1500 2039 1554 2090 v,
1605 2042 1650 2079 c.
1680 2023 1797 2097 28).
1849 2024 1962 2091 Qua
1992 2024 2060 2079 tle
2109 2038 2170 2079 re

574 2120 630 2175 S.
664 2118 972 2174 Alexander
1015 2120 1219 2174 omisso
1250 2117 1625 2173 Theodotione
1674 2117 1952 2173 Artemam
2012 2117 2170 2187 hujus

573 2210 801 2265 haeresis
844 2218 1172 2264 assertorem
1233 2209 1494 2273 nominat,
1529 2207 1685 2262 sicuti
1726 2215 1781 2262 et
1813 2207 2167 2277 Augustinus.

571 2301 659 2357 Ita
679 2302 890 2357 haeresis
910 2300 1177 2375 cujusdem
1197 2300 1482 2355 Artemonii
1503 2301 1626 2373 fuit,
1644 2298 1734 2355 sed
1758 2315 1875 2353 cum
1901 2299 2172 2372 defecisset

571 2398 857 2451 instaurata
878 2405 951 2450 est
972 2412 1003 2449 a
1037 2395 1226 2450 Paulo.
1261 2394 1465 2450 Haeresi
1493 2404 1670 2448 tamen
1703 2408 1895 2458 xxxnt,
1919 2391 2170 2448 Theodo-

572 2489 774 2544 tionem
803 2487 1006 2543 erroris
1038 2488 1200 2558 hujus
1221 2496 1498 2542 auctorem
1525 2486 1804 2555 agnoscit.
1831 2483 2171 2540 Theodotiani

570 2596 602 2635 a
631 2579 984 2635 Theodotione
1008 2581 1233 2652 quodam
1258 2579 1503 2645 instituti,
1530 2578 1787 2633 hominem
1814 2576 2169 2631 tantummodo

572 2673 834 2729 Christum
878 2683 1188 2729 asseverant.
1213 2673 1591 2729 Theodoretus
1630 2674 1781 2742 prius
1819 2675 2165 2731 Artemonem

570 2766 730 2831 locat,
762 2766 917 2835 cujus
938 2781 1181 2821 errorem
1227 2767 1299 2820 ita
1340 2764 1508 2822 refert
1541 2784 1554 2820 :
1587 2764 1870 2820 Dominum
1894 2764 1951 2819 ⁴1.
1980 2766 2042 2821 C.
2083 2782 2167 2820 so-

571 2862 679 2912 lum
700 2858 959 2912 hominem
984 2874 1094 2913 esse
1114 2858 1311 2913 dicebat
1329 2858 1621 2931 (Artemon)
1647 2868 1822 2913 natum
1845 2874 1908 2913 ea:
1932 2858 2164 2931 Virgine,

572 2951 835 3023 prophetis
861 2962 1029 3007 tamen
1076 2953 1259 3007 virtute
1285 2954 1719 3024 praestantiorem.
1750 2952 1887 3007 Tum
1916 2952 2170 3009 Theodo-

572 3054 706 3112 tum,
735 3046 803 3101 de
824 3060 933 3116 quo
960 3046 1035 3100 ita
1064 3045 1320 3102 breviter.
1355 3045 1646 3100 Theodotus
1674 3045 1979 3101 Bizantinus
1999 3049 2169 3102 coria-

569 3141 679 3235 rius
704 3139 841 3194 idem
875 3156 991 3194 eum
1016 3157 1075 3196 eo
1106 3139 1446 3213 (Artemone)
1478 3141 1718 3195 sentiens.
1759 3140 1823 3195 Hi
1857 3141 1963 3195 duo
1985 3141 2160 3196 haere-
2191 3171 2236 3235 ρ

570 3229 683 3297 tici,
727 3232 812 3288 vel
863 3234 1109 3288 coetauei
1156 3232 1327 3301 fuere,
1375 3233 1458 3288 vel
1503 3242 1663 3287 aetate
1710 3246 1973 3303 suppares
2018 3233 2164 3289 circa

569 3340 769 3382 annum
798 3325 1003 3382 Christi
1035 3327 1162 3383 200.
1197 3328 1510 3398 Divulgatos
1539 3342 1725 3383 eorum
1756 3342 1971 3384 errores
2000 3328 2164 3384 etiam

570 3420 758 3474 Romae
783 3419 969 3475 Victor
1002 3420 1141 3490 Papa
1172 3424 1518 3477 anathemate
1543 3406 1839 3488 damnavit,
1867 3436 1989 3477 cum
2023 3423 2165 3493 ipso-

572 3528 694 3568 rum
723 3513 1037 3569 aumorihus
1059 3513 1433 3569 Theodotinue
1461 3524 1512 3568 et
1538 3502 1781 3568 Artema.

881 3625 909 3700 §
938 3625 1048 3684 VII.
1079 3657 1145 3667 -—
1176 3626 1256 3685 De
1284 3627 1459 3683 Paulo
1491 3627 1851 3685 Samosateno.

641 3743 773 3814 Quae
803 3742 874 3800 de
895 3743 1176 3814 Cerintho,
1204 3734 1839 3813 Ebioueﬁ‘heodotioue
1863 3756 1918 3804 et
1944 3748 2164 3806 Artema

570 3852 667 3909 per
694 3836 1072 3911 compendium
1097 3852 1128 3892 a
1154 3839 1213 3893 D.
1233 3839 1533 3909 Augustino
1557 3854 1620 3894 ac
1650 3838 1996 3905 Theodoreto
2022 3840 2165 3895 dicta

571 3937 721 3994 sunt,
750 3927 861 3999 jam
902 3930 1224 3985 retulimus:
1265 3931 1424 3986 modo
1470 3932 1535 4001 de
1588 3931 1755 3989 Paulo
1805 3932 2165 3991 Samosateno

571 4030 793 4090 agentes
823 4019 1131 4078 distinctius
1156 4024 1546 4079 recensitorum
1591 4026 1966 4081 haereticorum
1998 4025 2165 4098 impia

572 4112 823 4184 dogmata
851 4115 1211 4186 percipiemus
1230 4158 1245 4181 ,
1286 4132 1406 4187 quae
1434 4132 1464 4171 a
1493 4118 1848 4173 Samosateno
1884 4129 2164 4185 renovata,

571 4215 629 4261 et
653 4219 683 4259 a
711 4206 769 4260 S.
807 4205 1064 4278 Dionysio
1094 4208 1460 4263 Alexandrino
1496 4219 1684 4264 contra
1724 4209 1899 4280 ipsum
1924 4219 2168 4281 pertrac-

572 4306 701 4363 tata,
725 4311 787 4352 ac
818 4298 870 4353 in
897 4300 1140 4355 conciliis
1162 4300 1516 4358 Antiochenis
1547 4303 1791 4359 discussa
1822 4314 1982 4374 atque
2015 4303 2167 4359 dam-

571 4399 695 4447 nata
723 4393 1091 4449 manifestiora
1121 4404 1303 4450 erunt.
1336 4396 1623 4469 Dionysius
1651 4399 1834 4468 itaque
1861 4408 2048 4454 contra
2072 4398 2167 4454 de-

569 4498 688 4539 cem
721 4484 869 4540 Pauli
916 4485 1257 4543 Samosateni
1306 4491 1637 4560 quaestiones
1687 4492 1951 4557 scribens,
1983 4492 2055 4547 ita
2098 4490 2166 4547 de

2272 498 2707 572 (Samosatenus)
2756 503 3040 576 ingenitum
3083 503 3323 571 Patrem,
3370 504 3527 571 dicit,
3579 516 3632 560 ut
3677 506 3869 563 doceat

2268 588 2536 646 Christum
2566 602 2818 650 recentem
2846 611 2975 662 esse,
3003 604 3053 650 et
3087 605 3399 655 creaturam.
3429 594 3705 653 Christum
3729 613 3871 667 quo-

2269 698 2377 751 que
2406 695 2535 741 ante
2560 684 2782 752 Mariam
2817 702 2923 742 non
2958 685 3126 744 fuisse
3150 687 3410 758 iactabat.
3450 687 3547 747 'Tu
3586 705 3702 745 vero
3731 690 3868 746 dicis

2268 776 2405 845 quod
2426 786 2543 830 ante
2570 775 2795 832 Mariam
2818 794 2919 833 non
2944 788 3072 834 erat.
3101 778 3177 836 Ita
3209 779 3265 835 S.
3301 780 3591 852 Dionysius
3609 792 3735 841 ante
3750 783 3869 853 pri-

2269 882 2412 924 mam
2465 870 2824 939 quazstionem
2871 871 2941 927 de
2998 873 3165 943 ipsius
3215 872 3558 930 Samosateni
3604 875 3870 945 opinione

2272 970 2526 1019 teStatur.
2583 963 2780 1019 Purum
2834 963 3110 1021 hominem
3143 964 3308 1022 fuisse
3342 964 3618 1022 Christum
3672 977 3869 1039 aperte

2269 1056 2468 1111 asserit
2514 1054 2632 1126 ipse
2679 1056 2895 1115 Paulus.
2952 1057 3194 1115 Videmus
3218 1061 3351 1119 enim
3395 1058 3655 1117 Christum
3688 1063 3764 1117 ire
3796 1065 3870 1119 ad

2276 1150 2591 1218 passionem,
2610 1160 2653 1204 et
2667 1150 2835 1205 dicere
2852 1166 2871 1205 :
2898 1150 3056 1207 Nunc
3074 1153 3248 1211 anima
3265 1169 3380 1209 mea
3392 1152 3598 1208 turbata
3613 1165 3705 1217 est.
3728 1155 3865 1227 Age,

2269 1251 2410 1297 estne
2456 1240 2566 1298 ha’c
2604 1252 2793 1298 natura
2837 1241 2969 1297 Dei?
2997 1244 3303 1315 lterumque
3330 1255 3515 1299 contra
3545 1245 3865 1319 Dionysium

2269 1336 2456 1391 instat.
2506 1334 2656 1401 Quod
2701 1336 2948 1405 scriptum
2998 1346 3115 1392 est:
3144 1336 3341 1393 TriStis
3386 1346 3470 1393 est
3515 1339 3693 1393 anima
3741 1354 3865 1395 mea

2270 1443 2441 1499 usque
2469 1428 2534 1482 ad
2571 1436 2826 1492 mortem,
2856 1429 2921 1484 de
2950 1446 3050 1496 quo
3076 1430 3150 1485 vis
3197 1440 3251 1483 ut
3275 1432 3646 1500 conﬁteamur?
3680 1434 3868 1490 Annon

2268 1530 2345 1577 est
2367 1531 2553 1577 natura
2576 1520 2750 1588 homo,
2772 1525 2923 1595 cujus
2947 1524 3120 1578 anima
3140 1523 3302 1578 tristis
3327 1533 3400 1578 est
3415 1524 3441 1578 1
3464 1523 3669 1598 Eodem
3700 1527 3868 1585 modo

2269 1615 2490 1671 caeteris
2521 1616 2573 1671 in
2605 1615 2860 1671 omnibus
2889 1616 3284 1686 quaestionibus
3305 1632 3460 1673 suum
3488 1617 3634 1674 hunc
3650 1617 3872 1677 refricat

2269 1724 2536 1765 errorem.
2584 1710 2857 1766 Christum
2905 1726 3129 1768 veroex
3176 1712 3391 1782 Virgine
3437 1721 3620 1770 natum
3669 1714 3870 1771 fatetur

2273 1803 2413 1858 idem
2442 1802 2658 1858 Paulus.
2700 1801 2963 1873 Scriptum
3004 1812 3076 1858 est
3122 1803 3175 1857 in
3223 1802 3505 1877 Evangelia
3545 1805 3683 1875 quod
3738 1822 3870 1875 puer

2274 1897 2529 1951 crescebat
2605 1906 2653 1951 et
2714 1897 3139 1966 confortabatur,
3206 1899 3353 1967 quasi
3420 1898 3613 1955 diceret
3657 1917 3675 1954 ε
3719 1899 3871 1956 Cres-

2273 1989 2416 2043 cebat
2463 1987 2640 2055 Iesus,
2686 2004 2750 2043 ea:
2779 1986 2982 2057 Spiritu
3026 1988 3218 2045 Sancto
3249 1999 3295 2044 et
3336 2004 3400 2044 ea:
3448 1988 3625 2045 Maria
3666 1989 3875 2062 Virgine

2274 2090 2448 2137 natus.
2481 2079 2709 2135 Ehionis
2759 2079 3032 2136 inhaerens
3069 2081 3277 2148 errori,
3311 2082 3426 2152 qui,
3454 2091 3509 2138 et
3535 2082 3654 2153 ipse
3682 2083 3869 2140 Jesum

2273 2173 2376 2242 (ut
2415 2188 2487 2227 ex
2524 2171 2730 2227 Hilario
2760 2187 2922 2244 supra
2973 2174 3297 2243 retulimus)
3328 2188 3395 2233 ex
3434 2173 3654 2247 Virgine
3681 2186 3869 2233 natum

2273 2265 2554 2333 agnoscit;
2591 2264 2643 2319 in
2692 2278 2760 2319 eo
2788 2279 2818 2319 a
2865 2263 3127 2323 Cerintho
3179 2275 3235 2321 et
3286 2266 3615 2336 Carpocrate
3663 2267 3876 2324 discor-

2272 2355 2431 2423 dans,
2462 2356 2553 2427 qui
2598 2355 2872 2411 Christum
2904 2358 3164 2413 volebant
3202 2366 3383 2412 natum
3428 2374 3538 2413 esse
3586 2360 3872 2421 secundum

2272 2460 2515 2505 naturam
2536 2464 2600 2504 ea:
2629 2449 2740 2504 uiro
2765 2458 2814 2504 et
2862 2449 3112 2515 muliere;
3142 2467 3322 2521 nempe
3346 2466 3409 2505 ea:
3435 2448 3629 2520 Joseplt
3656 2460 3700 2505 et
3748 2450 3873 2504 Ma-

2272 2546 2375 2611 ria,
2409 2555 2456 2599 et
2487 2545 2551 2598 de
2579 2553 2794 2614 utroque
2838 2560 2982 2601 sexu.
3038 2543 3419 2600 Theudoretus
3470 2554 3650 2599 tamen
3691 2544 3871 2613 ipsum
3908 2612 3917 2621 .

2271 2652 2490 2709 quoque
2523 2638 2787 2694 Ehionem
2819 2638 3074 2695 docuisse
3103 2637 3351 2707 perhibet
3384 2635 3655 2693 Christum
3686 2653 3753 2691 ea:
3777 2635 3873 2691 Ιο-

2270 2733 2397 2802 seph
2444 2740 2491 2786 et
2521 2730 2690 2786 Maria
2733 2746 2842 2785 esse
2881 2738 3058 2785 natum
3104 2728 3217 2801 (lib.
3267 2745 3303 2785 ιι
3343 2730 3407 2784 de
3464 2727 3735 2784 ereticis
3793 2733 3878 2799 fa-

2273 2824 2404 2881 bulis
2433 2825 2496 2880 de
2524 2823 2828 2896 Ebionitis).
2877 2824 3020 2879 Duas
3057 2832 3236 2878 tamen
3272 2822 3647 2879 Ebionitarum
3689 2830 3878 2877 sectas

2271 2918 2574 2989 distinguit,
2609 2932 2728 2988 quae
2751 2918 2804 2972 iu
2836 2932 2904 2972 eo
2943 2925 3149 2971 tantum
3176 2914 3460 2970 discordes
3505 2923 3692 2978 erant,
3725 2915 3873 2984 quod

2272 3027 2373 3066 una
2405 3010 2678 3066 (lhristutn
2727 3024 2795 3064 ex
2840 3017 3071 3079 utroque
3099 3022 3234 3063 sexu
3261 3015 3444 3071 uatum
3486 3005 3673 3071 vellet,
3697 3006 3874 3063 altera

2271 3117 2336 3158 ex
2368 3102 2612 3173 Virgine.
2645 3101 2799 3169 Quod
2841 3109 2895 3155 et
2940 3099 3209 3155 Eusebius
3257 3098 3496 3154 affirmat
3536 3096 3690 3170 (Eus.
3723 3097 3873 3153 Hist.

2271 3194 2309 3249 l.
2345 3209 2424 3261 ιιι,
2459 3210 2577 3263 cap.
2624 3194 2706 3264 5).
2751 3191 3009 3260 Quamvis
3060 3200 3239 3246 autem
3269 3189 3546 3246 Christum
3590 3187 3874 3244 hominem

2271 3286 2479 3342 diceret
2497 3284 2920 3349 Samosutensis,
2945 3294 3284 3355 assumptum
3310 3294 3490 3338 tamen
3515 3290 3736 3352 propter
3757 3284 3873 3338 exi-

2271 3379 2433 3433 miam
2492 3376 2753 3433 Virtutem
2811 3377 2864 3432 in
2897 3377 3064 3432 Deum
3111 3376 3314 3432 voluit:
3348 3376 3418 3430 ita
3451 3384 3640 3430 contra
3691 3373 3873 3444 ipsum

2274 3470 2603 3543 Dionysius:
2644 3468 2797 3524 Vides
2843 3470 2897 3523 in
2924 3478 3172 3536 quantum
3215 3466 3425 3523 absurdi
3456 3474 3503 3521 te
3548 3466 3867 3537 praecipites,

2269 3579 2388 3616 cum
2434 3563 2564 3617 dicis
2622 3560 2802 3616 Virum
2851 3569 3113 3632 sumptpm
3163 3575 3196 3614 a
3228 3560 3335 3613 Deo
3376 3556 3558 3613 Verbo.
3602 3558 3872 3627 Superius

2271 3655 2435 3710 etiam
2459 3673 2471 3709 :
2499 3652 2800 3709 Absurdum
2826 3662 2999 3708 autem
3025 3663 3099 3708 est
3129 3653 3298 3707 dicere
3322 3652 3577 3707 hominem
3605 3647 3872 3706 Christum

2271 3750 2438 3820 magis
2458 3747 2567 3802 Deo
2589 3747 2845 3819 placuisse
2868 3763 3024 3817 quam
3056 3761 3230 3801 omnes
3261 3745 3489 3801 homines
3534 3745 3602 3798 ad
3620 3744 3876 3799 habitan-

2271 3843 2394 3895 dum
2422 3843 2477 3895 in
2509 3857 2588 3896 eo.
2621 3842 2787 3895 Deum
2822 3841 3004 3910 itaque
3035 3840 3303 3895 fatebatur
3328 3838 3601 3895 Christum
3631 3853 3739 3893 non
3775 3854 3874 3893 na-

2270 3944 2414 4001 tura,
2443 3933 2539 3991 sed
2571 3932 3008 4004 participatione.
3066 3932 3247 3997 Quare
3297 3931 3438 3989 idem
3470 3929 3527 3995 ὃ.
3575 3929 3874 4002 Dionysius

2270 4025 2571 4094 carentium
2600 4035 2784 4082 monet
2833 4025 2901 4097 ab
2927 4040 2993 4081 eo
3024 4024 3170 4096 quod
3200 4025 3402 4080 Paulus
3422 4023 3640 4101 dixerit,
3674 4022 3874 4079 Chris-

2273 4127 2385 4173 tum
2440 4127 2623 4171 natum
2654 4132 2722 4172 ex
2751 4116 2955 4188 Spiritu
2985 4117 3188 4172 Sancto
3228 4122 3284 4171 ot
3315 4115 3500 4189 Maria.
3534 4114 3666 4168 Cum
3713 4114 3876 4184 igitur

2270 4207 2461 4264 callide
2486 4210 2557 4262 ait
2588 4208 2940 4265 Samosatenis
2962 4225 3025 4263 ea:
3054 4208 3258 4279 Spiritu
3299 4207 3513 4273 Sancto,
3557 4215 3604 4259 et
3647 4205 3824 4275 Maria
3855 4246 3871 4272 ,

2271 4289 2504 4373 decipere
2529 4302 2656 4369 vult,
2687 4312 2742 4355 ut
2771 4303 2901 4356 sicut
2926 4302 3173 4369 scriptum
3196 4310 3292 4367 est,
3325 4314 3433 4354 non
3482 4314 3549 4355 ex
3581 4301 3875 4371 sanguini-

2272 4395 2394 4459 hns,
2424 4395 2518 4450 sed
2545 4411 2608 4450 ex
2634 4394 2746 4450 Deo
2778 4394 2886 4448 nati
2910 4404 3055 4461 sunt,
3091 4395 3171 4447 sic
3198 4392 3341 4448 dicat
3365 4391 3426 4445 de
3454 4388 3619 4456 Nato,
3655 4408 3718 4444 ea:
3743 4389 3877 4445 Dei-

2272 4503 2422 4561 para.
2454 4487 2619 4557 'Quod
2667 4497 2837 4542 autem
2889 4470 3013 4539 dicit
3053 4486 3337 4559 ingenitum
3386 4482 3623 4551 Patrem,
3657 4484 3778 4539 dicit
3814 4495 3872 4539 nt

571 4576 742 4647 ipsius
762 4578 903 4635 circa
926 4579 1203 4636 Christum
1243 4581 1530 4638 Dominum
1554 4584 1863 4654 opinionem
1892 4592 2019 4640 ante
2045 4583 2163 4655 pri-
2191 4557 2242 4619 Ῑ)
2269 4580 2443 4636 doceat
2471 4580 2731 4636 Christum
2756 4590 3007 4636 recentem
3035 4596 3143 4635 esse
3164 4590 3211 4635 et
3233 4587 3540 4636 creaturam.

571 4685 713 4724 mam
741 4671 1098 4749 qurestionem
1146 4674 1307 4729 habet
1332 4692 1347 4732 :
1372 4674 1516 4731 Dicis
1546 4676 1678 4731 duas
1705 4677 2008 4747 hgpostases
2034 4694 2163 4743 esse,

568 4774 616 4817 et
646 4763 774 4819 duas
805 4782 1072 4836 personas,
1105 4768 1258 4821 unius
1274 4777 1321 4822 et
1344 4769 1507 4823 solius
1532 4768 1743 4835 Christi,
1762 4778 1806 4823 et
1836 4771 1967 4826 duos
1987 4771 2167 4828 Chris-

567 4868 667 4922 tos,
691 4869 737 4912 et
765 4857 893 4915 duos
923 4859 1111 4927 Filios,
1138 4878 1297 4915 unum
1336 4873 1528 4918 natura
1553 4862 1746 4919 Filium
1779 4862 1896 4932 Dei,
1938 4867 2027 4936 qui
2067 4867 2168 4937 fuit

569 4958 689 5002 ante
716 4952 927 5029 saecula,
967 4961 1017 5004 et
1055 4967 1213 5005 unum
1253 4954 1555 5024 homonyme
1581 4952 1861 5021 Christum,
1894 4966 1940 5011 et
1967 4955 2167 5012 Filium

568 5039 761 5108 David,
783 5044 870 5113 qui
899 5057 1000 5096 non
1021 5044 1125 5115 fuit
1141 5052 1276 5109 ante,
1299 5053 1345 5099 et
1368 5046 1467 5116 fuit
1487 5047 1542 5102 in
1560 5055 1865 5118 tempore,et
1885 5050 2165 5105 secundum

571 5133 948 5203 beneplacitum
1001 5134 1102 5192 Dei
1144 5138 1339 5209 accepit
1369 5154 1552 5194 nomen
1605 5138 1753 5195 Filii.
1815 5140 1906 5214 (In
1956 5140 2063 5210 Ep.
2099 5142 2167 5195 ad

573 5223 799 5281 Paulum
812 5225 1241 5296 Samosatenum,
1264 5247 1417 5302 quam
1443 5235 1597 5305 refert
1626 5230 1817 5300 Labbe,
1843 5242 1880 5288 t.
1906 5251 1960 5303 p.
1977 5231 2167 5289 Conci-

570 5321 755 5375 liorum
782 5322 835 5375 in
866 5323 1106 5378 concilio.
1138 5323 1377 5379 Antioch.
1404 5343 1513 5395 pr.,
1553 5343 1675 5397 pag.
1701 5326 1827 5393 850,
1846 5325 1929 5380 ed.
1959 5325 2162 5399 Paris.)

570 5412 957 5470 Samosatenus
989 5416 1171 5484 itaque
1228 5419 1280 5471 in
1332 5417 1445 5471 Deo
1492 5432 1753 5486 personas
1796 5416 2166 5472 confundehat

570 5521 732 5560 unum
778 5507 944 5562 Deum
976 5523 1253 5575 asserens,
1308 5518 1366 5562 ut
1414 5508 1492 5562 illi
1529 5508 1822 5577 exprobrat
1852 5507 2161 5578 Dionysius.

565 5596 828 5661 Ecclesia,
858 5598 1051 5668 inquis,
1085 5599 1215 5659 duos
1239 5597 1379 5653 Deos
1406 5617 1507 5654 non
1538 5600 1699 5667 dicit,
1731 5616 1893 5679 neque
1921 5601 2166 5655 traditum

559 5693 773 5764 accepit.
805 5689 1024 5753 Patrem
1050 5704 1172 5746 eum
1196 5692 1335 5752 FlliO
1363 5693 1724 5762 confundens,
1753 5709 1911 5766 quem
1946 5692 2034 5750 hic
2073 5709 2167 5750 su-

555 5787 741 5855 perius
766 5784 1054 5863 referente
1078 5770 1338 5869 Dionysio
1363 5788 1581 5859 dicebat
1606 5802 1794 5852 natura
1822 5790 2022 5853 Filium
2049 5790 2167 5853 Dei.

2341 4672 2540 4730 Contra
2564 4673 2663 4730 hos
2687 4675 2837 4732 Pauli
2865 4674 3205 4730 Samosuteui
3222 4687 3439 4739 errores
3465 4670 3683 4726 concilii
3708 4671 3877 4742 primi

2271 4767 2597 4825 Antiocheni
2649 4768 2840 4839 Patres
2894 4767 3068 4823 eidem
3109 4767 3275 4821 Paulo
3320 4765 3681 4835 scripserunt.
3714 4763 3879 4819 Hunc

2270 4871 2438 4917 autem
2466 4860 2661 4916 Filium
2689 4844 2916 4932 genitum
2948 4859 3284 4935 Unigenitum
3302 4859 3584 4935 imaginem
3620 4855 3716 4913 Dei
3741 4857 3883 4911 invi-

2269 4955 2455 5020 sibilis,
2483 4956 2879 5028 primogenitum
2924 4953 3088 5013 omnis
3126 4963 3376 5023 creatura:
3425 4952 3771 5022 sapientiam,
3823 4960 3880 5027 et

2285 5047 2526 5113 Verbum,
2580 5065 2640 5103 ac
2670 5049 2907 5104 virtutem
2933 5046 3033 5103 Dei
3060 5056 3179 5103 (nite
3207 5046 3399 5100 swcula
3430 5060 3533 5113 non
3583 5042 3882 5114 prwcogni-

2271 5143 2405 5195 tione
2428 5182 2444 5207 ,
2475 5141 2564 5197 sed
2607 5142 2910 5207 substantia,
2962 5149 3008 5195 et
3047 5139 3315 5211 hypothesi
3342 5137 3505 5195 Deum
3534 5134 3631 5190 Dei
3673 5134 3879 5190 Filium

2270 5248 2388 5291 cum
2434 5234 2487 5287 in
2522 5231 2693 5303 Veteri
2716 5243 2763 5288 et
2787 5232 2935 5288 Novo
2967 5231 3290 5288 Testamento
3330 5229 3680 5299 cognovimus,
3708 5228 3882 5296 con/i-

2272 5335 2455 5393 tentur,
2483 5336 2528 5381 et
2556 5325 2918 5398 pra’dicamus.
2958 5326 3058 5391 Qui
3104 5332 3274 5377 autem
3316 5331 3491 5377 contra
3519 5320 3645 5374 dicit
3676 5319 3879 5391 Filium

2272 5416 2367 5489 Dei
2399 5434 2501 5473 non
2544 5433 2652 5475 esse
2677 5426 2795 5491 ante
2836 5416 3248 5489 constitutionem
3275 5412 3475 5487 mundi,
3506 5410 3737 5485 dicitque
3757 5427 3879 5467 crc-

2273 5512 2408 5577 dere,
2443 5520 2491 5564 et
2511 5511 2747 5578 confiteri
2773 5526 2880 5564 esse
2909 5509 3092 5573 Deum,
3116 5524 3218 5562 non
3239 5522 3349 5560 esse
3374 5504 3518 5558 aliud
3558 5520 3713 5575 quam
3741 5504 3884 5583 duos

2273 5599 2410 5656 Deos
2438 5600 2741 5670 praedicare.
2796 5600 2898 5666 Qui
2935 5598 3129 5653 Filium
3162 5596 3259 5651 Dei
3277 5611 3379 5650 non
3409 5610 3515 5649 esse
3546 5590 3716 5647 Deum
3739 5609 3888 5663 prte-

2275 5696 2413 5754 dicat
2433 5735 2446 5760 ,
2498 5696 2632 5750 hunc
2670 5693 2895 5751 alienum
2918 5710 3029 5777 esse
3057 5694 3118 5747 ab
3150 5690 3393 5745 Ecclesia:
3426 5686 3626 5761 Regula
3652 5685 3889 5741 arbitra~

2287 5808 2423 5865 mur,
2452 5799 2499 5849 et
2530 5806 2703 5853 omnes
2740 5788 2989 5852 Ecclesia
3035 5787 3317 5847 Catholica:
3336 5784 3603 5842 nobiscum
3623 5781 3891 5845 sentiunt.
