4198 6160
377 234 489 291 637
1813 250 2299 314 DlSSBRTATIO.
2854 322 2859 328 ,
3616 281 3723 340 638

375 350 473 423 (la
504 346 677 422 Epist.
707 362 803 403 ses:
829 346 1214 420 Episcoporum
1243 352 1577 415 Samosaten.
1609 362 1745 434 apud
1784 363 2000 438 Labbe.)
2027 372 2082 430 Α
2108 379 2287 426 autem
2345 373 2532 430 virtute
2559 381 2992 449 prastantiorem.
3026 381 3244 441 Clarius
3290 387 3719 465 Samosatensis,

449 444 545 465 ηε,
580 444 723 465 ,,,,,
754 455 974 465 ___,_“
1002 442 1154 465 nu“
1187 444 1311 465 σω
1336 463 1377 465 μ
1432 459 1469 465 -,
1525 452 1538 464 .
1638 454 1650 465 .
1758 456 1774 465 .
1910 460 1923 465 -
2112 461 2171 465 -ξ

449 444 548 500 llis
574 444 725 499 circa
749 455 977 498 errores
1002 442 1156 498 Pauli
1187 444 1538 506 Samosateni
1565 454 1955 515 animadversis
1984 477 1999 514 :
2106 461 2346 521 Ebionis
2366 507 2381 532 ,
2414 478 2469 523 et
2507 468 2747 526 Artemte
2770 487 3012 531 errorem
3050 487 3297 537 sectatus
3326 468 3565 555 ipsorum
3599 442 3731 547 seu:

498 536 533 555 ι,
594 534 911 555 ..Α-,Μηη
964 534 1247 555 ..Μμμ
1395 541 1407 553 .
1477 543 1487 554 .
1550 541 1586 555 η
1652 546 1664 555 .
1733 547 1747 555 -
1878 545 1910 555 ρ

366 553 473 596 θυι·
498 536 560 593 S-
591 534 918 592 Ρθῑτίθτοίιθ
949 534 1269 593 Αίεκθηάθν
1295 541 1521 599 οτηίεείδ
1545 541 1826 615 Cerinllm,
1869 545 2004 605 Cnr-
2106 558 2343 613 tentiam
2371 562 2642 632 explicat:
2690 562 2836 620 Duos
2886 566 3069 642 (dicis)
3121 570 3313 639 Filios,
3349 534 3507 633 trinum
3537 594 3729 640 natura

364 644 604 711 poet-ate
646 642 816 702 atque
847 628 1274 699 'l'heodotione,
1312 634 1383 691 de
1440 636 1648 696 Ebione
1687 650 1745 698 et
1778 641 1999 698 Artema
2102 648 2313 707 Filium
2340 628 2458 720 Dei,
2489 657 2578 727 qui
2607 658 2709 728 fuit
2735 671 2854 716 ante
2878 628 3091 730 sarculci,
3134 675 3183 721 et
3228 684 3390 725 unum
3418 674 3728 749 homongme

398 729 713 749 --_.:-.......
747 723 1137 749 s-_n...........l-
1171 723 1367 749 ι’---..ε.
1438 738 1545 749 .--μᾼ
1576 732 1675 749 :__-
1769 733 1831 749 ru
1856 734 1894 749 o4
1955 735 1985 749 ιν
2114 742 2169 749 ..-
2225 745 2236 749 _
2512 747 2549 749 λ
2708 742 2711 744 -

363 729 715 786 mentionem
746 723 1139 780 tantummodo
1170 723 1388 791 fecerit,
1437 738 1550 785 tum
1575 732 1747 802 ipsius
1769 733 2002 793 Ebionis
2104 742 2397 812 Christum,
2430 757 2479 802 et
2500 723 2711 805 Filium
2747 752 2947 821 David,
2979 758 3065 821 qui
3090 774 3192 813 non
3222 762 3325 833 fuit
3353 774 3491 832 ante,
3528 778 3578 823 et
3607 723 3728 841 afuit

371 833 415 841 -.
467 825 483 841 ι
504 830 696 841 _.___._
732 833 847 841 ---_-
883 816 1055 841 13---]-
1080 817 1439 841 Ω-..-,-ι-ᾏ-
1473 823 1485 837 ο
1566 840 1571 841 ,
2108 835 2122 841 -

358 833 421 880 et
454 825 700 879 Artemaa
727 833 849 875 cum
881 816 1059 875 Paulo
1079 817 1449 879 Samosateno
1471 823 1524 880 in
1554 840 1742 883 errore
1770 841 2002 883 consen-
2103 835 2162 889 in
2193 845 2449 907 tempore,
2480 853 2526 896 et
2557 845 2840 900 secundum
2873 816 3249 921 beneplacitum
3278 856 3375 913 Dei
3404 863 3601 933 accepit
3624 816 3726 919 ξω-

359 921 471 985 sio,
494 929 608 976 tum
639 914 886 973 Cerinthi
908 923 967 971 et
991 913 1346 986 Carpocratis
1368 918 1644 978 dissensio
1689 924 1759 978 ab
1784 922 1998 980 Ebione
2103 945 2229 985 men
2264 929 2415 989 Filii.
2450 934 2524 989 lta
2557 935 2849 1009 Dionysius
2879 913 3065 998 contra
3098 928 3352 1015 Paulum,
3374 913 3722 1015 etinﬁf'er—ius':

357 1023 417 1071 et
448 1012 675 1070 Artema
706 1009 756 1064 in
782 1023 949 1065 causa
987 1006 1112 1073 fuit,
1169 1008 1315 1078 quod
1369 1009 1422 1065 hi
1455 1011 1736 1068 Christum
1767 1028 1834 1068 ex
1874 1013 1999 1068 νῖν·
2104 1022 2202 1078 Ais
2230 1026 2366 1080 enim
2397 1030 2534 1101 quod
2575 1006 2795 1088 Verbum
2836 1045 2946 1092 erat
2995 1048 3116 1094 ante
3156 1006 3388 1099 Mariam
3411 1088 3427 1113 ,
3487 1044 3723 1109 Christus

357 1108 513 1181 giae,
535 1105 615 1161 illi
643 1117 848 1159 veroex
874 1099 1094 1173 .loseph
1117 1111 1173 1158 et
1222 1100 1394 1158 Maria
1421 1115 1611 1160 natum
1633 1106 1998 1163 asseruerint.
2104 1130 2232 1172 vero
2263 1135 2369 1173 non
2394 1131 2503 1177 erat
2532 1135 2652 1179 ante
2679 1126 2924 1190 Mariam,
2954 1140 3005 1184 et
3027 1133 3164 1197 quod
3191 1134 3369 1193 Maria
3408 1156 3511 1195 non
3547 1146 3722 1214 genuit

371 1200 445 1221 ιλ
477 1198 910 1221 11η---.‹1-ιξιι-ιιι.ινι
966 1210 1101 1221 -.Α-Λ
1147 1194 1289 1221 ι-..ΑΑ
1342 1206 1550 1221 -..Ληιρι
1661 1196 1794 1221 ..ειη
1841 1197 1902 1221 Δ..
1937 1212 1997 1221 Α-
2114 1205 2161 1221 ειν
2238 1209 2249 1221 ι
2390 1210 2402 1221 ρ
2613 1217 2626 1221 -
2916 1220 2919 1221 ,
3708 1214 3713 1221 .

358 1200 446 1257 Ad
477 1198 911 1255 Theodotionem
966 1210 1102 1250 vero
1144 1194 1289 1265 quod
1341 1206 1555 1301 spectat
1582 1238 1598 1263 ,
1661 1196 1796 1253 nihil
1837 1197 1905 1253 de
1932 1212 2003 1254 eo
2114 1205 2352 1264 Verbum
2383 1210 2511 1281 (non
2541 1217 2679 1271 enim
2708 1221 2879 1275 senior
2912 1194 3077 1278 Verbo
3102 1224 3336 1299 est),sed
3355 1194 3723 1305 θεηηξιξῇξξξ

357 1280 833 1353 ΒζΡθινὶεΐεῑιίὶῐη
863 1287 1139 1344 Videlicet
1194 1287 1550 1354 meminisse;
1589 1303 1709 1343 ηοη
1751 1304 2000 1345 θιτοτιηη
2109 1309 2223 1353 tum
2248 1303 2433 1358 exinde
2460 1306 2768 1365 honoratum
2795 1312 2849 1366 in
2882 1311 3076 1368 Filium
3106 1280 3223 1372 Dei.
3257 1280 3538 1382 Christum
3563 1342 3719 1385 crea-

357 1386 657 1444 dirersitas
693 1383 759 1439 ad
782 1382 1067 1439 silendum
1114 1380 1345 1465 impulit,
1398 1381 1493 1436 sed
1550 1395 1706 1450 quos
1752 1382 2004 1438 Artemas
2111 1398 2296 1449 turam
2326 1409 2450 1455 esse
2480 1414 2587 1459 non
2615 1412 2808 1458 natura
2837 1404 3032 1473 Filium
3064 1407 3156 1465 Dei
3180 1413 3470 1472 manifesto
3497 1422 3717 1482 asserit.

357 1478 755 1538 Theodolionis
780 1490 1006 1533 errores
1032 1476 1292 1532 Οιδτῖοῑθε
1313 1472 1532 1530 fecer“-
2116 1484 2278 1551 Quod
2303 1498 2475 1543 autem
2503 1491 2630 1547 dicit
2654 1495 2936 1566 ingenitum
2979 1497 3206 1566 Patrem,
3251 1506 3397 1581 dicit.
3426 1520 3483 1565 ut
3512 1498 3714 1582 doceat,

360 1618 392 1692 ᾗ
438 1616 583 1679 γιῐι.
626 1645 698 1658 --
741 1615 848 1671 Arii
876 1630 1089 1671 errores
1142 1630 1172 1667 a
1211 1612 1273 1669 S.
1323 1584 1642 1667 Alexandro
1694 1611 2004 1683 Patriarchq
2401 1593 2660 1692 rfcf’mf’?
2689 1598 2870 1692 me“?
2900 1600 3210 1692 πεξτηιναηιι
3242 1576 3319 1652 "il
3352 1600 3498 1655 Pauli
3526 1585 3711 1659 dOlum

434 1670 761 1771 enumeratos
805 1709 1052 1777 Ebionis,
1089 1708 1329 1775 Artemis,
1357 1723 1416 1761 ac
1445 1704 1619 1760 Pauli
1662 1706 1993 1766 Samosateni
2020 1760 2068 1789 υ
2110 1670 2323 1789 Ψῗξξξί
2349 1672 3090 1789 ᾒξδξῇιρξξιξιηξιεᾼΙξιοιιγειιις.
3216 1783 3221 1789 ο

437 1760 759 1817 "mu-rm"
805 1760 1052 1777 ww",
1402 1760 1405 1761 ν
2020 1760 2069 1821 Β
2171 1762 2314 1820 Aliis
2362 1766 2633 1825 haereticis
2682 1773 2902 1828 eosdem
2960 1790 3181 1834 errores
3216 1783 3295 1837 ἐχ
3366 1783 3713 1845 Theodore",

437 1804 700 1871 erroribus
729 1807 1051 1876 conformes.
2099 1854 2330 1876 ,λῃ-,ιν
2401 1867 2413 1876 Δ
2466 1861 2502 1876 h
2603 1863 2615 1876 ,
2891 1866 2903 1876 _
2951 1868 2981 1876 η
3050 1869 3081 1876 _
3270 1874 3277 1876 _

2096 1854 2418 1914 adscribunt
2466 1861 2676 1939 Domini
2708 1860 3006 1922 Ballerinii.
3040 1869 3371 1929 Contrarium
3409 1878 3545 1934 hunc
3572 1896 3709 1935 erro-

2095 1963 2205 2002 rem
2233 1951 2475 2009 undecim
2520 1965 2789 2013 tenuerunt
2819 1958 3248 2018 heterodoxorum
3287 1976 3438 2023 seetse
3482 1985 3515 2023 a
3543 1969 3711 2025 Theo-

2093 2040 2272 2096 dorelo
2320 2049 2602 2103 nominata:
2645 2049 2733 2103 lib.
2784 2067 2835 2106 χι
2883 2053 3126 2109 adversus
3170 2058 3409 2128 haereses,
3465 2062 3708 2118 nimirum

435 1940 619 1997 Primo
638 1939 700 1996 S.
731 1936 1058 1994 Alexander
1090 1934 1323 1990 Arianos
1366 1931 1543 2002 arguit
1569 1949 1583 1986 :
1622 1933 1730 2001 Qui
1754 1949 1992 1990 asserue-

360 2043 486 2090 runt
531 2042 739 2102 tempus
769 2029 1059 2100 aliquando
1108 2028 1290 2096 fuisse,
1321 2040 1438 2080 cum
1479 2040 1581 2078 non
1635 2034 1764 2081 esset
1815 2025 1991 2083 Filius

360 2128 484 2184 Dei.
526 2125 700 2182 Ebion
729 2141 881 2179 omne
918 2124 1132 2183 initium
1181 2119 1308 2176 F5155
1351 2135 1415 2175 ϐω
1458 2116 1633 2224 Ματδξι
1658 2121 1985 2224 οοιξεεάεῢαιο
2094 2129 2373 2205 Ebionitce,
2404 2138 2689 2206 Nazareni,
2721 2142 3064 2216 Cerinthiaui,
3094 2150 3356 2221 Artemon,
3388 2116 3704 2224 i‘heodotus,

360 2223 629 2277 Artemon
663 2218 963 2273 Dominum
998 2215 1189 2273 Iesum
1220 2213 1497 2269 Christum
1528 2209 1697 2264 solum
1727 2210 1987 2268 hominem
2090 2222 2607 2309 Melchisedeclliani,
2668 2233 2991 2313 Hetceseitte,
3044 2239 3248 2299 Paulus
3294 2236 3701 2313 Samosalensis,

359 2328 473 2367 esse
525 2312 730 2366 dicebat
776 2317 960 2364 natum
1006 2322 1071 2362 ea:
1107 2305 1340 2379 Virgine.
1375 2301 1575 2358 Paulus
1596 2301 1986 2361 Samosatenus
2032 2372 2033 2375 η
2088 2314 2377 2387 δαὺειιξαε,
2406 2306 2709 2401 Marcellus,
2747 2312 3069 2407 Phot‘iniani,
3088 2335 3278 2405 quibus
3309 2340 3563 2396 addenda;
3584 2340 3704 2395 alia:

359 2405 627 2461 Christum
658 2400 897 2476 (aiebat)
949 2412 999 2456 et
1029 2398 1233 2454 Filium
1265 2396 1434 2452 David
1474 2397 1562 2465 qui
1590 2412 1690 2450 non
1717 2397 1814 2504 fuit
1842 2407 1981 2504 ante.
2085 2407 2204 2464 duae
2232 2396 2756 2485 Carpocratianorum
2806 2402 2887 2477 emi
2914 2396 3116 2481 Irenaeo
3142 2429 3230 2484 lib.
3278 2448 3327 2499 ι,
3379 2451 3492 2504 cap.
3525 2433 3619 2504 24,
3653 2446 3701 2491 et

255 2522 266 2529 ο
357 2510 411 2553 et
444 2500 538 2569 fuit
559 2500 614 2552 in
648 2507 905 2566 tempore,
940 2493 1329 2562 hominemque
1360 2490 1558 2562 passim
1577 2502 1699 2543 esse
1729 2488 1979 2558 dicebat,

358 2603 423 2647 ut
448 2589 861 2646 adnotavimus.

436 2683 721 2742 Secundo.
761 2680 954 2736 Omnia
1006 2679 1145 2735 enim
1172 2677 1337 2733 Deum
1366 2693 1431 2732 ex
1458 2674 1621 2730 nihilo
1649 2675 1847 2759 fecisse,
1879 2692 1981 2746 qua

356 2778 621 2835 sententia
650 2778 815 2832 etiam
845 2773 1045 2829 Filium
1077 2772 1175 2826 Dei
1193 2769 1654 2843 comprehendunt.
1700 2768 1798 2825 Hic
1824 2762 1982 2825 error

360 2875 492 2931 licet
524 2889 592 2928 ex
638 2846 1089 2942 praecedentibus
1118 2867 1358 2933 oriatur,
1388 2873 1627 2920 attamen
1659 2863 1710 2918 in
1742 2862 1983 2934 praefatis

357 2965 647 3021 bzereticis
679 2974 984 3032 expressus
1030 2973 1137 3014 non
1169 2958 1458 3028 reperitur.
1508 2954 1588 3011 lta
1645 2955 1749 3024 ipsi
1793 2955 1977 3011 Ariani

294 3085 310 3097 -
355 3054 687 3113 earumdem
718 3052 1106 3108 hmreticorum
1140 3047 1469 3105 sententiam
1507 3046 1870 3116 explieabant.

2082 2499 2314 2559 Belum.
2355 2525 2420 2562 ea;
2450 2509 2694 2580 Eusebio,
2731 2514 2918 2583 lib.vr,
2960 2536 3077 2590 cap.
3120 2523 3210 2577 tt.
3246 2524 3360 2580 Non
3408 2499 3479 2596 ita
3513 2499 3695 2599 tamen

2083 2604 2209 2650 sunt
2257 2596 2374 2654 haec
2431 2604 2767 2676 accipienda,
2829 2618 2887 2665 ut
2941 2610 2993 2666 in
3042 2615 3296 2673 omnibus
3344 2620 3395 2674 hi
3428 2596 3693 2678 liceresutn
3760 2626 3763 2629 ’

2082 2685 2345 2748 Parentes
2372 2700 2769 2756 consenserint.
2797 2701 3053 2762 Nazzarei
3075 2707 3365 2780 siquidem,
3396 2717 3695 2787 Augustino

2085 2788 2247 2850 teste,
2275 2783 2556 2846 Christum
2588 2792 2681 2848 Dei
2722 2797 2913 2854 Filium
2946 2801 3270 2862 fatebantur.
3298 2783 3556 2867 Nazzarei
3577 2829 3693 2891 cum

2079 2871 2181 2928 Dei
2233 2874 2434 2937 Filium
2477 2888 2821 2955 conﬁteantur
2854 2909 2963 2949 esse
2990 2894 3275 2968 Christum,
3306 2906 3480 2959 omnia
3526 2884 3693 2961 tamen
3776 2954 3799 2967 ς

2079 2970 2258 3025 veteris
2282 2971 2413 3043 legis
2434 2976 2720 3034 observant.
2754 2982 2865 3052 Qua
2899 2987 2965 3040 de
2994 3004 3054 3045 re
3078 3006 3201 3046 cum
3248 2991 3581 3066 Epiphanius
3609 2996 3694 3052 di-

2079 3069 2166 3115 cat
2196 3080 2209 3119 :
2243 3062 2546 3124 Nazzareos
2578 3072 2741 3128 multa
2773 3092 2892 3131 cum
2922 3079 3127 3138 Ebione
3154 3062 3410 3142 habuisse
3439 3102 3691 3143 commu-

428 3148 645 3205 Tertio.
715 3144 915 3212 Quibus
972 3144 1125 3199 etiam
1193 3149 1561 3213 consequenter
1612 3139 1810 3194 addunt
1864 3157 1979 3197 eum
2006 3135 2052 3199 Ο
2085 3154 2193 3221 nia,
2219 3154 2322 3212 hoc
2351 3159 2420 3215 de
2446 3144 2824 3223 observatione
2862 3171 3111 3243 legalium
3143 3177 3550 3252 intelligendum
3581 3192 3687 3251 est,

353 3254 555 3299 natura
602 3256 762 3313 posse
792 3238 1019 3303 mutari,
1060 3236 1287 3292 Virtutis
1337 3244 1388 3289 et
1421 3233 1548 3289 Vitii
1574 3250 1680 3290 esse
1715 3251 1972 3304 capacem.

357 3336 486 3392 Non
515 3335 659 3390 enim
682 3342 901 3394 natura,
931 3340 1021 3385 aut
1045 3330 1326 3400 quidquam
1356 3336 1540 3399 prmter
1565 3337 1778 3383 cteteros
1809 3326 1976 3384 Filios

354 3430 604 3486 habuisse
644 3425 1005 3498 praerogativa:
1054 3423 1281 3494 (nullum
1309 3437 1528 3493 namque
1556 3430 1745 3476 natura
1775 3420 1975 3474 Filium

354 3522 460 3578 Dei
490 3537 602 3576 esse
632 3519 914 3590 aﬂirmant,
946 3533 1107 3586 neque
1129 3530 1433 3595 quemquam
1457 3529 1584 3579 esse,
1615 3515 1703 3582 qui
1729 3513 1837 3568 ulla
1857 3529 1973 3568 cum

353 3635 417 3675 eo
474 3616 798 3689 proprietate
846 3612 1150 3684 coniunctus
1180 3608 1309 3680 sit),
1343 3607 1435 3664 sed
1481 3624 1598 3662 cum
1625 3618 1751 3671 esset
1781 3620 1971 3663 natura

354 3709 625 3774 mutabili,
660 3716 711 3761 et
732 3714 944 3776 propter
971 3704 1286 3779 singularem
1315 3702 1371 3755 in
1394 3702 1499 3775 uita
1546 3710 1593 3754 et
1618 3699 1851 3783 moribus
1872 3700 1972 3755 rite

350 3800 702 3859 instituendis
759 3795 1080 3869 diligentiam
1134 3813 1198 3850 ac
1226 3792 1457 3849 studium
1486 3809 1588 3847 non
1614 3792 1683 3847 ad
1720 3792 1843 3846 vitia
1881 3792 1971 3846 de-

352 3900 623 3969 ﬂecteret,
656 3890 831 3948 Deum
861 3906 973 3945 eum
1007 3878 1242 3962 elegisse.
1277 3885 1584 3941 Mntabilem
1625 3901 1746 3943 esse
1776 3895 1969 3942 natura

352 3989 646 4045 Christum
696 3999 764 4040 ex
814 3981 908 4037 illo
932 3981 1067 4038 falso
1111 3989 1325 4038 asserto
1360 3979 1603 4049 sequitur
1631 3996 1739 4051 quo
1791 3978 1967 4035 Ebion

354 4091 415 4139 et
486 4082 743 4136 Artemas
817 4073 1090 4131 hominem
1160 4075 1338 4144 ipsum
1402 4086 1522 4128 esse
1595 4073 1968 4129 tantummodo

353 4172 649 4237 volebant,
700 4183 871 4240 quare
909 4176 1033 4238 apte
1079 4167 1137 4223 S.
1194 4163 1506 4222 Alexander
1563 4165 1734 4223 dicit:
1772 4162 1968 4230 Quibus

354 4258 519 4324 etiam
547 4270 919 4335 consequenter
941 4259 1157 4315 addunt.
1191 4259 1581 4313 Samosatenus
1607 4272 1737 4312 vero
1773 4264 1962 4324 aperte

357 4362 514 4417 hunc
542 4357 780 4413 asseruit
809 4368 1074 4410 errorem.
1101 4350 1372 4422 Quomodo
1400 4350 1558 4421 igitur
1577 4350 1664 4420 qui
1689 4348 1962 4416 crescebat,

359 4464 411 4509 et
440 4447 863 4521 confortabatur,
892 4430 1028 4499 hunc
1058 4444 1190 4499 dicis
1218 4451 1337 4497 ante
1365 4442 1555 4496 sa’cula
1585 4456 1711 4497 esse.
1743 4440 1800 4496 S.
1832 4456 1967 4511 quo-

2081 3258 2202 3300 cum
2237 3257 2290 3303 et
2316 3250 2419 3321 ipsi
2451 3253 2675 3311 Ebionei
2715 3259 2903 3331 legalia
2935 3278 3237 3324 servarent.
3272 3250 3493 3328 Ebionei
3513 3250 3690 3330 Chrisi

2081 3345 2187 3389 tum
2241 3341 2392 3393 etiam
2457 3350 2811 3404 tantummodo
2866 3351 3125 3412 hominem
3181 3361 3379 3417 dicunt.
3436 3363 3687 3423 Mandata

2078 3430 2308 3485 carnalia
2334 3432 2461 3502 legis
2487 3438 2774 3510 observant,
2806 3445 3248 3507 circumcisionem
3270 3455 3471 3510 scilicet
3494 3459 3685 3526 carnis,

2077 3530 2124 3575 et
2148 3532 2351 3590 castora,
2392 3544 2423 3580 a
2444 3544 2665 3598 quorum
2688 3538 2923 3593 oneribus
2962 3557 3054 3608 per
3084 3560 3272 3599 novum
3305 3545 3685 3605 Testamentum

2077 3611 2277 3670 liberati
2299 3632 2476 3673 sumus
2505 3622 2593 3693 (S.
2624 3625 2760 3699 Aug.
2793 3630 2857 3683 de
2888 3629 3033 3688 liter.
3084 3652 3132 3689 c.
3178 3636 3265 3702 10,
3293 3637 3319 3710 §
3344 3638 3420 3710 7).
3465 3641 3685 3698 Dissen-

2075 3704 2280 3762 tiebant
2312 3710 2494 3780 itaque
2520 3716 2668 3771 circa
2713 3718 3060 3778 Divinitatetn
3089 3704 3598 3800 ChristivNazzarci,
3631 3744 3686 3789 et

2075 3796 2365 3865 Ebionitaz,
2417 3804 2470 3859 hi
2521 3814 2893 3869 tantummodo
2944 3817 3239 3888 hominem,
3293 3822 3367 3877 illi
3411 3841 3541 3880 vero
3589 3828 3682 3883 Dei

2072 3890 2266 3947 Filium
2297 3908 2656 3964 agnoscentes
2681 3905 2953 3963 Christum
2991 3929 3004 3965 :
3046 3911 3361 3969 Ceriutlutm
3386 3933 3600 3990 quoque
3627 3930 3682 3975 et

2071 3982 2399 4057 Carpocram
2435 3992 2488 4047 in
2524 4009 2591 4049 eo
2619 4012 2727 4052 non
2750 4005 3043 4059 convenire
3070 4021 3191 4060 cum
3222 4007 3429 4065 Ebione
3454 4013 3682 4067 adnota-

2070 4078 2268 4141 vimus.
2292 4096 2414 4138 cum
2449 4084 2535 4142 hic
2557 4104 2623 4143 ex
2658 4090 2900 4162 Virgine,
2936 4096 3013 4151 illi
3055 4113 3119 4152 ex
3149 4098 3376 4170 Joseph,
3408 4114 3463 4159 et
3494 4105 3675 4174 Maria,

2070 4178 2127 4226 et
2148 4170 2215 4227 de
2242 4181 2469 4245 utroque
2494 4192 2631 4234 sexu
2653 4180 2923 4261 Christum
2957 4196 3142 4242 natum
3164 4185 3287 4245 esse
3315 4170 3676 4251 asseruerint;

2072 4263 2361 4322 Photinum
2412 4283 2542 4325 vero
2570 4270 2795 4329 Ebiouis
2826 4285 2886 4331 et
2915 4277 3067 4334 Pauli
3095 4280 3430 4338 Samosatcni
3464 4266 3677 4342 errores

2071 4356 2347 4435 refrittisse
2386 4374 2495 4415 non
2521 4371 2603 4441 est
2641 4366 3045 4438 ambigendum.
3078 4371 3232 4428 Hune
3261 4373 3403 4430 circa
3439 4378 3675 4435 medium

2069 4451 2247 4521 quarti
2270 4453 2452 4507 saeculi
2482 4455 2533 4508 in
2566 4458 2797 4513 concilio
2825 4461 3153 4529 Sardicensi,
3181 4474 3238 4522 et
3268 4466 3337 4522 ab
3368 4468 3500 4539 ipsis
3519 4471 3674 4526 Aria-

2089 4518 2100 4521 -
3140 4518 3153 4529 ,
3189 4518 3233 4522 ρ
3272 4518 3330 4522 ﬂ
3370 4518 3640 4539 -.-ω--..-

357 4560 474 4620 que
505 4518 799 4615 Dionysius
825 4552 1016 4599 contra
1065 4540 1482 4598 Samosatennm
1533 4536 1695 4592 infert
1726 4534 1830 4590 hoc
1871 4536 1965 4591 ab-
1991 4518 2046 4581 θ
2073 4544 2224 4599 nisin
2246 4544 2525 4603 Sirmiensi
2552 4562 2740 4605 eorum
2771 4556 3149 4613 conventiculo
3172 4558 3506 4629 damnatum,
3532 4564 3676 4632 ejus-

359 4636 595 4695 surdum
656 4635 824 4705 ipsius
864 4634 1137 4689 instantiae
1190 4629 1559 4715 respondens,
1609 4644 1710 4700 qua
1757 4636 1963 4684 textum

363 4727 654 4796 Evangelii
680 4725 954 4797 opposuit.
993 4722 1180 4779 Tristis
1231 4718 1305 4777 est
1343 4723 1514 4776 animo
1542 4736 1655 4776 mea
1696 4734 1855 4787 usque
1898 4719 1966 4774 ad

362 4828 586 4875 mortem
604 4836 624 4885 ;
655 4817 893 4873 subdens
919 4834 931 4872 :
966 4815 1207 4889 Alioqui,
1242 4824 1288 4869 et
1319 4814 1572 4884 Spiritum
1604 4812 1854 4870 Sanctum
1880 4811 1963 4865 in-

364 4914 567 4989 telliget
598 4911 976 4968 Samosatensis
1012 4898 1275 4983 patibilem
1307 4924 1433 4963 esse.
1468 4908 1583 4963 Non
1622 4921 1743 4963 esse
1778 4915 1962 4962 autem

362 5005 643 5063 Christum
685 5012 876 5059 natura
924 4998 1116 5057 Filium
1150 4999 1325 5055 Patris
1357 4998 1592 5066 Eterni,
1630 5013 1862 5071 eumque
1892 4996 1963 5053 ob

363 5098 601 5161 eximias
626 5097 853 5153 virtutes
891 5098 944 5152 in
977 5095 1097 5151 Filii
1126 5093 1438 5165 dignitatem
1469 5103 1829 5164 assumptum,
1859 5092 1962 5149 do-

366 5192 531 5249 cebat
556 5190 726 5248 Ebion
778 5206 844 5247 ex
876 5190 1043 5246 allato
1083 5189 1140 5245 S.
1177 5187 1360 5243 Hilarii
1387 5196 1540 5245 textu
1565 5206 1579 5242 :
1608 5186 1815 5244 Hebion
1859 5205 1963 5244 non

365 5302 437 5342 ea:
482 5260 591 5339 Deo
637 5284 839 5339 homine
869 5283 1033 5338 Deum
1078 5285 1321 5351 proferat.
1380 5280 1753 5336 Theodorelus
1798 5283 1962 5336 etiam

367 5384 609 5434 testatur
657 5376 880 5431 Ehionis
927 5388 1169 5430 errorem
1216 5370 1478 5428 referens.
1534 5370 1705 5426 Homo
1752 5371 1958 5439 quidem

364 5481 480 5535 erat
495 5472 523 5539 ',
572 5470 665 5533 sed
708 5471 912 5533 uirtute,
955 5469 1169 5539 vitesque
1213 5465 1525 5534 innocentia,
1573 5475 1624 5523 et
1670 5466 1961 5543 integritqn

364 5566 489 5621 aliis
519 5562 872 5629 antecellebat.
908 5561 977 5617 Et
1018 5560 1080 5618 S.
1112 5560 1440 5639 Augustinus
1474 5577 1487 5591 ·
1518 5560 1788 5630 Accepisse
1830 5558 1959 5630 (Je-

362 5656 509 5731 sum)
545 5658 696 5713 talem
717 5658 963 5735 animant,
987 5668 1100 5731 quae
1128 5653 1275 5736 sciret
1290 5671 1361 5735 nea
1396 5668 1750 5737 quggsuperna
1769 5662 1951 5715 essent.

2068 4650 2174 4705 que
2194 4637 2455 4693 sectarios
2488 4639 2547 4695 D.
2583 4640 2854 4700 Zenonem
2877 4647 3156 4716 impelisse
3184 4649 3371 4705 volunt
3395 4652 3583 4708 eadem
3621 4655 3674 4711 in

2067 4728 2414 4787 adnotatione
2469 4732 2677 4789 Domini
2737 4735 3041 4794 Bttllerittii.
3096 4730 3401 4797 Photiniani
3443 4747 3675 4799 omnium

2068 4820 2355 4888 novissimi,
2388 4839 2515 4894 quos
2549 4825 2651 4894 ipsi
2686 4826 2869 4883 Ariani
2909 4828 3334 4897 condemnarunt,
3365 4834 3460 4888 hoc
3499 4835 3609 4890 loco
3643 4852 3676 4890 a

2064 4912 2271 4969 Zenone
2293 4917 2517 4972 indicari
2545 4920 2779 4976 videntur
2804 4939 2870 4977 ea:
2914 4938 2973 4977 ea
2998 4925 3284 4997 prtesertim
3324 4929 3572 4998 formula,
3616 4939 3675 4984 ut
3733 4978 3736 4980 γ

2064 5008 2274 5076 quidam
2288 5020 2489 5081 putant.
2516 5011 2585 5067 At
2609 5016 2799 5083 potuit,
2824 5026 2880 5072 ct
2903 5019 3229 5074 vetustiores
3265 5020 3547 5076 haereticos
3572 5022 3674 5076 im-

2066 5108 2250 5170 petere
2281 5103 2347 5158 D.
2383 5103 2532 5158 Zeno
2563 5102 2794 5163 Gallieni
2822 5110 3159 5181 temporibus
3190 5112 3453 5169 scribens.
3485 5114 3668 5171 Sancti

2069 5192 2287 5263 quidem
2335 5195 2586 5250 Prmsulis
2616 5198 2781 5253 verba
2829 5215 2925 5255 eos
2958 5210 3162 5257 tantum
3209 5204 3526 5273 respiciunt,
3577 5204 3669 5275 qui

2065 5285 2337 5342 Christum
2369 5302 2559 5358 purum
2591 5287 2861 5347 hominem
2898 5278 3266 5351 afﬁrmabant.
3311 5297 3373 5351 Si
3414 5298 3669 5351 hominem

2063 5378 2233 5434 solum
2255 5421 2269 5447 ,
2320 5382 2453 5436 sicut
2495 5383 2704 5452 quidam
2753 5395 2935 5457 putant
2962 5430 2975 5450 ,
3008 5387 3070 5443 ab
3097 5399 3243 5444 utero
3290 5389 3523 5461 Virginis
3553 5406 3668 5444 eum

2064 5472 2343 5543 sumpsisse
2388 5475 2720 5547 principium,
2765 5495 2878 5548 qua
2928 5497 3042 5552 spes
3093 5486 3280 5553 futura:
3327 5481 3666 5536 Beatitudinis

2064 5563 2311 5632 credenti,
2336 5584 2452 5621 cum
2482 5569 2731 5640 scriptum
2760 5573 2868 5627 sit:
2898 5570 3206 5647 Maledictus
3234 5575 3404 5637 homo,
3434 5572 3524 5641 qui
3548 5588 3666 5640 spes

2065 5656 2213 5737 habet
2252 5659 2305 5714 in
2352 5650 2601 5731 homine?
2631 5664 2709 5722 Ex
2734 5665 2799 5721 iis
2828 5678 2957 5720 vero
2999 5666 3410 5738 eos.praecipue
3455 5660 3545 5732 qui
3599 5679 3667 5723 ex

328 5760 521 5831 ,ταφῳ
549 5730 829 5818 nuntiaret.
864 5730 1033 5809 idem
1059 5730 1327 5811 Sentiebant
1374 5730 1643 5813 Artemas.
1678 5746 1954 5831 Prophetig
2061 5734 2285 5839 Virgine
2335 5763 2517 5852 natum
2564 5759 2891 5857 fatebantur,
2940 5768 2998 5817 ut
3034 5730 3249 5852 'Ebion,
3286 5730 3563 5858 Artemas,
3614 5762 3706 5853 et-
