4198 6160
524 259 632 321 659

1670 260 1759 317 DE
1789 257 2038 319 SANCTI
2079 256 2374 318 ZENONIS
2413 257 2685 317 EPOCHA

3719 253 3833 310 640

525 377 728 435 Paulus
756 377 1143 437 Samosatenus
1170 392 1185 432 ε
1232 375 1351 433 Νοη
1380 388 1513 433 vero
1535 372 1897 440 'Cerinthum,
1919 371 2129 442 Carpo-
2159 374 2207 432 A
2235 386 2373 428 inus.
2413 371 2530 426 Nos
2572 381 2746 427 autent
2772 384 2886 440 qua:
2923 372 2990 425 sit
3020 378 3203 425 nostra
3222 367 3476 424 sententia
3505 366 3603 439 (ita
3633 366 3832 437 Arius)

526 487 697 538 cram,
726 472 970 542 aliosque
1001 470 1276 537 Christum
1307 484 1374 527 ex
1400 468 1603 539 Ioseph
1624 510 1642 538 ,
1669 479 1724 526 et
1750 466 1938 534 Maria,
1972 480 2036 520 ac
2062 464 2131 521 de
2176 536 2181 543 .

528 572 759 641 utroque
785 579 919 642 sexu
964 570 1149 619 natum
1180 561 1651 633 blasphemantes.-
1687 561 1858 629 Quem
1886 571 2130 614 errorem

527 670 723 726 nempe
748 654 1020 712 Christum
1049 670 1241 726 purum
1285 654 1558 710 hominem
1588 667 1657 709 ex
1676 651 1904 723 Virgine
1947 658 2130 704 natum

528 758 686 805 aetate
710 746 965 821 ,Gallieni
1012 750 1064 802 in
1097 748 1338 804 Ecclesia
1369 747 1744 818 serpuisse-ac
1798 744 2130 814 divulgatum

527 841 717 908 fuisse,
750 839 976 897 inferius
1020 828 1534 896 demonstrabimus.
1578 838 1797 895 Interim
1843 837 2134 893 adnotasse

528 932 768 992 sufﬁciat
804 932 861 990 S.
899 920 1263 989 Alexandrum
1305 930 1675 987 Patriarcham
1703 928 2132 987 Alexandrinum

529 1025 584 1082 in
627 1025 842 1081 laudata
893 1025 1123 1094 epistola
1164 1025 1448 1095 Ebionem,
1483 1022 1758 1095 Artemam
1788 1036 1851 1078 ac
1877 1019 2132 1091 Samosa-_

535 1126 722 1175 tenum
749 1132 1099 1181 enumerasse
1150 1125 1277 1173 ante
1306 1116 1645 1185 Gallienum,
1690 1115 1968 1186 ipsiusque
2007 1111 2136 1169 Gal-

530 1209 660 1268 lieni
689 1217 1107 1281 aztate,_utpote
1152 1210 1242 1281 qui
1287 1210 1458 1281 magis
1487 1209 1542 1265 in
1585 1222 1774 1266 errore
1825 1206 2135 1264 eonformes

534 1303 748 1375 Arianae
776 1304 970 1361 haeresi
1001 1312 1247 1359 stravere
1274 1307 1437 1357 viam.
1490 1346 1493 1351 .

447 1511 450 1515 ν
539 1441 686 1514 ςιχ.
726 1440 880 1496 Arius
907 1442 1046 1497 circa
1096 1458 1219 1496 suos
1262 1456 1460 1496 errores
1488 1433 1784 1495 inconstans
1837 1446 1886 1494 et
1932 1437 2127 1491 varius.

609 1576 668 1633 S.
723 1577 1035 1651 Alexandro
1081 1578 1148 1632 ad
1196 1575 1618 1648 Alexandrinam
1671 1571 1997 1634 Cathedram
2043 1587 2135 1627 as-

546 1680 783 1741 sumpto,
832 1670 1017 1736 Arius,
1083 1669 1175 1739 qui
1206 1684 1267 1725 se
1308 1669 1674 1739 posthabitam
1704 1665 1887 1738 iniquo
1934 1666 2139 1721 ferebat

2233 479 2532 532 sensusque,
2563 473 2611 519 ct
2634 464 2905 519 docuimus
2944 470 2995 516 et
3050 461 3290 516 docemus
3320 476 3339 514 :
3362 457 3558 514 Filium
3580 460 3835 514 nimirum

2235 570 2394 623 neque
2423 555 2704 627 ingenitum
2718 570 2847 619 esse,
2875 569 3036 623 neque
3055 562 3251 623 partem
3280 552 3493 622 ingeniti
3514 551 3621 606 ulla
3651 541 3832 618 modo,

2236 666 2396 717 neque
2420 666 2501 705 ea;
2532 650 2642 703 ullo
2670 649 2931 722 subjecto,
2964 648 3054 702 sed
3093 647 3353 702 voluntate
3390 655 3439 700 et
3476 646 3688 700 consilio
3715 654 3841 701 ante

2236 754 2468 815 tempora
2492 787 2506 809 ,
2556 752 2603 797 et
2647 754 2765 797 ante
2790 743 2979 798 stecula
3007 741 3214 812 plenum
3244 740 3407 795 Deum
3432 740 3677 804 extitisse,
3708 739 3841 793 uni-

2236 840 2482 907 genitum,
2523 837 2909 903 immutabilem,
2937 845 2986 892 et
3035 848 3155 890 ante
3190 852 3346 908 quam
3389 836 3699 907 gigneretur,
3745 844 3844 890 aut

2238 932 2563 999 conderetur,
2596 942 2685 986 aut
2727 932 3074 1002 prce/iniretur
3098 949 3201 986 non
3229 932 3387 1002 fuisse
3411 947 3430 986 :
3467 948 3585 986 nam
3632 931 3842 1002 ingeni—

2239 1024 2347 1078 tum
2373 1040 2476 1078 non
2508 1033 2633 1080 erat.
2684 1023 3025 1095 Eatagitamur
3061 1025 3220 1095 igitur
3263 1024 3404 1095 quod
3434 1023 3632 1079 Filium
3680 1025 3843 1095 prin-

2236 1116 2454 1186 cipium,
2486 1115 2655 1170 Deum
2689 1114 2898 1171 Patrem
2942 1130 3116 1169 carere
3160 1116 3411 1188 principio
3449 1115 3666 1170 dicimus
3698 1132 3717 1181 ;
3750 1124 3840 1170 at-

2238 1225 2336 1277 que
2362 1218 2469 1262 tum
2485 1208 2581 1262 hac
2611 1209 2673 1262 de
2701 1225 2880 1272 causa,
2908 1219 3015 1263 tum
3040 1209 3179 1280 quod
3209 1210 3447 1274 dicimus,
3476 1225 3591 1262 eum
3609 1225 3674 1264 ea:
3694 1209 3842 1263 nihi—

2243 1301 2292 1355 lo
2306 1311 2563 1366 constare,
2590 1313 3067 1374 nospersequuntur
3097 1303 3402 1358 adversarii.
3436 1301 3591 1356 Istud
3611 1318 3731 1357 vero
3763 1302 3844 1356 sic

2241 1392 2355 1445 ideo
2385 1392 2720 1458 asseruimus,
2749 1393 2887 1462 quod
2923 1409 3024 1446 non
3054 1392 3120 1447 sit
3154 1408 3273 1459 pars
3304 1390 3402 1445 Dei
3432 1389 3629 1453 Patris,
3678 1406 3845 1461 neque

2224 1498 2305 1553 ,ea:
2361 1483 2468 1537 ulla
2510 1483 2738 1552 subjecto
2786 1485 2992 1539 existat.
3042 1483 3159 1539 Hac
3189 1484 3252 1537 de
3300 1500 3355 1538 re
3390 1500 3480 1537 nos
3526 1484 3846 1538 insectantur

2242 1572 2428 1642 (Extat
2459 1574 2600 1645 apud
2618 1572 2853 1641 Theod.,
2890 1573 3032 1630 Hist.
3062 1573 3215 1640 eccl.,
3261 1590 3378 1644 cap.
3408 1574 3487 1644 4).
3518 1571 3662 1628 Idem
3686 1588 3846 1643 pres-

2241 1667 2356 1721 sius
2384 1708 2396 1731 ,
2423 1676 2478 1721 at
2525 1667 2713 1737 majori
2755 1680 2875 1720 cum
2905 1658 3341 1734 dolo'eXprcssit
3387 1667 3615 1735 ipsemet
3672 1665 3847 1722 Euse-

536 1764 741 1832 animo,
770 1762 971 1819 invidia
1017 1761 1300 1819 tabescens
1345 1761 1746 1832 Alexandrique
1793 1762 1845 1816 in
1895 1760 2135 1815 .illtbatos
2165 1764 2212 1825 B
2243 1759 2360 1813 hius
2385 1758 2812 1814 Nieomediensis
2849 1759 2957 1812 Arii
2990 1757 3313 1827 Arianaaquc
3361 1756 3582 1811 bmresis
3615 1756 3837 1811 validis-

537 1870 727 1925 mores
762 1855 957 1910 mutire
984 1867 1109 1909 eum
1151 1869 1256 1909 non
1288 1863 1492 1924 posset,
1525 1853 1590 1908 in
1622 1854 1790 1922 ipsius
1835 1853 2137 1908 doctrinam

538 1945 763 2021 dentem,
782 1960 977 2002 acuere
1006 1960 1172 2001 ausus
1192 1953 1295 2001 est.
1330 1944 1470 1999 Nam
1491 1961 1609 2000 cum
1631 1944 2017 2001 S..Ale:sander
2046 1941 2137 1996 Fi-

539 2041 666 2101 lium
709 2040 1042 2111 confiteretur
1070 2040 1264 2094 honore
1310 2038 1462 2094 Patri
1504 2039 1774 2109 (aqualem,
1811 2054 1873 2091 ac
1916 2035 2145 2107 ejusdem

540 2134 774 2189 essentia:
792 2172 809 2201 ,
845 2148 912 2187 ea:
940 2132 1154 2188 adverso
1183 2132 1340 2188 Arius
1370 2131 1783 2203 Filiumnugari
1820 2130 1972 2203 erepit
1997 2145 2143 2183 crea-

542 2234 733 2301 turam,
764 2234 813 2280 et
832 2224 1113 2295 facturam,
1145 2233 1192 2278 et
1218 2224 1379 2295 fuisse
1404 2223 1770 2301 quando-non
1784 2230 1934 2287 erat;
1955 2231 2005 2277 et
2032 2235 2147 2285 qua:

541 2299 717 2390 magis
734 2326 852 2373 sunt
875 2318 1056 2386 impia.
1089 2315 1512 2389 Dignaprofecto
1534 2299 1669 2393 :qute
1688 2360 1691 2363 .
1713 2314 2142 2369 οὺῆυἱοηίοηιαη-

544 2411 730 2465 dentur
758 2424 822 2462 ac
868 2418 1061 2462 aeterno
1087 2408 1317 2463 silentio.
1342 2407 1419 2463 Ita
1445 2407 1740 2483 Gregorius
1761 2406 2144 2463 Ctesareensis.

544 2499 802 2568 Quamvis
827 2500 970 2555 enim
1019 2508 1075 2555 et
1103 2499 1322 2575 vivente
1368 2500 1763 2580 gloriosissimo
1812 2499 2046 2573 Martyre
2086 2500 2146 2558 S.

545 2592 709 2649 Petro
752 2590 1120 2648 Alexandrino
1166 2591 1476 2659 Patriam-ha
1496 2593 1645 2653 nitus
1692 2594 1948 2663 erupisset
1993 2609 2148 2650 suum

547 2684 709 2739 Arius
750 2698 1027 2752 evomere,
1069 2699 1243 2755 eaque
1278 2685 1346 2743 de
1373 2699 1535 2757 causa
1554 2684 1727 2743 fuerit
1764 2686 1834 2742 ab
1862 2702 1927 2742 eo
1953 2687 2151 2758 degra-

548 2776 743 2833 datus:
772 2777 1016 2834 Attamen
1045 2788 1166 2834 tunc
1190 2778 1272 2851 (ut
1298 2779 1590 2835 Christiani
1629 2779 1766 2850 Lupi
1799 2782 1982 2837 verbis
2012 2783 2151 2854 utar)

549 2879 727 2939 utpote
748 2871 1003 2925 duntaxat
1033 2869 1294 2927 Diaconus
1323 2873 1607 2942 medicare
1649 2883 1697 2926 et
1750 2874 1952 2944 publice
1989 2892 2154 2948 pepu-

552 2962 661 3017 lum
709 2962 895 3018 docere
925 2966 1143 3019 necdum
1174 2974 1397 3033 poterat.
1433 2966 1723 3021 Alexandri
1755 2982 1885 3022 vero
1913 2978 2155 3039 tempore

550 3054 661 3125 jam
690 3053 960 3112 Sacerdos
1004 3071 1069 3113 ac
1095 3056 1258 3113 Verbi
1311 3057 1636 3127 pmdicandi
1685 3058 1786 3129 ipsi
1833 3059 2153 3116 demandata

2243 1850 2413 1905 simus
2443 1859 2843 1920 propugnator:
2890 1848 3072 1919 Neque
3094 1851 3225 1903 enint
3274 1848 3337 1902 de
3376 1847 3574 1902 duobus
3600 1850 3848 1919 ingenitis

2245 1960 2338 1998 nos
2367 1944 2681 2009 audivimus,
2723 1959 2886 2013 neque
2914 1959 3077 1997 unum
3106 1944 3161 1997 in
3192 1943 3295 1996 duo
3319 1941 3558 2008 divisum,
3593 1958 3755 2012 neque
3780 1942 3849 1996 il-

2246 2037 2336 2093 lud
2364 2037 2527 2091 ullam
2547 2052 2848 2106 corpoream
2897 2035 3220 2103 affectionem
3268 2034 3483 2090 subiisse
3524 2035 3806 2089 didicimus
3827 2075 3844 2100 ,

2243 2129 2584 2194 credimusue,
2622 2128 2839 2183 Domine
2866 2131 2935 2182 mi
2964 2127 3212 2196 Pauline,
3240 2128 3329 2184 sed
3356 2144 3516 2182 unum
3533 2129 3842 2199 ingenitum,

2249 2237 2410 2274 unum
2425 2236 2489 2275 ea:
2511 2236 2568 2274 eo
2592 2235 2721 2285 vere,
2756 2220 2845 2274 sed
2890 2237 2993 2275 non
3039 2237 3102 2275 ea:
3132 2220 3417 2275 substantia
3436 2223 3552 2293 ejus
3581 2219 3808 2290 genitum
3827 2258 3847 2286 ,

2249 2315 2677 2385 naturteingeniti
2699 2314 2926 2377 omnino,
2950 2324 2999 2368 et
3021 2317 3135 2387 ejus
3156 2312 3387 2368 essentite
3413 2327 3595 2381 expers
3618 2309 3709 2382 (In
3736 2308 3849 2379 Ep.

2249 2406 2317 2460 ad
2347 2404 2608 2477 Paulin.).
2640 2404 2814 2461 Unum
2840 2394 3135 2476 ingenitum
3156 2421 3276 2461 eum
3314 2404 3553 2460 Ecclesia
3566 2401 3855 2458 Catholica

2252 2499 2473 2566 fatetur,
2504 2509 2563 2554 ut
2587 2499 2831 2553 videatur
2857 2498 3145 2554 Menandri
3164 2512 3406 2554 errorem
3434 2495 3718 2562 damnare,
3763 2497 3854 2566 qui

2254 2589 2541 2644 Dominum
2569 2588 2619 2644 J.
2652 2587 2713 2642 C.
2759 2588 2976 2643 dicebat
3020 2590 3336 2659 ingenitum.
3375 2588 3673 2659 lugenitum
3706 2586 3860 2643 diee—

2254 2680 2354 2737 bat“
2399 2692 2453 2737 et
2485 2680 2655 2736 Ebion
2687 2721 2704 2749 ,
2733 2690 2792 2736 ut
2822 2681 2984 2737 refert
3011 2681 3408 2737 Theodoretus.
3437 2679 3495 2736 Is
3526 2697 3683 2735 unum
3719 2680 3860 2735 dire-

2255 2774 2342 2828 bat
2379 2775 2683 2846 ingenitum,
2735 2774 2865 2829 sicut
2915 2784 2962 2828 et
2998 2791 3137 2843 nos;
3179 2782 3226 2827 et
3267 2790 3384 2828 eum
3410 2773 3706 2829 ostendebat
3751 2788 3862 2828 esse

2258 2865 2437 2919 mundi
2482 2867 2739 2937 opiﬁcem.
2769 2866 2854 2921 Ab
2884 2881 2943 2920 ea
2974 2865 3207 2932 vafritic,
3236 2881 3397 2936 quam
3421 2866 3474 2920 in
3502 2864 3863 2921 Samosateno

2259 2962 2464 3016 notavit
2493 2959 2550 3016 S.
2585 2959 2872 3031 Dionysius
2903 2960 3317 3033 Alexandrinus.
3354 2958 3503 3026 Quod
3522 2967 3699 3012 autem
3730 2958 3861 3011 dicit

2259 3054 2549 3124 ingenitum
2572 3052 2783 3109 Patrem
2807 3094 2823 3120 ,
2853 3053 2975 3107 dicit
3016 3063 3071 3107 ut
3114 3054 3295 3107 doceat
3326 3051 3584 3106 Christum
3606 3060 3862 3105 recentem

553 3163 705 3217 cura,
762 3160 950 3221 aperte
996 3149 1061 3205 “in
1091 3151 1449 3206 concionibus
1497 3150 1806 3221 apostolica:
1855 3152 2149 3208 Alexandri
2180 3144 2226 3210 C
2255 3162 2403 3213 esse,
2431 3157 2479 3202 et
2504 3158 2814 3201 creaturam.
2874 3146 3168 3202 Itldllr‘iSllm
3214 3157 3271 3201 et
3318 3148 3693 3217 incorporeum
3727 3146 3861 3200 dicit

555 3240 822 3298 doctrina:
872 3241 1183 3311 detrahere,
1237 3242 1557 3313 Ebionique,
1609 3246 1868 3310 Artemis,
1914 3255 1968 3301 et
2001 3246 2153 3301 Pauli

555 3344 772 3390 errores
803 3343 1075 3391 recoctam
1107 3336 1270 3392 veluti
1322 3336 1595 3392 crambem
1649 3353 1926 3407 opponere
1970 3340 2155 3410 coepit.

558 3427 672 3496 Qua
703 3428 771 3483 de
813 3442 872 3483 re
898 3429 968 3484 ab
994 3428 1184 3484 eodem
1214 3429 1273 3485 S.
1301 3430 1618 3486 Alexandro
1642 3431 1950 3497 damnatus,
1994 3443 2158 3504 atque

557 3518 626 3573 ab
657 3518 898 3574 Ecclesia
941 3519 1165 3589 ejectus,
1212 3521 1434 3577 Ehionis
1481 3532 1536 3577 et
1587 3523 1831 3578 Artema:
1885 3525 2157 3592 haereses,

558 3626 695 3682 quas
747 3612 1089 3684 divulgarat,
1122 3628 1152 3667 a
1182 3628 1396 3670 summo
1426 3615 1682 3685 pontifice
1708 3615 1929 3673 Victore
1974 3617 2158 3673 Romm

560 3705 863 3770 damnatas,
897 3705 1157 3777 Paulique
1184 3704 1543 3773 Samosateni,
1584 3708 1674 3779 qui
1719 3724 1813 3765 eas
1857 3710 2162 3766 instaurare

562 3812 725 3852 ausus
751 3808 855 3862 εει,
884 3805 1033 3852 tanta
1054 3798 1433 3870 episcoporum
1481 3800 1779 3870 frequentia
1834 3803 1888 3856 in
1932 3804 2164 3859 concilio

561 3888 903 3943 Antioclteno
951 3888 1284 3960 proﬂigatas,
1334 3891 1532 3947 docere
1577 3907 1642 3948 ac
1699 3892 1991 3950 defendere
2040 3910 2161 3951 cum

564 3994 671 4035 non
717 3978 963 4048 auderet,
1017 3981 1231 4037 cautius
1278 3997 1468 4054 agens,
1512 3985 1731 4041 easdem
1777 3985 2167 4043 circumvolare

562 4076 776 4145 alioque
799 4085 1020 4146 aspectu
1047 4078 1376 4136 concinnare
1404 4080 1635 4153 curavit.
1671 4079 1804 4135 Illud
1836 4081 1888 4136 in
1930 4081 2117 4151 primis
2150 4101 2163 4139 :

563 4167 837 4223 Christum
865 4182 1060 4240 nempe
1086 4180 1212 4225 ante
1243 4170 1463 4226 Mariam
1505 4186 1612 4227 non
1641 4171 1808 4229 fuisse
1844 4191 1857 4238 ;
1891 4172 2168 4245 fuisseque

566 4268 778 4330 tempus
824 4260 1042 4331 quando
1090 4276 1195 4317 non
1243 4264 1405 4319 fuerit
1444 4262 1655 4331 Filius;
1688 4265 2108 4335 mutabilemque
2137 4282 2167 4321 a

2256 3240 2465 3309 Deum,
2496 3249 2554 3294 ut
2575 3240 2763 3294 innuat
2793 3239 3105 3294 Catholieos
3130 3239 3744 3294 consubstantialitatem
3771 3236 3865 3292 Fi-

2261 3333 2319 3388 lii
2349 3349 2471 3389 cum
2521 3333 2684 3387 Patre
2732 3333 3094 3399 sustinentes,
3139 3331 3458 3386 divisionem
3510 3332 3563 3385 in
3620 3330 3730 3386 Deo
3770 3328 3868 3384 ad-

2263 3428 2502 3482 mittere.
2560 3426 2637 3491 ld,
2695 3436 2746 3480 et
2804 3425 3066 3481 Praxeani
3118 3424 3414 3481 Catholieis
3471 3424 3869 3480 succensebant

2267 3520 2403 3575 falso
2451 3517 2725 3589 religionis
2771 3521 2911 3584 zelo,
2964 3526 3024 3572 ut
3062 3533 3127 3572 ex
3186 3517 3545 3573 Tertulliano.
3597 3515 3868 3582 Quomodo
3954 3576 3957 3577 ν

2266 3623 2435 3671 autem
2474 3629 2715 3668 numerus
2750 3612 2861 3666 sine
2885 3612 3132 3666 divisione
3160 3620 3398 3682 ponatur.
3426 3610 3760 3679 procedentes
3790 3626 3869 3663 reo

2268 3716 2518 3761 tractatus
2544 3686 2988 3761 demonstrabunt.
3030 3702 3655 3759 Consubstantialitatem
3689 3702 3870 3772 itaque

2266 3807 2430 3868 negat
2470 3797 2755 3852 Eusebius.
2788 3795 2962 3851 Unum
2988 3797 3308 3867 ingenitum,
3338 3811 3500 3849 unum
3538 3810 3600 3849 ea:
3639 3810 3698 3849 eo
3734 3811 3869 3857 vere,

2270 3890 2360 3942 sed
2382 3906 2482 3943 non
2505 3903 2568 3942 ea:
2593 3889 2879 3942 substantia
2891 3891 3003 3961 ejus
3030 3889 3278 3959 genitum,
3306 3897 3507 3942 natura:
3528 3887 3743 3958 ingeniti
3762 3902 3875 3940 om-

2270 3984 2416 4043 nino,
2445 3992 2492 4036 et
2519 3985 2630 4055 ejus
2650 3984 2882 4036 essentia:
2909 3997 3109 4051 expers.
3150 3982 3299 4036 Alios
3337 3996 3471 4050 quos
3501 3979 3662 4034 Arius
3686 3990 3876 4049 aperte

2272 4073 2469 4129 asserit
2488 4088 2704 4129 errores
2734 4088 2799 4129 ex
2834 4085 3025 4144 negata
3054 4071 3621 4128 consubstantialitate
3649 4086 3877 4127 manen-

2278 4176 2358 4223 tes
2396 4167 2612 4222 silentio
2666 4167 2939 4235 prmterit;
2987 4179 3184 4235 nempe
3237 4165 3429 4220 Filium
3477 4179 3584 4218 non
3629 4164 3876 4220 extitisse

2274 4269 2561 4330 antequam
2608 4258 2941 4329 gigneretur,
2983 4268 3072 4312 aut
3117 4257 3476 4313 conderetur:
3530 4264 3585 4311 et
3606 4272 3671 4311 ex
3705 4256 3877 4311 nihilo

566 4353 681 4411 Deo
710 4363 949 4410 creatum
984 4372 998 4411 :
1050 4355 1170 4420 has,
1216 4356 1458 4427 inquam.
1491 4373 1624 4428 quas
1674 4359 1850 4428 primo
1898 4366 2175 4429 sparserat
2275 4355 2442 4409 fuisse
2466 4354 2813 4425 productum.
2844 4361 2902 4406 ut
2929 4351 3197 4421 dogmatis
3216 4353 3384 4416 virus,
3417 4356 3675 4419 quantum
3707 4349 3871 4414 valet,

567 4444 932 4511 blasphemias
962 4487 978 4511 ,
1032 4449 1103 4501 ita
1152 4449 1495 4519 temperavit,
1554 4458 1612 4504 ut
1662 4447 1924 4505 fateretur
1974 4449 2169 4505 Filium

2280 4445 2600 4502 abscondat.
2669 4444 2818 4501 Hanc
2889 4444 3005 4498 Arii
3070 4430 3309 4513 ejusque
3354 4451 3680 4497 sectatorum
3734 4443 3879 4496 circa

566 4546 693 4592 ante
724 4547 987 4608 tempora,
1016 4550 1071 4595 et
1101 4550 1228 4596 ante
1247 4543 1443 4597 saecula
1476 4542 1694 4611 plenum
1723 4541 1893 4595 Deum
1923 4541 2170 4597 extitisse
2195 4521 2251 4584 Ῑ)
2278 4552 2407 4592 suos
2433 4551 2648 4591 errores
2690 4537 3005 4590 varietatem
3046 4535 3256 4590 nutavit
3302 4532 3655 4603 Augustinus.
3708 4531 3883 4585 Audio

568 4629 939 4701 Unigeuitum,
971 4634 1403 4701 immutabilem;
1432 4647 1694 4705 suamque
1725 4635 1942 4703 impiam
1969 4634 2172 4690 doctri-

568 4739 693 4779 nam
725 4724 893 4781 velnti
923 4726 1249 4782 catholicum
1281 4727 1477 4796 dogma
1505 4726 1813 4790 vcnditans,
1864 4739 1924 4780 se
1973 4725 2172 4781 docere

569 4816 841 4884 professus
868 4826 973 4883 est,
996 4817 1190 4872 Filium
1223 4833 1328 4873 non
1363 4831 1484 4872 esse
1506 4818 1825 4887 ingenitum,
1858 4817 2169 4885 utPatrem,

569 4922 745 4977 neque
775 4917 981 4978 partem
1013 4910 1260 4979 ingeniti,
1290 4909 1344 4964 in
1371 4923 1437 4965 eo
1467 4908 1777 4965 Catholicos
1805 4925 2056 4981 carpens,
2082 4919 2169 4965 ut-

573 5007 701 5067 pote
729 5000 819 5068 qtti
846 4999 1040 5055 Filium
1070 5001 1216 5056 Patri
1243 5000 1505 5072 aequalem
1537 5009 1869 5068 asserentes,
1903 4997 2173 5073 ejns‘dem‘

572 5107 679 5156 quc
703 5094 1044 5161 substantim,
1077 5095 1271 5151 Filium
1303 5097 1600 5167 ingenitum
1631 5096 1890 5166 facerent,
1937 5106 2170 5169 partem-

571 5201 677 5256 que
703 5201 825 5242 esse
868 5186 1184 5244 substantia:
1240 5189 1416 5245 Patris
1462 5190 1745 5247 docerent.
1790 5192 1953 5248 Suam
1996 5202 2172 5247 tamen

572 5278 905 5349 impietatem
937 5282 1198 5348 retinens,
1233 5283 1430 5339 ibidem
1452 5284 1703 5351 docebat,
1735 5284 1933 5340 Filium
1965 5300 2031 5340 ex
2064 5284 2172 5337 ullo

571 5371 818 5441 subjecto
843 5413 858 5438 ,
890 5372 1032 5443 quod
1064 5372 1208 5429 idem
1252 5386 1354 5439 est,
1386 5390 1449 5429 ac
1476 5391 1539 5431 ex
1578 5376 1774 5443 nihilo,
1803 5377 1897 5430 sed
1927 5376 2181 5431 volunta-

574 5470 627 5519 te
666 5473 722 5519 et
768 5464 998 5520 consilio
1030 5464 1204 5520 Patris
1232 5475 1494 5532 creatum;
1527 5480 1816 5537 antequam
1834 5468 2170 5537 gigneretur,

574 5570 681 5612 non
703 5555 869 5613 fuisse
895 5571 995 5629 pro
1020 5558 1387 5630 generationis
1418 5560 1585 5615 verbo
1610 5564 1941 5615 creationem
1980 5559 2177 5615 intelli-

572 5662 727 5719 gens.
777 5649 907 5704 Haec
948 5649 1133 5706 omnia
1175 5664 1243 5705 ex
1292 5650 1462 5722 ipsius
1503 5651 1886 5727 AriiEpistola
1916 5652 1982 5707 ad
2014 5652 2181 5708 Ense.

572 5738 718 5797 bium
774 5742 1093 5817 episcOpum
1150 5739 1621 5803 Nicomediensth
1676 5732 1877 5801 clarius
1921 5745 2183 5818 intelliget

2280 4647 2369 4686 vos
2406 4634 2521 4703 jam
2561 4630 2881 4709 emendasse,
2912 4644 2979 4681 an
3016 4630 3150 4699 forte
3178 4627 3369 4698 falsum
3407 4634 3478 4680 est
3529 4640 3615 4677 eos
3655 4624 3754 4678 hoc
3774 4625 3881 4678 ali-

2256 4724 2486 4793 quando
2510 4725 2702 4778 dixisse
2746 4724 2883 4791 quod
2910 4722 3065 4793 fuerit
3085 4720 3365 4791 aliquando
3394 4717 3548 4772 Pater
3572 4718 3683 4771 sine
3708 4716 3884 4771 Filio?

2282 4827 2543 4890 tamquam
2568 4817 2719 4889 fuerit
2748 4817 2842 4871 tua:
2869 4825 3059 4871 aeterna
3085 4815 3195 4869 sine
3218 4813 3443 4867 candore
3481 4827 3629 4881 quem
3681 4813 3878 4881 genuit.

2281 4909 2347 4963 Et
2374 4909 2433 4962 iri
2468 4907 2622 4963 libtis
2648 4908 2715 4961 de
2743 4908 3006 4962 Trinitate
3041 4925 3053 4960 :
3096 4905 3156 4961 Si
3187 4904 3361 4959 Filius
3390 4912 3483 4965 est,
3518 4911 3667 4956 natus
3709 4911 3811 4969 est,
3838 4902 3885 4954 si

2277 5009 2430 5054 natus
2458 5010 2551 5063 est,
2585 5010 2691 5054 erat
2718 5009 2915 5071 tempus
2952 4997 3159 5065 quando
3180 5014 3284 5051 non
3333 5006 3441 5051 erat
3472 4993 3519 5046 F
3523 4994 3662 5048 ilius.
3698 4992 3887 5049 Poste-

2276 5091 2438 5143 riores
2482 5090 2665 5144 Ariani
2707 5091 2996 5161 abjecerant
3044 5089 3195 5143 istam
3258 5087 3578 5142 sententiam.
3629 5085 3713 5139 Ab
3763 5084 3887 5154 ipso

2277 5191 2521 5238 veromet
2572 5182 2701 5237 Ario
2740 5182 2879 5236 hanc
2906 5181 3260 5235 variationem
3289 5183 3519 5250 coepisse
3554 5185 3777 5231 constat
3817 5191 3885 5230 ex

2279 5274 2345 5329 iis
2375 5290 2494 5344 quae
2524 5290 2684 5345 supra
2713 5276 2815 5330 hoc
2846 5276 2900 5328 in
2930 5271 3121 5328 eodem
3151 5270 3487 5342 paragrapho
3513 5284 3576 5324 ex
3629 5266 3889 5323 Theodo-

2278 5376 2398 5424 reto
2423 5368 2724 5424 retulimus.

2280 5504 2409 5577 §X.
2439 5535 2510 5547 —-
2559 5504 2800 5577 PrOprite
2850 5504 2965 5559 Arii
3002 5503 3435 5591 Arianoruntqne
3464 5480 3735 5556 verborum
3777 5500 3894 5571 for-

2570 5598 2724 5653 mula:
2752 5598 2861 5651 suis
2885 5598 2939 5651 in
2964 5596 3286 5669 explicandis
3308 5594 3585 5650 erroribus.

2358 5729 2590 5803 Propria
2619 5729 2737 5788 Arii
2770 5730 3001 5802 ejusque
3020 5736 3356 5787 sectaturum
3376 5725 3539 5786 verba
3565 5724 3683 5785 suis
3708 5729 3765 5785 in
3796 5741 3900 5785 ett-
