4198 6160
339 285 437 343 6H

1750 285 2231 371 DlSSERTATlO.

3560 296 3668 354 διε

340 395 664 469 primendis,
689 394 772 452 vel
804 394 1039 465 antiquis
1058 395 1398 452 resumendis
1420 398 1709 455 erroribus
1729 401 1942 458 adhibi-
1970 410 2021 470 Α
2047 412 2235 476 patum
2265 401 2335 458 ab
2361 417 2509 459 anno
2546 405 2656 463 356
2699 408 2767 463 ad
2790 422 2990 465 annum
3015 410 3124 467 580
3147 410 3474 481 producunt.
3503 412 3669 479 Quid-

336 502 409 558 ta,
440 501 699 546 accurata
751 489 1126 544 observatione
1166 488 1501 545 recensenda
1538 493 1842 561 videntur,
1895 503 1953 551 ut

336 584 552 640 collatis
575 583 634 640 S.
666 580 902 637 Zenonis
925 579 1205 637 sententiis
1232 581 1537 638 evidentius
1566 584 1763 654 inspici
1822 601 1951 656 pos-

335 676 429 744 sit,
457 690 587 730 num
611 681 803 730 contra
832 673 1042 740 Arium,
1068 688 1134 727 an
1157 679 1346 729 contra
1368 673 1707 745 antiquiores
1734 675 1951 732 lucreti-

337 786 432 827 cos
455 768 625 825 verba
651 766 851 824 fecerit
874 766 931 823 S.
960 767 1181 822 Praesul.

407 862 587 930 ϐωρίι
615 862 799 931 itaque
823 859 1006 922 Arius.
1040 867 1180 915 teste
1199 860 1256 916 S.
1286 860 1588 916 Athanasio
1637 861 1813 933 (Orat.
1863 880 1947 933 pr.

338 965 516 1013 contra
535 953 774 1025 Arium),
806 962 996 1009 contra
1023 951 1080 1008 S.
1120 951 1419 1008 Alexandri
1455 953 1781 1010 catholicam
1822 954 1952 1010 doc-

338 1052 533 1108 trinam
558 1047 820 1104 insanire.
871 1033 992 1100 Non
1035 1061 1237 1115 semper
1268 1045 1410 1099 Deus
1454 1056 1567 1101 erat
1618 1045 1797 1115 Pater,
1848 1062 1953 1101 non

337 1158 535 1213 semper
579 1138 792 1195 Filius:
823 1154 945 1192 nam
968 1154 1085 1192 cum
1107 1139 1279 1192 omnia
1299 1138 1400 1191 sint
1447 1153 1513 1193 ea:
1558 1138 1753 1204 nihilo,
1801 1139 1954 1193 etiam

339 1234 438 1291 Dei
460 1234 633 1290 Filius
660 1249 727 1288 ea:
751 1230 918 1286 nihilo
945 1232 1170 1286 emersit.
1223 1229 1290 1284 Et
1334 1247 1452 1285 cum
1499 1233 1675 1285 omnia
1700 1232 1802 1285 sint
1828 1247 1953 1286 con-

340 1330 469 1394 dita,
499 1326 611 1399 ipse
634 1341 835 1396 quoque
886 1324 1155 1378 conditum
1197 1322 1471 1393 quiddam,
1501 1334 1547 1377 et
1590 1339 1720 1392 opus
1777 1322 1954 1377 haberi

340 1422 507 1475 debet.
554 1417 621 1473 Et
651 1434 769 1471 cum
797 1417 977 1471 omnia
997 1416 1143 1485 prius
1170 1431 1273 1468 non
1299 1424 1487 1481 essent,
1518 1415 1611 1469 sed
1651 1424 1827 1483 postea
1856 1431 1944 1468 ex-

341 1514 554 1578 titerint,
602 1511 702 1581 fuit
734 1514 974 1582 profecto
999 1523 1118 1562 cum
1156 1504 1375 1560 Verbum
1406 1502 1511 1559 non
1541 1496 1677 1559 erat:
1722 1503 1792 1557 Et
1831 1505 1953 1575 quia

339 1624 441 1661 non
483 1613 594 1659 erat
618 1614 895 1672 antequam
924 1601 1093 1670 ﬁeret,
1124 1598 1437 1679 principium
1465 1596 1717 1657 existendi
1750 1596 1947 1651 habuit.

340 1699 474 1755 Tum
498 1697 633 1752 enim
673 1694 844 1750 extitit
873 1708 994 1747 cum
1047 1689 1188 1744 Deus
1210 1707 1324 1744 eum
1352 1689 1617 1743 conditum
1656 1688 1834 1742 uoluit.
1866 1688 1951 1743 ln-

2057 497 2185 564 qnid
2208 506 2378 551 autem
2406 499 2582 566 idest,
2616 502 2799 571 procul
2846 502 3000 557 dubio
3026 500 3177 557 ‘inter
3221 519 3412 558 annum
3462 505 3568 561 556
3617 514 3669 561 et

2056 589 2168 645 58o
2189 592 2392 646 circiter
2421 591 2652 648 Zenonis
2682 592 2933 667 Episcopi
2975 605 3099 651 tetas
3128 598 3402 652 statuenda
3448 610 3543 653 est.
3592 598 3670 656 De

2058 681 2165 740 hoc
2195 685 2375 740 aetatis
2403 695 2705 757 systemate
2731 686 2980 745 inferius.
3296 702 3307 711 '
3640 690 3647 697 ’

2087 818 2128 890 ς
2167 817 2262 874 XI.
2296 851 2365 862 ——
2391 816 2649 877 Errorum
2686 823 2934 879 hactenus
2976 804 3338 903 recensitorum
3385 804 3512 884 aetas
3559 829 3630 884 ad

2608 913 2905 969 Gallienum
2946 931 3127 989 usque.

2131 1044 2527 1103 Praetermissis
2549 1048 2823 1105 haereticis
2872 1036 2982 1104 illis
3023 1052 3204 1107 minus
3261 1054 3403 1111 circa
3447 1064 3666 1113 errores

2056 1149 2190 1191 suos
2219 1137 2362 1193 inter
2389 1155 2450 1195 se
2478 1141 2947 1196 consentientibus
2974 1142 3219 1213 Ebionis,
3243 1147 3498 1215 Artemis,
3523 1148 3667 1204 Pau-

2056 1225 2209 1295 lique
2233 1226 2576 1286 Samosateni
2600 1242 2732 1286 setas
2767 1229 3032 1287 ﬁrmanda
3051 1244 3137 1289 est
3166 1252 3181 1298 ;
3218 1246 3328 1292 tum
3358 1238 3406 1292 si
3445 1238 3539 1308 qui
3583 1240 3666 1309 ip-

2055 1329 2246 1372 sorum
2268 1334 2488 1376 errores
2518 1319 2799 1378 Artemam
2826 1321 2968 1377 inter
2993 1333 3047 1379 et
3070 1323 3484 1384 Samosatenum
3537 1344 3666 1399 pro-

2053 1408 2190 1464 fessi
2218 1422 2365 1480 sunt,
2396 1413 2731 1484 inquirendi.
2758 1413 2817 1468 S.
2849 1429 3079 1487 namque
3103 1417 3408 1477 Alexander
3423 1422 3666 1478 Patriar-

2055 1498 2157 1553 chn
2186 1510 2294 1557 tres
2322 1502 2423 1559 hos
2452 1505 2739 1559 haereticos
2765 1514 2890 1559 ante
2919 1505 3246 1577 Gallienum,
3274 1511 3361 1567 vel
3398 1513 3504 1567 sub
3534 1512 3666 1567 Gal-

2056 1593 2186 1647 lieni
2230 1604 2476 1665 tempora
2506 1595 2759 1665 eumdem
2784 1612 3022 1656 errorem
3050 1601 3378 1673 divulgasse,
3414 1604 3668 1659 eosdem-

2054 1699 2164 1754 que
2193 1684 2356 1754 Ario,
2384 1697 2441 1744 et
2478 1687 2700 1744 Arianis
2728 1690 2780 1744 in
2811 1690 2931 1748 Filii
2975 1694 3257 1752 divinitate
3303 1695 3666 1753 convellenda

340 1789 508 1846 ferius
537 1802 686 1842 vero.
712 1784 891 1839 Etiam
911 1782 970 1837 id
989 1797 1186 1852 quoque
1206 1781 1446 1835 addunt:
1474 1778 1611 1833 Eum
1635 1795 1737 1833 non
1764 1792 1953 1834 natura
1983 1801 2030 1862 Β
2058 1782 2410 1848 praecessisse
2431 1790 2686 1847 testatur,
2708 1795 2778 1838 rut
2797 1785 3050 1846 vidimus.
3091 1789 3281 1846 Brevis
3336 1790 3455 1847 haec
3504 1790 3668 1846 chro-

339 1883 396 1936 in
441 1880 601 1934 Patre
641 1879 885 1942 existere,
936 1890 1032 1929 nec
1060 1890 1167 1928 esse
1203 1873 1473 1945 proprium
1495 1874 1611 1944 ejus
1653 1872 1951 1926 substantiae

348 1972 597 2039 Verbum,
618 1983 706 2024 nec
727 1967 1005 2039 prapriam
1020 1964 1343 2036 sapientiam,
1392 1964 1447 2017 in
1472 1978 1573 2030 qua
1604 1961 1854 2026 mundum
1875 1965 1949 2015 is-

324 2078 455 2121 tum
480 2065 692 2130 crearit,
715 2063 801 2119 sed
818 2062 893 2119 in
920 2060 1085 2115 Patre
1105 2044 1213 2113 esse
1240 2058 1386 2112 aliud
1411 2058 1699 2128 pr0prium,
1729 2066 1779 2113 et
1799 2073 1955 2127 pecu-

341 2163 474 2216 liare
511 2156 1050 2225 Verbum,aliamque
1092 2154 1213 2207 item
1264 2153 1527 2223 propriam
1561 2153 1870 2221 sapientiam
1897 2154 1954 2207 in

341 2271 448 2326 qua
469 2253 724 2320 sapientia
749 2248 899 2305 istud
938 2245 1163 2302 Verbum
1199 2245 1337 2313 fecit.
1393 2245 1558 2314 Atque
1613 2246 1741 2298 adeo
1783 2247 1954 2315 ipsum

344 2346 628 2401 Dominum
659 2343 1187 2408 Christumrespectu
1215 2338 1574 2403 rationalium,
1625 2353 1738 2408 qua:
1793 2338 1957 2394 verbis

345 2451 581 2506 utantur,
618 2437 844 2494 Verbum
868 2450 984 2490 esse
1015 2441 1381 2503 nuncupatum.
1416 2430 1534 2485 Arii
1562 2444 1777 2486 errores
1824 2446 1956 2486 enu—

2057 1874 2179 1927 nica
2202 1873 2523 1945 disquisitio
2550 1874 2617 1928 ad
2649 1874 2920 1945 Epocham
2953 1884 3013 1937 D.
3053 1883 3290 1941 Zenonis
3337 1883 3666 1940 ﬁrmandam

2052 1964 2356 2045 plurimum
2384 1966 2698 2024 conducere
2725 1971 2949 2029 dicenda
2973 1985 3076 2043 est,
3102 1992 3223 2033 cum
3247 1978 3416 2049 ipsius
3444 1980 3671 2032 sentcn-

2060 2054 2148 2112 tiis
2180 2056 2282 2112 hos
2314 2071 2542 2114 errores
2597 2057 2864 2131 impetitos
2911 2066 3211 2125 videamus.
3271 2069 3446 2125 Ebion
3487 2068 3674 2139 itaque

2058 2146 2239 2217 primo
2265 2150 2515 2206 cadente
2543 2154 2901 2219 saculo‘circa
2922 2166 3119 2216 annum
3149 2161 3351 2218 Christi
3379 2161 3451 2217 82
3487 2175 3518 2215 a
3560 2160 3674 2216 Til-

2058 2239 2323 2295 lemontio
2345 2240 2642 2315 locatur(t.
2665 2261 2725 2313 ιι,
2756 2260 2860 2317 not,
2881 2268 2964 2322 pr.
2995 2253 3061 2308 de
3076 2253 3242 2309 Nam.
3259 2265 3306 2308 et
3324 2252 3513 2308 Ebion.
3540 2263 3587 2307 et
3617 2256 3677 2311 in

2060 2331 2158 2389 Ch.
2191 2351 2282 2389 an.
2314 2334 2412 2391 82.
2439 2333 2550 2406 Sp.
2583 2339 2649 2401 ad
2676 2359 2763 2399 an.
2796 2345 2913 2415 74).
2934 2345 3203 2405 Baronius
3229 2363 3359 2405 vero
3390 2347 3576 2418 ipsum
3608 2347 3678 2404 ad

2060 2440 2264 2481 annum
2290 2428 2360 2482 C.
2390 2428 2463 2483 74
2490 2427 2678 2488 refert.
2708 2436 3049 2495 SuosEbion
3079 2456 3296 2497 errores
3332 2455 3439 2495 non
3492 2439 3679 2498 solum

346 2547 563 2590 n'tcrare
588 2530 763 2601 pergit
790 2524 1155 2584 Athanasius.
1208 2523 1408 2577 Rursus
1448 2521 1583 2575 idem
1623 2521 1742 2575 ait:
1789 2521 1959 2577 Deum

346 2643 455 2681 non
484 2640 578 2678 nos
607 2632 813 2694 prapter
864 2619 1041 2684 illum,
1069 2620 1159 2670 sed
1185 2616 1332 2669 illum
1380 2623 1599 2685 prOpter.
1642 2631 1734 2668 nos
1782 2615 1964 2669 condi-

346 2720 506 2773 disse.
532 2715 659 2770 Erat
688 2715 847 2780 enim,
880 2710 1075 2781 inquit,
1104 2709 1247 2762 solus
1279 2707 1439 2773 Deus,
1471 2722 1562 2760 nec
1590 2716 1694 2762 erat
1740 2706 1965 2769 Verbum

348 2826 473 2865 cum
491 2824 577 2863 eo;
597 2806 801 2862 Deinde
829 2819 955 2859 cum
980 2800 1132 2856 vellet
1154 2816 1246 2854 nos
1278 2815 1569 2870 procreare,
1602 2808 1723 2854 tunc
1766 2817 1982 2871 quoque
2063 2799 2337 2871 jnnxisset
2380 2801 2656 2877 Artemas,
2692 2810 2945 2868 haeresim
3001 2808 3366 2875 celebriorem
3400 2816 3679 2888 'reddidit,

349 2902 508 2955 istum
534 2897 847 2969 procreavit,
880 2910 1057 2965 quem,
1088 2903 1357 2961 postquam
1378 2892 1578 2963 genitus
1597 2902 1692 2958 est,
1723 2893 1961 2962 appella-
2070 2891 2419 2964 damnatique
2449 2908 2578 2953 sunt
2623 2917 2651 2955 a
2681 2902 2898 2961 Victore
2949 2923 3166 2968 summo
3223 2911 3485 2970 Pontiﬂce
3529 2912 3683 2972 circa

348 2995 423 3047 cit
460 2989 705 3046 Verbum.
739 2986 1037 3051 Non‘enim
1058 2994 1131 3039 est
1158 2982 1335 3037 Patris
1364 2984 1626 3053 proprius,
1666 2993 1713 3038 et
1753 2994 1969 3039 natura-
2071 3000 2271 3040 annum
2294 2985 2499 3043 Christi
2526 2991 2651 3048 196.
2705 2996 3140 3057 Theodotioncm
3190 3014 3316 3061 ante
3368 3020 3571 3089 annum
3616 3008 3681 3065 C.

352 3087 421 3141 lis
447 3090 600 3157 [tctus
628 3083 874 3148 Verbum,
903 3079 997 3134 sed
1019 3086 1068 3132 et
1092 3078 1261 3148 ipsum
1294 3078 1462 3147 gratia
1502 3078 1687 3133 extitit.
1724 3076 1860 3143 Quin
1917 3088 1966 3132 et
2070 3079 2176 3135 219
2207 3081 2348 3136 diem
2380 3097 2537 3138 suum
2568 3086 2775 3144 oblisse
2803 3092 3029 3162 conjicit
3055 3081 3479 3155 Tillentontlus.‘
3515 3076 3684 3158 Arte-

354 3180 457 3232 hoc
480 3192 683 3247 quoque
700 3177 909 3246 jactant
932 3188 952 3225 :
974 3167 1240 3226 Christum
1268 3186 1372 3223 non
1416 3186 1525 3225 esse
1580 3171 1887 3234 naturalem.
1919 3180 1966 3226 et
1992 3188 2037 3253 ρ
2072 3188 2187 3227 mas
2228 3172 2367 3237 forte
2398 3173 2757 3234 Theodotioni
2786 3195 3096 3256 superstes,
3128 3199 3187 3245 ut
3210 3190 3436 3249 haeresis
3485 3202 3683 3251 auctor
3712 3236 3723 3245 .

351 3287 532 3327 teram
560 3269 659 3324 Dei
682 3268 991 3339 potentiam,
1024 3264 1114 3319 sed
1136 3264 1267 3317 sicut
1293 3279 1459 3319 eruca:
1486 3264 1669 3319 bruchi
1695 3266 1969 3335 appellan-
2071 3264 2285 3336 agnitus
2319 3264 2487 3321 fuisse
2511 3267 2744 3325 videtur.
2777 3271 2933 3330 Hunc
2954 3276 3361 3339 erro‘rcm‘lidet
3389 3283 3504 3341 a'S.
3534 3268 3684 3343 Pon.

357 3377 445 3420 tur
463 3363 704 3436 potentia
728 3359 1115 3430 Omnipotentis
1143 3355 1262 3424 Dei,
1307 3359 1380 3412 ita
1406 3358 1580 3429 ipsum
1633 3366 1832 3431 quaque
1854 3377 1971 3429 -ttp-
2071 3356 2216 3411 titice
2252 3355 2465 3411 Victore
2486 3359 2828 3430 damnatum,
2854 3379 2962 3422 non
2985 3371 3170 3429 subito
3191 3376 3495 3432 extinctum
3509 3377 3684 3437 fuisse

2063 2520 2117 2597 in
2139 2518 2267 2574 Asia
2298 2522 2536 2590 sparsit,
2565 2526 2662 2582 sed
2689 2529 2985 2587 evitemus.
3015 2534 3243 2592 Ebionis
3282 2548 3497 2591 errores
3521 2532 3681 2592 Arte-

2067 2629 2181 2669 mas
2224 2615 2556 2673 instauravit
2574 2637 2728 2688 ,‘non
2781 2634 2963 2681 autem
2991 2627 3109 2698 ipse
3130 2631 3359 2700 primus,
3388 2627 3485 2684 sed
3504 2627 3682 2686 Theo-

2065 2704 2248 2774 dotus,
2272 2721 2374 2764 seu
2402 2708 2747 2771 Theodotien
2802 2717 3179 2791 Bitzantinus,
3205 2725 3292 2779 cui
3324 2738 3386 2781 se
3416 2738 3539 2781 cum
3584 2725 3685 2781 ad-

358 3460 550 3532 pellari
581 3456 1022 3528 Omnipotentiam
1053 3451 1248 3508 Patris.
1282 3450 1453 3506 Etiam
1507 3454 1642 3509 illud
1694 3456 1979 3509 inter'cte-'

360 3565 474 3609 tera
499 3553 741 3625 adjuna‘it
760 3595 775 3619 ,
813 3547 1015 3604 Filium
1044 3564 1149 3603 non
1180 3557 1357 3601 exacte
1381 3563 1685 3618 cognoscere
1710 3546 1965 3617 Putrem,

360 3649 456 3706 sed
481 3665 546 3702 ne
564 3664 710 3703 suam
737 3645 946 3718 quidem
972 3645 1143 3712 ipsius
1167 3641 1501 3697 substantiam
1527 3642 1675 3713 plene
1711 3643 1968 3713 cognitant

362 3745 579 3801 habere.

437 3839 579 3894 Tota
620 3836 835 3893 tandem
857 3833 1169 3892 Catholicos
1194 3833 1336 3888 inter
1375 3843 1423 3888 et
1448 3832 1678 3889 Arianos
1699 3841 1968 3889 contesta-

365 3934 445 3989 tio
467 3930 535 3986 ad
564 3945 721 3985 unam
754 3927 876 3984 Filii
906 3942 1026 3983 cum
1054 3927 1219 4001 Patre
1239 3924 1856 4009 consubstantialitatcm
1882 3920 1967 3980 vel

363 4023 720 4082 asserendam
760 4022 851 4078 vel
882 4020 1180 4092 negandum
1209 4019 1424 4076 redacta
1456 4027 1558 4075 est.
1588 4018 1752 4093 Hujus
1777 4019 1855 4074 rei
1875 4019 1970 4095 ad.)

364 4117 829 4188 comprobandam
873 4098 1058 4182 ﬁdem,
1089 4113 1375 4169 formulam
1408 4128 1435 4167 a
1459 4112 1686 4195 Valente
1714 4111 1965 4179 Vasacio,

365 4213 599 4282 aliisque
622 4209 932 4281 gregalibus
978 4209 1030 4263 in
1053 4206 1381 4263 Ariminensi
1431 4206 1651 4279 Synodo
1676 4204 1968 4262 exhibitam

369 4305 505 4362 satis
525 4305 631 4361 erit
656 4303 851 4359 afferre
877 4321 890 4356 :
922 4301 1188 4357 Credimus
1212 4301 1266 4354 in
1301 4316 1480 4364 unum,
1504 4308 1555 4354 et
1584 4294 1849 4373 solum,'et
1891 4315 1973 4353 ue-

367 4415 490 4454 rum
516 4396 684 4452 Deum
707 4396 921 4452 Patrem
956 4384 1394 4463 Omnipotentem,
1424 4391 1751 4448 Conditorem
1803 4392 1972 4464 Opiﬁ-

370 4505 585 4558 cemque
606 4489 833 4543 omnium
865 4502 883 4542 :
922 4497 971 4543 et
1000 4487 1052 4541 in
1086 4486 1418 4559 Unigenitum
1459 4483 1659 4539 Filium
1715 4484 1809 4540 Dei
1855 4497 1973 4541 ante

2068 3449 2354 3507 dicendum
2375 3461 2501 3506 est:
2541 3468 2669 3510 nam
2696 3466 2780 3513 vet
2829 3458 2882 3514 in
2934 3461 3274 3525 Tertulliano
3327 3481 3563 3528 notatur.
3608 3471 3684 3530 Et

2072 3539 2233 3597 Pater
2262 3540 2404 3597 Deus
2426 3553 2501 3599 est
2528 3557 2575 3601 et
2609 3546 2787 3603 Judea:
2816 3549 2961 3607 Deus
3005 3566 3084 3611 est
3117 3600 3133 3625 ,
3190 3562 3292 3615 non
3348 3554 3519 3619 tanien
3561 3565 3684 3622 ideo

2070 3634 2231 3690 Pater
2257 3646 2305 3690 et
2350 3636 2530 3693 ludes:
2558 3656 2776 3713 semper,
2804 3644 2927 3714 quia
2952 3644 3097 3705 Deus
3124 3668 3326 3726 semper
3357 3697 3372 3723 ,
3419 3656 3541 3712 nam
3585 3675 3685 3715 nec

2073 3728 2233 3784 Pater
2259 3730 2423 3799 potuit
2452 3746 2562 3786 esse
2584 3743 2706 3788 ante
2730 3732 2953 3804 Filium,
2999 3756 3093 3796 nec
3117 3741 3297 3800 Iudex
3343 3757 3462 3803 ante
3506 3749 3681 3805 delic-

2070 3834 2199 3879 tum.
2247 3822 2373 3877 Fuit
2401 3833 2573 3879 autent
2604 3836 2806 3899 tempus
2832 3846 2959 3885 cum‘
2995 3842 3045 3888 et
3085 3835 3353 3906 delictum,
3411 3851 3459 3895 et
3501 3838 3681 3900 Filius

2069 3933 2173 3974 non
2202 3917 2325 3988 fuit,
2355 3918 2492 3988 quod
2516 3916 2781 3990 Iudicem,
2815 3931 2863 3977 et
2891 3925 2980 3996 qui
3013 3925 3226 3985 Patrem
3250 3950 3253 3955 '
3275 3928 3569 3987 Domi‘num'
3590 3936 3680 4005 {a-

2072 4018 2226 4066 ceret.
2254 4009 2352 4065 Hic
2385 4010 2528 4067 circa
2552 4027 2753 4069 annum
2809 4015 2869 4071 C.
2922 4017 3032 4073 216
3075 4021 3401 4079 scribebat?
3429 4018 3681 4097 Béryllus

2070 4119 2285 4175 quoque
2314 4104 2627 4164 Bostrensis
2648 4109 2701 4165 in
2727 4107 2930 4167 Arabia
2960 4112 3285 4187 Episcopus,
3305 4118 3450 4174 circa
3462 4100 3682 4182 'Christi

2072 4214 2275 4254 annum
2296 4197 2405 4254 229
2430 4199 2500 4255 de
2523 4201 2717 4267 eodem
2746 4218 2936 4262 errore
2965 4204 3471 4265 insimulatus'fuil.‘
3503 4210 3679 4271 Ausus

2073 4306 2299 4347 asserere
2320 4290 2405 4363 (ut
2430 4292 2697 4350 Eusebius
2752 4308 2936 4353 narrat
2970 4296 3112 4354 Hist.
3142 4301 3179 4354 ι.
3208 4317 3281 4367 vt,
3316 4284 3685 4375 c.“-sﬁ),-‘no—~

2072 4384 2270 4437 minum
2297 4399 2357 4437 ac
2377 4394 2692 4441 servatorem
2716 4397 2950 4444 nostrum
2970 4400 3243 4462 antequam
3266 4392 3677 4455 inter'hoinines

2076 4487 2385 4547 versaretur,
2439 4495 2543 4534 non
2568 4480 2854 4537 substitisse
2882 4484 2937 4538 in
2960 4486 3203 4554 propria!
3242 4492 3477 4558 per‘sonte
3522 4489 3678 4558 di/fe-

372 4585 553 4639 omnia
573 4584 785 4651 stecula,
811 4591 857 4636 et
880 4582 1050 4647 initia,
1079 4590 1124 4636 et
1151 4591 1267 4634 ante
1290 4595 1438 4635 omne
1473 4586 1694 4650 tempus,
1745 4579 1883 4649 quod
1915 4581 1963 4636 in

2072 4573 2262 4638 rentia,
2306 4588 2399 4628 nec
2419 4574 2706 4645 propriam,
2738 4575 2828 4630 sed
2846 4576 3116 4647 paternam
3159 4576 3417 4634 duntaxat
3436 4570 3680 4640 divinita-

371 4676 691 4733 intellectum
716 4676 897 4729 cadere
925 4682 1088 4746 potest
1108 4673 1407 4728 existentem
1443 4714 1457 4739 ,
1506 4680 1553 4725 et
1599 4680 1717 4725 ante
1774 4687 1975 4727 omnem

371 4769 887 4841 comprehensibilem
952 4767 1289 4822 substantiam
1359 4776 1545 4820 natum.
1626 4764 1978 4835 impatibiliter

374 4882 441 4921 ea:
479 4864 609 4928 Deo,
630 4862 797 4917 solum
823 4876 887 4916 ea:
913 4862 1023 4915 sola
1049 4858 1228 4927 Patre,
1281 4858 1450 4914 Deunt
1478 4860 1542 4913 de
1570 4857 1705 4923 Deo,
1754 4859 1977 4913 similem

375 4957 536 5014 Patri
563 4971 678 5020 suo,
708 4955 797 5026 qui
843 4954 1013 5025 ipsum
1056 4952 1247 5024 genuit,
1303 4952 1470 5020 cujus,
1527 4939 1808 5022 secundum
1850 4949 1981 5005 scri-

374 5067 491 5114 ras,
523 5047 898 5120 generationem
923 5059 1070 5099 nemo
1100 5042 1257 5109 natiit,
1315 5042 1415 5096 nisi
1440 5042 1581 5096 solus
1620 5044 1709 5112 qui
1738 5059 1856 5098 eum
1885 5059 1977 5115 ge-

377 5143 498 5198 nuit
520 5134 701 5196 Pater.
748 5137 1069 5194 Vocabulum
1122 5151 1273 5207 porro
1316 5136 1631 5199 substantiae,
1677 5138 1800 5207 quia
1853 5137 1980 5190 sint-

379 5234 574 5307 plicius
602 5229 900 5285 a~Patribus
928 5229 1150 5299 positum
1168 5236 1264 5291 est,
1296 5234 1342 5281 et
1364 5243 1396 5280 a
1419 5228 1626 5297 populis
1680 5228 1972 5300 ignoratur,

379 5339 431 5385 et
452 5325 755 5382 scandalum
773 5322 943 5392 aﬂ'ert,
964 5338 1025 5376 eo
1045 5320 1182 5391 quod
1200 5320 1255 5374 in
1286 5319 1571 5391 Scripturis
1593 5335 1694 5373 non
1719 5320 1980 5374 continea-

382 5431 493 5484 tur,
525 5417 722 5490 placuit
747 5425 802 5470 ut
849 5415 913 5469 de
936 5411 1104 5468 medio
1133 5409 1414 5478 tolleretur,
1450 5419 1496 5466 et
1523 5411 1721 5464 nullam
1768 5411 1978 5481 posthac

381 5515 450 5568 de
477 5510 589 5565 Deo
618 5509 919 5564 substantia:
960 5506 1265 5561 mentionem
1293 5521 1399 5561 esse
1420 5504 1712 5577 faciendam
1771 5504 1976 5578 (Refert

381 5606 450 5662 S.
484 5601 681 5658 Athan.
709 5602 773 5656 de
796 5599 929 5672 Syn.
956 5594 1047 5653 Ar.
1084 5606 1133 5652 et
1163 5597 1387 5666 Seleu.).

461 5696 577 5752 [lac
599 5702 759 5750 aetate
782 5691 841 5749 S.
870 5688 1144 5747 Zenonem
1183 5689 1486 5746 Veronensi
1530 5689 1791 5746 Ecclesia:
1839 5706 1981 5761 prm-

374 5789 558 5848 t‘uisse
582 5784 917 5846 contendunt
945 5781 1160 5843 Domini
1176 5770 1454 5842 Ballerinii
1464 5822 1479 5853 ,
1501 5780 1595 5855 qui
1609 5782 1757 5843 illius
1772 5781 1983 5855 episco-

2082 4674 2179 4720 tem
2207 4667 2262 4721 in
2286 4682 2340 4722 se
2362 4666 2669 4723 residentem
2696 4669 2885 4726 habere
2911 4686 2930 4725 :
2961 4686 3177 4737 cumque
3199 4670 3269 4727 ea
3293 4674 3358 4728 de
3380 4668 3678 4746 re‘plurimi

2081 4757 2325 4832 Episcopi
2346 4761 2654 4832 quaestiones
2717 4779 2780 4816 ac
2814 4763 3188 4835 disputationes
3233 4759 3499 4835 adversus‘
3527 4766 3679 4825 illum

2081 4852 2407 4921 habuissent,
2438 4866 2652 4926 rogatus
2681 4873 2787 4911 una
2815 4874 2932 4912 cum
2983 4855 3197 4929 reliquis
3252 4853 3521 4933 Origenes;
3569 4863 3699 4934 pri~'

2083 4962 2224 5000 mum
2253 4949 2604 5018 quidemcum
2638 4950 2731 5005 illo
2774 4940 3424 5024 familiariter‘colldcdtus
3476 4946 3568 5021 est.
3621 4969 3680 5015 ut

2081 5056 2320 5110 quamam
2347 5053 2480 5098 esset
2505 5044 2728 5101 hominis
2761 5048 3014 5102 sententia
3032 5047 3359 5118 "exploraret.
3391 5044 3681 5125 Postquam

2081 5147 2199 5188 vero
2243 5133 2437 5205 liquido
2466 5138 2704 5208 cognovit
2745 5140 2871 5210 quid
2896 5140 3117 5211 diceret,
3148 5126 3509 5220 errorenil’ejus
3531 5163 3681 5203 coar—
3732 5206 3741 5221 ,

2082 5227 2213 5296 guit,
2238 5225 2515 5298 allatisque
2550 5229 2838 5286 rationibus
2886 5246 2947 5289 ac
2985 5228 3521 5294 demmstraztio'nib'us
3554 5257 3682 5296 con—
3778 5286 3785 5291 ς

2082 5320 2274 5373 victum
2304 5322 2563 5376 hominem
2581 5324 2734 5394 quasi
2761 5342 2923 5382 manu
2946 5320 3338 5405 apprehendens
3362 5319 3681 5390 adwueritatis
3776 5400 3779 5405 _

2084 5414 2218 5468 viam
2248 5415 2509 5487 perduxit.
2541 5416 2691 5486 idem
2714 5418 3003 5492 Origenes,
3046 5402 3151 5494 ﬂia
3185 5418 3312 5481 ante
3366 5416 3569 5482 annum
3616 5428 3681 5484 (Ξ.

2085 5505 2191 5562 256
2237 5507 2485 5564 adhucin
2534 5509 2670 5566 vivis
2693 5520 2832 5580 erat,
2892 5511 3034 5570 hunc
3081 5514 3337 5573 errorem'
3380 5517 3682 5588 redarguit.

2086 5598 2353 5673 lntelligat
2380 5601 2515 5655 enim
2549 5601 2638 5658 ille
2681 5603 2771 5675 qui
2806 5603 2992 5662 dicere
3038 5605 3195 5662 audet
3224 5605 3373 5676 :‘fuit
3400 5606 3685 5678 “aliquando

2086 5709 2199 5747 cum
2222 5709 2323 5748 non
2346 5703 2472 5748 esset
2500 5695 2664 5763 ﬁlius.
2722 5696 2801 5752 Ex
2829 5699 3022 5769 quibus
3050 5696 3237 5753 verbis
3284 5697 3493 5762 optime
3546 5698 3689 5756 infe-

2085 5795 2213 5845 runt
2233 5785 2537 5848 doctissimi
2553 5789 2848 5851 Ballerinii:
2868 5790 3004 5846 Hinc
3029 5785 3243 5859 quidem
3260 5784 3530 5860 probatur,
3556 5789 3703 5853 alios
