4198 6160
566 229 672 303 eis

1758 242 1844 298 DE
1873 239 2119 298 ssnon
2157 220 2450 298 senatus
2487 240 2762 298 crocus.

3761 244 3870 299 6H

563 359 972 427 quosdamhunc
995 369 1218 413 errorem
1244 356 1298 410 id
1340 356 1586 426 temporis
1610 356 1849 412 docuisse
1869 373 2018 428 quem
2051 356 2170 411 Ori-
2195 359 2565 429 Aantequam
2617 359 2966 425 nasceretur,
3021 374 3112 412 seu
3171 358 3384 414 alterum
3435 373 3493 413 eo
3545 358 3871 414 recidentem.

564 469 715 526 genes
736 451 1148 522 reprehenderet.
1178 448 1258 504 Ad
1283 447 1517 505 Gallieni
1540 458 1782 520 tempora
1827 448 2048 519 propius
2075 464 2165 504 ac—

564 546 750 610 cessit,
780 543 871 613 qui
893 557 1040 598 anno
1059 541 1126 597 C.
1151 540 1260 597 866
1287 542 1490 597 obiisse
1518 541 1737 608 dicitur,
1784 539 1841 597 S.
1880 541 2166 613 Dionysius

565 634 963 691 Alexandrinus
992 632 1332 698 Patriarcha,
1373 632 1463 687 hic
1504 643 1566 688 ut
1614 631 1778 688 iidem
1810 631 2165 688 eruditissimi

564 727 835 784 Bullerinii
860 737 1048 783 notant
1082 727 1134 782 in
1157 727 1387 797 epistola
1437 726 1504 782 ad
1550 726 1988 797 Euphranorem,
2011 726 2166 796 cujus

562 821 922 892 fragmentum
970 817 1283 892 suppeditat
1320 818 1600 875 Athanasii
1629 819 1888 889 epistola,
1923 817 1992 874 de
2035 815 2166 874 sen-

564 913 732 969 tentia
766 912 1031 985 Dionysii,
1060 927 1154 968 no.
1182 913 1242 979 4,
1275 912 1615 968 Sabellianos
1661 913 2008 982 impugnans.
2040 910 2171 966 Ete-

564 1006 673 1061 nim
703 1005 800 1070 ait,
832 1021 955 1064 cum
985 1004 1055 1059 sit
1083 1018 1170 1059 res
1197 1003 1341 1059 facta
1368 989 1475 1059 non
1500 1014 1617 1058 erat
1647 1009 1776 1060 ante
1799 1017 1959 1074 quam
1989 1002 2165 1058 fieret:

563 1099 628 1151 At
652 1109 712 1152 ea
753 1098 818 1150 de
841 1105 1001 1151 causa
1029 1098 1097 1149 ad
1125 1093 1435 1166 Dionysium
1484 1095 1771 1150 Romanum
1813 1094 1902 1149 ille
1942 1093 2164 1159 delatus,

562 1199 611 1244 et
641 1189 704 1243 ab
727 1188 907 1243 eodem
934 1187 1276 1259 reprehensus
1303 1187 1546 1259 apOIOgia
1590 1203 1645 1240 se
1684 1202 1738 1240 se
1777 1185 2020 1256 purgavit
2046 1228 2060 1249 ,
2112 1185 2168 1238 in

561 1298 718 1352 quam
747 1281 911 1335 multa
935 1281 1175 1354 conjecit,
1194 1281 1380 1350 quibus
1401 1295 1515 1332 eum
1543 1294 1768 1333 errorem
1798 1278 1988 1348 rejicit,
2018 1292 2168 1347 quem

561 1373 779 1428 subinde
808 1373 986 1427 Ariani
1017 1388 1262 1443 excepere
1291 1371 1469 1425 :unde
1499 1388 1615 1424 cum
1647 1369 1703 1423 hi
1737 1371 1846 1440 ejus
1883 1369 2170 1423 auctorita-

561 1475 662 1519 tem
694 1481 786 1534 pro
813 1479 866 1518 se
888 1464 1190 1534 allegarent,
1218 1463 1529 1517 Athanasius
1556 1463 1669 1516 loco
1696 1471 1995 1525 memorato,
2022 1477 2163 1514 num.

565 1561 622 1623 9,
659 1558 1054 1628 pt'tedecessoris
1080 1557 1162 1611 sui
1182 1557 1481 1612 sententiam
1526 1556 1712 1626 optime
1741 1553 1968 1607 vindicat
1994 1594 2009 1619 ,
2047 1568 2171 1606 auc-

562 1652 920 1720 toritatemque
948 1665 1010 1704 ea:
1030 1649 1363 1702 inimicorum
1385 1647 1620 1701 manibus
1648 1647 1840 1700 nouiter
1870 1644 2045 1713 eripit.
2064 1644 2170 1698 Eo-

2263 450 2390 506 Fuit
2419 451 2715 522 aliquando
2753 453 2876 507 eum
2915 467 3022 507 non
3045 460 3226 516 esset,
3271 450 3450 521 quibus
3502 449 3688 506 Divino
3731 451 3878 506 Filio

2265 544 2604 598 teter-nitatem
2656 541 2840 599 Ariani
2887 545 3169 616 negabant,
3203 543 3554 608 coeternitas,
3579 557 3746 599 vocem
3777 549 3880 599 sa:-

2265 630 2385 709 pius
2411 637 2659 704 inculcat,
2689 647 2844 694 tract.
2875 653 2936 705 ιι,
2961 637 3058 692 lib.
3089 653 3127 692 ιι
3153 679 3167 704 ,
3195 652 3296 691 una
3343 635 3594 707 originali
3639 637 3877 692 coaeter-

2269 730 2440 784 nitate
2489 738 2645 784 tract.
2680 745 2751 796 vn,
2789 730 2881 786 lib.
2919 746 2993 795 ιι,
3029 745 3179 786 num.
3215 731 3268 798 4,
3293 741 3413 786 cum
3453 743 3563 800 quo
3592 729 3878 800 originalis

2271 821 2628 891 perpetuique
2671 822 2820 892 regni
2850 837 2957 877 uua
2987 821 3301 893 possessio:
3336 821 3729 878 coasternilatis
3757 838 3878 877 om-

2271 911 2695 982 nip'otentitequ‘e
2737 927 2839 967 una
2881 913 3217 977 substantia,
3267 926 3367 967 una
3417 912 3734 981 aequalitas,
3768 927 3877 966 una

2271 1003 2446 1058 virtus
2491 1004 2790 1074 majeStatis
2817 1015 3082 1075 augustas.
3130 1003 3250 1058 Huc
3291 1005 3443 1059 etiam
3482 1005 3576 1058 illa
3614 1006 3877 1076 pertinent

2273 1105 2424 1150 tract.
2471 1111 2536 1151 Lv
2565 1138 2580 1162 ,
2637 1099 2726 1152 ubi
2759 1096 2958 1152 Filium
3012 1105 3253 1167 paternae
3311 1097 3649 1168 antiquitatis
3695 1098 3877 1154 solum

2272 1190 2584 1253 conscium,
2611 1191 2666 1244 id
2704 1200 2776 1245 est
2811 1199 3124 1246 cowternum
3154 1189 3306 1243 Patri
3344 1189 3570 1258 fatetur;
3592 1200 3642 1246 et
3676 1195 3732 1245 ut
3771 1191 3882 1244 alia

2275 1283 2596 1339 dimittamus
2641 1293 2791 1340 tract.
2821 1300 2916 1351 vn,
2941 1283 3354 1355 exploratissime
3375 1300 3486 1338 eam
3519 1284 3753 1340 hteresim
3780 1299 3880 1338 no-

2274 1384 2486 1442 tntqute
2515 1377 2835 1443 modestius,
2876 1378 2970 1434 sed
2997 1377 3304 1433 mordacius
3345 1391 3567 1444 nocens,
3603 1376 3731 1431 dicit
3755 1379 3882 1447 qui-

2275 1465 2397 1520 dem
2427 1468 2514 1522 li‘ei
2547 1467 2741 1522 Filium
2777 1469 2954 1524 Deum
2979 1511 2994 1534 ,
3022 1467 3115 1524 sed
3150 1483 3256 1523 non
3285 1483 3349 1522 ex
3390 1469 3550 1523 Patre
3582 1467 3882 1525 nobilitatis

2279 1559 2643 1630 perpetuitate
2668 1562 3030 1631 progenitum,
3076 1559 3349 1630 fuisseque
3403 1571 3612 1631 tempus
3663 1560 3882 1629 quando

2278 1669 2383 1708 non
2445 1654 2560 1708 fuit.
2600 1653 2727 1709 Han:
2753 1657 3010 1726 praecipue
3053 1654 3202 1709 verba
3241 1653 3526 1709 Baronium
3568 1659 3835 1708 moverunt
3865 1693 3880 1715 ,

561 1743 686 1799 dem
732 1755 976 1814 tempore
1012 1742 1210 1797 Patﬂlls
1229 1741 1622 1797 Samosatenus
1646 1755 1866 1795 errores
1911 1755 2046 1809 quos
2090 1739 2160 1794 ab
2192 1743 2240 1803 Β
2267 1765 2382 1803 cum
2457 1751 2705 1804 Arimmm
2763 1750 3002 1805 haeresim
3048 1750 3238 1803 directe
3278 1751 3465 1820 feriant
3500 1763 3518 1801 :
3549 1763 3694 1802 nemo
3742 1745 3882 1801 Enim

563 1839 772 1894 Ebione
822 1848 877 1894 et
929 1838 1149 1893 Artema
1202 1839 1480 1901 hauserat,
1522 1836 1574 1889 in
1635 1837 1808 1888 lucem
1857 1848 2023 1888 ausus
2089 1841 2173 1886 est

560 1932 869 2002 propalare,
893 1940 1085 1986 contra
1112 1944 1298 2000 quem,
1331 1937 1389 1981 ut
1417 1927 1671 1994 vidimus,
1703 1924 1845 1979 idem
1876 1923 1933 1980 S.
1968 1924 2172 1994 Diony-

561 2023 676 2078 sius
708 2023 946 2092 scripsit.

634 2115 855 2170 Ebionis
897 2116 1078 2184 itaque
1108 2111 1364 2168 hteresim
1392 2111 1574 2182 primo
1603 2110 1786 2166 adhuc
1827 2109 2046 2164 labente
2078 2124 2173 2164 sae-

557 2208 685 2264 culo
710 2215 952 2263 exertam
988 2206 1129 2262 circa
1164 2205 1388 2261 secundi
1437 2202 1624 2260 smculi
1679 2204 1877 2267 linem,
1921 2217 1985 2258 ac
2027 2203 2168 2258 tertii

559 2299 771 2355 initium
799 2301 868 2354 ab
896 2298 1193 2355 Artemone
1217 2301 1599 2365 instauratam,
1635 2306 1748 2352 toto
1768 2295 1971 2351 saeculo
2001 2296 2170 2351 tertio

562 2405 734 2462 usque
762 2391 829 2448 ab
857 2391 1086 2448 Gallieni
1111 2401 1379 2461 tempora,
1431 2399 1487 2445 et
1524 2398 1645 2459 post
1684 2388 1988 2444 Gallienum
2035 2403 2170 2458 quo-

559 2501 664 2556 que
683 2487 960 2560 serpuisse
989 2485 1168 2540 adhuc
1224 2485 1279 2539 in
1331 2485 1571 2540 Ecclesia
1593 2481 1961 2552 comperimus
1990 2522 2004 2544 ,
2055 2497 2164 2538 non

557 2575 912 2633 AleXandrim
945 2577 1341 2643 tantummodo,
1383 2577 1478 2632 sed
1512 2585 1567 2631 et
1613 2577 1667 2631 in
1701 2573 1852 2630 Italia
1895 2586 1948 2630 et
1977 2574 2168 2630 Roma:

558 2671 831 2740 vulgatam
866 2687 880 2725 :
929 2685 1049 2726 eam
1079 2669 1354 2740 adoptavit
1381 2668 1546 2725 Arius
1574 2677 1724 2726 tanto
1771 2668 2029 2724 Ecclesiae
2058 2668 2166 2723 Ca-

561 2763 772 2818 tholica:
795 2763 1148 2827 detrimento,
1181 2773 1239 2816 ut
1266 2763 1470 2832 elapsis
1493 2770 1571 2815 tot
1597 2760 1813 2816 saeculis
1840 2761 2019 2815 adhuc
2043 2775 2168 2831 pcr-

560 2854 759 2910 niciem
784 2869 938 2910 suam
967 2853 1126 2909 novis
1149 2856 1202 2908 in
1227 2851 1446 2907 Ariaois
1473 2851 1763 2907 diliundat.

559 2987 588 3060 ᾗ
643 2979 755 3045 Xll.
785 2987 945 3042 -ιλ
974 2983 1197 3043 Zenonis
1240 2995 1406 3042 textus
1429 2986 1791 3052 adducuntur,
1839 2983 1928 3055 qui
1983 2995 2166 3041 contra

943 3078 1057 3132 Arii
1077 3093 1274 3133 errores
1308 3082 1478 3149 facere
1519 3086 1784 3147 putantur.

631 3217 700 3273 lis
724 3216 1046 3288 praenotatis
1071 3257 1086 3280 ,
1118 3231 1242 3286 quae
1265 3215 1330 3269 ad
1362 3231 1475 3270 rem
1525 3223 1850 3284 prtesentem
1886 3213 2064 3269 facere
2087 3214 2164 3270 vi-

559 3312 850 3376 debantur,
884 3326 1027 3370 nunc
1059 3311 1283 3380 propius
1309 3308 1376 3364 ad
1425 3309 1742 3378 quaestionis
1773 3307 1975 3363 nodum
2007 3323 2162 3363 acce-

561 3404 755 3458 damus
776 3411 1011 3471 Oportet,
1049 3401 1110 3455 D.
1141 3399 1376 3456 Zenonis
1409 3409 1608 3467 textus,
1637 3401 1728 3470 qui
1757 3407 1947 3454 contra
1971 3399 2160 3454 Arium

559 3494 869 3562 laudantur,
894 3492 1287 3564 expendentes.
1318 3492 1426 3546 llos
1470 3493 1531 3546 D.
1562 3492 1834 3547 Ballerinii
1880 3491 2116 3562 allegant
2141 3534 2156 3558 ,

558 3602 695 3660 quos
721 3587 914 3643 iisdem
943 3588 1179 3657 ipsorum
1205 3583 1383 3639 verbis
1425 3584 1510 3637 hic
1551 3583 1952 3638 exscribimus:
1990 3603 2009 3636 ‹
2049 3583 2161 3638 Ηα-

558 3697 673 3733 rum
697 3680 1010 3734 locutionum
1029 3677 1127 3750 (ita
1154 3677 1456 3747 Ballerinii)
1481 3691 1756 3745 vocumque
1781 3676 2159 3745 praecipitatum

558 3774 632 3826 vis
660 3782 715 3825 ut
745 3771 1066 3839 manifestior
1097 3770 1188 3838 ﬁat
1209 3809 1223 3833 ,
1251 3769 1374 3838 quid
1393 3769 1576 3821 Ariani
1599 3784 1663 3822 ex
1700 3785 1804 3822 una
1826 3777 1968 3838 parte
1988 3784 2160 3823 sense-

557 3847 694 3927 rint,
728 3862 850 3928 quid
881 3877 943 3917 ex
961 3862 1069 3915 alia
1091 3861 1287 3915 Auctor
1309 3871 1488 3914 contra
1517 3860 1793 3928 scripserat
1820 3901 1835 3927 ,
1861 3863 2012 3914 certis
2043 3863 2157 3931 qni-

558 3954 778 4009 busdam
814 3954 1060 4027 capitibus
1096 3971 1350 4024 exponere
1401 3954 1618 4024 perutile
1647 3953 1840 4022 fuerit,
1891 3954 2030 4007 unde
2077 3955 2157 4009 vel

554 4048 656 4112 illi,
688 4049 778 4116 qui
803 4063 904 4101 non
934 4047 1087 4117 plane
1112 4047 1303 4101 eruditi
1333 4047 1385 4099 in
1422 4047 1558 4100 hisce
1589 4045 1820 4099 materiis
1845 4054 1984 4110 sunt,
2021 4049 2159 4100 Auc-

554 4150 714 4194 torem
741 4148 921 4192 contra
950 4139 1167 4192 Arianos
1197 4153 1260 4191 ea:
1304 4138 1569 4207 proposito
1597 4136 1932 4191 disserentem
1965 4153 2158 4208 agnos-

554 4242 691 4287 cant.
724 4230 797 4285 Hi
821 4229 1045 4286 hwretici
1094 4247 1157 4285 ea:
1183 4230 1468 4284 Athanasio
1488 4230 1541 4283 in
1572 4230 1663 4284 lib.
1698 4230 1760 4283 de
1796 4228 2025 4283 Decretis
2057 4229 2158 4284 Ni-

552 4325 729 4388 ctenis,
755 4341 898 4377 num.
924 4323 1012 4389 18,
1033 4340 1154 4394 pag.
1179 4321 1307 4390 2l5,
1325 4323 1388 4377 de
1407 4320 1549 4378 Filio
1577 4322 1672 4376 Dei
1690 4323 1948 4394 loquentes
1971 4323 2156 4396 hujus-

549 4417 691 4470 ntodi
721 4417 957 4486 formulis
1001 4416 1288 4470 utebantur.
1348 4417 1424 4470 Ex
1484 4431 1592 4470 non
1641 4418 2004 4472 existentibus
2043 4433 2157 4472 non

2279 1852 2398 1896 ante
2429 1843 2607 1896 Arium
2638 1842 3056 1912 similiajdocuit,
3089 1857 3236 1896 nemo
3257 1850 3374 1895 ante
3403 1842 3499 1894 hoc
3530 1850 3728 1908 tempus
3749 1839 3880 1894 adeo

2279 1949 2516 2002 expresse
2545 1928 2783 1990 liceresiut
2822 1935 3122 2005 hujusmodi
3170 1935 3363 1988 notavit
3395 1975 3411 2000 ,
3442 1943 3489 1988 et
3526 1933 3752 2004 refellit,
3785 1949 3880 1986 nec

2278 2037 2476 2094 notare,
2504 2038 2553 2083 et
2580 2028 2817 2098 refellere
2844 2027 3048 2100 quidem
3073 2029 3259 2098 potuit.
3289 2046 3308 2080 ι
3343 2027 3472 2084 ilzrc
3504 2025 3615 2081 DD.
3648 2026 3881 2082 Balleri-

2278 2121 2374 2175 nii.
2409 2122 2715 2192 Antequam
2747 2137 2876 2178 vero
2926 2121 2994 2178 de
3023 2121 3109 2176 his
3151 2121 3380 2193 aliisque
3409 2121 3475 2176 D.
3507 2119 3743 2178 Zenonis
3795 2119 3878 2175 al-

2279 2210 2400 2265 latis
2429 2213 2664 2268 textibus
2689 2227 2929 2285 agamus,
2962 2213 3401 2284 praemittendum
3443 2223 3548 2270 est.

2275 2329 2463 2418 §Xlil.
2511 2378 2583 2387 —
2617 2347 2849 2420 Mysterii
2882 2343 2987 2405 SS.
3046 2348 3317 2404 Trinitatis
3370 2341 3607 2403 notitiam
3653 2347 3716 2402 ab
3759 2349 3878 2416 ipso

2347 2437 2595 2494 Ecclesiw
2622 2437 2788 2506 initio,
2817 2441 3074 2511 prwcipue
3099 2457 3215 2496 vero
3237 2442 3384 2497 tertio
3409 2431 3656 2498 Ecclesia:
3681 2437 3877 2496 swculo

2345 2532 2602 2601 floruisse.

2346 2663 2926 2721 Commendatissimus
2957 2665 3227 2730 Petavius,
3251 2665 3536 2722 Athanasii
3579 2675 3741 2737 atque
3769 2666 3876 2721 Ba-

2272 2757 2376 2810 silii
2397 2758 2724 2812 teStimoniis
2747 2758 3022 2824 adductis,
3061 2760 3342 2815 evidenter
3370 2760 3639 2816 ostendit:
3673 2758 3874 2815 Primis

2271 2848 2377 2902 illis
2401 2846 2648 2903 Ecclesiae
2668 2851 2869 2904 steculis
2915 2851 3205 2919 complures
3245 2852 3472 2906 extitisse
3517 2852 3732 2906 Sanctus
3764 2890 3782 2917 ,
3827 2863 3877 2906 et

2271 2940 2498 2994 eruditos
2519 2939 2726 3007 Patres,
2755 2943 2844 3010 qui
2872 2943 3123 2996 sinceram
3149 2981 3164 3008 ,
3191 2951 3238 2996 et
3275 2943 3558 3014 legitimam
3599 2941 3878 2997 Trinitatis

2271 3031 2560 3085 doctrinam
2585 3074 2600 3098 ,
2627 3041 2674 3085 et
2699 3032 2802 3103 ipsi
2820 3042 3077 3097 tenerent,
3112 3043 3159 3088 et
3187 3042 3292 3087 tum
3313 3032 3545 3088 docendo
3573 3034 3638 3088 iis
3664 3033 3881 3104 quibus-

2192 3130 2237 3194 (ζ
2270 3139 2388 3188 cum
2431 3123 2719 3194 degebant,
2777 3133 2885 3178 tum
2931 3125 3201 3180 scribendo
3248 3127 3540 3194 posteritati
3589 3126 3872 3181 traderent.

2270 3214 2418 3270 Idem
2454 3225 2675 3284 praestat
2705 3225 2761 3271 et
2790 3216 3188 3284 Thomasinus;
3226 3233 3291 3272 ex
3322 3219 3511 3273 iisdem
3541 3231 3640 3272 nos
3662 3217 3880 3285 aliquas

2266 3306 2367 3364 SS.
2394 3308 2610 3362 Patrum
2641 3309 2939 3364 sententias
2964 3310 3031 3364 ad
3068 3310 3225 3379 hujus
3248 3311 3575 3382 paragraphi
3601 3311 3876 3365 adornan-

2265 3399 2394 3452 dum
2419 3399 2633 3453 titulum
2661 3400 2954 3469 seligcmus
2986 3442 3001 3464 ,
3045 3403 3314 3471 pra'cipue
3334 3417 3457 3472 qum
3513 3401 3656 3457 tertii
3683 3403 3876 3456 saeculi

2266 3488 2455 3544 Patres
2495 3489 2791 3558 protulere.
2824 3490 3058 3547 Omissis
3088 3492 3266 3562 itaque
3314 3494 3414 3560 iis,
3463 3509 3582 3564 quae
3623 3494 3676 3548 in
3729 3492 3875 3549 libro

2265 3582 2354 3651 qui
2384 3581 2575 3636 Pastor
2598 3582 2906 3637 inscribitur
2935 3583 3202 3655 leguntur,
3231 3593 3289 3640 et
3305 3601 3426 3656 qua:
3448 3586 3502 3640 in
3532 3587 3590 3642 S.
3618 3584 3876 3641 Clemen-

2269 3673 2338 3728 lis
2361 3672 2615 3738 Romani,
2649 3673 2842 3745 lgnatii
2867 3677 3143 3748 martyris,
3198 3674 3453 3732 Aristidis
3481 3677 3830 3733 Atheniensis
3850 3719 3872 3742 ,

2266 3764 2550 3834 Polyearpi
2581 3767 2834 3837 martyris
2864 3809 2877 3832 ,
2925 3767 3017 3838 qui
3065 3769 3239 3838 primo
3278 3771 3480 3824 sseculo
3512 3781 3874 3826 recensentur

2267 3855 2667 3911 monumentis:
2698 3873 2799 3912 nec
2831 3874 2937 3913 non
2978 3859 3175 3914 Justini
3212 3859 3551 3933 Philosophi,
3577 3875 3630 3916 et
3657 3871 3872 3934 marty-

2267 3951 2344 4006 ris
2370 3951 2579 4020 lrenzei,
2607 3950 2988 4024 Athenagorae,
3017 3953 3306 4024 TheOphili
3334 3955 3715 4012 Antiochensis
3736 3972 3873 4011 sen-

2268 4045 2473 4109 tentiis,
2506 4046 2596 4114 qui
2623 4045 2862 4100 secundo
2894 4088 2910 4113 ,
2938 4061 3136 4117 easque
3184 4048 3324 4118 apud
3372 4050 3544 4121 ipsum
3584 4049 3873 4104 Petavium

2267 4138 2452 4192 videre
2476 4145 2592 4203 est;
2627 4138 2841 4193 illorum
2866 4138 2966 4194 SS.
2990 4139 3210 4194 Patrum
3254 4151 3626 4208 monumenta,
3657 4140 3748 4210 qui
3781 4141 3870 4194 la-

2269 4229 2432 4284 bcnte
2452 4229 2695 4285 secundo
2722 4227 2806 4285 vel
2860 4231 3021 4286 tertio
3049 4242 3305 4288 currente
3351 4236 3582 4298 saeculo,
3606 4233 3674 4288 de
3701 4247 3868 4288 sanc-

2268 4320 2490 4374 tissimae
2539 4321 2818 4376 Trinitatis
2850 4325 3106 4394 mysterio
3137 4325 3437 4381 meminere
3463 4367 3478 4393 ,
3519 4328 3868 4396 expressiora

2265 4414 2604 4472 desumendo
2639 4415 2978 4486 proferemus
3009 4418 3060 4471 in
3098 4417 3336 4472 medium
3371 4460 3385 4484 ,
3437 4435 3560 4474 cum
3608 4433 3671 4475 ea
3700 4417 3868 4488 hujus

547 4520 664 4563 erat
686 4517 974 4580 antequam
1023 4510 1237 4580 genitus
1268 4520 1370 4564 est.
1401 4509 1525 4566 Fuit
1549 4509 1846 4580 aliquando
1889 4525 2010 4564 cum
2041 4525 2150 4563 non
2177 4523 2233 4582 D
2262 4506 2599 4582 tractationis
2625 4517 2840 4563 aetatem
2873 4507 3094 4588 prOpius
3117 4511 3403 4580 attingant.

547 4612 714 4659 esset.
753 4601 948 4668 Quibus
999 4604 1318 4675 significaret
1352 4603 1597 4657 Divinum
1636 4602 1900 4666 Verbum,
1935 4620 1999 4658 ex
2043 4619 2151 4659 non

544 4695 922 4762 existentibus,
957 4696 1012 4749 id
1045 4706 1117 4749 est
1145 4711 1209 4750 ea:
1234 4697 1396 4750 nihilo
1433 4705 1486 4748 ut
1518 4704 1718 4748 cwtera:
1746 4704 1995 4749 creatura:
2027 4711 2152 4749 con-

545 4789 732 4853 ditum,
759 4804 861 4840 non
893 4787 1061 4842 fuisse
1091 4794 1385 4854 antequam
1419 4785 1636 4855 genitus
1658 4795 1764 4849 est,
1799 4775 1943 4840 unde
1969 4797 2023 4842 ct
2051 4786 2152 4842 fuit

543 4877 836 4947 aliquando
862 4893 985 4932 cum
1016 4891 1122 4929 non
1145 4885 1310 4931 esset.
1346 4873 1445 4928 His
1468 4884 1522 4928 ut
1548 4876 1821 4929 contrairet
1846 4887 2015 4930 noster
2041 4878 2148 4931 Au-

546 4980 626 5023 tor
683 4967 1123 5046 cum‘Catholicis
1164 4967 1391 5037 primum
1432 4966 1649 5034 docuit,
1683 4977 1830 5036 tract.
1863 4969 1917 5032 5,
1950 4969 2039 5024 lib.
2086 4984 2146 5036 ιι,

542 5060 707 5114 Deum
737 5058 963 5134 Patrem,
995 5058 1156 5114 alium
1179 5074 1254 5126 se,
1283 5061 1337 5114 id
1357 5070 1430 5115 est
1454 5047 1653 5114 Filium
1675 5057 1864 5129 Deum,
1890 5063 2147 5134 genuisse

537 5168 604 5210 ex
635 5168 716 5220 se,
739 5168 808 5210 ex
840 5153 1143 5208 innascibili
1185 5169 1281 5209 sua
1313 5154 1406 5209 illa
1435 5141 1734 5211 substantia
1756 5197 1770 5221 ,
1805 5157 1854 5210 in
1882 5173 1984 5227 qua
2018 5158 2147 5213 bea-

538 5255 626 5301 tus
659 5261 886 5303 manens
909 5248 962 5301 in
990 5236 1378 5318 sempiternum
1413 5248 1686 5317 omnibus,
1715 5264 1837 5319 qua:
1867 5250 2033 5307 habet
2053 5250 2143 5306 ha-

537 5341 756 5396 bentem
784 5339 980 5395 Filium
1011 5341 1159 5409 paria
1201 5340 1523 5408 procreavit.
1553 5342 1620 5395 Et
1650 5349 1805 5396 tract.
1836 5357 1873 5395 ιι
1901 5383 1916 5406 ,
1949 5343 2044 5397 lib.
2077 5358 2138 5409 tt,

535 5423 733 5487 Totum
761 5448 842 5497 se,
870 5432 1036 5500 inquit
1069 5421 1226 5485 Pater
1253 5475 1266 5495 ,
1295 5432 1654 5502 reciprocavit
1685 5432 1739 5486 in
1767 5429 1987 5498 Filium,
2017 5435 2136 5504 qui-

534 5526 629 5581 bus
660 5527 902 5582 Divinum
943 5517 1160 5582 Verbum
1188 5541 1292 5580 non
1311 5542 1376 5581 ea:
1405 5526 1589 5591 nihilo,
1618 5543 1706 5582 seu
1733 5542 1796 5581 ea:
1821 5543 1922 5581 non
1948 5538 2135 5584 extan-

531 5619 693 5683 tibus,
726 5621 818 5676 sed
849 5634 914 5672 ea;
938 5619 1050 5689 ipsa
1069 5601 1250 5673 Patris
1276 5609 1563 5673 substantia
1579 5620 1993 5693 genitumaperte
2017 5639 2138 5691 pro-

526 5700 674 5768 didit.
707 5697 842 5771 Dein
873 5720 927 5766 ut
950 5712 1255 5786 exploderet
1281 5712 1500 5770 alterum
1530 5714 1809 5784 formulam
1829 5755 1843 5783 ,
1878 5731 1986 5773 non
2014 5729 2136 5776 erat

2334 4600 2611 4670 llippolyti
2635 4600 2883 4671 Martyris
2912 4605 3003 4670 qui
3031 4599 3215 4656 ﬂoruit
3233 4602 3380 4657 circa
3402 4600 3466 4658 C.
3491 4618 3692 4658 annum
3723 4602 3865 4670 222,

2257 4693 2327 4748 de
2378 4691 2723 4748 sanctissima
2783 4691 3046 4748 'l‘rinitate
3091 4697 3391 4750 sententias
3441 4695 3646 4766 profert
3699 4694 3873 4752 Peta-

2258 4788 2378 4842 vius
2411 4803 2424 4840 :
2467 4786 2640 4841 Multo
2677 4785 3022 4842 luculentiora
3057 4793 3296 4860 perfectas
3331 4807 3392 4845 ac
3417 4807 3548 4846 verte
3574 4791 3871 4848 divinitatis

2255 4879 2309 4931 in
2341 4877 2480 4931 Filio
2501 4880 2716 4950 ejusque
2749 4897 2970 4952 persona
3006 4897 3036 4933 a
3067 4880 3232 4958 Patre?
3267 4883 3508 4938 distincta
3537 4883 3871 4956 Hippolytus

2253 4971 2390 5025 idem
2420 4974 2712 5028 testimonia
2733 4973 2875 5029 dedit
2906 4975 2958 5027 in
2985 4973 3267 5043 Opusculis
3293 4987 3478 5032 contra
3503 4977 3755 5034 Beronem
3805 4990 3867 5035 et

2259 5066 2514 5134 Helicem,
2539 5073 2680 5140 apud
2725 5071 3065 5126 Anathasium
3097 5114 3111 5138 ,
3154 5073 3208 5126 in
3261 5074 3442 5144 quibus
3495 5075 3752 5144 duplicem
3798 5075 3864 5130 in

2253 5157 2458 5216 Christo
2481 5175 2718 5220 naturam
2748 5177 2985 5221 accurate
3001 5167 3265 5234 discernit,
3299 5178 3347 5222 et
3373 5170 3600 5223 diuinam
3623 5169 3866 5225 evndem

2251 5254 2406 5324 plane
2435 5271 2544 5312 esse
2587 5257 2921 5324 demonstrat,
2973 5275 3090 5329 qua:
3118 5268 3191 5315 est
3238 5259 3291 5313 in
3339 5259 3521 5325 Patre,
3550 5278 3571 5314 ι
3613 5259 3865 5318 Verbum

2253 5349 2399 5403 enim
2435 5350 2529 5409 Dei
2561 5352 2703 5407 nulla
2737 5369 2797 5408 re
2823 5361 3091 5427 mutatum
3119 5367 3239 5410 esse
3273 5395 3288 5419 ,
3334 5355 3460 5410 dicit
3490 5371 3549 5410 eo
3574 5357 3686 5427 ipso
3711 5357 3867 5426 quod

2248 5440 2456 5497 carnem
2482 5444 2673 5512 induit,
2706 5462 2807 5504 nec
2843 5449 2896 5503 in
2929 5426 3083 5504 nullo
3118 5464 3341 5519 prorsus
3378 5450 3432 5504 in
3460 5465 3570 5522 quo
3596 5426 3740 5507 idem
3766 5463 3866 5508 est

2249 5550 2374 5592 cum
2403 5536 2584 5603 Patre,
2613 5539 2809 5595 factum
2834 5557 2956 5598 esse
2983 5541 3127 5598 idem
3149 5556 3271 5598 cum
3295 5558 3462 5600 carne
3483 5553 3708 5614 propter
3735 5543 3863 5598 exi-

2249 5629 2581 5686 nanitiouem
2607 5647 2622 5696 ;
2649 5632 2744 5687 sed
2772 5634 3075 5705 cujusmodi
3103 5647 3221 5691 erat
3255 5635 3459 5708 absque
3503 5650 3669 5692 carne
3700 5676 3718 5703 ,
3775 5635 3860 5692 ita

2248 5722 2514 5779 tuansisse
2539 5730 2691 5780 extra
2731 5741 2951 5783 omnem
2986 5723 3563 5799 circumscriptionem.
3603 5748 3622 5782 ‹
3649 5727 3863 5784 Rursus
