  <div class='ocr_page' id='page_1' title='image "/cluster/home/n/w/nwhite01/storage/ocr_20150623/11/hvd.32044096580402/340.png"; bbox 0 0 4198 6160; ppageno 0'>
   <div class='ocr_carea' id='block_1_1' title="bbox 311 261 424 325">
    <p class='ocr_par' dir='ltr' id='par_1_1' title="bbox 311 261 424 325">
     <span class='ocr_line' id='line_1_1' title="bbox 311 261 424 325; baseline -0.018 -1"><span class='ocrx_word' id='word_1_1' title='bbox 311 261 424 325; x_wconf 63' lang='grc'><strong>615</strong></span> 
     </span>
    </p>
   </div>
   <div class='ocr_carea' id='block_1_2' title="bbox 1762 239 2253 325">
    <p class='ocr_par' dir='ltr' id='par_1_2' title="bbox 1762 239 2253 325">
     <span class='ocr_line' id='line_1_2' title="bbox 1762 239 2253 325; baseline 0.01 -7"><span class='ocrx_word' id='word_1_2' title='bbox 1762 239 2253 325; x_wconf 70' lang='lat' dir='ltr'><strong>otsseursrto.</strong></span> 
     </span>
    </p>
   </div>
   <div class='ocr_carea' id='block_1_3' title="bbox 3612 282 3717 351">
    <p class='ocr_par' dir='ltr' id='par_1_3' title="bbox 3612 282 3717 351">
     <span class='ocr_line' id='line_1_3' title="bbox 3612 282 3717 351; baseline 0.029 -4"><span class='ocrx_word' id='word_1_3' title='bbox 3612 282 3717 351; x_wconf 73' lang='grc'><strong>646</strong></span> 
     </span>
    </p>
   </div>
   <div class='ocr_carea' id='block_1_4' title="bbox 317 368 3719 465">
    <p class='ocr_par' dir='ltr' id='par_1_4' title="bbox 317 368 3719 465">
     <span class='ocr_line' id='line_1_4' title="bbox 317 368 3719 465; baseline 0.007 -27"><span class='ocrx_word' id='word_1_4' title='bbox 317 401 339 437; x_wconf 79' lang='grc' dir='ltr'><strong>ι</strong></span> <span class='ocrx_word' id='word_1_5' title='bbox 365 383 538 438; x_wconf 88' lang='lat' dir='ltr'><strong>Deum</strong></span> <span class='ocrx_word' id='word_1_6' title='bbox 576 379 726 435; x_wconf 74' lang='lat' dir='ltr'><strong>illuni</strong></span> <span class='ocrx_word' id='word_1_7' title='bbox 761 373 1050 431; x_wconf 75' lang='lat' dir='ltr'><strong>inﬁnitum</strong></span> <span class='ocrx_word' id='word_1_8' title='bbox 1103 369 1267 433; x_wconf 89' lang='lat' dir='ltr'><strong>simul</strong></span> <span class='ocrx_word' id='word_1_9' title='bbox 1304 385 1361 435; x_wconf 87' lang='lat' dir='ltr'><strong>et</strong></span> <span class='ocrx_word' id='word_1_10' title='bbox 1416 368 1971 465; x_wconf 75' lang='lat' dir='ltr'><strong>incircumscriptum</strong></span> <span class='ocrx_word' id='word_1_11' title='bbox 2004 376 2049 437; x_wconf 73' lang='lat' dir='ltr'><strong>lt</strong></span> <span class='ocrx_word' id='word_1_12' title='bbox 2149 381 2417 439; x_wconf 80' lang='lat' dir='ltr'><strong>Clementi</strong></span> <span class='ocrx_word' id='word_1_13' title='bbox 2458 383 2827 442; x_wconf 77' lang='lat' dir='ltr'><strong>Alexandrino</strong></span> <span class='ocrx_word' id='word_1_14' title='bbox 2851 384 3154 459; x_wconf 79' lang='lat' dir='ltr'><strong>Origencm</strong></span> <span class='ocrx_word' id='word_1_15' title='bbox 3210 393 3578 465; x_wconf 79' lang='lat' dir='ltr'><strong>subjiciemus</strong></span> <span class='ocrx_word' id='word_1_16' title='bbox 3610 405 3719 461; x_wconf 76' lang='lat' dir='ltr'><strong>dis-</strong></span> 
     </span>
    </p>
   </div>
   <div class='ocr_carea' id='block_1_5' title="bbox 312 462 1972 541">
    <p class='ocr_par' dir='ltr' id='par_1_5' title="bbox 312 462 1972 541">
     <span class='ocr_line' id='line_1_5' title="bbox 312 462 1972 541; baseline -0.008 -7"><span class='ocrx_word' id='word_1_17' title='bbox 312 476 601 534; x_wconf 85' lang='lat' dir='ltr'><strong>hominem</strong></span> <span class='ocrx_word' id='word_1_18' title='bbox 631 484 751 529; x_wconf 88' lang='lat' dir='ltr'><strong>esse</strong></span> <span class='ocrx_word' id='word_1_19' title='bbox 770 470 879 533; x_wconf 76' lang='lat' dir='ltr'><strong>ait,</strong></span> <span class='ocrx_word' id='word_1_20' title='bbox 912 476 968 524; x_wconf 88' lang='lat' dir='ltr'><strong>et</strong></span> <span class='ocrx_word' id='word_1_21' title='bbox 1015 469 1253 541; x_wconf 79' lang='lat' dir='ltr'><strong>intelligi</strong></span> <span class='ocrx_word' id='word_1_22' title='bbox 1281 472 1561 541; x_wconf 89' lang='lat' dir='ltr'><strong>utriusque</strong></span> <span class='ocrx_word' id='word_1_23' title='bbox 1589 462 1972 527; x_wconf 78' lang='lat' dir='ltr'><strong>substantiam</strong></span> 
     </span>
    </p>
   </div>
   <div class='ocr_carea' id='block_1_6' title="bbox 315 560 1974 643">
    <p class='ocr_par' dir='ltr' id='par_1_6' title="bbox 315 560 1974 643">
     <span class='ocr_line' id='line_1_6' title="bbox 315 560 1974 643; baseline -0.011 -13"><span class='ocrx_word' id='word_1_24' title='bbox 315 570 571 643; x_wconf 80' lang='lat' dir='ltr'><strong>perfecte</strong></span> <span class='ocrx_word' id='word_1_25' title='bbox 590 566 882 638; x_wconf 75' lang='lat' dir='ltr'><strong>perfectam</strong></span> <span class='ocrx_word' id='word_1_26' title='bbox 905 560 1243 619; x_wconf 73' lang='lat' dir='ltr'><strong>habentem.</strong></span> <span class='ocrx_word' id='word_1_27' title='bbox 1268 576 1289 617; x_wconf 79' lang='grc'>›</span> <span class='ocrx_word' id='word_1_28' title='bbox 1318 563 1469 632; x_wconf 79' lang='lat' dir='ltr'><strong>Quod</strong></span> <span class='ocrx_word' id='word_1_29' title='bbox 1496 572 1676 633; x_wconf 84' lang='lat' dir='ltr'><strong>potest</strong></span> <span class='ocrx_word' id='word_1_30' title='bbox 1700 572 1814 617; x_wconf 83' lang='lat' dir='ltr'><strong>esse</strong></span> <span class='ocrx_word' id='word_1_31' title='bbox 1860 560 1974 614; x_wconf 78' lang='lat' dir='ltr'><strong>eta-</strong></span> 
     </span>
    </p>
   </div>
   <div class='ocr_carea' id='block_1_7' title="bbox 313 652 1973 725">
    <p class='ocr_par' dir='ltr' id='par_1_7' title="bbox 313 652 1973 725">
     <span class='ocr_line' id='line_1_7' title="bbox 313 652 1973 725; baseline -0.008 -3"><span class='ocrx_word' id='word_1_32' title='bbox 313 669 431 721; x_wconf 85' lang='lat' dir='ltr'><strong>rius</strong></span> <span class='ocrx_word' id='word_1_33' title='bbox 457 674 673 720; x_wconf 70' lang='lat' dir='ltr'><strong>summa:</strong></span> <span class='ocrx_word' id='word_1_34' title='bbox 691 652 1060 725; x_wconf 64' lang='lat' dir='ltr'><strong>absolutaeque</strong></span> <span class='ocrx_word' id='word_1_35' title='bbox 1101 654 1405 712; x_wconf 83' lang='lat' dir='ltr'><strong>Dioinitatis</strong></span> <span class='ocrx_word' id='word_1_36' title='bbox 1431 657 1484 711; x_wconf 85' lang='lat' dir='ltr'><strong>in</strong></span> <span class='ocrx_word' id='word_1_37' title='bbox 1516 654 1737 712; x_wconf 80' lang='lat' dir='ltr'><strong>Christo</strong></span> <span class='ocrx_word' id='word_1_38' title='bbox 1763 666 1973 722; x_wconf 77' lang='lat' dir='ltr'><strong>prch-</strong></span> 
     </span>
    </p>
   </div>
   <div class='ocr_carea' id='block_1_8' title="bbox 315 746 1972 821">
    <p class='ocr_par' dir='ltr' id='par_1_8' title="bbox 315 746 1972 821">
     <span class='ocr_line' id='line_1_8' title="bbox 315 746 1972 821; baseline -0.008 -7"><span class='ocrx_word' id='word_1_39' title='bbox 315 760 464 813; x_wconf 81' lang='lat' dir='ltr'><strong>niunt</strong></span> <span class='ocrx_word' id='word_1_40' title='bbox 484 758 510 812; x_wconf 70' lang='grc'><strong><em>7</em></strong></span> <span class='ocrx_word' id='word_1_41' title='bbox 536 755 677 811; x_wconf 82' lang='lat' dir='ltr'><strong>Nam</strong></span> <span class='ocrx_word' id='word_1_42' title='bbox 701 762 748 809; x_wconf 86' lang='lat' dir='ltr'><strong>et</strong></span> <span class='ocrx_word' id='word_1_43' title='bbox 768 750 1047 821; x_wconf 71' lang='lat' dir='ltr'><strong>infinitum</strong></span> <span class='ocrx_word' id='word_1_44' title='bbox 1082 748 1255 804; x_wconf 87' lang='lat' dir='ltr'><strong>Deum</strong></span> <span class='ocrx_word' id='word_1_45' title='bbox 1297 750 1432 804; x_wconf 85' lang='lat' dir='ltr'><strong>hunc</strong></span> <span class='ocrx_word' id='word_1_46' title='bbox 1475 762 1583 804; x_wconf 77' lang='lat' dir='ltr'><strong>esse</strong></span> <span class='ocrx_word' id='word_1_47' title='bbox 1614 746 1896 815; x_wconf 65' lang='lat' dir='ltr'><strong>praedicat,</strong></span> <span class='ocrx_word' id='word_1_48' title='bbox 1922 753 1972 800; x_wconf 89' lang='lat' dir='ltr'><strong>et</strong></span> 
     </span>
    </p>
   </div>
   <div class='ocr_carea' id='block_1_9' title="bbox 315 836 1967 914">
    <p class='ocr_par' dir='ltr' id='par_1_9' title="bbox 315 836 1967 914">
     <span class='ocr_line' id='line_1_9' title="bbox 315 836 1967 914; baseline -0.009 -8"><span class='ocrx_word' id='word_1_49' title='bbox 315 853 649 914; x_wconf 87' lang='lat' dir='ltr'><strong>immensum,</strong></span> <span class='ocrx_word' id='word_1_50' title='bbox 680 855 727 902; x_wconf 89' lang='lat' dir='ltr'><strong>et</strong></span> <span class='ocrx_word' id='word_1_51' title='bbox 755 842 1170 907; x_wconf 77' lang='lat' dir='ltr'><strong>immutabilem,</strong></span> <span class='ocrx_word' id='word_1_52' title='bbox 1194 850 1244 897; x_wconf 90' lang='lat' dir='ltr'><strong>et</strong></span> <span class='ocrx_word' id='word_1_53' title='bbox 1288 843 1425 897; x_wconf 86' lang='lat' dir='ltr'><strong>idem</strong></span> <span class='ocrx_word' id='word_1_54' title='bbox 1449 843 1670 911; x_wconf 82' lang='lat' dir='ltr'><strong>omnino</strong></span> <span class='ocrx_word' id='word_1_55' title='bbox 1709 836 1829 894; x_wconf 78' lang='lat' dir='ltr'><strong>cum</strong></span> <span class='ocrx_word' id='word_1_56' title='bbox 1853 837 1967 892; x_wconf 83' lang='lat' dir='ltr'><strong>Pa-</strong></span> 
     </span>
    </p>
   </div>
   <div class='ocr_carea' id='block_1_10' title="bbox 317 930 1969 1013">
    <p class='ocr_par' dir='ltr' id='par_1_10' title="bbox 317 930 1969 1013">
     <span class='ocr_line' id='line_1_10' title="bbox 317 930 1969 1013; baseline -0.009 -14"><span class='ocrx_word' id='word_1_57' title='bbox 317 953 419 1011; x_wconf 88' lang='lat' dir='ltr'><strong>tre,</strong></span> <span class='ocrx_word' id='word_1_58' title='bbox 445 940 586 1013; x_wconf 86' lang='lat' dir='ltr'><strong>quod</strong></span> <span class='ocrx_word' id='word_1_59' title='bbox 605 939 672 993; x_wconf 84' lang='lat' dir='ltr'><strong>ad</strong></span> <span class='ocrx_word' id='word_1_60' title='bbox 695 947 933 991; x_wconf 85' lang='lat' dir='ltr'><strong>naturam</strong></span> <span class='ocrx_word' id='word_1_61' title='bbox 958 934 1177 1001; x_wconf 88' lang='lat' dir='ltr'><strong>attinet,</strong></span> <span class='ocrx_word' id='word_1_62' title='bbox 1227 948 1344 988; x_wconf 87' lang='lat' dir='ltr'><strong>cum</strong></span> <span class='ocrx_word' id='word_1_63' title='bbox 1365 934 1432 988; x_wconf 95' lang='lat' dir='ltr'><strong>sit</strong></span> <span class='ocrx_word' id='word_1_64' title='bbox 1453 937 1570 1006; x_wconf 84' lang='lat' dir='ltr'><strong>ejus</strong></span> <span class='ocrx_word' id='word_1_65' title='bbox 1598 930 1801 995; x_wconf 82' lang='lat' dir='ltr'><strong>Filius,</strong></span> <span class='ocrx_word' id='word_1_66' title='bbox 1820 930 1969 984; x_wconf 85' lang='lat' dir='ltr'><strong>ideo-</strong></span> 
     </span>
    </p>
   </div>
   <div class='ocr_carea' id='block_1_11' title="bbox 316 1023 1972 1110">
    <p class='ocr_par' dir='ltr' id='par_1_11' title="bbox 316 1023 1972 1110">
     <span class='ocr_line' id='line_1_11' title="bbox 316 1023 1972 1110; baseline -0.009 -17"><span class='ocrx_word' id='word_1_67' title='bbox 316 1050 421 1110; x_wconf 78' lang='lat' dir='ltr'><strong>que</strong></span> <span class='ocrx_word' id='word_1_68' title='bbox 443 1051 500 1092; x_wconf 86' lang='lat' dir='ltr'><strong>re</strong></span> <span class='ocrx_word' id='word_1_69' title='bbox 527 1032 640 1108; x_wconf 84' lang='lat' dir='ltr'><strong>ipsa</strong></span> <span class='ocrx_word' id='word_1_70' title='bbox 668 1030 963 1086; x_wconf 83' lang='lat' dir='ltr'><strong>distinctus.</strong></span> <span class='ocrx_word' id='word_1_71' title='bbox 999 1025 1264 1097; x_wconf 78' lang='lat' dir='ltr'><strong>Denique,</strong></span> <span class='ocrx_word' id='word_1_72' title='bbox 1292 1043 1311 1078; x_wconf 81' lang='grc' dir='ltr'><strong>ι</strong></span> <span class='ocrx_word' id='word_1_73' title='bbox 1342 1025 1609 1081; x_wconf 76' lang='lat' dir='ltr'><strong>divinitas</strong></span> <span class='ocrx_word' id='word_1_74' title='bbox 1665 1023 1855 1096; x_wconf 87' lang='lat' dir='ltr'><strong>(inquit</strong></span> <span class='ocrx_word' id='word_1_75' title='bbox 1904 1038 1972 1078; x_wconf 78' lang='lat' dir='ltr'><strong>ea:</strong></span> 
     </span>
    </p>
   </div>
   <div class='ocr_carea' id='block_1_12' title="bbox 322 1118 1970 1195">
    <p class='ocr_par' dir='ltr' id='par_1_12' title="bbox 322 1118 1970 1195">
     <span class='ocr_line' id='line_1_12' title="bbox 322 1118 1970 1195; baseline -0.01 -6"><span class='ocrx_word' id='word_1_76' title='bbox 322 1131 590 1190; x_wconf 77' lang='lat' dir='ltr'><strong>Anastasii</strong></span> <span class='ocrx_word' id='word_1_77' title='bbox 612 1126 867 1195; x_wconf 74' lang='lat' dir='ltr'><strong>versione)</strong></span> <span class='ocrx_word' id='word_1_78' title='bbox 892 1130 952 1178; x_wconf 91' lang='lat' dir='ltr'><strong>ut</strong></span> <span class='ocrx_word' id='word_1_79' title='bbox 978 1131 1106 1178; x_wconf 87' lang='lat' dir='ltr'><strong>erat</strong></span> <span class='ocrx_word' id='word_1_80' title='bbox 1127 1131 1257 1177; x_wconf 86' lang='lat' dir='ltr'><strong>ante</strong></span> <span class='ocrx_word' id='word_1_81' title='bbox 1292 1118 1767 1182; x_wconf 84' lang='lat' dir='ltr'><strong>incarnationem,</strong></span> <span class='ocrx_word' id='word_1_82' title='bbox 1801 1125 1886 1171; x_wconf 89' lang='lat' dir='ltr'><strong>est</strong></span> <span class='ocrx_word' id='word_1_83' title='bbox 1914 1125 1970 1173; x_wconf 85' lang='lat' dir='ltr'><strong>et</strong></span> 
     </span>
    </p>
   </div>
   <div class='ocr_carea' id='block_1_13' title="bbox 321 1209 1967 1300">
    <p class='ocr_par' dir='ltr' id='par_1_13' title="bbox 321 1209 1967 1300">
     <span class='ocr_line' id='line_1_13' title="bbox 321 1209 1967 1300; baseline -0.013 -17"><span class='ocrx_word' id='word_1_84' title='bbox 321 1236 452 1300; x_wconf 86' lang='lat' dir='ltr'><strong>post</strong></span> <span class='ocrx_word' id='word_1_85' title='bbox 479 1218 910 1280; x_wconf 81' lang='lat' dir='ltr'><strong>incarnationem</strong></span> <span class='ocrx_word' id='word_1_86' title='bbox 940 1215 1246 1273; x_wconf 89' lang='lat' dir='ltr'><strong>secundum</strong></span> <span class='ocrx_word' id='word_1_87' title='bbox 1278 1224 1539 1268; x_wconf 88' lang='lat' dir='ltr'><strong>naturam</strong></span> <span class='ocrx_word' id='word_1_88' title='bbox 1585 1211 1857 1266; x_wconf 79' lang='lat' dir='ltr'><strong>inﬁnitam</strong></span> <span class='ocrx_word' id='word_1_89' title='bbox 1880 1209 1967 1264; x_wconf 83' lang='lat' dir='ltr'><strong>in-</strong></span> 
     </span>
    </p>
   </div>
   <div class='ocr_carea' id='block_1_14' title="bbox 321 1302 1970 1388">
    <p class='ocr_par' dir='ltr' id='par_1_14' title="bbox 321 1302 1970 1388">
     <span class='ocr_line' id='line_1_14' title="bbox 321 1302 1970 1388; baseline -0.012 -13"><span class='ocrx_word' id='word_1_90' title='bbox 321 1311 861 1388; x_wconf 74' lang='lat' dir='ltr'><strong>comprehensibilis,</strong></span> <span class='ocrx_word' id='word_1_91' title='bbox 896 1306 1274 1379; x_wconf 87' lang='lat' dir='ltr'><strong>impassibilis,</strong></span> <span class='ocrx_word' id='word_1_92' title='bbox 1294 1305 1485 1361; x_wconf 86' lang='lat' dir='ltr'><strong>incom</strong></span> <span class='ocrx_word' id='word_1_93' title='bbox 1494 1302 1768 1373; x_wconf 87' lang='lat' dir='ltr'><strong>parabilis</strong></span> <span class='ocrx_word' id='word_1_94' title='bbox 1786 1302 1970 1373; x_wconf 84' lang='lat' dir='ltr'><strong>(immo</strong></span> 
     </span>
    </p>
   </div>
   <div class='ocr_carea' id='block_1_15' title="bbox 326 1400 1974 1477">
    <p class='ocr_par' dir='ltr' id='par_1_15' title="bbox 326 1400 1974 1477">
     <span class='ocr_line' id='line_1_15' title="bbox 326 1400 1974 1477; baseline -0.013 -9"><span class='ocrx_word' id='word_1_95' title='bbox 326 1406 731 1477; x_wconf 84' lang='lat' dir='ltr'><strong>inalterabilis),</strong></span> <span class='ocrx_word' id='word_1_96' title='bbox 761 1400 1221 1463; x_wconf 83' lang='lat' dir='ltr'><strong>inconvertibilis,</strong></span> <span class='ocrx_word' id='word_1_97' title='bbox 1257 1412 1351 1469; x_wconf 90' lang='lat' dir='ltr'><strong>per</strong></span> <span class='ocrx_word' id='word_1_98' title='bbox 1376 1411 1437 1452; x_wconf 90' lang='lat' dir='ltr'><strong>se</strong></span> <span class='ocrx_word' id='word_1_99' title='bbox 1461 1403 1701 1465; x_wconf 86' lang='lat' dir='ltr'><strong>potens,</strong></span> <span class='ocrx_word' id='word_1_100' title='bbox 1729 1403 1785 1449; x_wconf 90' lang='lat' dir='ltr'><strong>et</strong></span> <span class='ocrx_word' id='word_1_101' title='bbox 1804 1402 1865 1449; x_wconf 87' lang='lat' dir='ltr'><strong>ut</strong></span> <span class='ocrx_word' id='word_1_102' title='bbox 1895 1404 1974 1448; x_wconf 79' lang='lat' dir='ltr'><strong>to—</strong></span> 
     </span>
    </p>
   </div>
   <div class='ocr_carea' id='block_1_16' title="bbox 334 1486 1972 1561">
    <p class='ocr_par' dir='ltr' id='par_1_16' title="bbox 334 1486 1972 1561">
     <span class='ocr_line' id='line_1_16' title="bbox 334 1486 1972 1561; baseline -0.01 0"><span class='ocrx_word' id='word_1_103' title='bbox 334 1515 452 1561; x_wconf 88' lang='lat' dir='ltr'><strong>tum</strong></span> <span class='ocrx_word' id='word_1_104' title='bbox 480 1498 723 1560; x_wconf 79' lang='lat' dir='ltr'><strong>dicamus</strong></span> <span class='ocrx_word' id='word_1_105' title='bbox 753 1496 1069 1554; x_wconf 83' lang='lat' dir='ltr'><strong>subsistens</strong></span> <span class='ocrx_word' id='word_1_106' title='bbox 1100 1533 1115 1557; x_wconf 83' lang='lat'><strong>.</strong></span> <span class='ocrx_word' id='word_1_107' title='bbox 1154 1486 1545 1549; x_wconf 80' lang='lat' dir='ltr'><strong>substantialis</strong></span> <span class='ocrx_word' id='word_1_108' title='bbox 1579 1489 1700 1544; x_wconf 88' lang='lat' dir='ltr'><strong>sola</strong></span> <span class='ocrx_word' id='word_1_109' title='bbox 1747 1487 1972 1545; x_wconf 62' lang='lat' dir='ltr'><strong>inﬁnita:</strong></span> 
     </span>
    </p>
   </div>
   <div class='ocr_carea' id='block_1_17' title="bbox 326 1582 1970 1653">
    <p class='ocr_par' dir='ltr' id='par_1_17' title="bbox 326 1582 1970 1653">
     <span class='ocr_line' id='line_1_17' title="bbox 326 1582 1970 1653; baseline -0.01 0"><span class='ocrx_word' id='word_1_110' title='bbox 326 1594 551 1652; x_wconf 76' lang='lat' dir='ltr'><strong>virtutis</strong></span> <span class='ocrx_word' id='word_1_111' title='bbox 575 1594 807 1650; x_wconf 78' lang='lat' dir='ltr'><strong>Bonum;</strong></span> <span class='ocrx_word' id='word_1_112' title='bbox 848 1607 870 1643; x_wconf 72' lang='grc' dir='ltr'><strong>ι</strong></span> <span class='ocrx_word' id='word_1_113' title='bbox 917 1588 1165 1644; x_wconf 77' lang='lat' dir='ltr'><strong>Potuitne</strong></span> <span class='ocrx_word' id='word_1_114' title='bbox 1212 1585 1290 1641; x_wconf 79' lang='lat' dir='ltr'><strong>vel</strong></span> <span class='ocrx_word' id='word_1_115' title='bbox 1335 1582 1430 1638; x_wconf 82' lang='lat' dir='ltr'><strong>hoc</strong></span> <span class='ocrx_word' id='word_1_116' title='bbox 1458 1583 1669 1637; x_wconf 69' lang='lat' dir='ltr'><strong>saeculo</strong></span> <span class='ocrx_word' id='word_1_117' title='bbox 1697 1583 1970 1653; x_wconf 83' lang='lat' dir='ltr'><strong>quisquam</strong></span> 
     </span>
    </p>
   </div>
   <div class='ocr_carea' id='block_1_18' title="bbox 327 1672 1965 1758">
    <p class='ocr_par' dir='ltr' id='par_1_18' title="bbox 327 1672 1965 1758">
     <span class='ocr_line' id='line_1_18' title="bbox 327 1672 1965 1758; baseline -0.012 -10"><span class='ocrx_word' id='word_1_118' title='bbox 327 1686 597 1755; x_wconf 85' lang='lat' dir='ltr'><strong>disertius,</strong></span> <span class='ocrx_word' id='word_1_119' title='bbox 631 1686 926 1758; x_wconf 67' lang='lat' dir='ltr'><strong>expressius</strong></span> <span class='ocrx_word' id='word_1_120' title='bbox 959 1727 973 1751; x_wconf 93' lang='lat'><strong>,</strong></span> <span class='ocrx_word' id='word_1_121' title='bbox 1008 1681 1387 1754; x_wconf 79' lang='lat' dir='ltr'><strong>signiﬁcantius</strong></span> <span class='ocrx_word' id='word_1_122' title='bbox 1430 1672 1768 1731; x_wconf 79' lang='lat' dir='ltr'><strong>divinitatem</strong></span> <span class='ocrx_word' id='word_1_123' title='bbox 1814 1675 1965 1743; x_wconf 75' lang='lat' dir='ltr'><strong>Filii,</strong></span> 
     </span>
    </p>
   </div>
   <div class='ocr_carea' id='block_1_19' title="bbox 2073 476 3720 565">
    <p class='ocr_par' dir='ltr' id='par_1_19' title="bbox 2073 476 3720 565">
     <span class='ocr_line' id='line_1_19' title="bbox 2073 476 3720 565; baseline 0.015 -35"><span class='ocrx_word' id='word_1_124' title='bbox 2073 476 2315 545; x_wconf 89' lang='lat' dir='ltr'><strong>cipulum</strong></span> <span class='ocrx_word' id='word_1_125' title='bbox 2349 478 2611 548; x_wconf 78' lang='lat' dir='ltr'><strong>Magistro</strong></span> <span class='ocrx_word' id='word_1_126' title='bbox 2638 494 2710 534; x_wconf 77' lang='lat' dir='ltr'><strong>ex</strong></span> <span class='ocrx_word' id='word_1_127' title='bbox 2737 480 2937 538; x_wconf 85' lang='lat' dir='ltr'><strong>eodem</strong></span> <span class='ocrx_word' id='word_1_128' title='bbox 2975 481 3366 555; x_wconf 87' lang='lat' dir='ltr'><strong>Thomasino;</strong></span> <span class='ocrx_word' id='word_1_129' title='bbox 3398 493 3468 549; x_wconf 88' lang='lat' dir='ltr'><strong>de</strong></span> <span class='ocrx_word' id='word_1_130' title='bbox 3505 510 3612 565; x_wconf 89' lang='lat' dir='ltr'><strong>quo</strong></span> <span class='ocrx_word' id='word_1_131' title='bbox 3641 500 3720 553; x_wconf 86' lang='lat' dir='ltr'><strong>la-</strong></span> 
     </span>
    </p>
   </div>
   <div class='ocr_carea' id='block_1_20' title="bbox 2075 570 3714 654">
    <p class='ocr_par' dir='ltr' id='par_1_20' title="bbox 2075 570 3714 654">
     <span class='ocr_line' id='line_1_20' title="bbox 2075 570 3714 654; baseline 0.013 -31"><span class='ocrx_word' id='word_1_132' title='bbox 2075 584 2201 625; x_wconf 88' lang='lat' dir='ltr'><strong>nten</strong></span> <span class='ocrx_word' id='word_1_133' title='bbox 2228 570 2506 625; x_wconf 86' lang='lat' dir='ltr'><strong>contraria</strong></span> <span class='ocrx_word' id='word_1_134' title='bbox 2530 571 2689 626; x_wconf 88' lang='lat' dir='ltr'><strong>nobis</strong></span> <span class='ocrx_word' id='word_1_135' title='bbox 2720 570 2859 628; x_wconf 80' lang='lat' dir='ltr'><strong>forte</strong></span> <span class='ocrx_word' id='word_1_136' title='bbox 2908 573 3216 644; x_wconf 64' lang='lat' dir='ltr'><strong>alieganda‘</strong></span> <span class='ocrx_word' id='word_1_137' title='bbox 3239 592 3408 637; x_wconf 87' lang='lat' dir='ltr'><strong>erunt</strong></span> <span class='ocrx_word' id='word_1_138' title='bbox 3437 585 3664 644; x_wconf 82' lang='lat' dir='ltr'><strong>inferius</strong></span> <span class='ocrx_word' id='word_1_139' title='bbox 3698 610 3714 654; x_wconf 61' lang='grc' dir='ltr'><strong>ί</strong></span> 
     </span>
    </p>
   </div>
   <div class='ocr_carea' id='block_1_21' title="bbox 2071 660 3712 745">
    <p class='ocr_par' dir='ltr' id='par_1_21' title="bbox 2071 660 3712 745">
     <span class='ocr_line' id='line_1_21' title="bbox 2071 660 3712 745; baseline 0.004 -29"><span class='ocrx_word' id='word_1_140' title='bbox 2071 674 2195 716; x_wconf 88' lang='lat' dir='ltr'><strong>cum</strong></span> <span class='ocrx_word' id='word_1_141' title='bbox 2218 676 2251 717; x_wconf 88' lang='lat' dir='ltr'><strong>a</strong></span> <span class='ocrx_word' id='word_1_142' title='bbox 2297 677 2358 717; x_wconf 90' lang='lat' dir='ltr'><strong>se</strong></span> <span class='ocrx_word' id='word_1_143' title='bbox 2384 660 2504 731; x_wconf 87' lang='lat' dir='ltr'><strong>ipso</strong></span> <span class='ocrx_word' id='word_1_144' title='bbox 2531 677 2682 733; x_wconf 66' lang='lat' dir='ltr'><strong>saepe</strong></span> <span class='ocrx_word' id='word_1_145' title='bbox 2709 664 2965 722; x_wconf 75' lang='lat' dir='ltr'><strong>diversus</strong></span> <span class='ocrx_word' id='word_1_146' title='bbox 2995 708 3010 733; x_wconf 94' lang='lat'><strong>,</strong></span> <span class='ocrx_word' id='word_1_147' title='bbox 3052 672 3401 745; x_wconf 82' lang='lat' dir='ltr'><strong>quandoque</strong></span> <span class='ocrx_word' id='word_1_148' title='bbox 3427 678 3531 734; x_wconf 79' lang='lat' dir='ltr'><strong>sibi</strong></span> <span class='ocrx_word' id='word_1_149' title='bbox 3579 694 3712 736; x_wconf 74' lang='grc' dir='ltr'><strong>οοη-</strong></span> 
     </span>
    </p>
   </div>
   <div class='ocr_carea' id='block_1_22' title="bbox 2072 753 3715 829">
    <p class='ocr_par' dir='ltr' id='par_1_22' title="bbox 2072 753 3715 829">
     <span class='ocr_line' id='line_1_22' title="bbox 2072 753 3715 829; baseline 0.012 -20"><span class='ocrx_word' id='word_1_150' title='bbox 2072 754 2278 810; x_wconf 82' lang='lat' dir='ltr'><strong>trarius</strong></span> <span class='ocrx_word' id='word_1_151' title='bbox 2310 753 2576 826; x_wconf 74' lang='lat' dir='ltr'><strong>Origenes</strong></span> <span class='ocrx_word' id='word_1_152' title='bbox 2610 756 2923 814; x_wconf 81' lang='lat' dir='ltr'><strong>inveniatur</strong></span> <span class='ocrx_word' id='word_1_153' title='bbox 2958 802 2973 827; x_wconf 92' lang='lat'><strong>,</strong></span> <span class='ocrx_word' id='word_1_154' title='bbox 3003 770 3063 815; x_wconf 90' lang='lat' dir='ltr'><strong>ut</strong></span> <span class='ocrx_word' id='word_1_155' title='bbox 3085 777 3228 821; x_wconf 84' lang='lat' dir='ltr'><strong>vere</strong></span> <span class='ocrx_word' id='word_1_156' title='bbox 3265 766 3336 823; x_wconf 83' lang='lat' dir='ltr'><strong>de</strong></span> <span class='ocrx_word' id='word_1_157' title='bbox 3388 771 3481 825; x_wconf 89' lang='lat' dir='ltr'><strong>tllo</strong></span> <span class='ocrx_word' id='word_1_158' title='bbox 3510 766 3715 829; x_wconf 83' lang='lat' dir='ltr'><strong>dixerit</strong></span> 
     </span>
    </p>
   </div>
   <div class='ocr_carea' id='block_1_23' title="bbox 2071 844 3702 926">
    <p class='ocr_par' dir='ltr' id='par_1_23' title="bbox 2071 844 3702 926">
     <span class='ocr_line' id='line_1_23' title="bbox 2071 844 3702 926; baseline 0.012 -25"><span class='ocrx_word' id='word_1_159' title='bbox 2071 844 2129 901; x_wconf 90' lang='lat' dir='ltr'><strong>S.</strong></span> <span class='ocrx_word' id='word_1_160' title='bbox 2159 845 2565 920; x_wconf 82' lang='lat' dir='ltr'><strong>Hieronymus:</strong></span> <span class='ocrx_word' id='word_1_161' title='bbox 2596 847 2869 905; x_wconf 86' lang='lat' dir='ltr'><strong>Interdum</strong></span> <span class='ocrx_word' id='word_1_162' title='bbox 2921 860 3145 926; x_wconf 70' lang='lat' dir='ltr'><strong>Magnus</strong></span> <span class='ocrx_word' id='word_1_163' title='bbox 3202 858 3457 916; x_wconf 84' lang='lat' dir='ltr'><strong>dormitat</strong></span> <span class='ocrx_word' id='word_1_164' title='bbox 3506 863 3702 922; x_wconf 80' lang='lat' dir='ltr'><strong>Home—</strong></span> 
     </span>
    </p>
   </div>
   <div class='ocr_carea' id='block_1_24' title="bbox 2072 941 3703 1015">
    <p class='ocr_par' dir='ltr' id='par_1_24' title="bbox 2072 941 3703 1015">
     <span class='ocr_line' id='line_1_24' title="bbox 2072 941 3703 1015; baseline 0.012 -22"><span class='ocrx_word' id='word_1_165' title='bbox 2072 954 2186 994; x_wconf 85' lang='lat' dir='ltr'><strong>rus.</strong></span> <span class='ocrx_word' id='word_1_166' title='bbox 2223 941 2476 1010; x_wconf 78' lang='lat' dir='ltr'><strong>Origeuis</strong></span> <span class='ocrx_word' id='word_1_167' title='bbox 2502 942 2837 1011; x_wconf 80' lang='lat' dir='ltr'><strong>testimonia,</strong></span> <span class='ocrx_word' id='word_1_168' title='bbox 2871 953 2996 1015; x_wconf 82' lang='lat' dir='ltr'><strong>quae</strong></span> <span class='ocrx_word' id='word_1_169' title='bbox 3022 947 3314 1007; x_wconf 84' lang='lat' dir='ltr'><strong>subdimus</strong></span> <span class='ocrx_word' id='word_1_170' title='bbox 3342 958 3412 1009; x_wconf 81' lang='lat' dir='ltr'><strong>‘ex</strong></span> <span class='ocrx_word' id='word_1_171' title='bbox 3438 955 3494 1009; x_wconf 92' lang='lat' dir='ltr'><strong>S.</strong></span> <span class='ocrx_word' id='word_1_172' title='bbox 3529 956 3703 1013; x_wconf 63' lang='lat' dir='ltr'><strong>Athe:</strong></span> 
     </span>
    </p>
   </div>
   <div class='ocr_carea' id='block_1_25' title="bbox 2075 1024 3697 1121">
    <p class='ocr_par' dir='ltr' id='par_1_25' title="bbox 2075 1024 3697 1121">
     <span class='ocr_line' id='line_1_25' title="bbox 2075 1024 3697 1121; baseline 0.013 -33"><span class='ocrx_word' id='word_1_173' title='bbox 2075 1024 2619 1092; x_wconf 80' lang='lat' dir='ltr'><strong>nasi‘oThomasinus</strong></span> <span class='ocrx_word' id='word_1_174' title='bbox 2647 1036 2978 1109; x_wconf 83' lang='lat' dir='ltr'><strong>desumpsit.</strong></span> <span class='ocrx_word' id='word_1_175' title='bbox 3013 1039 3076 1095; x_wconf 88' lang='lat' dir='ltr'><strong>Si</strong></span> <span class='ocrx_word' id='word_1_176' title='bbox 3103 1052 3202 1109; x_wconf 76' lang='lat' dir='ltr'><strong>est,</strong></span> <span class='ocrx_word' id='word_1_177' title='bbox 3235 1047 3409 1117; x_wconf 87' lang='lat' dir='ltr'><strong>inquit</strong></span> <span class='ocrx_word' id='word_1_178' title='bbox 3427 1046 3697 1121; x_wconf 84' lang='lat' dir='ltr'><strong>Origenes,</strong></span> 
     </span>
    </p>
   </div>
   <div class='ocr_carea' id='block_1_26' title="bbox 2075 1122 3703 1212">
    <p class='ocr_par' dir='ltr' id='par_1_26' title="bbox 2075 1122 3703 1212">
     <span class='ocr_line' id='line_1_26' title="bbox 2075 1122 3703 1212; baseline 0.012 -33"><span class='ocrx_word' id='word_1_179' title='bbox 2075 1128 2186 1181; x_wconf 84' lang='lat' dir='ltr'><strong>ulla</strong></span> <span class='ocrx_word' id='word_1_180' title='bbox 2211 1128 2386 1200; x_wconf 82' lang='lat' dir='ltr'><strong>imago</strong></span> <span class='ocrx_word' id='word_1_181' title='bbox 2413 1129 2684 1186; x_wconf 80' lang='lat' dir='ltr'><strong>invisibilis</strong></span> <span class='ocrx_word' id='word_1_182' title='bbox 2710 1129 2811 1185; x_wconf 88' lang='lat' dir='ltr'><strong>Dei</strong></span> <span class='ocrx_word' id='word_1_183' title='bbox 2840 1158 2856 1198; x_wconf 89' lang='lat'><strong>,-</strong></span> <span class='ocrx_word' id='word_1_184' title='bbox 2888 1122 3003 1203; x_wconf 77' lang='lat' dir='ltr'><strong>ipsa</strong></span> <span class='ocrx_word' id='word_1_185' title='bbox 3029 1149 3238 1205; x_wconf 84' lang='lat' dir='ltr'><strong>quoque</strong></span> <span class='ocrx_word' id='word_1_186' title='bbox 3270 1140 3446 1212; x_wconf 85' lang='lat' dir='ltr'><strong><em>imago</em></strong></span> <span class='ocrx_word' id='word_1_187' title='bbox 3470 1143 3703 1200; x_wconf 60' lang='lat' dir='ltr'><strong>inbisibi-J</strong></span> 
     </span>
    </p>
   </div>
   <div class='ocr_carea' id='block_1_27' title="bbox 2077 1216 3699 1301">
    <p class='ocr_par' dir='ltr' id='par_1_27' title="bbox 2077 1216 3699 1301">
     <span class='ocr_line' id='line_1_27' title="bbox 2077 1216 3699 1301; baseline 0.012 -30"><span class='ocrx_word' id='word_1_188' title='bbox 2077 1216 2141 1272; x_wconf 89' lang='lat' dir='ltr'><strong>lis</strong></span> <span class='ocrx_word' id='word_1_189' title='bbox 2171 1218 2370 1287; x_wconf 77' lang='lat' dir='ltr'><strong>fuerit;</strong></span> <span class='ocrx_word' id='word_1_190' title='bbox 2397 1220 2553 1277; x_wconf 87' lang='lat' dir='ltr'><strong>immo</strong></span> <span class='ocrx_word' id='word_1_191' title='bbox 2579 1222 2674 1276; x_wconf 81' lang='lat' dir='ltr'><strong>hoc</strong></span> <span class='ocrx_word' id='word_1_192' title='bbox 2700 1230 2903 1292; x_wconf 90' lang='lat' dir='ltr'><strong>quoque</strong></span> <span class='ocrx_word' id='word_1_193' title='bbox 2923 1227 3091 1279; x_wconf 86' lang='lat' dir='ltr'><strong>ausim</strong></span> <span class='ocrx_word' id='word_1_194' title='bbox 3118 1228 3320 1285; x_wconf 79' lang='lat' dir='ltr'><strong>addere</strong></span> <span class='ocrx_word' id='word_1_195' title='bbox 3358 1274 3372 1299; x_wconf 93' lang='lat'><strong>,</strong></span> <span class='ocrx_word' id='word_1_196' title='bbox 3413 1237 3552 1301; x_wconf 87' lang='lat' dir='ltr'><strong>quod</strong></span> <span class='ocrx_word' id='word_1_197' title='bbox 3578 1242 3699 1292; x_wconf 80' lang='lat' dir='ltr'><strong>cum</strong></span> 
     </span>
    </p>
   </div>
   <div class='ocr_carea' id='block_1_28' title="bbox 2074 1310 3699 1396">
    <p class='ocr_par' dir='ltr' id='par_1_28' title="bbox 2074 1310 3699 1396">
     <span class='ocr_line' id='line_1_28' title="bbox 2074 1310 3699 1396; baseline 0.014 -34"><span class='ocrx_word' id='word_1_198' title='bbox 2074 1310 2140 1363; x_wconf 87' lang='lat' dir='ltr'><strong>sit</strong></span> <span class='ocrx_word' id='word_1_199' title='bbox 2158 1311 2252 1365; x_wconf 88' lang='lat' dir='ltr'><strong>ille</strong></span> <span class='ocrx_word' id='word_1_200' title='bbox 2266 1312 2555 1367; x_wconf 83' lang='lat' dir='ltr'><strong>similitudo</strong></span> <span class='ocrx_word' id='word_1_201' title='bbox 2578 1312 2756 1369; x_wconf 83' lang='lat' dir='ltr'><strong>Patris</strong></span> <span class='ocrx_word' id='word_1_202' title='bbox 2778 1316 2889 1384; x_wconf 75' lang='lat' dir='ltr'><strong>ﬁeri</strong></span> <span class='ocrx_word' id='word_1_203' title='bbox 2906 1326 3009 1370; x_wconf 83' lang='lat' dir='ltr'><strong>non</strong></span> <span class='ocrx_word' id='word_1_204' title='bbox 3026 1332 3203 1389; x_wconf 84' lang='lat' dir='ltr'><strong>posse,</strong></span> <span class='ocrx_word' id='word_1_205' title='bbox 3222 1331 3281 1375; x_wconf 82' lang='lat' dir='ltr'><strong>ut</strong></span> <span class='ocrx_word' id='word_1_206' title='bbox 3313 1325 3467 1393; x_wconf 83' lang='lat' dir='ltr'><strong>fuerit</strong></span> <span class='ocrx_word' id='word_1_207' title='bbox 3489 1329 3699 1396; x_wconf 83' lang='lat' dir='ltr'><strong>quando</strong></span> 
     </span>
    </p>
   </div>
   <div class='ocr_carea' id='block_1_29' title="bbox 2077 1406 3698 1489">
    <p class='ocr_par' dir='ltr' id='par_1_29' title="bbox 2077 1406 3698 1489">
     <span class='ocr_line' id='line_1_29' title="bbox 2077 1406 3698 1489; baseline 0.014 -33"><span class='ocrx_word' id='word_1_208' title='bbox 2077 1419 2183 1489; x_wconf 81' lang='lat' dir='ltr'><strong>non</strong></span> <span class='ocrx_word' id='word_1_209' title='bbox 2208 1406 2386 1475; x_wconf 79' lang='lat' dir='ltr'><strong>fuerit.</strong></span> <span class='ocrx_word' id='word_1_210' title='bbox 2421 1406 2649 1489; x_wconf 83' lang='lat' dir='ltr'><strong>Quando</strong></span> <span class='ocrx_word' id='word_1_211' title='bbox 2664 1409 2799 1479; x_wconf 86' lang='lat' dir='ltr'><strong>enim</strong></span> <span class='ocrx_word' id='word_1_212' title='bbox 2832 1407 2991 1476; x_wconf 88' lang='lat' dir='ltr'><strong>Deus,</strong></span> <span class='ocrx_word' id='word_1_213' title='bbox 3019 1414 3109 1485; x_wconf 90' lang='lat' dir='ltr'><strong>qui</strong></span> <span class='ocrx_word' id='word_1_214' title='bbox 3129 1419 3421 1472; x_wconf 88' lang='lat' dir='ltr'><strong>secundum</strong></span> <span class='ocrx_word' id='word_1_215' title='bbox 3440 1420 3698 1489; x_wconf 84' lang='lat' dir='ltr'><strong>Joannem</strong></span> 
     </span>
    </p>
   </div>
   <div class='ocr_carea' id='block_1_30' title="bbox 2078 1483 3697 1584">
    <p class='ocr_par' dir='ltr' id='par_1_30' title="bbox 2078 1483 3697 1584">
     <span class='ocr_line' id='line_1_30' title="bbox 2078 1483 3697 1584; baseline 0.014 -37"><span class='ocrx_word' id='word_1_216' title='bbox 2078 1483 2479 1567; x_wconf 78' lang='lat' dir='ltr'><strong>Evangelistam</strong></span> <span class='ocrx_word' id='word_1_217' title='bbox 2507 1488 2599 1554; x_wconf 71' lang='lat' dir='ltr'><strong>lux</strong></span> <span class='ocrx_word' id='word_1_218' title='bbox 2618 1483 2831 1568; x_wconf 86' lang='lat' dir='ltr'><strong>dicitur,</strong></span> <span class='ocrx_word' id='word_1_219' title='bbox 2862 1498 3139 1574; x_wconf 84' lang='lat' dir='ltr'><strong>splendore</strong></span> <span class='ocrx_word' id='word_1_220' title='bbox 3169 1500 3341 1562; x_wconf 82' lang='lat' dir='ltr'><strong>caruit</strong></span> <span class='ocrx_word' id='word_1_221' title='bbox 3364 1527 3473 1566; x_wconf 76' lang='lat' dir='ltr'><strong>sua:</strong></span> <span class='ocrx_word' id='word_1_222' title='bbox 3501 1488 3697 1584; x_wconf 60' lang='lat' dir='ltr'><strong>[ilajesl</strong></span> 
     </span>
    </p>
   </div>
   <div class='ocr_carea' id='block_1_31' title="bbox 2073 1587 3697 1678">
    <p class='ocr_par' dir='ltr' id='par_1_31' title="bbox 2073 1587 3697 1678">
     <span class='ocr_line' id='line_1_31' title="bbox 2073 1587 3697 1678; baseline 0.014 -36"><span class='ocrx_word' id='word_1_223' title='bbox 2073 1587 2254 1644; x_wconf 68' lang='lat' dir='ltr'><strong>tatis?</strong></span> <span class='ocrx_word' id='word_1_224' title='bbox 2270 1601 2322 1643; x_wconf 91' lang='lat' dir='ltr'><strong>ut</strong></span> <span class='ocrx_word' id='word_1_225' title='bbox 2349 1591 2462 1659; x_wconf 83' lang='lat' dir='ltr'><strong>quis</strong></span> <span class='ocrx_word' id='word_1_226' title='bbox 2488 1594 2675 1647; x_wconf 87' lang='lat' dir='ltr'><strong>audeat</strong></span> <span class='ocrx_word' id='word_1_227' title='bbox 2707 1592 2848 1648; x_wconf 82' lang='lat' dir='ltr'><strong>Filio</strong></span> <span class='ocrx_word' id='word_1_228' title='bbox 2868 1597 3186 1666; x_wconf 84' lang='lat' dir='ltr'><strong>principium</strong></span> <span class='ocrx_word' id='word_1_229' title='bbox 3226 1601 3524 1661; x_wconf 79' lang='lat' dir='ltr'><strong>adscribere</strong></span> <span class='ocrx_word' id='word_1_230' title='bbox 3547 1610 3697 1678; x_wconf 88' lang='lat' dir='ltr'><strong>quasi</strong></span> 
     </span>
    </p>
   </div>
   <div class='ocr_carea' id='block_1_32' title="bbox 2072 1679 3693 1769">
    <p class='ocr_par' dir='ltr' id='par_1_32' title="bbox 2072 1679 3693 1769">
     <span class='ocr_line' id='line_1_32' title="bbox 2072 1679 3693 1769; baseline 0.014 -43"><span class='ocrx_word' id='word_1_231' title='bbox 2072 1684 2241 1729; x_wconf 86' lang='lat' dir='ltr'><strong>antea</strong></span> <span class='ocrx_word' id='word_1_232' title='bbox 2271 1679 2499 1731; x_wconf 85' lang='lat' dir='ltr'><strong>nondum</strong></span> <span class='ocrx_word' id='word_1_233' title='bbox 2531 1680 2767 1735; x_wconf 74' lang='lat' dir='ltr'><strong>existeuti</strong></span> <span class='ocrx_word' id='word_1_234' title='bbox 2789 1681 2816 1734; x_wconf 70' lang='lat'><strong>.9</strong></span> <span class='ocrx_word' id='word_1_235' title='bbox 2843 1680 3069 1749; x_wconf 83' lang='lat' dir='ltr'><strong>Quando</strong></span> <span class='ocrx_word' id='word_1_236' title='bbox 3092 1695 3271 1759; x_wconf 82' lang='lat' dir='ltr'><strong>autem</strong></span> <span class='ocrx_word' id='word_1_237' title='bbox 3294 1705 3409 1769; x_wconf 38' lang='lat' dir='ltr'><strong>non,</strong></span> <span class='ocrx_word' id='word_1_238' title='bbox 3425 1704 3534 1746; x_wconf 89' lang='lat' dir='ltr'><strong>erat</strong></span> <span class='ocrx_word' id='word_1_239' title='bbox 3555 1693 3693 1765; x_wconf 79' lang='lat' dir='ltr'><strong>inef-</strong></span> 
     </span>
    </p>
   </div>
   <div class='ocr_carea' id='block_1_33' title="bbox 327 1765 3695 1857">
    <p class='ocr_par' dir='ltr' id='par_1_33' title="bbox 327 1765 3695 1857">
     <span class='ocr_line' id='line_1_33' title="bbox 327 1765 3695 1857; baseline 0 -18"><span class='ocrx_word' id='word_1_240' title='bbox 327 1800 396 1839; x_wconf 80' lang='lat' dir='ltr'><strong>ac</strong></span> <span class='ocrx_word' id='word_1_241' title='bbox 423 1781 778 1837; x_wconf 85' lang='lat' dir='ltr'><strong>Personarum</strong></span> <span class='ocrx_word' id='word_1_242' title='bbox 815 1775 1099 1831; x_wconf 76' lang='lat' dir='ltr'><strong>discrimen</strong></span> <span class='ocrx_word' id='word_1_243' title='bbox 1128 1770 1382 1843; x_wconf 68' lang='lat' dir='ltr'><strong>exponere</strong></span> <span class='ocrx_word' id='word_1_244' title='bbox 1402 1810 1415 1834; x_wconf 94' lang='lat'><strong>,</strong></span> <span class='ocrx_word' id='word_1_245' title='bbox 1437 1782 1600 1835; x_wconf 87' lang='lat' dir='ltr'><strong>quam</strong></span> <span class='ocrx_word' id='word_1_246' title='bbox 1631 1768 1711 1823; x_wconf 82' lang='lat' dir='ltr'><strong>vel</strong></span> <span class='ocrx_word' id='word_1_247' title='bbox 1737 1768 1960 1837; x_wconf 85' lang='lat' dir='ltr'><strong>scriptor</strong></span> <span class='ocrx_word' id='word_1_248' title='bbox 1986 1765 2037 1827; x_wconf 90' lang='lat' dir='ltr'><strong><em>B</em></strong></span> <span class='ocrx_word' id='word_1_249' title='bbox 2064 1765 2254 1837; x_wconf 79' lang='lat' dir='ltr'><strong>[abitis</strong></span> <span class='ocrx_word' id='word_1_250' title='bbox 2276 1769 2392 1834; x_wconf 86' lang='lat' dir='ltr'><strong>illa,</strong></span> <span class='ocrx_word' id='word_1_251' title='bbox 2418 1770 2806 1827; x_wconf 87' lang='lat' dir='ltr'><strong>innominabilis</strong></span> <span class='ocrx_word' id='word_1_252' title='bbox 2824 1816 2839 1840; x_wconf 90' lang='lat'><strong>,</strong></span> <span class='ocrx_word' id='word_1_253' title='bbox 2890 1773 3363 1851; x_wconf 86' lang='lat' dir='ltr'><strong>inenarrabilisque</strong></span> <span class='ocrx_word' id='word_1_254' title='bbox 3388 1765 3559 1838; x_wconf 86' lang='lat' dir='ltr'><strong>Patris</strong></span> <span class='ocrx_word' id='word_1_255' title='bbox 3581 1785 3695 1857; x_wconf 60' lang='lat' dir='ltr'><strong>sub;</strong></span> 
     </span>
    </p>
   </div>
   <div class='ocr_carea' id='block_1_34' title="bbox 329 1857 1963 1946">
    <p class='ocr_par' dir='ltr' id='par_1_34' title="bbox 329 1857 1963 1946">
     <span class='ocr_line' id='line_1_34' title="bbox 329 1857 1963 1946; baseline -0.011 -15"><span class='ocrx_word' id='word_1_256' title='bbox 329 1878 426 1933; x_wconf 85' lang='lat' dir='ltr'><strong>ille</strong></span> <span class='ocrx_word' id='word_1_257' title='bbox 455 1876 577 1946; x_wconf 81' lang='lat' dir='ltr'><strong>fecit</strong></span> <span class='ocrx_word' id='word_1_258' title='bbox 600 1874 872 1941; x_wconf 53' lang='lat' dir='ltr'><strong>antiqﬂs,</strong></span> <span class='ocrx_word' id='word_1_259' title='bbox 904 1876 1184 1937; x_wconf 86' lang='lat' dir='ltr'><strong>antequam</strong></span> <span class='ocrx_word' id='word_1_260' title='bbox 1208 1861 1457 1917; x_wconf 82' lang='lat' dir='ltr'><strong>Nictemts</strong></span> <span class='ocrx_word' id='word_1_261' title='bbox 1484 1857 1772 1916; x_wconf 87' lang='lat' dir='ltr'><strong>Consessus</strong></span> <span class='ocrx_word' id='word_1_262' title='bbox 1804 1860 1963 1931; x_wconf 87' lang='lat' dir='ltr'><strong>liqui-</strong></span> 
     </span>
    </p>
   </div>
   <div class='ocr_carea' id='block_1_35' title="bbox 336 1953 1418 2026">
    <p class='ocr_par' dir='ltr' id='par_1_35' title="bbox 336 1953 1418 2026">
     <span class='ocr_line' id='line_1_35' title="bbox 336 1953 1418 2026; baseline -0.014 -4"><span class='ocrx_word' id='word_1_263' title='bbox 336 1968 464 2022; x_wconf 82' lang='lat' dir='ltr'><strong>dam</strong></span> <span class='ocrx_word' id='word_1_264' title='bbox 490 1981 553 2020; x_wconf 89' lang='lat' dir='ltr'><strong>ea</strong></span> <span class='ocrx_word' id='word_1_265' title='bbox 575 1966 641 2020; x_wconf 85' lang='lat' dir='ltr'><strong>d’e</strong></span> <span class='ocrx_word' id='word_1_266' title='bbox 671 1978 726 2018; x_wconf 89' lang='lat' dir='ltr'><strong>re</strong></span> <span class='ocrx_word' id='word_1_267' title='bbox 753 1962 1030 2018; x_wconf 86' lang='lat' dir='ltr'><strong>scientiam</strong></span> <span class='ocrx_word' id='word_1_268' title='bbox 1057 1953 1418 2026; x_wconf 70' lang='lat' dir='ltr'><strong>explicasset?</strong></span> 
     </span>
    </p>
   </div>
   <div class='ocr_carea' id='block_1_36' title="bbox 404 2043 1960 2118">
    <p class='ocr_par' dir='ltr' id='par_1_36' title="bbox 404 2043 1960 2118">
     <span class='ocr_line' id='line_1_36' title="bbox 404 2043 1960 2118; baseline -0.013 0"><span class='ocrx_word' id='word_1_269' title='bbox 404 2060 714 2118; x_wconf 81' lang='lat' dir='ltr'><strong>Clementis</strong></span> <span class='ocrx_word' id='word_1_270' title='bbox 757 2051 1127 2113; x_wconf 75' lang='lat' dir='ltr'><strong>Alexandrini</strong></span> <span class='ocrx_word' id='word_1_271' title='bbox 1177 2048 1247 2104; x_wconf 91' lang='lat' dir='ltr'><strong>de</strong></span> <span class='ocrx_word' id='word_1_272' title='bbox 1295 2046 1559 2103; x_wconf 83' lang='lat' dir='ltr'><strong>Trinitate</strong></span> <span class='ocrx_word' id='word_1_273' title='bbox 1602 2043 1960 2114; x_wconf 73' lang='lat' dir='ltr'><strong>Sententias,</strong></span> 
     </span>
    </p>
   </div>
   <div class='ocr_carea' id='block_1_37' title="bbox 330 2138 1963 2228">
    <p class='ocr_par' dir='ltr' id='par_1_37' title="bbox 330 2138 1963 2228">
     <span class='ocr_line' id='line_1_37' title="bbox 330 2138 1963 2228; baseline -0.012 -15"><span class='ocrx_word' id='word_1_274' title='bbox 330 2170 473 2228; x_wconf 75' lang='lat' dir='ltr'><strong>quas</strong></span> <span class='ocrx_word' id='word_1_275' title='bbox 502 2154 616 2208; x_wconf 87' lang='lat' dir='ltr'><strong>sine</strong></span> <span class='ocrx_word' id='word_1_276' title='bbox 642 2151 839 2207; x_wconf 88' lang='lat' dir='ltr'><strong>erroris</strong></span> <span class='ocrx_word' id='word_1_277' title='bbox 862 2146 1167 2219; x_wconf 82' lang='lat' dir='ltr'><strong>suspicione</strong></span> <span class='ocrx_word' id='word_1_278' title='bbox 1206 2142 1440 2212; x_wconf 84' lang='lat' dir='ltr'><strong>scriptas</strong></span> <span class='ocrx_word' id='word_1_279' title='bbox 1480 2138 1679 2193; x_wconf 81' lang='lat' dir='ltr'><strong>fatetur</strong></span> <span class='ocrx_word' id='word_1_280' title='bbox 1711 2139 1963 2194; x_wconf 82' lang='lat' dir='ltr'><strong>Petavius</strong></span> 
     </span>
    </p>
   </div>
   <div class='ocr_carea' id='block_1_38' title="bbox 331 2230 1960 2315">
    <p class='ocr_par' dir='ltr' id='par_1_38' title="bbox 331 2230 1960 2315">
     <span class='ocr_line' id='line_1_38' title="bbox 331 2230 1960 2315; baseline -0.013 -11"><span class='ocrx_word' id='word_1_281' title='bbox 331 2250 406 2303; x_wconf 86' lang='lat' dir='ltr'><strong>ad</strong></span> <span class='ocrx_word' id='word_1_282' title='bbox 457 2248 658 2302; x_wconf 88' lang='lat' dir='ltr'><strong>librum</strong></span> <span class='ocrx_word' id='word_1_283' title='bbox 706 2244 945 2315; x_wconf 87' lang='lat' dir='ltr'><strong>primum</strong></span> <span class='ocrx_word' id='word_1_284' title='bbox 995 2238 1068 2293; x_wconf 88' lang='lat' dir='ltr'><strong>de</strong></span> <span class='ocrx_word' id='word_1_285' title='bbox 1108 2234 1378 2291; x_wconf 83' lang='lat' dir='ltr'><strong>Trinitate</strong></span> <span class='ocrx_word' id='word_1_286' title='bbox 1408 2230 1667 2287; x_wconf 71' lang='lat' dir='ltr'><strong>ridendas</strong></span> <span class='ocrx_word' id='word_1_287' title='bbox 1711 2232 1960 2286; x_wconf 89' lang='lat' dir='ltr'><strong>remittit.</strong></span> 
     </span>
    </p>
   </div>
   <div class='ocr_carea' id='block_1_39' title="bbox 332 2322 1964 2399">
    <p class='ocr_par' dir='ltr' id='par_1_39' title="bbox 332 2322 1964 2399">
     <span class='ocr_line' id='line_1_39' title="bbox 332 2322 1964 2399; baseline -0.014 1"><span class='ocrx_word' id='word_1_288' title='bbox 332 2342 451 2399; x_wconf 78' lang='lat' dir='ltr'><strong>Nos</strong></span> <span class='ocrx_word' id='word_1_289' title='bbox 475 2356 544 2398; x_wconf 78' lang='lat' dir='ltr'><strong>ex</strong></span> <span class='ocrx_word' id='word_1_290' title='bbox 583 2337 927 2396; x_wconf 88' lang='lat' dir='ltr'><strong>Thomasino</strong></span> <span class='ocrx_word' id='word_1_291' title='bbox 980 2329 1274 2387; x_wconf 80' lang='lat' dir='ltr'><strong>aﬂ‘eremus</strong></span> <span class='ocrx_word' id='word_1_292' title='bbox 1306 2367 1324 2395; x_wconf 88' lang='lat'><strong>,</strong></span> <span class='ocrx_word' id='word_1_293' title='bbox 1372 2325 1462 2397; x_wconf 87' lang='lat' dir='ltr'><strong>qui</strong></span> <span class='ocrx_word' id='word_1_294' title='bbox 1512 2322 1846 2379; x_wconf 85' lang='lat' dir='ltr'><strong>Clementem</strong></span> <span class='ocrx_word' id='word_1_295' title='bbox 1895 2323 1964 2378; x_wconf 89' lang='lat' dir='ltr'><strong>ab</strong></span> 
     </span>
    </p>
   </div>
   <div class='ocr_carea' id='block_1_40' title="bbox 333 2414 1964 2497">
    <p class='ocr_par' dir='ltr' id='par_1_40' title="bbox 333 2414 1964 2497">
     <span class='ocr_line' id='line_1_40' title="bbox 333 2414 1964 2497; baseline -0.012 -8"><span class='ocrx_word' id='word_1_296' title='bbox 333 2431 490 2489; x_wconf 90' lang='lat' dir='ltr'><strong>omni</strong></span> <span class='ocrx_word' id='word_1_297' title='bbox 520 2431 726 2487; x_wconf 84' lang='lat' dir='ltr'><strong>erroris</strong></span> <span class='ocrx_word' id='word_1_298' title='bbox 761 2425 1085 2497; x_wconf 81' lang='lat' dir='ltr'><strong>suspicione</strong></span> <span class='ocrx_word' id='word_1_299' title='bbox 1138 2421 1484 2477; x_wconf 85' lang='lat' dir='ltr'><strong>demonstrat</strong></span> <span class='ocrx_word' id='word_1_300' title='bbox 1529 2416 1789 2470; x_wconf 83' lang='lat' dir='ltr'><strong>aliennln.</strong></span> <span class='ocrx_word' id='word_1_301' title='bbox 1830 2414 1964 2469; x_wconf 84' lang='lat' dir='ltr'><strong>Vide</strong></span> 
     </span>
    </p>
   </div>
   <div class='ocr_carea' id='block_1_41' title="bbox 336 2507 1960 2599">
    <p class='ocr_par' dir='ltr' id='par_1_41' title="bbox 336 2507 1960 2599">
     <span class='ocr_line' id='line_1_41' title="bbox 336 2507 1960 2599; baseline -0.013 -18"><span class='ocrx_word' id='word_1_302' title='bbox 336 2524 689 2599; x_wconf 83' lang='lat' dir='ltr'><strong>(Thomasini</strong></span> <span class='ocrx_word' id='word_1_303' title='bbox 739 2520 902 2575; x_wconf 90' lang='lat' dir='ltr'><strong>verba</strong></span> <span class='ocrx_word' id='word_1_304' title='bbox 954 2513 1110 2586; x_wconf 90' lang='lat' dir='ltr'><strong>sunt)</strong></span> <span class='ocrx_word' id='word_1_305' title='bbox 1141 2512 1203 2585; x_wconf 90' lang='lat' dir='ltr'><strong>(t.</strong></span> <span class='ocrx_word' id='word_1_306' title='bbox 1230 2529 1288 2568; x_wconf 89' lang='grc' dir='ltr'>ιιι</span> <span class='ocrx_word' id='word_1_307' title='bbox 1317 2513 1392 2565; x_wconf 86' lang='lat' dir='ltr'><strong>th.</strong></span> <span class='ocrx_word' id='word_1_308' title='bbox 1422 2509 1638 2580; x_wconf 86' lang='lat' dir='ltr'><strong>Dogm.,</strong></span> <span class='ocrx_word' id='word_1_309' title='bbox 1661 2518 1728 2561; x_wconf 89' lang='lat' dir='ltr'><strong>tr.</strong></span> <span class='ocrx_word' id='word_1_310' title='bbox 1752 2507 1807 2572; x_wconf 74' lang='lat'><strong>2,</strong></span> <span class='ocrx_word' id='word_1_311' title='bbox 1842 2522 1960 2578; x_wconf 86' lang='lat' dir='ltr'><strong>cap.</strong></span> 
     </span>
    </p>
   </div>
   <div class='ocr_carea' id='block_1_42' title="bbox 254 2608 1962 2686">
    <p class='ocr_par' dir='ltr' id='par_1_42' title="bbox 254 2608 1962 2686">
     <span class='ocr_line' id='line_1_42' title="bbox 254 2608 1962 2686; baseline -0.013 -11"><span class='ocrx_word' id='word_1_312' title='bbox 254 2627 263 2637; x_wconf 91' lang='lat'><strong><em>&#39;</em></strong></span> <span class='ocrx_word' id='word_1_313' title='bbox 333 2615 435 2684; x_wconf 54' lang='grc' dir='ltr'><strong>με</strong></span> <span class='ocrx_word' id='word_1_314' title='bbox 467 2632 614 2671; x_wconf 87' lang='lat' dir='ltr'><strong>num.</strong></span> <span class='ocrx_word' id='word_1_315' title='bbox 649 2615 706 2686; x_wconf 82' lang='grc'><strong>1)</strong></span> <span class='ocrx_word' id='word_1_316' title='bbox 736 2623 794 2667; x_wconf 87' lang='lat' dir='ltr'><strong>ut</strong></span> <span class='ocrx_word' id='word_1_317' title='bbox 821 2613 936 2685; x_wconf 81' lang='lat' dir='ltr'><strong>ejus</strong></span> <span class='ocrx_word' id='word_1_318' title='bbox 985 2610 1324 2665; x_wconf 72' lang='lat' dir='ltr'><strong>aeternitatem</strong></span> <span class='ocrx_word' id='word_1_319' title='bbox 1347 2613 1467 2658; x_wconf 87' lang='lat' dir='ltr'><strong>ante</strong></span> <span class='ocrx_word' id='word_1_320' title='bbox 1489 2612 1723 2672; x_wconf 84' lang='lat' dir='ltr'><strong>tempora</strong></span> <span class='ocrx_word' id='word_1_321' title='bbox 1744 2608 1962 2653; x_wconf 87' lang='lat' dir='ltr'><strong>astruat.</strong></span> 
     </span>
    </p>
   </div>
   <div class='ocr_carea' id='block_1_43' title="bbox 341 2691 1966 2778">
    <p class='ocr_par' dir='ltr' id='par_1_43' title="bbox 341 2691 1966 2778">
     <span class='ocr_line' id='line_1_43' title="bbox 341 2691 1966 2778; baseline -0.01 -16"><span class='ocrx_word' id='word_1_322' title='bbox 341 2728 362 2762; x_wconf 75' lang='grc' dir='ltr'><strong>ι</strong></span> <span class='ocrx_word' id='word_1_323' title='bbox 394 2707 596 2764; x_wconf 80' lang='lat' dir='ltr'><strong>Nullus</strong></span> <span class='ocrx_word' id='word_1_324' title='bbox 626 2706 771 2778; x_wconf 61' lang='lat' dir='ltr'><strong>(haec</strong></span> <span class='ocrx_word' id='word_1_325' title='bbox 796 2720 931 2761; x_wconf 87' lang='lat' dir='ltr'><strong>vero</strong></span> <span class='ocrx_word' id='word_1_326' title='bbox 959 2696 1288 2770; x_wconf 85' lang='lat' dir='ltr'><strong>Clementis)</strong></span> <span class='ocrx_word' id='word_1_327' title='bbox 1341 2704 1494 2752; x_wconf 89' lang='lat' dir='ltr'><strong>certe</strong></span> <span class='ocrx_word' id='word_1_328' title='bbox 1538 2691 1818 2747; x_wconf 90' lang='lat' dir='ltr'><strong>hominum</strong></span> <span class='ocrx_word' id='word_1_329' title='bbox 1879 2691 1966 2746; x_wconf 90' lang='lat' dir='ltr'><strong>vel</strong></span> 
     </span>
    </p>
   </div>
   <div class='ocr_carea' id='block_1_44' title="bbox 331 2787 1966 2856">
    <p class='ocr_par' dir='ltr' id='par_1_44' title="bbox 331 2787 1966 2856">
     <span class='ocr_line' id='line_1_44' title="bbox 331 2787 1966 2856; baseline -0.012 1"><span class='ocrx_word' id='word_1_330' title='bbox 331 2799 574 2856; x_wconf 87' lang='lat' dir='ltr'><strong>deorum</strong></span> <span class='ocrx_word' id='word_1_331' title='bbox 604 2796 707 2851; x_wconf 77' lang='lat' dir='ltr'><strong>fuit</strong></span> <span class='ocrx_word' id='word_1_332' title='bbox 737 2804 864 2851; x_wconf 87' lang='lat' dir='ltr'><strong>ante</strong></span> <span class='ocrx_word' id='word_1_333' title='bbox 892 2794 1043 2849; x_wconf 90' lang='lat' dir='ltr'><strong>hunc</strong></span> <span class='ocrx_word' id='word_1_334' title='bbox 1084 2787 1344 2845; x_wconf 88' lang='lat' dir='ltr'><strong>mundum</strong></span> <span class='ocrx_word' id='word_1_335' title='bbox 1371 2826 1388 2853; x_wconf 88' lang='lat'><strong>,</strong></span> <span class='ocrx_word' id='word_1_336' title='bbox 1433 2798 1541 2840; x_wconf 90' lang='lat' dir='ltr'><strong>non</strong></span> <span class='ocrx_word' id='word_1_337' title='bbox 1569 2793 1746 2838; x_wconf 88' lang='lat' dir='ltr'><strong>autem</strong></span> <span class='ocrx_word' id='word_1_338' title='bbox 1775 2796 1966 2839; x_wconf 90' lang='lat' dir='ltr'><strong>sumus</strong></span> 
     </span>
    </p>
   </div>
   <div class='ocr_carea' id='block_1_45' title="bbox 336 2877 1965 2953">
    <p class='ocr_par' dir='ltr' id='par_1_45' title="bbox 336 2877 1965 2953">
     <span class='ocr_line' id='line_1_45' title="bbox 336 2877 1965 2953; baseline -0.012 -4"><span class='ocrx_word' id='word_1_339' title='bbox 336 2903 473 2949; x_wconf 83' lang='lat' dir='ltr'><strong>ante</strong></span> <span class='ocrx_word' id='word_1_340' title='bbox 505 2891 694 2947; x_wconf 88' lang='lat' dir='ltr'><strong>mundi</strong></span> <span class='ocrx_word' id='word_1_341' title='bbox 734 2886 1209 2951; x_wconf 83' lang='lat' dir='ltr'><strong>constitutionem,</strong></span> <span class='ocrx_word' id='word_1_342' title='bbox 1237 2882 1329 2953; x_wconf 91' lang='lat' dir='ltr'><strong>qui</strong></span> <span class='ocrx_word' id='word_1_343' title='bbox 1357 2894 1425 2937; x_wconf 90' lang='lat' dir='ltr'><strong>eo</strong></span> <span class='ocrx_word' id='word_1_344' title='bbox 1453 2877 1600 2950; x_wconf 85' lang='lat' dir='ltr'><strong>quod</strong></span> <span class='ocrx_word' id='word_1_345' title='bbox 1632 2890 1756 2932; x_wconf 88' lang='lat' dir='ltr'><strong>esse</strong></span> <span class='ocrx_word' id='word_1_346' title='bbox 1795 2891 1965 2946; x_wconf 87' lang='lat' dir='ltr'><strong>opor-</strong></span> 
     </span>
    </p>
   </div>
   <div class='ocr_carea' id='block_1_46' title="bbox 338 2972 1966 3056">
    <p class='ocr_par' dir='ltr' id='par_1_46' title="bbox 338 2972 1966 3056">
     <span class='ocr_line' id='line_1_46' title="bbox 338 2972 1966 3056; baseline -0.012 -12"><span class='ocrx_word' id='word_1_347' title='bbox 338 2998 487 3045; x_wconf 89' lang='lat' dir='ltr'><strong>teret</strong></span> <span class='ocrx_word' id='word_1_348' title='bbox 507 2987 562 3042; x_wconf 90' lang='lat' dir='ltr'><strong>in</strong></span> <span class='ocrx_word' id='word_1_349' title='bbox 589 2986 709 3056; x_wconf 85' lang='lat' dir='ltr'><strong>ipso</strong></span> <span class='ocrx_word' id='word_1_350' title='bbox 734 2984 847 3040; x_wconf 90' lang='lat' dir='ltr'><strong>Deo</strong></span> <span class='ocrx_word' id='word_1_351' title='bbox 866 2995 1055 3038; x_wconf 81' lang='lat' dir='ltr'><strong>sumus</strong></span> <span class='ocrx_word' id='word_1_352' title='bbox 1081 2977 1272 3050; x_wconf 68' lang='lat' dir='ltr'><strong>geniti.</strong></span> <span class='ocrx_word' id='word_1_353' title='bbox 1311 2975 1404 3029; x_wconf 89' lang='lat' dir='ltr'><strong>Dei</strong></span> <span class='ocrx_word' id='word_1_354' title='bbox 1431 2972 1598 3029; x_wconf 80' lang='lat' dir='ltr'><strong>Verbi</strong></span> <span class='ocrx_word' id='word_1_355' title='bbox 1630 2983 1819 3025; x_wconf 89' lang='lat' dir='ltr'><strong>sumus</strong></span> <span class='ocrx_word' id='word_1_356' title='bbox 1865 2983 1966 3026; x_wconf 92' lang='lat' dir='ltr'><strong>nos</strong></span> 
     </span>
    </p>
   </div>
   <div class='ocr_carea' id='block_1_47' title="bbox 338 3062 1962 3152">
    <p class='ocr_par' dir='ltr' id='par_1_47' title="bbox 338 3062 1962 3152">
     <span class='ocr_line' id='line_1_47' title="bbox 338 3062 1962 3152; baseline -0.011 -19"><span class='ocrx_word' id='word_1_357' title='bbox 338 3081 610 3152; x_wconf 70' lang='lat' dir='ltr'><strong>ﬁgmenta</strong></span> <span class='ocrx_word' id='word_1_358' title='bbox 632 3075 848 3131; x_wconf 86' lang='lat' dir='ltr'><strong>ratione</strong></span> <span class='ocrx_word' id='word_1_359' title='bbox 884 3072 1137 3144; x_wconf 82' lang='lat' dir='ltr'><strong>praedita,</strong></span> <span class='ocrx_word' id='word_1_360' title='bbox 1172 3082 1270 3138; x_wconf 86' lang='lat' dir='ltr'><strong>per</strong></span> <span class='ocrx_word' id='word_1_361' title='bbox 1297 3080 1458 3137; x_wconf 87' lang='lat' dir='ltr'><strong>quem</strong></span> <span class='ocrx_word' id='word_1_362' title='bbox 1502 3062 1710 3131; x_wconf 86' lang='lat' dir='ltr'><strong>antiqui</strong></span> <span class='ocrx_word' id='word_1_363' title='bbox 1748 3077 1962 3152; x_wconf 79' lang='lat' dir='ltr'><strong>sumus,</strong></span> 
     </span>
    </p>
   </div>
   <div class='ocr_carea' id='block_1_48' title="bbox 2066 1861 3695 1945">
    <p class='ocr_par' dir='ltr' id='par_1_48' title="bbox 2066 1861 3695 1945">
     <span class='ocr_line' id='line_1_48' title="bbox 2066 1861 3695 1945; baseline 0.011 -33"><span class='ocrx_word' id='word_1_364' title='bbox 2066 1861 2282 1915; x_wconf 80' lang='lat' dir='ltr'><strong>stantia:</strong></span> <span class='ocrx_word' id='word_1_365' title='bbox 2308 1861 2502 1935; x_wconf 87' lang='lat' dir='ltr'><strong>imago,</strong></span> <span class='ocrx_word' id='word_1_366' title='bbox 2527 1866 2698 1933; x_wconf 79' lang='lat' dir='ltr'><strong>{arma</strong></span> <span class='ocrx_word' id='word_1_367' title='bbox 2728 1906 2743 1930; x_wconf 92' lang='lat'><strong>,</strong></span> <span class='ocrx_word' id='word_1_368' title='bbox 2772 1865 2908 1919; x_wconf 85' lang='lat' dir='ltr'><strong>ratio</strong></span> <span class='ocrx_word' id='word_1_369' title='bbox 2932 1908 2946 1932; x_wconf 90' lang='lat'><strong>,</strong></span> <span class='ocrx_word' id='word_1_370' title='bbox 2981 1882 3099 1936; x_wconf 74' lang='lat' dir='ltr'><strong>qua:</strong></span> <span class='ocrx_word' id='word_1_371' title='bbox 3148 1868 3369 1941; x_wconf 80' lang='lat' dir='ltr'><strong>Patrem</strong></span> <span class='ocrx_word' id='word_1_372' title='bbox 3391 1876 3695 1945; x_wconf 85' lang='lat' dir='ltr'><strong>cognoscit?</strong></span> 
     </span>
    </p>
   </div>
   <div class='ocr_carea' id='block_1_49' title="bbox 2066 1949 3694 2034">
    <p class='ocr_par' dir='ltr' id='par_1_49' title="bbox 2066 1949 3694 2034">
     <span class='ocr_line' id='line_1_49' title="bbox 2066 1949 3694 2034; baseline 0.01 -29"><span class='ocrx_word' id='word_1_373' title='bbox 2066 1949 2277 2026; x_wconf 85' lang='lat' dir='ltr'><strong>Cagitet</strong></span> <span class='ocrx_word' id='word_1_374' title='bbox 2302 1970 2473 2029; x_wconf 84' lang='lat' dir='ltr'><strong>secum</strong></span> <span class='ocrx_word' id='word_1_375' title='bbox 2501 1958 2808 2026; x_wconf 84' lang='lat' dir='ltr'><strong>quicumque</strong></span> <span class='ocrx_word' id='word_1_376' title='bbox 2846 1957 3057 2012; x_wconf 82' lang='lat' dir='ltr'><strong>audebit</strong></span> <span class='ocrx_word' id='word_1_377' title='bbox 3077 1961 3292 2023; x_wconf 86' lang='lat' dir='ltr'><strong>dicere;</strong></span> <span class='ocrx_word' id='word_1_378' title='bbox 3323 1963 3457 2020; x_wconf 85' lang='lat' dir='ltr'><strong>Erat</strong></span> <span class='ocrx_word' id='word_1_379' title='bbox 3484 1966 3694 2034; x_wconf 83' lang='lat' dir='ltr'><strong>quando</strong></span> 
     </span>
    </p>
   </div>
   <div class='ocr_carea' id='block_1_50' title="bbox 2065 2043 3690 2125">
    <p class='ocr_par' dir='ltr' id='par_1_50' title="bbox 2065 2043 3690 2125">
     <span class='ocr_line' id='line_1_50' title="bbox 2065 2043 3690 2125; baseline 0.012 -30"><span class='ocrx_word' id='word_1_380' title='bbox 2065 2058 2177 2097; x_wconf 86' lang='lat' dir='ltr'><strong>non</strong></span> <span class='ocrx_word' id='word_1_381' title='bbox 2205 2054 2317 2099; x_wconf 88' lang='lat' dir='ltr'><strong>erat</strong></span> <span class='ocrx_word' id='word_1_382' title='bbox 2339 2043 2389 2098; x_wconf 85' lang='lat' dir='ltr'><em>F</em></span> <span class='ocrx_word' id='word_1_383' title='bbox 2394 2044 2516 2101; x_wconf 86' lang='lat' dir='ltr'><strong>ilius</strong></span> <span class='ocrx_word' id='word_1_384' title='bbox 2544 2062 2598 2101; x_wconf 90' lang='lat' dir='ltr'><strong>se</strong></span> <span class='ocrx_word' id='word_1_385' title='bbox 2626 2047 2723 2101; x_wconf 85' lang='lat' dir='ltr'><strong>hoc</strong></span> <span class='ocrx_word' id='word_1_386' title='bbox 2757 2049 2929 2118; x_wconf 87' lang='lat' dir='ltr'><strong>ipsum</strong></span> <span class='ocrx_word' id='word_1_387' title='bbox 2955 2048 3151 2106; x_wconf 83' lang='lat' dir='ltr'><strong>dicere.</strong></span> <span class='ocrx_word' id='word_1_388' title='bbox 3191 2053 3321 2110; x_wconf 85' lang='lat' dir='ltr'><strong>Erat</strong></span> <span class='ocrx_word' id='word_1_389' title='bbox 3350 2057 3561 2125; x_wconf 87' lang='lat' dir='ltr'><strong>quando</strong></span> <span class='ocrx_word' id='word_1_390' title='bbox 3599 2075 3690 2113; x_wconf 81' lang='lat' dir='ltr'><strong>sa-</strong></span> 
     </span>
    </p>
   </div>
   <div class='ocr_carea' id='block_1_51' title="bbox 2066 2130 3695 2219">
    <p class='ocr_par' dir='ltr' id='par_1_51' title="bbox 2066 2130 3695 2219">
     <span class='ocr_line' id='line_1_51' title="bbox 2066 2130 3695 2219; baseline 0.01 -32"><span class='ocrx_word' id='word_1_391' title='bbox 2066 2134 2270 2202; x_wconf 87' lang='lat' dir='ltr'><strong>pientia</strong></span> <span class='ocrx_word' id='word_1_392' title='bbox 2295 2153 2398 2192; x_wconf 85' lang='lat' dir='ltr'><strong>non</strong></span> <span class='ocrx_word' id='word_1_393' title='bbox 2425 2148 2535 2194; x_wconf 89' lang='lat' dir='ltr'><strong>erat</strong></span> <span class='ocrx_word' id='word_1_394' title='bbox 2557 2179 2573 2207; x_wconf 91' lang='lat'><strong>,</strong></span> <span class='ocrx_word' id='word_1_395' title='bbox 2602 2138 2811 2208; x_wconf 88' lang='lat' dir='ltr'><strong>quando</strong></span> <span class='ocrx_word' id='word_1_396' title='bbox 2836 2141 2973 2194; x_wconf 87' lang='lat' dir='ltr'><strong>ratio</strong></span> <span class='ocrx_word' id='word_1_397' title='bbox 3015 2158 3119 2197; x_wconf 87' lang='lat' dir='ltr'><strong>non</strong></span> <span class='ocrx_word' id='word_1_398' title='bbox 3181 2136 3290 2200; x_wconf 75' lang='lat' dir='ltr'><strong>erat</strong></span> <span class='ocrx_word' id='word_1_399' title='bbox 3309 2188 3323 2213; x_wconf 94' lang='lat'><strong>,</strong></span> <span class='ocrx_word' id='word_1_400' title='bbox 3352 2130 3562 2219; x_wconf 80' lang='lat' dir='ltr'><strong>quando</strong></span> <span class='ocrx_word' id='word_1_401' title='bbox 3589 2150 3695 2204; x_wconf 61' lang='lat' dir='ltr'><strong>vita</strong></span> 
     </span>
    </p>
   </div>
   <div class='ocr_carea' id='block_1_52' title="bbox 2065 2226 3688 2307">
    <p class='ocr_par' dir='ltr' id='par_1_52' title="bbox 2065 2226 3688 2307">
     <span class='ocr_line' id='line_1_52' title="bbox 2065 2226 3688 2307; baseline 0.011 -30"><span class='ocrx_word' id='word_1_402' title='bbox 2065 2241 2177 2303; x_wconf 75' lang='lat' dir='ltr'><strong>non</strong></span> <span class='ocrx_word' id='word_1_403' title='bbox 2199 2239 2325 2282; x_wconf 83' lang='lat' dir='ltr'><strong>erat.</strong></span> <span class='ocrx_word' id='word_1_404' title='bbox 2350 2228 2419 2284; x_wconf 88' lang='lat' dir='ltr'><strong>Et</strong></span> <span class='ocrx_word' id='word_1_405' title='bbox 2439 2230 2623 2285; x_wconf 82' lang='lat' dir='ltr'><strong>statim</strong></span> <span class='ocrx_word' id='word_1_406' title='bbox 2653 2231 2876 2286; x_wconf 84' lang='lat' dir='ltr'><strong>ibidem.</strong></span> <span class='ocrx_word' id='word_1_407' title='bbox 2909 2231 3061 2287; x_wconf 84' lang='lat' dir='ltr'><strong>Idem</strong></span> <span class='ocrx_word' id='word_1_408' title='bbox 3096 2234 3346 2307; x_wconf 79' lang='lat' dir='ltr'><strong>Origenes</strong></span> <span class='ocrx_word' id='word_1_409' title='bbox 3371 2241 3498 2295; x_wconf 86' lang='lat' dir='ltr'><strong>alibi</strong></span> <span class='ocrx_word' id='word_1_410' title='bbox 3524 2226 3688 2295; x_wconf 69' lang='lat' dir='ltr'><strong>dicii:</strong></span> 
     </span>
    </p>
   </div>
   <div class='ocr_carea' id='block_1_53' title="bbox 2068 2316 3694 2405">
    <p class='ocr_par' dir='ltr' id='par_1_53' title="bbox 2068 2316 3694 2405">
     <span class='ocr_line' id='line_1_53' title="bbox 2068 2316 3694 2405; baseline 0.01 -34"><span class='ocrx_word' id='word_1_411' title='bbox 2068 2316 2185 2372; x_wconf 86' lang='lat' dir='ltr'><strong>Sed</strong></span> <span class='ocrx_word' id='word_1_412' title='bbox 2210 2324 2295 2392; x_wconf 87' lang='lat' dir='ltr'><strong>fas</strong></span> <span class='ocrx_word' id='word_1_413' title='bbox 2320 2338 2423 2376; x_wconf 89' lang='lat' dir='ltr'><strong>non</strong></span> <span class='ocrx_word' id='word_1_414' title='bbox 2451 2332 2559 2387; x_wconf 77' lang='lat' dir='ltr'><strong>est,</strong></span> <span class='ocrx_word' id='word_1_415' title='bbox 2592 2340 2757 2388; x_wconf 88' lang='lat' dir='ltr'><strong>neque</strong></span> <span class='ocrx_word' id='word_1_416' title='bbox 2787 2325 3017 2393; x_wconf 84' lang='lat' dir='ltr'><strong>periculo</strong></span> <span class='ocrx_word' id='word_1_417' title='bbox 3049 2343 3271 2383; x_wconf 85' lang='lat' dir='ltr'><strong>vacuum</strong></span> <span class='ocrx_word' id='word_1_418' title='bbox 3314 2342 3389 2386; x_wconf 91' lang='lat' dir='ltr'><strong>est</strong></span> <span class='ocrx_word' id='word_1_419' title='bbox 3428 2333 3490 2387; x_wconf 92' lang='lat' dir='ltr'><strong>ob</strong></span> <span class='ocrx_word' id='word_1_420' title='bbox 3541 2324 3694 2405; x_wconf 71' lang='lat' dir='ltr'><strong>inﬁr-</strong></span> 
     </span>
    </p>
   </div>
   <div class='ocr_carea' id='block_1_54' title="bbox 2066 2406 3691 2497">
    <p class='ocr_par' dir='ltr' id='par_1_54' title="bbox 2066 2406 3691 2497">
     <span class='ocr_line' id='line_1_54' title="bbox 2066 2406 3691 2497; baseline 0.008 -30"><span class='ocrx_word' id='word_1_421' title='bbox 2066 2414 2303 2470; x_wconf 85' lang='lat' dir='ltr'><strong>mitalem</strong></span> <span class='ocrx_word' id='word_1_422' title='bbox 2326 2428 2577 2485; x_wconf 88' lang='lat' dir='ltr'><strong>nostram,</strong></span> <span class='ocrx_word' id='word_1_423' title='bbox 2608 2428 2860 2486; x_wconf 87' lang='lat' dir='ltr'><strong>quantunt</strong></span> <span class='ocrx_word' id='word_1_424' title='bbox 2905 2419 2958 2472; x_wconf 90' lang='lat' dir='ltr'><strong>in</strong></span> <span class='ocrx_word' id='word_1_425' title='bbox 2988 2421 3135 2475; x_wconf 84' lang='lat' dir='ltr'><strong>nobis</strong></span> <span class='ocrx_word' id='word_1_426' title='bbox 3175 2432 3286 2489; x_wconf 87' lang='lat' dir='ltr'><strong>est,</strong></span> <span class='ocrx_word' id='word_1_427' title='bbox 3315 2426 3541 2497; x_wconf 87' lang='lat' dir='ltr'><strong>spoliare</strong></span> <span class='ocrx_word' id='word_1_428' title='bbox 3580 2406 3691 2497; x_wconf 64' lang='lat' dir='ltr'><strong>Pa-</strong></span> 
     </span>
    </p>
   </div>
   <div class='ocr_carea' id='block_1_55' title="bbox 2069 2492 3687 2585">
    <p class='ocr_par' dir='ltr' id='par_1_55' title="bbox 2069 2492 3687 2585">
     <span class='ocr_line' id='line_1_55' title="bbox 2069 2492 3687 2585; baseline 0.009 -27"><span class='ocrx_word' id='word_1_429' title='bbox 2069 2515 2205 2560; x_wconf 87' lang='lat' dir='ltr'><strong>trem</strong></span> <span class='ocrx_word' id='word_1_430' title='bbox 2233 2506 2510 2581; x_wconf 83' lang='lat' dir='ltr'><strong>Unigenito</strong></span> <span class='ocrx_word' id='word_1_431' title='bbox 2533 2526 2649 2579; x_wconf 90' lang='lat' dir='ltr'><strong>suo,</strong></span> <span class='ocrx_word' id='word_1_432' title='bbox 2700 2526 2878 2565; x_wconf 86' lang='lat' dir='ltr'><strong>secum</strong></span> <span class='ocrx_word' id='word_1_433' title='bbox 2930 2527 3133 2581; x_wconf 85' lang='lat' dir='ltr'><strong>semper</strong></span> <span class='ocrx_word' id='word_1_434' title='bbox 3187 2492 3437 2585; x_wconf 57' lang='lat' dir='ltr'><strong>eaistente</strong></span> <span class='ocrx_word' id='word_1_435' title='bbox 3479 2492 3687 2583; x_wconf 52' lang='lat' dir='ltr'><strong>Verbo}</strong></span> 
     </span>
    </p>
   </div>
   <div class='ocr_carea' id='block_1_56' title="bbox 2068 2598 3690 2674">
    <p class='ocr_par' dir='ltr' id='par_1_56' title="bbox 2068 2598 3690 2674">
     <span class='ocr_line' id='line_1_56' title="bbox 2068 2598 3690 2674; baseline 0.009 -23"><span class='ocrx_word' id='word_1_436' title='bbox 2068 2600 2303 2665; x_wconf 84' lang='lat' dir='ltr'><strong>spoliare</strong></span> <span class='ocrx_word' id='word_1_437' title='bbox 2329 2601 2452 2654; x_wconf 88' lang='lat' dir='ltr'><strong>item</strong></span> <span class='ocrx_word' id='word_1_438' title='bbox 2496 2618 2614 2656; x_wconf 88' lang='lat' dir='ltr'><strong>eum</strong></span> <span class='ocrx_word' id='word_1_439' title='bbox 2658 2603 2915 2672; x_wconf 84' lang='lat' dir='ltr'><strong>sapientia</strong></span> <span class='ocrx_word' id='word_1_440' title='bbox 2968 2603 3023 2656; x_wconf 86' lang='lat' dir='ltr'><strong>in</strong></span> <span class='ocrx_word' id='word_1_441' title='bbox 3068 2621 3171 2674; x_wconf 91' lang='lat' dir='ltr'><strong>qua</strong></span> <span class='ocrx_word' id='word_1_442' title='bbox 3217 2598 3524 2674; x_wconf 73' lang='lat' dir='ltr'><strong>ldztabatur;</strong></span> <span class='ocrx_word' id='word_1_443' title='bbox 3567 2600 3690 2665; x_wconf 84' lang='lat' dir='ltr'><strong>inde</strong></span> 
     </span>
    </p>
   </div>
   <div class='ocr_carea' id='block_1_57' title="bbox 2069 2690 3687 2773">
    <p class='ocr_par' dir='ltr' id='par_1_57' title="bbox 2069 2690 3687 2773">
     <span class='ocr_line' id='line_1_57' title="bbox 2069 2690 3687 2773; baseline 0.01 -32"><span class='ocrx_word' id='word_1_444' title='bbox 2069 2690 2209 2742; x_wconf 87' lang='lat' dir='ltr'><strong>enim</strong></span> <span class='ocrx_word' id='word_1_445' title='bbox 2267 2691 2596 2765; x_wconf 87' lang='lat' dir='ltr'><strong>colligeretur</strong></span> <span class='ocrx_word' id='word_1_446' title='bbox 2637 2710 2773 2748; x_wconf 73' lang='lat' dir='ltr'><strong>&#39;eum</strong></span> <span class='ocrx_word' id='word_1_447' title='bbox 2813 2711 2917 2749; x_wconf 90' lang='lat' dir='ltr'><strong>non</strong></span> <span class='ocrx_word' id='word_1_448' title='bbox 2956 2711 3159 2769; x_wconf 84' lang='lat' dir='ltr'><strong>semper</strong></span> <span class='ocrx_word' id='word_1_449' title='bbox 3205 2690 3436 2754; x_wconf 77' lang='lat' dir='ltr'><strong>lwtatunt</strong></span> <span class='ocrx_word' id='word_1_450' title='bbox 3487 2703 3687 2773; x_wconf 76' lang='lat' dir='ltr'><strong>fuisse:</strong></span> 
     </span>
    </p>
   </div>
   <div class='ocr_carea' id='block_1_58' title="bbox 2074 2778 3688 2861">
    <p class='ocr_par' dir='ltr' id='par_1_58' title="bbox 2074 2778 3688 2861">
     <span class='ocr_line' id='line_1_58' title="bbox 2074 2778 3688 2861; baseline 0.01 -28"><span class='ocrx_word' id='word_1_451' title='bbox 2074 2778 2210 2836; x_wconf 85' lang='lat' dir='ltr'><strong>Ecce</strong></span> <span class='ocrx_word' id='word_1_452' title='bbox 2235 2800 2326 2861; x_wconf 82' lang='lat' dir='ltr'><strong>nos</strong></span> <span class='ocrx_word' id='word_1_453' title='bbox 2347 2785 2760 2841; x_wconf 78' lang='lat' dir='ltr'><strong>demonstremus</strong></span> <span class='ocrx_word' id='word_1_454' title='bbox 2786 2787 2931 2842; x_wconf 87' lang='lat' dir='ltr'><strong>istius</strong></span> <span class='ocrx_word' id='word_1_455' title='bbox 2956 2789 3095 2842; x_wconf 84' lang='lat' dir='ltr'><strong>modi</strong></span> <span class='ocrx_word' id='word_1_456' title='bbox 3116 2793 3422 2847; x_wconf 87' lang='lat' dir='ltr'><strong>sententiam</strong></span> <span class='ocrx_word' id='word_1_457' title='bbox 3445 2812 3478 2849; x_wconf 93' lang='lat' dir='ltr'><strong>a</strong></span> <span class='ocrx_word' id='word_1_458' title='bbox 3508 2788 3688 2849; x_wconf 84' lang='lat' dir='ltr'><strong>Patri-</strong></span> 
     </span>
    </p>
   </div>
   <div class='ocr_carea' id='block_1_59' title="bbox 2071 2873 3682 2959">
    <p class='ocr_par' dir='ltr' id='par_1_59' title="bbox 2071 2873 3682 2959">
     <span class='ocr_line' id='line_1_59' title="bbox 2071 2873 3682 2959; baseline 0.007 -32"><span class='ocrx_word' id='word_1_459' title='bbox 2071 2873 2168 2928; x_wconf 88' lang='lat' dir='ltr'><strong>bus</strong></span> <span class='ocrx_word' id='word_1_460' title='bbox 2199 2876 2267 2928; x_wconf 88' lang='lat' dir='ltr'><strong>ad</strong></span> <span class='ocrx_word' id='word_1_461' title='bbox 2292 2875 2476 2959; x_wconf 79' lang='lat' dir='ltr'><strong>Patres</strong></span> <span class='ocrx_word' id='word_1_462' title='bbox 2503 2878 2652 2948; x_wconf 88' lang='lat' dir='ltr'><strong>quasi</strong></span> <span class='ocrx_word' id='word_1_463' title='bbox 2670 2896 2761 2959; x_wconf 78' lang='lat' dir='ltr'><strong>per</strong></span> <span class='ocrx_word' id='word_1_464' title='bbox 2787 2895 2972 2934; x_wconf 88' lang='lat' dir='ltr'><strong>manus</strong></span> <span class='ocrx_word' id='word_1_465' title='bbox 3013 2881 3258 2936; x_wconf 85' lang='lat' dir='ltr'><strong>traditam</strong></span> <span class='ocrx_word' id='word_1_466' title='bbox 3288 2899 3422 2939; x_wconf 89' lang='lat' dir='ltr'><strong>esse.</strong></span> <span class='ocrx_word' id='word_1_467' title='bbox 3460 2876 3558 2939; x_wconf 85' lang='lat' dir='ltr'><strong>Vos</strong></span> <span class='ocrx_word' id='word_1_468' title='bbox 3579 2876 3682 2939; x_wconf 85' lang='lat' dir='ltr'><strong>au-</strong></span> 
     </span>
    </p>
   </div>
   <div class='ocr_carea' id='block_1_60' title="bbox 2070 2954 3683 3051">
    <p class='ocr_par' dir='ltr' id='par_1_60' title="bbox 2070 2954 3683 3051">
     <span class='ocr_line' id='line_1_60' title="bbox 2070 2954 3683 3051; baseline 0.007 -31"><span class='ocrx_word' id='word_1_469' title='bbox 2070 2977 2177 3047; x_wconf 84' lang='lat' dir='ltr'><strong>tem</strong></span> <span class='ocrx_word' id='word_1_470' title='bbox 2199 2970 2315 3024; x_wconf 85' lang='lat' dir='ltr'><strong>novi</strong></span> <span class='ocrx_word' id='word_1_471' title='bbox 2345 2954 2553 3045; x_wconf 71' lang='lat' dir='ltr'><strong>Judaei,</strong></span> <span class='ocrx_word' id='word_1_472' title='bbox 2584 2983 2631 3026; x_wconf 90' lang='lat' dir='ltr'><strong>et</strong></span> <span class='ocrx_word' id='word_1_473' title='bbox 2662 2954 2920 3051; x_wconf 66' lang='lat' dir='ltr'><strong>Discipuli</strong></span> <span class='ocrx_word' id='word_1_474' title='bbox 2962 2964 3205 3044; x_wconf 64' lang='lat' dir='ltr'><strong>Caiphae,</strong></span> <span class='ocrx_word' id='word_1_475' title='bbox 3255 2992 3383 3045; x_wconf 89' lang='lat' dir='ltr'><strong>quos</strong></span> <span class='ocrx_word' id='word_1_476' title='bbox 3413 2964 3683 3031; x_wconf 82' lang='lat' dir='ltr'><strong>verborum</strong></span> 
     </span>
    </p>
   </div>
   <div class='ocr_carea' id='block_1_61' title="bbox 2070 3052 3680 3135">
    <p class='ocr_par' dir='ltr' id='par_1_61' title="bbox 2070 3052 3680 3135">
     <span class='ocr_line' id='line_1_61' title="bbox 2070 3052 3680 3135; baseline 0.007 -23"><span class='ocrx_word' id='word_1_477' title='bbox 2070 3069 2357 3115; x_wconf 84' lang='lat' dir='ltr'><strong>vestrorum</strong></span> <span class='ocrx_word' id='word_1_478' title='bbox 2406 3059 2590 3117; x_wconf 85' lang='lat' dir='ltr'><strong>Patres</strong></span> <span class='ocrx_word' id='word_1_479' title='bbox 2619 3079 2681 3116; x_wconf 89' lang='lat' dir='ltr'><strong>ac</strong></span> <span class='ocrx_word' id='word_1_480' title='bbox 2735 3060 2969 3135; x_wconf 81' lang='lat' dir='ltr'><strong>Majores</strong></span> <span class='ocrx_word' id='word_1_481' title='bbox 3012 3052 3376 3120; x_wconf 85' lang='lat' dir='ltr'><strong>demonstratis</strong></span> <span class='ocrx_word' id='word_1_482' title='bbox 3410 3108 3425 3132; x_wconf 92' lang='lat'><strong>,</strong></span> <span class='ocrx_word' id='word_1_483' title='bbox 3471 3084 3588 3121; x_wconf 89' lang='lat' dir='ltr'><strong>cum</strong></span> <span class='ocrx_word' id='word_1_484' title='bbox 3617 3082 3680 3124; x_wconf 87' lang='lat' dir='ltr'><strong>ne</strong></span> 
     </span>
    </p>
   </div>
   <div class='ocr_carea' id='block_1_62' title="bbox 335 3144 3677 3243">
    <p class='ocr_par' dir='ltr' id='par_1_62' title="bbox 335 3144 3677 3243">
     <span class='ocr_line' id='line_1_62' title="bbox 335 3144 3677 3243; baseline -0.003 -17"><span class='ocrx_word' id='word_1_485' title='bbox 335 3144 606 3243; x_wconf 64' lang='lat' dir='ltr'><strong>quoniam</strong></span> <span class='ocrx_word' id='word_1_486' title='bbox 656 3166 712 3222; x_wconf 93' lang='lat' dir='ltr'><strong>in</strong></span> <span class='ocrx_word' id='word_1_487' title='bbox 762 3165 1029 3236; x_wconf 82' lang='lat' dir='ltr'><strong>principio</strong></span> <span class='ocrx_word' id='word_1_488' title='bbox 1072 3169 1192 3218; x_wconf 88' lang='lat' dir='ltr'><strong>erat</strong></span> <span class='ocrx_word' id='word_1_489' title='bbox 1230 3157 1507 3215; x_wconf 79' lang='lat' dir='ltr'><strong>Verbum:</strong></span> <span class='ocrx_word' id='word_1_490' title='bbox 1556 3154 1654 3209; x_wconf 88' lang='lat' dir='ltr'><strong>sed</strong></span> <span class='ocrx_word' id='word_1_491' title='bbox 1700 3151 1960 3223; x_wconf 87' lang='lat' dir='ltr'><strong>quoniam</strong></span> <span class='ocrx_word' id='word_1_492' title='bbox 1991 3144 2037 3207; x_wconf 90' lang='lat' dir='ltr'><strong>C</strong></span> <span class='ocrx_word' id='word_1_493' title='bbox 2068 3171 2230 3210; x_wconf 86' lang='lat' dir='ltr'><strong>unum</strong></span> <span class='ocrx_word' id='word_1_494' title='bbox 2270 3156 2561 3228; x_wconf 77' lang='lat' dir='ltr'><strong>quidemea:</strong></span> <span class='ocrx_word' id='word_1_495' title='bbox 2585 3158 2923 3229; x_wconf 81' lang='lat' dir='ltr'><strong>prudentibus</strong></span> <span class='ocrx_word' id='word_1_496' title='bbox 2949 3199 2965 3226; x_wconf 91' lang='lat'><strong>,</strong></span> <span class='ocrx_word' id='word_1_497' title='bbox 3018 3169 3108 3214; x_wconf 89' lang='lat' dir='ltr'><strong>aut</strong></span> <span class='ocrx_word' id='word_1_498' title='bbox 3139 3160 3299 3216; x_wconf 76' lang='lat' dir='ltr'><strong>doctis</strong></span> <span class='ocrx_word' id='word_1_499' title='bbox 3329 3162 3387 3215; x_wconf 88' lang='lat' dir='ltr'><strong>in</strong></span> <span class='ocrx_word' id='word_1_500' title='bbox 3415 3158 3677 3217; x_wconf 85' lang='lat' dir='ltr'><strong>auctorem</strong></span> 
     </span>
    </p>
   </div>
   <div class='ocr_carea' id='block_1_63' title="bbox 337 3245 1962 3331">
    <p class='ocr_par' dir='ltr' id='par_1_63' title="bbox 337 3245 1962 3331">
     <span class='ocr_line' id='line_1_63' title="bbox 337 3245 1962 3331; baseline -0.014 -10"><span class='ocrx_word' id='word_1_501' title='bbox 337 3245 591 3321; x_wconf 78' lang='lat' dir='ltr'><strong>Verbum</strong></span> <span class='ocrx_word' id='word_1_502' title='bbox 616 3258 835 3331; x_wconf 85' lang='lat' dir='ltr'><strong>quidem</strong></span> <span class='ocrx_word' id='word_1_503' title='bbox 867 3266 987 3314; x_wconf 81' lang='lat' dir='ltr'><strong>erat</strong></span> <span class='ocrx_word' id='word_1_504' title='bbox 1008 3256 1079 3311; x_wconf 86' lang='lat' dir='ltr'><strong>ab</strong></span> <span class='ocrx_word' id='word_1_505' title='bbox 1120 3253 1235 3308; x_wconf 90' lang='lat' dir='ltr'><strong>alto</strong></span> <span class='ocrx_word' id='word_1_506' title='bbox 1269 3251 1431 3320; x_wconf 85' lang='lat' dir='ltr'><strong>petita</strong></span> <span class='ocrx_word' id='word_1_507' title='bbox 1456 3246 1688 3317; x_wconf 71' lang='lat' dir='ltr'><strong>origine,</strong></span> <span class='ocrx_word' id='word_1_508' title='bbox 1718 3245 1962 3300; x_wconf 84' lang='lat' dir='ltr'><strong>divinum</strong></span> 
     </span>
    </p>
   </div>
   <div class='ocr_carea' id='block_1_64' title="bbox 342 3336 1963 3423">
    <p class='ocr_par' dir='ltr' id='par_1_64' title="bbox 342 3336 1963 3423">
     <span class='ocr_line' id='line_1_64' title="bbox 342 3336 1963 3423; baseline -0.014 -9"><span class='ocrx_word' id='word_1_509' title='bbox 342 3358 737 3415; x_wconf 81' lang='lat' dir='ltr'><strong>universorum</strong></span> <span class='ocrx_word' id='word_1_510' title='bbox 766 3351 1092 3423; x_wconf 73' lang='lat' dir='ltr'><strong>principium</strong></span> <span class='ocrx_word' id='word_1_511' title='bbox 1117 3387 1131 3412; x_wconf 91' lang='lat'><strong>,</strong></span> <span class='ocrx_word' id='word_1_512' title='bbox 1162 3354 1216 3400; x_wconf 89' lang='lat' dir='ltr'><strong>et</strong></span> <span class='ocrx_word' id='word_1_513' title='bbox 1257 3342 1376 3408; x_wconf 77' lang='lat' dir='ltr'><strong>luit,</strong></span> <span class='ocrx_word' id='word_1_514' title='bbox 1396 3349 1452 3397; x_wconf 89' lang='lat' dir='ltr'><strong>et</strong></span> <span class='ocrx_word' id='word_1_515' title='bbox 1478 3349 1584 3395; x_wconf 88' lang='lat' dir='ltr'><strong>est.</strong></span> <span class='ocrx_word' id='word_1_516' title='bbox 1616 3336 1749 3405; x_wconf 83' lang='lat' dir='ltr'><strong>Quia</strong></span> <span class='ocrx_word' id='word_1_517' title='bbox 1780 3344 1963 3392; x_wconf 89' lang='lat' dir='ltr'><strong>autem</strong></span> 
     </span>
    </p>
   </div>
   <div class='ocr_carea' id='block_1_65' title="bbox 338 3429 1966 3511">
    <p class='ocr_par' dir='ltr' id='par_1_65' title="bbox 338 3429 1966 3511">
     <span class='ocr_line' id='line_1_65' title="bbox 338 3429 1966 3511; baseline -0.013 -6"><span class='ocrx_word' id='word_1_518' title='bbox 338 3460 495 3506; x_wconf 88' lang='lat' dir='ltr'><strong>nunc</strong></span> <span class='ocrx_word' id='word_1_519' title='bbox 524 3454 726 3501; x_wconf 86' lang='lat' dir='ltr'><strong>nomen</strong></span> <span class='ocrx_word' id='word_1_520' title='bbox 759 3441 968 3511; x_wconf 80' lang='lat' dir='ltr'><strong>accepit</strong></span> <span class='ocrx_word' id='word_1_521' title='bbox 980 3440 1116 3496; x_wconf 90' lang='lat' dir='ltr'><strong>olim</strong></span> <span class='ocrx_word' id='word_1_522' title='bbox 1139 3435 1556 3496; x_wconf 72' lang='lat' dir='ltr'><strong>sanctificatum,</strong></span> <span class='ocrx_word' id='word_1_523' title='bbox 1587 3437 1856 3500; x_wconf 84' lang='lat' dir='ltr'><strong>potestate</strong></span> <span class='ocrx_word' id='word_1_524' title='bbox 1880 3429 1966 3484; x_wconf 86' lang='lat' dir='ltr'><strong>di-</strong></span> 
     </span>
    </p>
   </div>
   <div class='ocr_carea' id='block_1_66' title="bbox 335 3523 1961 3616">
    <p class='ocr_par' dir='ltr' id='par_1_66' title="bbox 335 3523 1961 3616">
     <span class='ocr_line' id='line_1_66' title="bbox 335 3523 1961 3616; baseline -0.014 -16"><span class='ocrx_word' id='word_1_525' title='bbox 335 3558 541 3616; x_wconf 74' lang='lat' dir='ltr'><strong>gnum,</strong></span> <span class='ocrx_word' id='word_1_526' title='bbox 567 3539 813 3596; x_wconf 85' lang='lat' dir='ltr'><strong>Christus</strong></span> <span class='ocrx_word' id='word_1_527' title='bbox 838 3578 853 3602; x_wconf 92' lang='lat'><strong>,</strong></span> <span class='ocrx_word' id='word_1_528' title='bbox 890 3549 1089 3592; x_wconf 88' lang='lat' dir='ltr'><strong>novum</strong></span> <span class='ocrx_word' id='word_1_529' title='bbox 1121 3531 1253 3588; x_wconf 90' lang='lat' dir='ltr'><strong>mihi</strong></span> <span class='ocrx_word' id='word_1_530' title='bbox 1277 3536 1526 3584; x_wconf 77' lang='lat' dir='ltr'><strong>vocatum</strong></span> <span class='ocrx_word' id='word_1_531' title='bbox 1558 3531 1643 3578; x_wconf 84' lang='lat' dir='ltr'><strong>est</strong></span> <span class='ocrx_word' id='word_1_532' title='bbox 1666 3523 1961 3577; x_wconf 84' lang='lat' dir='ltr'><strong>canticum.</strong></span> 
     </span>
    </p>
   </div>
   <div class='ocr_carea' id='block_1_67' title="bbox 337 3615 1961 3702">
    <p class='ocr_par' dir='ltr' id='par_1_67' title="bbox 337 3615 1961 3702">
     <span class='ocr_line' id='line_1_67' title="bbox 337 3615 1961 3702; baseline -0.017 -9"><span class='ocrx_word' id='word_1_533' title='bbox 337 3615 451 3693; x_wconf 78' lang='lat' dir='ltr'><strong>ilic</strong></span> <span class='ocrx_word' id='word_1_534' title='bbox 471 3645 608 3702; x_wconf 74' lang='lat' dir='ltr'><strong>ergo</strong></span> <span class='ocrx_word' id='word_1_535' title='bbox 641 3630 876 3686; x_wconf 84' lang='lat' dir='ltr'><strong>Verbum</strong></span> <span class='ocrx_word' id='word_1_536' title='bbox 902 3628 1178 3688; x_wconf 86' lang='lat' dir='ltr'><strong>Christus,</strong></span> <span class='ocrx_word' id='word_1_537' title='bbox 1209 3627 1266 3678; x_wconf 88' lang='lat' dir='ltr'><strong>et</strong></span> <span class='ocrx_word' id='word_1_538' title='bbox 1293 3629 1350 3676; x_wconf 90' lang='lat' dir='ltr'><strong>ut</strong></span> <span class='ocrx_word' id='word_1_539' title='bbox 1390 3634 1490 3674; x_wconf 91' lang='lat' dir='ltr'><strong>nos</strong></span> <span class='ocrx_word' id='word_1_540' title='bbox 1512 3615 1640 3671; x_wconf 90' lang='lat' dir='ltr'><strong>olim</strong></span> <span class='ocrx_word' id='word_1_541' title='bbox 1667 3628 1912 3670; x_wconf 68' lang='lat' dir='ltr'><strong>essemus</strong></span> <span class='ocrx_word' id='word_1_542' title='bbox 1945 3656 1961 3680; x_wconf 90' lang='lat'><strong>,</strong></span> 
     </span>
    </p>
   </div>
   <div class='ocr_carea' id='block_1_68' title="bbox 338 3707 1960 3788">
    <p class='ocr_par' dir='ltr' id='par_1_68' title="bbox 338 3707 1960 3788">
     <span class='ocr_line' id='line_1_68' title="bbox 338 3707 1960 3788; baseline -0.016 -1"><span class='ocrx_word' id='word_1_543' title='bbox 338 3732 475 3787; x_wconf 82' lang='lat' dir='ltr'><strong>erat</strong></span> <span class='ocrx_word' id='word_1_544' title='bbox 512 3725 661 3781; x_wconf 86' lang='lat' dir='ltr'><strong>enim</strong></span> <span class='ocrx_word' id='word_1_545' title='bbox 714 3724 768 3777; x_wconf 91' lang='lat' dir='ltr'><strong>in</strong></span> <span class='ocrx_word' id='word_1_546' title='bbox 813 3722 945 3788; x_wconf 89' lang='lat' dir='ltr'><strong>Deo,</strong></span> <span class='ocrx_word' id='word_1_547' title='bbox 1002 3725 1140 3775; x_wconf 88' lang='lat' dir='ltr'><strong>etut</strong></span> <span class='ocrx_word' id='word_1_548' title='bbox 1167 3716 1310 3771; x_wconf 89' lang='lat' dir='ltr'><strong>bene</strong></span> <span class='ocrx_word' id='word_1_549' title='bbox 1335 3712 1608 3775; x_wconf 85' lang='lat' dir='ltr'><strong>videmus,</strong></span> <span class='ocrx_word' id='word_1_550' title='bbox 1646 3722 1811 3763; x_wconf 88' lang='lat' dir='ltr'><strong>causa</strong></span> <span class='ocrx_word' id='word_1_551' title='bbox 1841 3707 1960 3762; x_wconf 84' lang='lat' dir='ltr'><strong>iuit.</strong></span> 
     </span>
    </p>
   </div>
   <div class='ocr_carea' id='block_1_69' title="bbox 338 3797 1960 3884">
    <p class='ocr_par' dir='ltr' id='par_1_69' title="bbox 338 3797 1960 3884">
     <span class='ocr_line' id='line_1_69' title="bbox 338 3797 1960 3884; baseline -0.016 -6"><span class='ocrx_word' id='word_1_552' title='bbox 338 3821 508 3878; x_wconf 81' lang='lat' dir='ltr'><strong>Nunc</strong></span> <span class='ocrx_word' id='word_1_553' title='bbox 533 3824 716 3872; x_wconf 85' lang='lat' dir='ltr'><strong>autem</strong></span> <span class='ocrx_word' id='word_1_554' title='bbox 756 3813 1005 3884; x_wconf 84' lang='lat' dir='ltr'><strong>apparuit</strong></span> <span class='ocrx_word' id='word_1_555' title='bbox 1055 3806 1366 3864; x_wconf 88' lang='lat' dir='ltr'><strong>hominibus</strong></span> <span class='ocrx_word' id='word_1_556' title='bbox 1409 3803 1495 3859; x_wconf 88' lang='lat' dir='ltr'><strong>hic</strong></span> <span class='ocrx_word' id='word_1_557' title='bbox 1524 3802 1642 3872; x_wconf 89' lang='lat' dir='ltr'><strong>ipse</strong></span> <span class='ocrx_word' id='word_1_558' title='bbox 1677 3797 1911 3854; x_wconf 81' lang='lat' dir='ltr'><strong>Verbum</strong></span> <span class='ocrx_word' id='word_1_559' title='bbox 1940 3838 1960 3865; x_wconf 94' lang='lat'><strong>,</strong></span> 
     </span>
    </p>
   </div>
   <div class='ocr_carea' id='block_1_70' title="bbox 339 3890 1964 3985">
    <p class='ocr_par' dir='ltr' id='par_1_70' title="bbox 339 3890 1964 3985">
     <span class='ocr_line' id='line_1_70' title="bbox 339 3890 1964 3985; baseline -0.014 -16"><span class='ocrx_word' id='word_1_560' title='bbox 339 3914 446 3985; x_wconf 77' lang='lat' dir='ltr'><strong>qui</strong></span> <span class='ocrx_word' id='word_1_561' title='bbox 471 3910 625 3967; x_wconf 87' lang='lat' dir='ltr'><strong>solus</strong></span> <span class='ocrx_word' id='word_1_562' title='bbox 651 3916 736 3963; x_wconf 86' lang='lat' dir='ltr'><strong>est</strong></span> <span class='ocrx_word' id='word_1_563' title='bbox 776 3906 936 3962; x_wconf 88' lang='lat' dir='ltr'><strong>ambo</strong></span> <span class='ocrx_word' id='word_1_564' title='bbox 966 3900 1161 3967; x_wconf 82' lang='lat' dir='ltr'><strong>Deus,</strong></span> <span class='ocrx_word' id='word_1_565' title='bbox 1193 3908 1250 3956; x_wconf 91' lang='lat' dir='ltr'><strong>et</strong></span> <span class='ocrx_word' id='word_1_566' title='bbox 1300 3899 1483 3952; x_wconf 90' lang='lat' dir='ltr'><strong>homo.</strong></span> <span class='ocrx_word' id='word_1_567' title='bbox 1520 3913 1541 3948; x_wconf 69' lang='grc' dir='ltr'><strong>ι</strong></span> <span class='ocrx_word' id='word_1_568' title='bbox 1584 3890 1714 3946; x_wconf 89' lang='lat' dir='ltr'><strong>Vide</strong></span> <span class='ocrx_word' id='word_1_569' title='bbox 1759 3902 1818 3946; x_wconf 88' lang='lat' dir='ltr'><strong>ut</strong></span> <span class='ocrx_word' id='word_1_570' title='bbox 1844 3906 1964 3947; x_wconf 73' lang='lat' dir='ltr'><strong>mos;</strong></span> 
     </span>
    </p>
   </div>
   <div class='ocr_carea' id='block_1_71' title="bbox 341 3986 1964 4064">
    <p class='ocr_par' dir='ltr' id='par_1_71' title="bbox 341 3986 1964 4064">
     <span class='ocr_line' id='line_1_71' title="bbox 341 3986 1964 4064; baseline -0.013 -3"><span class='ocrx_word' id='word_1_571' title='bbox 341 4006 626 4064; x_wconf 76' lang='lat' dir='ltr'><strong>Christum</strong></span> <span class='ocrx_word' id='word_1_572' title='bbox 663 4000 803 4055; x_wconf 86' lang='lat' dir='ltr'><strong>dicat</strong></span> <span class='ocrx_word' id='word_1_573' title='bbox 843 4007 962 4054; x_wconf 88' lang='lat' dir='ltr'><strong>ante</strong></span> <span class='ocrx_word' id='word_1_574' title='bbox 1003 4010 1211 4051; x_wconf 84' lang='lat' dir='ltr'><strong>carnem</strong></span> <span class='ocrx_word' id='word_1_575' title='bbox 1248 4003 1565 4057; x_wconf 80' lang='lat' dir='ltr'><strong>assumptum</strong></span> <span class='ocrx_word' id='word_1_576' title='bbox 1605 3986 1767 4056; x_wconf 80' lang='lat' dir='ltr'><strong>fuisse</strong></span> <span class='ocrx_word' id='word_1_577' title='bbox 1813 3986 1964 4042; x_wconf 88' lang='lat' dir='ltr'><strong>illum</strong></span> 
     </span>
    </p>
   </div>
   <div class='ocr_carea' id='block_1_72' title="bbox 345 4081 1963 4174">
    <p class='ocr_par' dir='ltr' id='par_1_72' title="bbox 345 4081 1963 4174">
     <span class='ocr_line' id='line_1_72' title="bbox 345 4081 1963 4174; baseline -0.014 -19"><span class='ocrx_word' id='word_1_578' title='bbox 345 4100 531 4174; x_wconf 76' lang='lat' dir='ltr'><strong>ipsum</strong></span> <span class='ocrx_word' id='word_1_579' title='bbox 560 4093 751 4159; x_wconf 85' lang='lat' dir='ltr'><strong>Deum,</strong></span> <span class='ocrx_word' id='word_1_580' title='bbox 781 4092 870 4161; x_wconf 89' lang='lat' dir='ltr'><strong>qui</strong></span> <span class='ocrx_word' id='word_1_581' title='bbox 891 4102 963 4146; x_wconf 89' lang='lat' dir='ltr'><strong>est</strong></span> <span class='ocrx_word' id='word_1_582' title='bbox 991 4131 1007 4156; x_wconf 91' lang='lat'><strong>,</strong></span> <span class='ocrx_word' id='word_1_583' title='bbox 1036 4105 1129 4145; x_wconf 87' lang='lat' dir='ltr'><strong>seu</strong></span> <span class='ocrx_word' id='word_1_584' title='bbox 1157 4088 1243 4157; x_wconf 90' lang='lat' dir='ltr'><strong>qui</strong></span> <span class='ocrx_word' id='word_1_585' title='bbox 1269 4096 1342 4142; x_wconf 87' lang='lat' dir='ltr'><strong>est</strong></span> <span class='ocrx_word' id='word_1_586' title='bbox 1386 4087 1558 4156; x_wconf 85' lang='lat' dir='ltr'><strong>ipsum</strong></span> <span class='ocrx_word' id='word_1_587' title='bbox 1584 4095 1723 4147; x_wconf 86' lang='lat' dir='ltr'><strong>esse,</strong></span> <span class='ocrx_word' id='word_1_588' title='bbox 1751 4091 1800 4136; x_wconf 93' lang='lat' dir='ltr'><strong>et</strong></span> <span class='ocrx_word' id='word_1_589' title='bbox 1824 4081 1877 4134; x_wconf 89' lang='lat' dir='ltr'><strong>in</strong></span> <span class='ocrx_word' id='word_1_590' title='bbox 1904 4096 1963 4135; x_wconf 93' lang='lat' dir='ltr'><strong>eo</strong></span> 
     </span>
    </p>
   </div>
   <div class='ocr_carea' id='block_1_73' title="bbox 345 4176 1961 4264">
    <p class='ocr_par' dir='ltr' id='par_1_73' title="bbox 345 4176 1961 4264">
     <span class='ocr_line' id='line_1_73' title="bbox 345 4176 1961 4264; baseline -0.012 -16"><span class='ocrx_word' id='word_1_591' title='bbox 345 4194 565 4264; x_wconf 86' lang='lat' dir='ltr'><strong>quiest,</strong></span> <span class='ocrx_word' id='word_1_592' title='bbox 596 4186 693 4242; x_wconf 77' lang='lat' dir='ltr'><strong>hoc</strong></span> <span class='ocrx_word' id='word_1_593' title='bbox 718 4195 794 4242; x_wconf 84' lang='lat' dir='ltr'><strong>est</strong></span> <span class='ocrx_word' id='word_1_594' title='bbox 820 4187 873 4240; x_wconf 89' lang='lat' dir='ltr'><strong>in</strong></span> <span class='ocrx_word' id='word_1_595' title='bbox 907 4184 1068 4239; x_wconf 87' lang='lat' dir='ltr'><strong>Patre</strong></span> <span class='ocrx_word' id='word_1_596' title='bbox 1084 4182 1264 4255; x_wconf 79' lang='lat' dir='ltr'><strong>fuisse.</strong></span> <span class='ocrx_word' id='word_1_597' title='bbox 1300 4197 1321 4232; x_wconf 77' lang='grc' dir='ltr'><strong>ι</strong></span> <span class='ocrx_word' id='word_1_598' title='bbox 1356 4176 1623 4250; x_wconf 79' lang='lat' dir='ltr'><strong>Apparuit</strong></span> <span class='ocrx_word' id='word_1_599' title='bbox 1646 4183 1828 4231; x_wconf 90' lang='lat' dir='ltr'><strong>autem</strong></span> <span class='ocrx_word' id='word_1_600' title='bbox 1858 4191 1961 4230; x_wconf 92' lang='lat' dir='ltr'><strong>nu-</strong></span> 
     </span>
    </p>
   </div>
   <div class='ocr_carea' id='block_1_74' title="bbox 348 4270 1964 4360">
    <p class='ocr_par' dir='ltr' id='par_1_74' title="bbox 348 4270 1964 4360">
     <span class='ocr_line' id='line_1_74' title="bbox 348 4270 1964 4360; baseline -0.011 -18"><span class='ocrx_word' id='word_1_601' title='bbox 348 4304 457 4360; x_wconf 87' lang='lat' dir='ltr'><strong>per</strong></span> <span class='ocrx_word' id='word_1_602' title='bbox 474 4285 569 4356; x_wconf 89' lang='lat' dir='ltr'><strong>qui</strong></span> <span class='ocrx_word' id='word_1_603' title='bbox 598 4283 749 4354; x_wconf 90' lang='lat' dir='ltr'><strong>prius</strong></span> <span class='ocrx_word' id='word_1_604' title='bbox 791 4288 907 4337; x_wconf 85' lang='lat' dir='ltr'><strong>erat</strong></span> <span class='ocrx_word' id='word_1_605' title='bbox 949 4279 1238 4336; x_wconf 81' lang='lat' dir='ltr'><strong>Servatur:</strong></span> <span class='ocrx_word' id='word_1_606' title='bbox 1277 4275 1526 4345; x_wconf 81' lang='lat' dir='ltr'><strong>apparuit</strong></span> <span class='ocrx_word' id='word_1_607' title='bbox 1549 4271 1641 4343; x_wconf 90' lang='lat' dir='ltr'><strong>qui</strong></span> <span class='ocrx_word' id='word_1_608' title='bbox 1687 4279 1772 4324; x_wconf 89' lang='lat' dir='ltr'><strong>est</strong></span> <span class='ocrx_word' id='word_1_609' title='bbox 1814 4270 1865 4323; x_wconf 90' lang='lat' dir='ltr'><strong>in</strong></span> <span class='ocrx_word' id='word_1_610' title='bbox 1895 4283 1964 4325; x_wconf 92' lang='lat' dir='ltr'><strong>eo</strong></span> 
     </span>
    </p>
   </div>
   <div class='ocr_carea' id='block_1_75' title="bbox 351 4362 1966 4453">
    <p class='ocr_par' dir='ltr' id='par_1_75' title="bbox 351 4362 1966 4453">
     <span class='ocr_line' id='line_1_75' title="bbox 351 4362 1966 4453; baseline -0.012 -17"><span class='ocrx_word' id='word_1_611' title='bbox 351 4382 591 4453; x_wconf 85' lang='lat' dir='ltr'><strong>quiest:</strong></span> <span class='ocrx_word' id='word_1_612' title='bbox 618 4376 646 4432; x_wconf 83' lang='grc' dir='ltr'>ὁ</span> <span class='ocrx_word' id='word_1_613' title='bbox 676 4379 727 4431; x_wconf 76' lang='grc' dir='ltr'><strong>ὲν</strong></span> <span class='ocrx_word' id='word_1_614' title='bbox 750 4382 824 4432; x_wconf 83' lang='grc' dir='ltr'>τῶ</span> <span class='ocrx_word' id='word_1_615' title='bbox 850 4372 955 4430; x_wconf 80' lang='grc' dir='ltr'><strong>ὄντι</strong></span> <span class='ocrx_word' id='word_1_616' title='bbox 979 4373 1067 4439; x_wconf 74' lang='grc' dir='ltr'><strong>ὧν,</strong></span> <span class='ocrx_word' id='word_1_617' title='bbox 1102 4370 1354 4440; x_wconf 88' lang='lat' dir='ltr'><strong>quoniam</strong></span> <span class='ocrx_word' id='word_1_618' title='bbox 1388 4367 1641 4429; x_wconf 74' lang='lat' dir='ltr'><strong>Verbum;</strong></span> <span class='ocrx_word' id='word_1_619' title='bbox 1673 4362 1817 4432; x_wconf 89' lang='lat' dir='ltr'><strong>quod</strong></span> <span class='ocrx_word' id='word_1_620' title='bbox 1847 4371 1966 4417; x_wconf 84' lang='lat' dir='ltr'><strong>erat</strong></span> 
     </span>
    </p>
   </div>
   <div class='ocr_carea' id='block_1_76' title="bbox 354 4453 1965 4544">
    <p class='ocr_par' dir='ltr' id='par_1_76' title="bbox 354 4453 1965 4544">
     <span class='ocr_line' id='line_1_76' title="bbox 354 4453 1965 4544; baseline -0.014 -14"><span class='ocrx_word' id='word_1_621' title='bbox 354 4472 505 4544; x_wconf 85' lang='lat' dir='ltr'><strong>apud</strong></span> <span class='ocrx_word' id='word_1_622' title='bbox 532 4472 709 4527; x_wconf 88' lang='lat' dir='ltr'><strong>Deum</strong></span> <span class='ocrx_word' id='word_1_623' title='bbox 731 4468 920 4522; x_wconf 87' lang='lat' dir='ltr'><strong>doctor</strong></span> <span class='ocrx_word' id='word_1_624' title='bbox 939 4470 1209 4534; x_wconf 67' lang='lat' dir='ltr'><strong>apparuit,</strong></span> <span class='ocrx_word' id='word_1_625' title='bbox 1232 4476 1330 4531; x_wconf 91' lang='lat' dir='ltr'><strong>per</strong></span> <span class='ocrx_word' id='word_1_626' title='bbox 1350 4457 1495 4532; x_wconf 90' lang='lat' dir='ltr'><strong>quod</strong></span> <span class='ocrx_word' id='word_1_627' title='bbox 1525 4457 1706 4512; x_wconf 82' lang='lat' dir='ltr'><strong>omnia</strong></span> <span class='ocrx_word' id='word_1_628' title='bbox 1735 4464 1859 4509; x_wconf 77' lang='lat' dir='ltr'><strong>Sunt</strong></span> <span class='ocrx_word' id='word_1_629' title='bbox 1886 4453 1965 4509; x_wconf 80' lang='lat' dir='ltr'><strong>fa-</strong></span> 
     </span>
    </p>
   </div>
   <div class='ocr_carea' id='block_1_77' title="bbox 2070 3250 2479 3323">
    <p class='ocr_par' dir='ltr' id='par_1_77' title="bbox 2070 3250 2479 3323">
     <span class='ocr_line' id='line_1_77' title="bbox 2070 3250 2479 3323; baseline 0.007 -20"><span class='ocrx_word' id='word_1_630' title='bbox 2070 3250 2231 3304; x_wconf 88' lang='lat' dir='ltr'><strong>citare</strong></span> <span class='ocrx_word' id='word_1_631' title='bbox 2252 3252 2479 3323; x_wconf 87' lang='lat' dir='ltr'><strong>possitis.</strong></span> 
     </span>
    </p>
   </div>
   <div class='ocr_carea' id='block_1_78' title="bbox 2141 3334 3678 3419">
    <p class='ocr_par' dir='ltr' id='par_1_78' title="bbox 2141 3334 3678 3419">
     <span class='ocr_line' id='line_1_78' title="bbox 2141 3334 3678 3419; baseline 0.006 -24"><span class='ocrx_word' id='word_1_632' title='bbox 2141 3336 2546 3415; x_wconf 80' lang='lat' dir='ltr'><strong>Theognostum</strong></span> <span class='ocrx_word' id='word_1_633' title='bbox 2597 3344 2848 3419; x_wconf 87' lang='lat' dir='ltr'><strong>addimus</strong></span> <span class='ocrx_word' id='word_1_634' title='bbox 2890 3360 2957 3401; x_wconf 82' lang='lat' dir='ltr'><strong>ex</strong></span> <span class='ocrx_word' id='word_1_635' title='bbox 3007 3334 3308 3403; x_wconf 77' lang='lat' dir='ltr'><strong>Athanasio</strong></span> <span class='ocrx_word' id='word_1_636' title='bbox 3342 3365 3355 3419; x_wconf 87' lang='lat'><strong>:_</strong></span> <span class='ocrx_word' id='word_1_637' title='bbox 3388 3335 3522 3403; x_wconf 84' lang='lat' dir='ltr'><strong>Cum</strong></span> <span class='ocrx_word' id='word_1_638' title='bbox 3552 3335 3678 3404; x_wconf 75' lang='lat' dir='ltr'><strong>eum</strong></span> 
     </span>
    </p>
   </div>
   <div class='ocr_carea' id='block_1_79' title="bbox 2066 3416 3677 3504">
    <p class='ocr_par' dir='ltr' id='par_1_79' title="bbox 2066 3416 3677 3504">
     <span class='ocr_line' id='line_1_79' title="bbox 2066 3416 3677 3504; baseline 0.006 -17"><span class='ocrx_word' id='word_1_639' title='bbox 2066 3448 2188 3487; x_wconf 90' lang='lat' dir='ltr'><strong>cum</strong></span> <span class='ocrx_word' id='word_1_640' title='bbox 2217 3434 2451 3504; x_wconf 82' lang='lat' dir='ltr'><strong>Origene</strong></span> <span class='ocrx_word' id='word_1_641' title='bbox 2486 3436 2649 3491; x_wconf 87' lang='lat' dir='ltr'><strong>simul</strong></span> <span class='ocrx_word' id='word_1_642' title='bbox 2682 3438 3018 3493; x_wconf 90' lang='lat' dir='ltr'><strong>nominatum</strong></span> <span class='ocrx_word' id='word_1_643' title='bbox 3049 3440 3202 3496; x_wconf 85' lang='lat' dir='ltr'><strong>vides</strong></span> <span class='ocrx_word' id='word_1_644' title='bbox 3242 3441 3294 3494; x_wconf 93' lang='lat' dir='ltr'><strong>in</strong></span> <span class='ocrx_word' id='word_1_645' title='bbox 3344 3416 3677 3497; x_wconf 79' lang='lat' dir='ltr'><strong>biblimheca</strong></span> 
     </span>
    </p>
   </div>
   <div class='ocr_carea' id='block_1_80' title="bbox 2068 3526 3672 3605">
    <p class='ocr_par' dir='ltr' id='par_1_80' title="bbox 2068 3526 3672 3605">
     <span class='ocr_line' id='line_1_80' title="bbox 2068 3526 3672 3605; baseline 0.006 -25"><span class='ocrx_word' id='word_1_646' title='bbox 2068 3526 2267 3582; x_wconf 81' lang='lat' dir='ltr'><strong>I‘botii.</strong></span> <span class='ocrx_word' id='word_1_647' title='bbox 2290 3527 2489 3583; x_wconf 87' lang='lat' dir='ltr'><strong>Discite</strong></span> <span class='ocrx_word' id='word_1_648' title='bbox 2506 3530 2601 3602; x_wconf 84' lang='lat' dir='ltr'><strong>(ita</strong></span> <span class='ocrx_word' id='word_1_649' title='bbox 2627 3531 2975 3604; x_wconf 81' lang='lat' dir='ltr'><strong>Athanasius)</strong></span> <span class='ocrx_word' id='word_1_650' title='bbox 2995 3534 3153 3605; x_wconf 86' lang='lat' dir='ltr'><strong>igitur</strong></span> <span class='ocrx_word' id='word_1_651' title='bbox 3175 3551 3333 3600; x_wconf 85' lang='lat' dir='ltr'><strong>nunc,</strong></span> <span class='ocrx_word' id='word_1_652' title='bbox 3354 3533 3562 3589; x_wconf 84' lang='lat' dir='ltr'><strong>Christo</strong></span> <span class='ocrx_word' id='word_1_653' title='bbox 3590 3551 3672 3589; x_wconf 85' lang='lat' dir='ltr'><strong>re-</strong></span> 
     </span>
    </p>
   </div>
   <div class='ocr_carea' id='block_1_81' title="bbox 2064 3610 3676 3705">
    <p class='ocr_par' dir='ltr' id='par_1_81' title="bbox 2064 3610 3676 3705">
     <span class='ocr_line' id='line_1_81' title="bbox 2064 3610 3676 3705; baseline 0.007 -35"><span class='ocrx_word' id='word_1_654' title='bbox 2064 3616 2223 3672; x_wconf 87' lang='lat' dir='ltr'><strong>belles</strong></span> <span class='ocrx_word' id='word_1_655' title='bbox 2251 3620 2452 3687; x_wconf 85' lang='lat' dir='ltr'><strong>Ariaui,</strong></span> <span class='ocrx_word' id='word_1_656' title='bbox 2491 3620 2869 3694; x_wconf 84' lang='lat' dir='ltr'><strong>Theognostum</strong></span> <span class='ocrx_word' id='word_1_657' title='bbox 2884 3626 3048 3680; x_wconf 87' lang='lat' dir='ltr'><strong>virum</strong></span> <span class='ocrx_word' id='word_1_658' title='bbox 3078 3627 3330 3682; x_wconf 88' lang='lat' dir='ltr'><strong>disertum</strong></span> <span class='ocrx_word' id='word_1_659' title='bbox 3354 3616 3456 3682; x_wconf 85' lang='lat' dir='ltr'><strong>non</strong></span> <span class='ocrx_word' id='word_1_660' title='bbox 3483 3610 3676 3705; x_wconf 34' lang='lat' dir='ltr'><strong>obiter.-</strong></span> 
     </span>
    </p>
   </div>
   <div class='ocr_carea' id='block_1_82' title="bbox 2063 3712 3677 3790">
    <p class='ocr_par' dir='ltr' id='par_1_82' title="bbox 2063 3712 3677 3790">
     <span class='ocr_line' id='line_1_82' title="bbox 2063 3712 3677 3790; baseline 0.007 -26"><span class='ocrx_word' id='word_1_661' title='bbox 2063 3712 2231 3766; x_wconf 88' lang='lat' dir='ltr'><strong>ruisse</strong></span> <span class='ocrx_word' id='word_1_662' title='bbox 2276 3729 2307 3765; x_wconf 90' lang='lat' dir='ltr'><strong>a</strong></span> <span class='ocrx_word' id='word_1_663' title='bbox 2342 3713 2591 3785; x_wconf 82' lang='lat' dir='ltr'><strong>vocabulo</strong></span> <span class='ocrx_word' id='word_1_664' title='bbox 2616 3716 2951 3786; x_wconf 63' lang='lat' dir='ltr'><strong>substantiae,</strong></span> <span class='ocrx_word' id='word_1_665' title='bbox 2998 3721 3238 3790; x_wconf 73' lang='lat' dir='ltr'><strong>scribens</strong></span> <span class='ocrx_word' id='word_1_666' title='bbox 3270 3720 3420 3785; x_wconf 74' lang='lat' dir='ltr'><strong>enim</strong></span> <span class='ocrx_word' id='word_1_667' title='bbox 3464 3721 3528 3775; x_wconf 91' lang='lat' dir='ltr'><strong>de</strong></span> <span class='ocrx_word' id='word_1_668' title='bbox 3572 3722 3677 3790; x_wconf 79' lang='lat' dir='ltr'><strong>ﬁde</strong></span> 
     </span>
    </p>
   </div>
   <div class='ocr_carea' id='block_1_83' title="bbox 2065 3804 3678 3877">
    <p class='ocr_par' dir='ltr' id='par_1_83' title="bbox 2065 3804 3678 3877">
     <span class='ocr_line' id='line_1_83' title="bbox 2065 3804 3678 3877; baseline 0.007 -20"><span class='ocrx_word' id='word_1_669' title='bbox 2065 3804 2440 3877; x_wconf 84' lang='lat' dir='ltr'><strong>hipotgposeon</strong></span> <span class='ocrx_word' id='word_1_670' title='bbox 2466 3809 2541 3861; x_wconf 90' lang='lat' dir='ltr'><strong>ita</strong></span> <span class='ocrx_word' id='word_1_671' title='bbox 2565 3808 2767 3864; x_wconf 89' lang='lat' dir='ltr'><strong>locutus</strong></span> <span class='ocrx_word' id='word_1_672' title='bbox 2796 3820 2896 3864; x_wconf 88' lang='lat' dir='ltr'><strong>est:</strong></span> <span class='ocrx_word' id='word_1_673' title='bbox 2928 3828 2947 3863; x_wconf 84' lang='grc' dir='ltr'><strong>ι</strong></span> <span class='ocrx_word' id='word_1_674' title='bbox 2992 3811 3110 3866; x_wconf 86' lang='lat' dir='ltr'><strong>Non</strong></span> <span class='ocrx_word' id='word_1_675' title='bbox 3147 3812 3448 3869; x_wconf 82' lang='lat' dir='ltr'><strong>forinsecus</strong></span> <span class='ocrx_word' id='word_1_676' title='bbox 3483 3804 3576 3868; x_wconf 87' lang='lat' dir='ltr'><strong>aut</strong></span> <span class='ocrx_word' id='word_1_677' title='bbox 3609 3829 3678 3870; x_wconf 80' lang='lat' dir='ltr'><strong>ex</strong></span> 
     </span>
    </p>
   </div>
   <div class='ocr_carea' id='block_1_84' title="bbox 2065 3900 3677 3977">
    <p class='ocr_par' dir='ltr' id='par_1_84' title="bbox 2065 3900 3677 3977">
     <span class='ocr_line' id='line_1_84' title="bbox 2065 3900 3677 3977; baseline 0.006 -22"><span class='ocrx_word' id='word_1_678' title='bbox 2065 3902 2227 3957; x_wconf 89' lang='lat' dir='ltr'><strong>rebus</strong></span> <span class='ocrx_word' id='word_1_679' title='bbox 2275 3905 2551 3960; x_wconf 80' lang='lat' dir='ltr'><strong>extraneis</strong></span> <span class='ocrx_word' id='word_1_680' title='bbox 2589 3900 2713 3960; x_wconf 84' lang='lat' dir='ltr'><strong>Filii</strong></span> <span class='ocrx_word' id='word_1_681' title='bbox 2762 3907 3064 3963; x_wconf 86' lang='lat' dir='ltr'><strong>substantia</strong></span> <span class='ocrx_word' id='word_1_682' title='bbox 3093 3918 3327 3972; x_wconf 86' lang='lat' dir='ltr'><strong>constat.</strong></span> <span class='ocrx_word' id='word_1_683' title='bbox 3385 3918 3562 3977; x_wconf 86' lang='lat' dir='ltr'><strong>neque</strong></span> <span class='ocrx_word' id='word_1_684' title='bbox 3605 3925 3677 3966; x_wconf 82' lang='lat' dir='ltr'><strong>ex</strong></span> 
     </span>
    </p>
   </div>
   <div class='ocr_carea' id='block_1_85' title="bbox 2066 3996 3676 4068">
    <p class='ocr_par' dir='ltr' id='par_1_85' title="bbox 2066 3996 3676 4068">
     <span class='ocr_line' id='line_1_85' title="bbox 2066 3996 3676 4068; baseline 0.006 -19"><span class='ocrx_word' id='word_1_685' title='bbox 2066 4004 2176 4050; x_wconf 86' lang='lat' dir='ltr'><strong>non</strong></span> <span class='ocrx_word' id='word_1_686' title='bbox 2235 3996 2449 4051; x_wconf 90' lang='lat' dir='ltr'><strong>entibus</strong></span> <span class='ocrx_word' id='word_1_687' title='bbox 2507 3998 2847 4068; x_wconf 88' lang='lat' dir='ltr'><strong>producitur,</strong></span> <span class='ocrx_word' id='word_1_688' title='bbox 2897 4000 2993 4057; x_wconf 89' lang='lat' dir='ltr'><strong>sed</strong></span> <span class='ocrx_word' id='word_1_689' title='bbox 3053 4016 3117 4056; x_wconf 80' lang='lat' dir='ltr'><strong>ex</strong></span> <span class='ocrx_word' id='word_1_690' title='bbox 3164 4000 3345 4058; x_wconf 87' lang='lat' dir='ltr'><strong>Patris</strong></span> <span class='ocrx_word' id='word_1_691' title='bbox 3375 4002 3676 4058; x_wconf 67' lang='lat' dir='ltr'><strong>Subiitnntiti</strong></span> 
     </span>
    </p>
   </div>
   <div class='ocr_carea' id='block_1_86' title="bbox 2066 4089 3675 4166">
    <p class='ocr_par' dir='ltr' id='par_1_86' title="bbox 2066 4089 3675 4166">
     <span class='ocr_line' id='line_1_86' title="bbox 2066 4089 3675 4166; baseline 0.002 -21"><span class='ocrx_word' id='word_1_692' title='bbox 2066 4089 2139 4145; x_wconf 85' lang='lat' dir='ltr'><strong>ita</strong></span> <span class='ocrx_word' id='word_1_693' title='bbox 2171 4093 2490 4163; x_wconf 76' lang='lat' dir='ltr'><strong>progenitus</strong></span> <span class='ocrx_word' id='word_1_694' title='bbox 2514 4100 2619 4161; x_wconf 87' lang='lat' dir='ltr'><strong>est,</strong></span> <span class='ocrx_word' id='word_1_695' title='bbox 2654 4104 2710 4148; x_wconf 92' lang='lat' dir='ltr'><strong>ut</strong></span> <span class='ocrx_word' id='word_1_696' title='bbox 2737 4108 2767 4148; x_wconf 89' lang='lat' dir='ltr'><strong>a</strong></span> <span class='ocrx_word' id='word_1_697' title='bbox 2797 4095 2916 4150; x_wconf 90' lang='lat' dir='ltr'><strong>luce</strong></span> <span class='ocrx_word' id='word_1_698' title='bbox 2968 4094 3147 4166; x_wconf 76' lang='lat' dir='ltr'><strong>iubar,</strong></span> <span class='ocrx_word' id='word_1_699' title='bbox 3211 4105 3269 4149; x_wconf 90' lang='lat' dir='ltr'><strong>ut</strong></span> <span class='ocrx_word' id='word_1_700' title='bbox 3298 4092 3362 4150; x_wconf 66' lang='lat' dir='ltr'><strong>ex</strong></span> <span class='ocrx_word' id='word_1_701' title='bbox 3395 4108 3533 4163; x_wconf 81' lang='lat' dir='ltr'><strong>aqua</strong></span> <span class='ocrx_word' id='word_1_702' title='bbox 3581 4090 3675 4149; x_wconf 76' lang='lat' dir='ltr'><strong>va-</strong></span> 
     </span>
    </p>
   </div>
   <div class='ocr_carea' id='block_1_87' title="bbox 2068 4182 3677 4255">
    <p class='ocr_par' dir='ltr' id='par_1_87' title="bbox 2068 4182 3677 4255">
     <span class='ocr_line' id='line_1_87' title="bbox 2068 4182 3677 4255; baseline 0.002 -18"><span class='ocrx_word' id='word_1_703' title='bbox 2068 4198 2186 4253; x_wconf 89' lang='lat' dir='ltr'><strong>por.</strong></span> <span class='ocrx_word' id='word_1_704' title='bbox 2218 4182 2405 4254; x_wconf 82' lang='lat' dir='ltr'><strong>Neque</strong></span> <span class='ocrx_word' id='word_1_705' title='bbox 2451 4188 2595 4239; x_wconf 88' lang='lat' dir='ltr'><strong>enim</strong></span> <span class='ocrx_word' id='word_1_706' title='bbox 2647 4184 2700 4240; x_wconf 90' lang='lat' dir='ltr'><strong>id</strong></span> <span class='ocrx_word' id='word_1_707' title='bbox 2748 4184 2924 4254; x_wconf 84' lang='lat' dir='ltr'><strong>ipsum</strong></span> <span class='ocrx_word' id='word_1_708' title='bbox 2949 4194 3033 4241; x_wconf 88' lang='lat' dir='ltr'><strong>est</strong></span> <span class='ocrx_word' id='word_1_709' title='bbox 3080 4184 3224 4253; x_wconf 86' lang='lat' dir='ltr'><strong>quod</strong></span> <span class='ocrx_word' id='word_1_710' title='bbox 3279 4192 3437 4255; x_wconf 80' lang='lat' dir='ltr'><strong>aqua,</strong></span> <span class='ocrx_word' id='word_1_711' title='bbox 3500 4200 3677 4255; x_wconf 87' lang='lat' dir='ltr'><strong>neque</strong></span> 
     </span>
    </p>
   </div>
   <div class='ocr_carea' id='block_1_88' title="bbox 2061 4270 3673 4346">
    <p class='ocr_par' dir='ltr' id='par_1_88' title="bbox 2061 4270 3673 4346">
     <span class='ocr_line' id='line_1_88' title="bbox 2061 4270 3673 4346; baseline 0.006 -21"><span class='ocrx_word' id='word_1_712' title='bbox 2061 4270 2223 4346; x_wconf 83' lang='lat' dir='ltr'><strong>jubar</strong></span> <span class='ocrx_word' id='word_1_713' title='bbox 2253 4273 2304 4329; x_wconf 82' lang='lat' dir='ltr'><strong>id</strong></span> <span class='ocrx_word' id='word_1_714' title='bbox 2363 4275 2538 4345; x_wconf 89' lang='lat' dir='ltr'><strong>ipsum</strong></span> <span class='ocrx_word' id='word_1_715' title='bbox 2593 4276 2737 4346; x_wconf 88' lang='lat' dir='ltr'><strong>quod</strong></span> <span class='ocrx_word' id='word_1_716' title='bbox 2765 4279 2871 4343; x_wconf 89' lang='lat' dir='ltr'><strong>sol,</strong></span> <span class='ocrx_word' id='word_1_717' title='bbox 2932 4270 3028 4333; x_wconf 86' lang='lat' dir='ltr'><strong>sed</strong></span> <span class='ocrx_word' id='word_1_718' title='bbox 3069 4282 3176 4332; x_wconf 88' lang='lat' dir='ltr'><strong>non</strong></span> <span class='ocrx_word' id='word_1_719' title='bbox 3205 4274 3443 4332; x_wconf 82' lang='lat' dir='ltr'><strong>alienum</strong></span> <span class='ocrx_word' id='word_1_720' title='bbox 3492 4286 3673 4334; x_wconf 86' lang='lat' dir='ltr'><strong>tamen</strong></span> 
     </span>
    </p>
   </div>
   <div class='ocr_carea' id='block_1_89' title="bbox 2065 4364 3671 4437">
    <p class='ocr_par' dir='ltr' id='par_1_89' title="bbox 2065 4364 3671 4437">
     <span class='ocr_line' id='line_1_89' title="bbox 2065 4364 3671 4437; baseline 0.001 -14"><span class='ocrx_word' id='word_1_721' title='bbox 2065 4366 2248 4423; x_wconf 83' lang='lat' dir='ltr'><strong>rerum</strong></span> <span class='ocrx_word' id='word_1_722' title='bbox 2278 4374 2334 4423; x_wconf 91' lang='lat' dir='ltr'><strong>ut</strong></span> <span class='ocrx_word' id='word_1_723' title='bbox 2357 4369 2713 4437; x_wconf 80' lang='lat' dir='ltr'><strong>proﬂuentem</strong></span> <span class='ocrx_word' id='word_1_724' title='bbox 2743 4384 2866 4426; x_wconf 89' lang='lat' dir='ltr'><strong>eum</strong></span> <span class='ocrx_word' id='word_1_725' title='bbox 2892 4384 3013 4425; x_wconf 85' lang='lat' dir='ltr'><strong>esse</strong></span> <span class='ocrx_word' id='word_1_726' title='bbox 3039 4364 3190 4425; x_wconf 84' lang='lat' dir='ltr'><strong>dicas</strong></span> <span class='ocrx_word' id='word_1_727' title='bbox 3210 4368 3387 4425; x_wconf 88' lang='lat' dir='ltr'><strong>Patris</strong></span> <span class='ocrx_word' id='word_1_728' title='bbox 3411 4371 3671 4426; x_wconf 76' lang='lat' dir='ltr'><strong>subsunt-</strong></span> 
     </span>
    </p>
   </div>
   <div class='ocr_carea' id='block_1_90' title="bbox 2067 4458 3674 4529">
    <p class='ocr_par' dir='ltr' id='par_1_90' title="bbox 2067 4458 3674 4529">
     <span class='ocr_line' id='line_1_90' title="bbox 2067 4458 3674 4529; baseline 0.002 -15"><span class='ocrx_word' id='word_1_729' title='bbox 2067 4462 2177 4524; x_wconf 82' lang='lat' dir='ltr'><strong>tiae,</strong></span> <span class='ocrx_word' id='word_1_730' title='bbox 2224 4458 2385 4529; x_wconf 80' lang='lat' dir='ltr'><strong>idque</strong></span> <span class='ocrx_word' id='word_1_731' title='bbox 2424 4460 2494 4514; x_wconf 85' lang='lat' dir='ltr'><strong>ita</strong></span> <span class='ocrx_word' id='word_1_732' title='bbox 2526 4470 2583 4516; x_wconf 85' lang='grc' dir='ltr'><strong>ιιι</strong></span> <span class='ocrx_word' id='word_1_733' title='bbox 2625 4461 2844 4518; x_wconf 81' lang='lat' dir='ltr'><strong>interim</strong></span> <span class='ocrx_word' id='word_1_734' title='bbox 2878 4461 3180 4519; x_wconf 85' lang='lat' dir='ltr'><strong>substantia</strong></span> <span class='ocrx_word' id='word_1_735' title='bbox 3211 4462 3299 4517; x_wconf 85' lang='lat' dir='ltr'><strong>illa</strong></span> <span class='ocrx_word' id='word_1_736' title='bbox 3333 4460 3511 4518; x_wconf 83' lang='lat' dir='ltr'><strong>Pattis</strong></span> <span class='ocrx_word' id='word_1_737' title='bbox 3533 4462 3674 4519; x_wconf 51' lang='lat' dir='ltr'><strong>divi;</strong></span> 
     </span>
    </p>
   </div>
   <div class='ocr_carea' id='block_1_91' title="bbox 356 4533 3673 4633">
    <p class='ocr_par' dir='ltr' id='par_1_91' title="bbox 356 4533 3673 4633">
     <span class='ocr_line' id='line_1_91' title="bbox 356 4533 3673 4633; baseline -0.007 -11"><span class='ocrx_word' id='word_1_738' title='bbox 356 4533 573 4623; x_wconf 69' lang='lat' dir='ltr'><strong>bricata</strong></span> <span class='ocrx_word' id='word_1_739' title='bbox 610 4568 694 4616; x_wconf 77' lang='lat' dir='ltr'><strong>sel</strong></span> <span class='ocrx_word' id='word_1_740' title='bbox 723 4562 881 4633; x_wconf 76' lang='lat' dir='ltr'><strong>infra.</strong></span> <span class='ocrx_word' id='word_1_741' title='bbox 903 4577 923 4611; x_wconf 77' lang='grc' dir='ltr'><strong>ι</strong></span> <span class='ocrx_word' id='word_1_742' title='bbox 956 4533 1194 4613; x_wconf 83' lang='lat' dir='ltr'><strong>Verbum</strong></span> <span class='ocrx_word' id='word_1_743' title='bbox 1212 4554 1522 4618; x_wconf 89' lang='lat' dir='ltr'><strong>Dominum,</strong></span> <span class='ocrx_word' id='word_1_744' title='bbox 1547 4550 1639 4621; x_wconf 89' lang='lat' dir='ltr'><strong>qui</strong></span> <span class='ocrx_word' id='word_1_745' title='bbox 1673 4564 1859 4604; x_wconf 85' lang='lat' dir='ltr'><strong>revera</strong></span> <span class='ocrx_word' id='word_1_746' title='bbox 1889 4557 1974 4603; x_wconf 85' lang='lat' dir='ltr'><strong>est</strong></span> <span class='ocrx_word' id='word_1_747' title='bbox 1997 4533 2053 4595; x_wconf 80' lang='grc' dir='ltr'><strong>Β</strong></span> <span class='ocrx_word' id='word_1_748' title='bbox 2079 4555 2287 4610; x_wconf 84' lang='lat' dir='ltr'><strong>sionem</strong></span> <span class='ocrx_word' id='word_1_749' title='bbox 2318 4560 2425 4609; x_wconf 88' lang='lat' dir='ltr'><strong>non‘</strong></span> <span class='ocrx_word' id='word_1_750' title='bbox 2454 4554 2706 4626; x_wconf 86' lang='lat' dir='ltr'><strong>patiatur.</strong></span> <span class='ocrx_word' id='word_1_751' title='bbox 2739 4552 3203 4622; x_wconf 78' lang='lat' dir='ltr'><strong>Quemadmodum</strong></span> <span class='ocrx_word' id='word_1_752' title='bbox 3237 4546 3378 4610; x_wconf 72' lang='lat' dir='ltr'><strong>enim</strong></span> <span class='ocrx_word' id='word_1_753' title='bbox 3428 4557 3510 4611; x_wconf 72' lang='lat' dir='ltr'><strong>snt</strong></span> <span class='ocrx_word' id='word_1_754' title='bbox 3559 4544 3673 4612; x_wconf 64' lang='grc' dir='ltr'><strong>ποτὶ</strong></span> 
     </span>
    </p>
   </div>
   <div class='ocr_carea' id='block_1_92' title="bbox 360 4642 1973 4721">
    <p class='ocr_par' dir='ltr' id='par_1_92' title="bbox 360 4642 1973 4721">
     <span class='ocr_line' id='line_1_92' title="bbox 360 4642 1973 4721; baseline -0.011 -5"><span class='ocrx_word' id='word_1_755' title='bbox 360 4660 514 4716; x_wconf 84' lang='lat' dir='ltr'><strong>Deus</strong></span> <span class='ocrx_word' id='word_1_756' title='bbox 544 4654 1048 4720; x_wconf 81' lang='lat' dir='ltr'><strong>manifestissimus,</strong></span> <span class='ocrx_word' id='word_1_757' title='bbox 1079 4653 1171 4721; x_wconf 89' lang='lat' dir='ltr'><strong>qui</strong></span> <span class='ocrx_word' id='word_1_758' title='bbox 1210 4656 1296 4704; x_wconf 91' lang='lat' dir='ltr'><strong>est</strong></span> <span class='ocrx_word' id='word_1_759' title='bbox 1330 4647 1708 4703; x_wconf 87' lang='lat' dir='ltr'><strong>universorum</strong></span> <span class='ocrx_word' id='word_1_760' title='bbox 1742 4642 1973 4699; x_wconf 87' lang='lat' dir='ltr'><strong>Domino</strong></span> 
     </span>
    </p>
   </div>
   <div class='ocr_carea' id='block_1_93' title="bbox 365 4734 1967 4821">
    <p class='ocr_par' dir='ltr' id='par_1_93' title="bbox 365 4734 1967 4821">
     <span class='ocr_line' id='line_1_93' title="bbox 365 4734 1967 4821; baseline -0.012 -11"><span class='ocrx_word' id='word_1_761' title='bbox 365 4750 688 4821; x_wconf 60' lang='lat' dir='ltr'><strong>exaequatus</strong></span> <span class='ocrx_word' id='word_1_762' title='bbox 718 4760 733 4814; x_wconf 84' lang='grc'>;</span> <span class='ocrx_word' id='word_1_763' title='bbox 782 4746 1038 4817; x_wconf 86' lang='lat' dir='ltr'><strong>quoniam</strong></span> <span class='ocrx_word' id='word_1_764' title='bbox 1083 4750 1203 4798; x_wconf 88' lang='lat' dir='ltr'><strong>erat</strong></span> <span class='ocrx_word' id='word_1_765' title='bbox 1249 4741 1368 4811; x_wconf 84' lang='lat' dir='ltr'><strong>ejus</strong></span> <span class='ocrx_word' id='word_1_766' title='bbox 1396 4738 1568 4794; x_wconf 77' lang='lat' dir='ltr'><strong>Filius</strong></span> <span class='ocrx_word' id='word_1_767' title='bbox 1597 4778 1612 4801; x_wconf 87' lang='lat'><strong>,</strong></span> <span class='ocrx_word' id='word_1_768' title='bbox 1644 4742 1705 4813; x_wconf 3' lang='lat' dir='ltr'><strong>et,</strong></span> <span class='ocrx_word' id='word_1_769' title='bbox 1733 4734 1967 4791; x_wconf 86' lang='lat' dir='ltr'><strong>Verbum</strong></span> 
     </span>
    </p>
   </div>
   <div class='ocr_carea' id='block_1_94' title="bbox 366 4831 1966 4912">
    <p class='ocr_par' dir='ltr' id='par_1_94' title="bbox 366 4831 1966 4912">
     <span class='ocr_line' id='line_1_94' title="bbox 366 4831 1966 4912; baseline -0.013 -8"><span class='ocrx_word' id='word_1_770' title='bbox 366 4846 570 4904; x_wconf 84' lang='lat' dir='ltr'><strong>eratin</strong></span> <span class='ocrx_word' id='word_1_771' title='bbox 602 4842 715 4899; x_wconf 85' lang='lat' dir='ltr'><strong>Deo</strong></span> <span class='ocrx_word' id='word_1_772' title='bbox 751 4858 772 4895; x_wconf 68' lang='grc' dir='ltr'><strong>ι</strong></span> <span class='ocrx_word' id='word_1_773' title='bbox 804 4841 1140 4912; x_wconf 78' lang='lat' dir='ltr'><strong>Apertissime</strong></span> <span class='ocrx_word' id='word_1_774' title='bbox 1176 4835 1343 4890; x_wconf 86' lang='lat' dir='ltr'><strong>Deum</strong></span> <span class='ocrx_word' id='word_1_775' title='bbox 1391 4848 1501 4890; x_wconf 86' lang='lat' dir='ltr'><strong>esse</strong></span> <span class='ocrx_word' id='word_1_776' title='bbox 1533 4831 1759 4888; x_wconf 84' lang='lat' dir='ltr'><strong>Verbum</strong></span> <span class='ocrx_word' id='word_1_777' title='bbox 1784 4831 1966 4896; x_wconf 88' lang='lat' dir='ltr'><strong>docet,</strong></span> 
     </span>
    </p>
   </div>
   <div class='ocr_carea' id='block_1_95' title="bbox 369 4928 1307 5005">
    <p class='ocr_par' dir='ltr' id='par_1_95' title="bbox 369 4928 1307 5005">
     <span class='ocr_line' id='line_1_95' title="bbox 369 4928 1307 5005; baseline -0.015 -11"><span class='ocrx_word' id='word_1_778' title='bbox 369 4947 419 4994; x_wconf 80' lang='lat' dir='ltr'><strong>et</strong></span> <span class='ocrx_word' id='word_1_779' title='bbox 448 4936 603 4993; x_wconf 84' lang='lat' dir='ltr'><strong>Patri</strong></span> <span class='ocrx_word' id='word_1_780' title='bbox 622 4933 931 5005; x_wconf 73' lang='lat' dir='ltr'><strong>cowqual‘em</strong></span> <span class='ocrx_word' id='word_1_781' title='bbox 958 4944 1058 5004; x_wconf 92' lang='lat' dir='ltr'><strong>quo</strong></span> <span class='ocrx_word' id='word_1_782' title='bbox 1090 4928 1307 4984; x_wconf 79' lang='lat' dir='ltr'><strong>Filium.</strong></span> 
     </span>
    </p>
   </div>
   <div class='ocr_carea' id='block_1_96' title="bbox 445 5016 1989 5102">
    <p class='ocr_par' dir='ltr' id='par_1_96' title="bbox 445 5016 1989 5102">
     <span class='ocr_line' id='line_1_96' title="bbox 445 5016 1989 5102; baseline -0.011 -15"><span class='ocrx_word' id='word_1_783' title='bbox 445 5030 524 5087; x_wconf 76' lang='lat' dir='ltr'><strong>Ab</strong></span> <span class='ocrx_word' id='word_1_784' title='bbox 548 5030 677 5086; x_wconf 77' lang='lat' dir='ltr'><strong>libro</strong></span> <span class='ocrx_word' id='word_1_785' title='bbox 725 5026 1009 5102; x_wconf 80' lang='lat' dir='ltr'><strong>Ptedagogi</strong></span> <span class='ocrx_word' id='word_1_786' title='bbox 1045 5026 1211 5095; x_wconf 86' lang='lat' dir='ltr'><strong>primo</strong></span> <span class='ocrx_word' id='word_1_787' title='bbox 1231 5022 1344 5076; x_wconf 84' lang='lat' dir='ltr'><strong>uide</strong></span> <span class='ocrx_word' id='word_1_788' title='bbox 1364 5029 1419 5075; x_wconf 89' lang='lat' dir='ltr'><strong>ut</strong></span> <span class='ocrx_word' id='word_1_789' title='bbox 1447 5030 1545 5076; x_wconf 85' lang='lat' dir='ltr'><strong>tres</strong></span> <span class='ocrx_word' id='word_1_790' title='bbox 1564 5020 1765 5074; x_wconf 85' lang='lat' dir='ltr'><strong>divinas</strong></span> <span class='ocrx_word' id='word_1_791' title='bbox 1788 5016 1989 5090; x_wconf 58' lang='lat' dir='ltr'><strong>ngo.</strong></span> 
     </span>
    </p>
   </div>
   <div class='ocr_carea' id='block_1_97' title="bbox 369 5110 1971 5198">
    <p class='ocr_par' dir='ltr' id='par_1_97' title="bbox 369 5110 1971 5198">
     <span class='ocr_line' id='line_1_97' title="bbox 369 5110 1971 5198; baseline -0.011 -16"><span class='ocrx_word' id='word_1_792' title='bbox 369 5139 535 5184; x_wconf 83' lang='lat' dir='ltr'><strong>stases</strong></span> <span class='ocrx_word' id='word_1_793' title='bbox 558 5120 870 5198; x_wconf 63' lang='lat' dir='ltr'><strong>conjungi”,</strong></span> <span class='ocrx_word' id='word_1_794' title='bbox 902 5138 934 5175; x_wconf 90' lang='lat' dir='ltr'><strong>a</strong></span> <span class='ocrx_word' id='word_1_795' title='bbox 961 5118 1165 5190; x_wconf 78' lang='lat' dir='ltr'><strong>reliquis</strong></span> <span class='ocrx_word' id='word_1_796' title='bbox 1193 5116 1429 5188; x_wconf 88' lang='lat' dir='ltr'><strong>sejungat</strong></span> <span class='ocrx_word' id='word_1_797' title='bbox 1471 5113 1723 5179; x_wconf 84' lang='lat' dir='ltr'><strong>omnibus,</strong></span> <span class='ocrx_word' id='word_1_798' title='bbox 1772 5114 1816 5167; x_wconf 85' lang='lat' dir='ltr'><strong>ei</strong></span> <span class='ocrx_word' id='word_1_799' title='bbox 1846 5110 1971 5167; x_wconf 84' lang='lat' dir='ltr'><strong>sub-</strong></span> 
     </span>
    </p>
   </div>
   <div class='ocr_carea' id='block_1_98' title="bbox 364 5202 1973 5292">
    <p class='ocr_par' dir='ltr' id='par_1_98' title="bbox 364 5202 1973 5292">
     <span class='ocr_line' id='line_1_98' title="bbox 364 5202 1973 5292; baseline -0.009 -18"><span class='ocrx_word' id='word_1_800' title='bbox 364 5222 563 5292; x_wconf 82' lang='lat' dir='ltr'><strong>jungat&#39;</strong></span> <span class='ocrx_word' id='word_1_801' title='bbox 585 5202 743 5270; x_wconf 79' lang='lat' dir='ltr'><strong>totaui</strong></span> <span class='ocrx_word' id='word_1_802' title='bbox 786 5214 1025 5269; x_wconf 73' lang='lat' dir='ltr'><strong>naturam</strong></span> <span class='ocrx_word' id='word_1_803' title='bbox 1051 5209 1450 5265; x_wconf 84' lang='lat' dir='ltr'><strong>intellectualem</strong></span> <span class='ocrx_word' id='word_1_804' title='bbox 1482 5249 1497 5274; x_wconf 93' lang='lat'><strong>,</strong></span> <span class='ocrx_word' id='word_1_805' title='bbox 1532 5204 1836 5260; x_wconf 72' lang='lat' dir='ltr'><strong>Ecclesium;</strong></span> <span class='ocrx_word' id='word_1_806' title='bbox 1878 5219 1898 5256; x_wconf 76' lang='grc' dir='ltr'><strong>ι</strong></span> <span class='ocrx_word' id='word_1_807' title='bbox 1926 5202 1973 5260; x_wconf 90' lang='lat'><strong>0</strong></span> 
     </span>
    </p>
   </div>
   <div class='ocr_carea' id='block_1_99' title="bbox 374 5296 1974 5381">
    <p class='ocr_par' dir='ltr' id='par_1_99' title="bbox 374 5296 1974 5381">
     <span class='ocr_line' id='line_1_99' title="bbox 374 5296 1974 5381; baseline -0.012 -13"><span class='ocrx_word' id='word_1_808' title='bbox 374 5311 700 5368; x_wconf 73' lang='lat' dir='ltr'><strong>minantum</strong></span> <span class='ocrx_word' id='word_1_809' title='bbox 744 5302 1063 5379; x_wconf 61' lang='lat' dir='ltr'><strong>mysticum!</strong></span> <span class='ocrx_word' id='word_1_810' title='bbox 1098 5302 1249 5360; x_wconf 84' lang='lat' dir='ltr'><strong>Unus</strong></span> <span class='ocrx_word' id='word_1_811' title='bbox 1292 5299 1508 5371; x_wconf 86' lang='lat' dir='ltr'><strong>quidem</strong></span> <span class='ocrx_word' id='word_1_812' title='bbox 1558 5306 1641 5353; x_wconf 79' lang='lat' dir='ltr'><strong>eSt</strong></span> <span class='ocrx_word' id='word_1_813' title='bbox 1670 5296 1974 5381; x_wconf 83' lang='lat' dir='ltr'><strong>universo-</strong></span> 
     </span>
    </p>
   </div>
   <div class='ocr_carea' id='block_1_100' title="bbox 373 5387 1970 5462">
    <p class='ocr_par' dir='ltr' id='par_1_100' title="bbox 373 5387 1970 5462">
     <span class='ocr_line' id='line_1_100' title="bbox 373 5387 1970 5462; baseline -0.013 0"><span class='ocrx_word' id='word_1_814' title='bbox 373 5418 498 5462; x_wconf 87' lang='lat' dir='ltr'><strong>rum</strong></span> <span class='ocrx_word' id='word_1_815' title='bbox 520 5403 702 5459; x_wconf 85' lang='lat' dir='ltr'><strong>Pater.</strong></span> <span class='ocrx_word' id='word_1_816' title='bbox 734 5401 912 5461; x_wconf 77' lang='lat' dir='ltr'><strong>Unum</strong></span> <span class='ocrx_word' id='word_1_817' title='bbox 942 5406 1027 5455; x_wconf 89' lang='lat' dir='ltr'><strong>est</strong></span> <span class='ocrx_word' id='word_1_818' title='bbox 1054 5396 1214 5453; x_wconf 91' lang='lat' dir='ltr'><strong>etiam</strong></span> <span class='ocrx_word' id='word_1_819' title='bbox 1268 5395 1640 5449; x_wconf 87' lang='lat' dir='ltr'><strong>universorum</strong></span> <span class='ocrx_word' id='word_1_820' title='bbox 1687 5387 1927 5444; x_wconf 79' lang='lat' dir='ltr'><strong>Verbum</strong></span> <span class='ocrx_word' id='word_1_821' title='bbox 1952 5427 1970 5456; x_wconf 96' lang='lat'><strong>,</strong></span> 
     </span>
    </p>
   </div>
   <div class='ocr_carea' id='block_1_101' title="bbox 373 5479 1971 5568">
    <p class='ocr_par' dir='ltr' id='par_1_101' title="bbox 373 5479 1971 5568">
     <span class='ocr_line' id='line_1_101' title="bbox 373 5479 1971 5568; baseline -0.012 -14"><span class='ocrx_word' id='word_1_822' title='bbox 373 5508 429 5555; x_wconf 86' lang='lat' dir='ltr'><strong>et</strong></span> <span class='ocrx_word' id='word_1_823' title='bbox 460 5494 697 5568; x_wconf 85' lang='lat' dir='ltr'><strong>Spiritus</strong></span> <span class='ocrx_word' id='word_1_824' title='bbox 736 5498 954 5549; x_wconf 76' lang='lat' dir='ltr'><strong>sanctus</strong></span> <span class='ocrx_word' id='word_1_825' title='bbox 980 5502 1121 5545; x_wconf 86' lang='lat' dir='ltr'><strong>unus</strong></span> <span class='ocrx_word' id='word_1_826' title='bbox 1148 5530 1163 5554; x_wconf 90' lang='lat'><strong>,</strong></span> <span class='ocrx_word' id='word_1_827' title='bbox 1212 5494 1268 5542; x_wconf 89' lang='lat' dir='ltr'><strong>et</strong></span> <span class='ocrx_word' id='word_1_828' title='bbox 1299 5485 1415 5555; x_wconf 80' lang='lat' dir='ltr'><strong>ipse</strong></span> <span class='ocrx_word' id='word_1_829' title='bbox 1452 5490 1537 5540; x_wconf 89' lang='lat' dir='ltr'><strong>est</strong></span> <span class='ocrx_word' id='word_1_830' title='bbox 1586 5482 1805 5553; x_wconf 89' lang='lat' dir='ltr'><strong>ubique.</strong></span> <span class='ocrx_word' id='word_1_831' title='bbox 1853 5479 1971 5536; x_wconf 86' lang='lat' dir='ltr'><strong>Una</strong></span> 
     </span>
    </p>
   </div>
   <div class='ocr_carea' id='block_1_102' title="bbox 374 5570 1969 5653">
    <p class='ocr_par' dir='ltr' id='par_1_102' title="bbox 374 5570 1969 5653">
     <span class='ocr_line' id='line_1_102' title="bbox 374 5570 1969 5653; baseline -0.014 -4"><span class='ocrx_word' id='word_1_832' title='bbox 374 5601 560 5649; x_wconf 85' lang='lat' dir='ltr'><strong>autem</strong></span> <span class='ocrx_word' id='word_1_833' title='bbox 592 5589 708 5646; x_wconf 78' lang='lat' dir='ltr'><strong>sola</strong></span> <span class='ocrx_word' id='word_1_834' title='bbox 735 5586 903 5644; x_wconf 77' lang='lat' dir='ltr'><strong>Mater</strong></span> <span class='ocrx_word' id='word_1_835' title='bbox 929 5590 1015 5642; x_wconf 85' lang='lat' dir='ltr'><strong>est</strong></span> <span class='ocrx_word' id='word_1_836' title='bbox 1058 5582 1251 5653; x_wconf 73' lang='lat' dir='ltr'><strong>Virgo:</strong></span> <span class='ocrx_word' id='word_1_837' title='bbox 1283 5578 1416 5635; x_wconf 79' lang='lat' dir='ltr'><strong>mihi</strong></span> <span class='ocrx_word' id='word_1_838' title='bbox 1439 5582 1619 5634; x_wconf 82' lang='lat' dir='ltr'><strong>autem</strong></span> <span class='ocrx_word' id='word_1_839' title='bbox 1645 5575 1820 5647; x_wconf 83' lang='lat' dir='ltr'><strong>placet</strong></span> <span class='ocrx_word' id='word_1_840' title='bbox 1850 5570 1969 5628; x_wconf 81' lang='lat' dir='ltr'><strong>cani</strong></span> 
     </span>
    </p>
   </div>
   <div class='ocr_carea' id='block_1_103' title="bbox 374 5666 1969 5744">
    <p class='ocr_par' dir='ltr' id='par_1_103' title="bbox 374 5666 1969 5744">
     <span class='ocr_line' id='line_1_103' title="bbox 374 5666 1969 5744; baseline -0.012 -4"><span class='ocrx_word' id='word_1_841' title='bbox 374 5698 578 5741; x_wconf 81' lang='lat' dir='ltr'><strong>vocare</strong></span> <span class='ocrx_word' id='word_1_842' title='bbox 610 5680 928 5738; x_wconf 79' lang='lat' dir='ltr'><strong>Eeclesiam.</strong></span> <span class='ocrx_word' id='word_1_843' title='bbox 966 5695 987 5732; x_wconf 75' lang='grc' dir='ltr'><strong>ι</strong></span> <span class='ocrx_word' id='word_1_844' title='bbox 1020 5674 1182 5733; x_wconf 73' lang='lat' dir='ltr'><strong>Plura</strong></span> <span class='ocrx_word' id='word_1_845' title='bbox 1209 5670 1349 5744; x_wconf 85' lang='lat' dir='ltr'><strong>apud</strong></span> <span class='ocrx_word' id='word_1_846' title='bbox 1400 5670 1648 5734; x_wconf 83' lang='lat' dir='ltr'><strong>eumdem</strong></span> <span class='ocrx_word' id='word_1_847' title='bbox 1680 5666 1969 5725; x_wconf 57' lang='lat' dir='ltr'><strong>Thomasié</strong></span> 
     </span>
    </p>
   </div>
   <div class='ocr_carea' id='block_1_104' title="bbox 377 5776 688 5839">
    <p class='ocr_par' dir='ltr' id='par_1_104' title="bbox 377 5776 688 5839">
     <span class='ocr_line' id='line_1_104' title="bbox 377 5776 688 5839; baseline -0.023 0"><span class='ocrx_word' id='word_1_848' title='bbox 377 5776 513 5839; x_wconf 75' lang='grc' dir='ltr'>ιιυαί</span> <span class='ocrx_word' id='word_1_849' title='bbox 542 5776 688 5835; x_wconf 82' lang='lat' dir='ltr'><strong>vide.</strong></span> 
     </span>
    </p>
   </div>
   <div class='ocr_carea' id='block_1_105' title="bbox 2080 4641 3675 4714">
    <p class='ocr_par' dir='ltr' id='par_1_105' title="bbox 2080 4641 3675 4714">
     <span class='ocr_line' id='line_1_105' title="bbox 2080 4641 3675 4714; baseline 0 -11"><span class='ocrx_word' id='word_1_850' title='bbox 2080 4647 2399 4703; x_wconf 86' lang='lat' dir='ltr'><strong>diminuitur</strong></span> <span class='ocrx_word' id='word_1_851' title='bbox 2435 4646 2547 4702; x_wconf 91' lang='lat' dir='ltr'><strong>suis</strong></span> <span class='ocrx_word' id='word_1_852' title='bbox 2589 4662 2657 4702; x_wconf 80' lang='lat' dir='ltr'><strong>ex</strong></span> <span class='ocrx_word' id='word_1_853' title='bbox 2695 4661 2753 4702; x_wconf 90' lang='lat' dir='ltr'><strong>se</strong></span> <span class='ocrx_word' id='word_1_854' title='bbox 2785 4644 3174 4714; x_wconf 78' lang='lat' dir='ltr'><strong>proﬂuentibus</strong></span> <span class='ocrx_word' id='word_1_855' title='bbox 3205 4641 3370 4701; x_wconf 74' lang='lat' dir='ltr'><strong>ianus</strong></span> <span class='ocrx_word' id='word_1_856' title='bbox 3403 4663 3418 4713; x_wconf 92' lang='lat'><strong>;</strong></span> <span class='ocrx_word' id='word_1_857' title='bbox 3459 4648 3530 4702; x_wconf 87' lang='lat' dir='ltr'><strong>ita</strong></span> <span class='ocrx_word' id='word_1_858' title='bbox 3573 4662 3675 4704; x_wconf 85' lang='lat' dir='ltr'><strong>nec</strong></span> 
     </span>
    </p>
   </div>
   <div class='ocr_carea' id='block_1_106' title="bbox 2079 4730 3670 4819">
    <p class='ocr_par' dir='ltr' id='par_1_106' title="bbox 2079 4730 3670 4819">
     <span class='ocr_line' id='line_1_106' title="bbox 2079 4730 3670 4819; baseline 0.001 -24"><span class='ocrx_word' id='word_1_859' title='bbox 2079 4736 2379 4819; x_wconf 78' lang='lat' dir='ltr'><strong>substantia</strong></span> <span class='ocrx_word' id='word_1_860' title='bbox 2428 4738 2604 4795; x_wconf 88' lang='lat' dir='ltr'><strong>Patris</strong></span> <span class='ocrx_word' id='word_1_861' title='bbox 2644 4738 3061 4797; x_wconf 89' lang='lat' dir='ltr'><strong>diminutionem</strong></span> <span class='ocrx_word' id='word_1_862' title='bbox 3089 4736 3346 4803; x_wconf 74' lang='lat' dir='ltr'><strong>&#39;sustlnct,</strong></span> <span class='ocrx_word' id='word_1_863' title='bbox 3377 4730 3670 4810; x_wconf 72' lang='lat' dir='ltr'><strong>imdginem</strong></span> 
     </span>
    </p>
   </div>
   <div class='ocr_carea' id='block_1_107' title="bbox 2076 4828 3259 4905">
    <p class='ocr_par' dir='ltr' id='par_1_107' title="bbox 2076 4828 3259 4905">
     <span class='ocr_line' id='line_1_107' title="bbox 2076 4828 3259 4905; baseline -0.006 -15"><span class='ocrx_word' id='word_1_864' title='bbox 2076 4834 2158 4890; x_wconf 90' lang='lat' dir='ltr'><strong>sui</strong></span> <span class='ocrx_word' id='word_1_865' title='bbox 2187 4828 2381 4889; x_wconf 84' lang='lat' dir='ltr'><strong>Filium</strong></span> <span class='ocrx_word' id='word_1_866' title='bbox 2416 4831 2759 4905; x_wconf 76' lang='lat' dir='ltr'><strong>progignens.</strong></span> <span class='ocrx_word' id='word_1_867' title='bbox 2794 4846 2813 4887; x_wconf 73' lang='grc' dir='ltr'><strong>ι</strong></span> <span class='ocrx_word' id='word_1_868' title='bbox 3250 4878 3259 4883; x_wconf 77' lang='lat'><strong>.</strong></span> 
     </span>
    </p>
   </div>
   <div class='ocr_carea' id='block_1_108' title="bbox 2145 4918 3677 4999">
    <p class='ocr_par' dir='ltr' id='par_1_108' title="bbox 2145 4918 3677 4999">
     <span class='ocr_line' id='line_1_108' title="bbox 2145 4918 3677 4999; baseline 0.001 -15"><span class='ocrx_word' id='word_1_869' title='bbox 2145 4927 2349 4985; x_wconf 89' lang='lat' dir='ltr'><strong>Ultimo</strong></span> <span class='ocrx_word' id='word_1_870' title='bbox 2372 4926 2861 4984; x_wconf 83' lang='lat' dir='ltr'><strong>Neocaesariensein</strong></span> <span class='ocrx_word' id='word_1_871' title='bbox 2875 4922 3198 4997; x_wconf 77' lang='lat' dir='ltr'><strong>Gregorium</strong></span> <span class='ocrx_word' id='word_1_872' title='bbox 3210 4918 3553 4993; x_wconf 76' lang='lat' dir='ltr'><strong>adduciinus;</strong></span> <span class='ocrx_word' id='word_1_873' title='bbox 3580 4927 3677 4999; x_wconf 78' lang='lat' dir='ltr'><strong>qui</strong></span> 
     </span>
    </p>
   </div>
   <div class='ocr_carea' id='block_1_109' title="bbox 2074 5017 3676 5076">
    <p class='ocr_par' dir='ltr' id='par_1_109' title="bbox 2074 5017 3676 5076">
     <span class='ocr_line' id='line_1_109' title="bbox 2074 5017 3676 5076; baseline -0.001 0"><span class='ocrx_word' id='word_1_874' title='bbox 2074 5035 2169 5076; x_wconf 88' lang='lat' dir='ltr'><strong>sua</strong></span> <span class='ocrx_word' id='word_1_875' title='bbox 2202 5018 2254 5073; x_wconf 89' lang='lat' dir='ltr'><strong>in</strong></span> <span class='ocrx_word' id='word_1_876' title='bbox 2289 5017 2438 5074; x_wconf 87' lang='lat' dir='ltr'><strong>Fidei</strong></span> <span class='ocrx_word' id='word_1_877' title='bbox 2470 5018 2814 5074; x_wconf 78' lang='lat' dir='ltr'><strong>confessione</strong></span> <span class='ocrx_word' id='word_1_878' title='bbox 2845 5020 2923 5073; x_wconf 90' lang='lat' dir='ltr'><strong>sic</strong></span> <span class='ocrx_word' id='word_1_879' title='bbox 2949 5017 3114 5074; x_wconf 76' lang='lat' dir='ltr'><strong>habet</strong></span> <span class='ocrx_word' id='word_1_880' title='bbox 3140 5036 3154 5073; x_wconf 89' lang='lat'><strong>:</strong></span> <span class='ocrx_word' id='word_1_881' title='bbox 3190 5034 3209 5072; x_wconf 82' lang='lat' dir='ltr'><strong>t</strong></span> <span class='ocrx_word' id='word_1_882' title='bbox 3231 5019 3381 5076; x_wconf 84' lang='lat' dir='ltr'><strong>Unus</strong></span> <span class='ocrx_word' id='word_1_883' title='bbox 3404 5019 3549 5075; x_wconf 83' lang='lat' dir='ltr'><strong>Deus</strong></span> <span class='ocrx_word' id='word_1_884' title='bbox 3575 5018 3676 5074; x_wconf 44' lang='lat' dir='ltr'><strong>Pa;</strong></span> 
     </span>
    </p>
   </div>
   <div class='ocr_carea' id='block_1_110' title="bbox 2074 5102 3673 5181">
    <p class='ocr_par' dir='ltr' id='par_1_110' title="bbox 2074 5102 3673 5181">
     <span class='ocr_line' id='line_1_110' title="bbox 2074 5102 3673 5181; baseline -0.001 -11"><span class='ocrx_word' id='word_1_885' title='bbox 2074 5122 2159 5170; x_wconf 89' lang='lat' dir='ltr'><strong>ter</strong></span> <span class='ocrx_word' id='word_1_886' title='bbox 2181 5111 2355 5168; x_wconf 80' lang='lat' dir='ltr'><strong>Verbi</strong></span> <span class='ocrx_word' id='word_1_887' title='bbox 2370 5112 2626 5177; x_wconf 88' lang='lat' dir='ltr'><strong>viventis,</strong></span> <span class='ocrx_word' id='word_1_888' title='bbox 2642 5108 2936 5181; x_wconf 83' lang='lat' dir='ltr'><strong>Sapientiae</strong></span> <span class='ocrx_word' id='word_1_889' title='bbox 2956 5112 3337 5179; x_wconf 77' lang='lat' dir='ltr'><strong>subsistentl‘s,</strong></span> <span class='ocrx_word' id='word_1_890' title='bbox 3368 5122 3422 5168; x_wconf 90' lang='lat' dir='ltr'><strong>et</strong></span> <span class='ocrx_word' id='word_1_891' title='bbox 3453 5102 3673 5168; x_wconf 78' lang='lat' dir='ltr'><strong>virtutis</strong></span> 
     </span>
    </p>
   </div>
   <div class='ocr_carea' id='block_1_111' title="bbox 2073 5203 3671 5277">
    <p class='ocr_par' dir='ltr' id='par_1_111' title="bbox 2073 5203 3671 5277">
     <span class='ocr_line' id='line_1_111' title="bbox 2073 5203 3671 5277; baseline -0.003 -14"><span class='ocrx_word' id='word_1_892' title='bbox 2073 5222 2186 5264; x_wconf 73' lang='lat' dir='ltr'><strong>suae</strong></span> <span class='ocrx_word' id='word_1_893' title='bbox 2199 5215 2256 5262; x_wconf 89' lang='lat' dir='ltr'><strong>et</strong></span> <span class='ocrx_word' id='word_1_894' title='bbox 2271 5203 2461 5275; x_wconf 72' lang='lat' dir='ltr'><strong>figura:</strong></span> <span class='ocrx_word' id='word_1_895' title='bbox 2478 5204 2823 5273; x_wconf 57' lang='lat' dir='ltr'><strong>sempiterna</strong></span> <span class='ocrx_word' id='word_1_896' title='bbox 2843 5222 2855 5258; x_wconf 91' lang='lat'>:</span> <span class='ocrx_word' id='word_1_897' title='bbox 2873 5206 3147 5276; x_wconf 78' lang='lat' dir='ltr'><strong>perfectus</strong></span> <span class='ocrx_word' id='word_1_898' title='bbox 3170 5206 3394 5277; x_wconf 72' lang='lat' dir='ltr'><strong>perfecti</strong></span> <span class='ocrx_word' id='word_1_899' title='bbox 3413 5206 3671 5263; x_wconf 83' lang='lat' dir='ltr'><strong>Genitor:</strong></span> 
     </span>
    </p>
   </div>
   <div class='ocr_carea' id='block_1_112' title="bbox 2071 5294 3668 5369">
    <p class='ocr_par' dir='ltr' id='par_1_112' title="bbox 2071 5294 3668 5369">
     <span class='ocr_line' id='line_1_112' title="bbox 2071 5294 3668 5369; baseline -0.001 -12"><span class='ocrx_word' id='word_1_900' title='bbox 2071 5302 2231 5357; x_wconf 87' lang='lat' dir='ltr'><strong>Pater</strong></span> <span class='ocrx_word' id='word_1_901' title='bbox 2251 5296 2377 5355; x_wconf 85' lang='lat' dir='ltr'><strong>Filii</strong></span> <span class='ocrx_word' id='word_1_902' title='bbox 2405 5294 2702 5369; x_wconf 78' lang='lat' dir='ltr'><strong>Unigeniti,</strong></span> <span class='ocrx_word' id='word_1_903' title='bbox 2737 5297 2888 5354; x_wconf 85' lang='lat' dir='ltr'><strong>Unus</strong></span> <span class='ocrx_word' id='word_1_904' title='bbox 2913 5296 3198 5366; x_wconf 76' lang='lat' dir='ltr'><strong>Dominus,</strong></span> <span class='ocrx_word' id='word_1_905' title='bbox 3259 5300 3409 5356; x_wconf 82' lang='lat' dir='ltr'><strong>s‘olus</strong></span> <span class='ocrx_word' id='word_1_906' title='bbox 3434 5312 3501 5356; x_wconf 80' lang='lat' dir='ltr'><strong>ex</strong></span> <span class='ocrx_word' id='word_1_907' title='bbox 3524 5300 3668 5367; x_wconf 69' lang='lat' dir='ltr'><strong>solo;</strong></span> 
     </span>
    </p>
   </div>
   <div class='ocr_carea' id='block_1_113' title="bbox 2074 5388 3675 5456">
    <p class='ocr_par' dir='ltr' id='par_1_113' title="bbox 2074 5388 3675 5456">
     <span class='ocr_line' id='line_1_113' title="bbox 2074 5388 3675 5456; baseline -0.001 -6"><span class='ocrx_word' id='word_1_908' title='bbox 2074 5391 2218 5450; x_wconf 81' lang='lat' dir='ltr'><strong>Deus</strong></span> <span class='ocrx_word' id='word_1_909' title='bbox 2250 5392 2320 5446; x_wconf 90' lang='lat' dir='ltr'><strong>de</strong></span> <span class='ocrx_word' id='word_1_910' title='bbox 2373 5391 2483 5449; x_wconf 89' lang='lat' dir='ltr'><strong>Deo</strong></span> <span class='ocrx_word' id='word_1_911' title='bbox 2530 5400 2585 5446; x_wconf 90' lang='lat' dir='ltr'><strong>et</strong></span> <span class='ocrx_word' id='word_1_912' title='bbox 2610 5388 2783 5446; x_wconf 85' lang='lat' dir='ltr'><strong>Filius</strong></span> <span class='ocrx_word' id='word_1_913' title='bbox 2820 5404 2986 5447; x_wconf 88' lang='lat' dir='ltr'><strong>verus</strong></span> <span class='ocrx_word' id='word_1_914' title='bbox 3035 5391 3151 5448; x_wconf 83' lang='lat' dir='ltr'><strong>veri</strong></span> <span class='ocrx_word' id='word_1_915' title='bbox 3182 5390 3376 5448; x_wconf 78' lang='lat' dir='ltr'><strong>Patris.</strong></span> <span class='ocrx_word' id='word_1_916' title='bbox 3430 5390 3573 5456; x_wconf 78' lang='lat' dir='ltr'><strong>Mos.</strong></span> <span class='ocrx_word' id='word_1_917' title='bbox 3617 5403 3675 5449; x_wconf 88' lang='lat' dir='ltr'><strong>et</strong></span> 
     </span>
    </p>
   </div>
   <div class='ocr_carea' id='block_1_114' title="bbox 2073 5466 3676 5555">
    <p class='ocr_par' dir='ltr' id='par_1_114' title="bbox 2073 5466 3676 5555">
     <span class='ocr_line' id='line_1_114' title="bbox 2073 5466 3676 5555; baseline -0.004 -12"><span class='ocrx_word' id='word_1_918' title='bbox 2073 5486 2231 5550; x_wconf 83' lang='lat' dir='ltr'><strong>unus,</strong></span> <span class='ocrx_word' id='word_1_919' title='bbox 2249 5482 2432 5555; x_wconf 87' lang='lat' dir='ltr'><strong>inquit,</strong></span> <span class='ocrx_word' id='word_1_920' title='bbox 2453 5478 2689 5554; x_wconf 87' lang='lat' dir='ltr'><strong>Spiritus</strong></span> <span class='ocrx_word' id='word_1_921' title='bbox 2716 5478 2946 5539; x_wconf 82' lang='lat' dir='ltr'><strong>Sanctus</strong></span> <span class='ocrx_word' id='word_1_922' title='bbox 2963 5500 3031 5540; x_wconf 85' lang='lat' dir='ltr'><strong>ex</strong></span> <span class='ocrx_word' id='word_1_923' title='bbox 3058 5466 3169 5539; x_wconf 73' lang='lat' dir='ltr'><strong>beo</strong></span> <span class='ocrx_word' id='word_1_924' title='bbox 3195 5482 3550 5541; x_wconf 78' lang='lat' dir='ltr'><strong>substantiam</strong></span> <span class='ocrx_word' id='word_1_925' title='bbox 3570 5484 3676 5537; x_wconf 86' lang='lat' dir='ltr'><strong>ha-</strong></span> 
     </span>
    </p>
   </div>
   <div class='ocr_carea' id='block_1_115' title="bbox 2072 5568 3671 5650">
    <p class='ocr_par' dir='ltr' id='par_1_115' title="bbox 2072 5568 3671 5650">
     <span class='ocr_line' id='line_1_115' title="bbox 2072 5568 3671 5650; baseline -0.004 -13"><span class='ocrx_word' id='word_1_926' title='bbox 2072 5580 2231 5646; x_wconf 78' lang='lat' dir='ltr'><strong>bens,</strong></span> <span class='ocrx_word' id='word_1_927' title='bbox 2259 5587 2366 5635; x_wconf 88' lang='lat' dir='ltr'><strong>etc.</strong></span> <span class='ocrx_word' id='word_1_928' title='bbox 2412 5572 2594 5650; x_wconf 78' lang='lat' dir='ltr'><strong>Imago</strong></span> <span class='ocrx_word' id='word_1_929' title='bbox 2612 5574 2757 5642; x_wconf 85' lang='lat' dir='ltr'><strong>Filii,</strong></span> <span class='ocrx_word' id='word_1_930' title='bbox 2791 5575 3021 5647; x_wconf 78' lang='lat' dir='ltr'><strong>perfecti</strong></span> <span class='ocrx_word' id='word_1_931' title='bbox 3054 5568 3319 5645; x_wconf 78' lang='lat' dir='ltr'><strong>perfecia,</strong></span> <span class='ocrx_word' id='word_1_932' title='bbox 3346 5568 3454 5630; x_wconf 69' lang='lat' dir='ltr'><strong>ne</strong></span> <span class='ocrx_word' id='word_1_933' title='bbox 3475 5574 3671 5630; x_wconf 87' lang='lat' dir='ltr'><strong>viven-</strong></span> 
     </span>
    </p>
   </div>
   <div class='ocr_carea' id='block_1_116' title="bbox 2069 5666 3686 5738">
    <p class='ocr_par' dir='ltr' id='par_1_116' title="bbox 2069 5666 3686 5738">
     <span class='ocr_line' id='line_1_116' title="bbox 2069 5666 3686 5738; baseline -0.008 -9"><span class='ocrx_word' id='word_1_934' title='bbox 2069 5673 2201 5729; x_wconf 85' lang='lat' dir='ltr'><strong>tium</strong></span> <span class='ocrx_word' id='word_1_935' title='bbox 2214 5668 2550 5736; x_wconf 87' lang='lat' dir='ltr'><strong>causa,Fons</strong></span> <span class='ocrx_word' id='word_1_936' title='bbox 2560 5671 3064 5738; x_wconf 83' lang='lat' dir='ltr'><strong>sanctus,sanctitas</strong></span> <span class='ocrx_word' id='word_1_937' title='bbox 3076 5666 3524 5724; x_wconf 71' lang='lat' dir='ltr'><strong>sanctiﬁcationis</strong></span> <span class='ocrx_word' id='word_1_938' title='bbox 3537 5666 3686 5735; x_wconf 65' lang='lat' dir='ltr'><strong>prae;</strong></span> 
     </span>
    </p>
   </div>
   <div class='ocr_carea' id='block_1_117' title="bbox 2074 5758 3684 5829">
    <p class='ocr_par' dir='ltr' id='par_1_117' title="bbox 2074 5758 3684 5829">
     <span class='ocr_line' id='line_1_117' title="bbox 2074 5758 3684 5829; baseline -0.007 -6"><span class='ocrx_word' id='word_1_939' title='bbox 2074 5766 2286 5825; x_wconf 80' lang='lat' dir='ltr'><strong>statrix.</strong></span> <span class='ocrx_word' id='word_1_940' title='bbox 2319 5785 2340 5822; x_wconf 73' lang='grc' dir='ltr'><strong>ι</strong></span> <span class='ocrx_word' id='word_1_941' title='bbox 2369 5762 2643 5823; x_wconf 80' lang='lat' dir='ltr'><strong>Postremo</strong></span> <span class='ocrx_word' id='word_1_942' title='bbox 2657 5766 2731 5822; x_wconf 84' lang='lat' dir='ltr'><strong>ita</strong></span> <span class='ocrx_word' id='word_1_943' title='bbox 2750 5762 3029 5829; x_wconf 85' lang='lat' dir='ltr'><strong>concludit,</strong></span> <span class='ocrx_word' id='word_1_944' title='bbox 3059 5774 3079 5812; x_wconf 77' lang='grc' dir='ltr'><strong>ι</strong></span> <span class='ocrx_word' id='word_1_945' title='bbox 3098 5759 3340 5816; x_wconf 80' lang='lat' dir='ltr'><strong>Trinitas</strong></span> <span class='ocrx_word' id='word_1_946' title='bbox 3363 5758 3623 5827; x_wconf 80' lang='lat' dir='ltr'><strong>perfecta.</strong></span> <span class='ocrx_word' id='word_1_947' title='bbox 3653 5778 3684 5818; x_wconf 68' lang='grc' dir='ltr'><strong>ι</strong></span> 
     </span>
    </p>
   </div>
  </div>
