4198 6160
520 241 624 300 647

1611 225 1704 282 DE
1744 221 1992 281 SANCTI
2030 217 2324 278 ZENONIS
2365 213 2642 273 EPOCHA

3712 193 3821 252 648

589 357 718 412 Haec
738 353 871 410 satis
893 364 1016 407 esse
1045 345 1290 403 videntur
1318 342 1388 398 ad
1417 340 1782 397 sanctissimae
1833 335 2118 392 Trinitatis
2145 333 2200 396 Α
2223 333 2328 387 nito
2363 329 2691 401 Unigenitus,
2725 323 2789 378 de
2814 321 2930 378 solo
2955 318 3121 382 solus,
3165 314 3231 370 de
3278 320 3381 368 toto
3416 320 3571 376 totus,
3605 308 3668 362 de
3703 321 3823 360 vero

517 457 575 506 et
601 443 993 503 lncaruationis
1026 439 1186 494 (idem
1239 446 1422 491 notam
1463 443 1520 489 et
1561 430 1905 487 manifestam
1958 427 2119 482 tertio

520 539 821 614 praesertim
854 533 1113 590 Ecclesia:
1165 529 1368 585 sarculo
1410 523 1920 582 demonstrandum.
1960 520 2118 576 Plura

523 612 616 705 qui
647 631 794 700 cupit
821 625 962 698 apud
1019 623 1300 680 Petaviqu
1331 629 1387 676 et
1413 618 1804 674 Thomasinum
1860 612 2119 668 inveniet.

521 703 658 780 Illud
689 731 868 776 tamen
895 716 1055 773 modo
1081 715 1243 780 liceat
1273 712 1589 776 observare,
1621 706 1807 780 quanti
1851 705 1970 760 haec
2019 703 2118 760 SS.

524 818 769 881 Patrum,
796 826 933 884 quos
962 808 1323 872 laudavimus,
1354 803 1595 860 facienda
1623 801 1732 856 sint
1754 806 2122 860 monumenta,

526 909 595 965 ad
641 906 754 964 Arii
804 904 1241 970 Arianorumque
1288 894 1652 968 proﬂigandos
1700 906 1937 950 errores.
1986 889 2126 945 Num

527 1003 709 1072 itaque
765 998 1088 1069 Hippolytus
1136 993 1362 1063 Martyr,
1410 989 1664 1044 Clemens
1707 981 2126 1047 Alexandrinus,

528 1092 810 1162 Origenes,
867 1089 1269 1158 Theognostus,
1310 1081 1604 1153 Gregorius
1647 1074 2126 1138 Neocaesariensis,

530 1184 660 1241 Ario
704 1191 757 1238 et
804 1181 1020 1237 Arianis
1066 1177 1402 1248 posteriores
1450 1181 1578 1228 sunt
1621 1167 1950 1241 reputandi?
2019 1165 2131 1223 Cur

531 1278 714 1348 itaque
738 1274 868 1330 Ario
897 1271 1168 1345 posterior
1189 1268 1386 1324 Noster
1413 1265 1603 1324 Zeno?

538 1427 567 1503 ᾗ
606 1427 749 1486 XIV.
790 1459 862 1469 —
883 1424 953 1480 D.
1003 1424 1225 1480 Zenonis
1255 1422 1537 1488 sententiae,
1571 1418 1752 1492 quibus
1781 1415 1987 1472 Arionis
2013 1431 2137 1470 con-

677 1521 833 1578 traire
866 1521 978 1591 ipse
1008 1519 1070 1576 S.
1105 1517 1265 1572 Pater
1296 1515 1541 1581 creditur,
1575 1514 1988 1569 considerantur.

605 1681 688 1739 Ad
719 1679 1019 1738 sententias
1040 1678 1105 1733 D.
1137 1675 1377 1732 Zenonis
1421 1670 1809 1730 examinandas
1837 1665 2139 1739 proceden-

535 1778 664 1834 dum
692 1775 872 1831 modo.
901 1773 1084 1829 Prima
1116 1787 1180 1825 ex
1210 1769 1489 1832 Tractatn,
1529 1781 1624 1820 seu
1673 1764 1940 1819 Sermone
1977 1759 2138 1815 tertio

535 1869 762 1927 secundi
794 1865 921 1921 libri
947 1864 1228 1934 allegatur.
1258 1879 1277 1913 ι
1314 1860 1478 1914 Deum
1513 1856 1749 1921 Patrem,
1775 1853 1951 1908 Alium
1981 1866 2062 1916 se,
2092 1858 2141 1903 et

540 1962 736 2018 Filium
792 1957 986 2025 Deum,
1044 1955 1299 2026 genuisse
1348 1967 1416 2007 ex
1466 1966 1526 2006 se
1583 1944 2000 2028 exiunascibili
2052 1942 2142 1997 illa

544 2052 866 2116 subStantia,
898 2051 953 2106 in
985 2063 1091 2120 qua
1120 2047 1309 2102 beatus
1349 2057 1579 2100 manens
1626 2040 1678 2095 in
1732 2038 2142 2108 sempiternum,

543 2150 796 2206 omnibus
851 2160 973 2217 qua:
1032 2143 1195 2198 habet
1241 2139 1531 2195 habentem
1564 2134 1764 2191 Filiutn
1819 2131 1965 2203 paria
2020 2146 2146 2201 pro-

541 2242 766 2300 creavit.
807 2259 828 2295 )
883 2238 1080 2294 Totum
1132 2236 1275 2290 hunc
1330 2243 1638 2288 sermonem
1667 2269 1682 2296 ,
1712 2227 1838 2298 quia
1865 2223 2147 2280 hrevis‘est

544 2335 635 2394 hic
663 2333 1036 2392 exscribemus
1066 2345 1081 2384 :
1117 2341 1227 2383 non
1271 2323 1416 2381 enim
1448 2335 1660 2386 omnes,
1694 2317 1786 2388 qui
1815 2316 1933 2372 haec
1961 2322 2148 2371 nostra

545 2429 748 2499 legent,
800 2434 1114 2482 sermonum
1171 2419 1232 2476 S.
1277 2417 1512 2472 Zenonis
1569 2411 1781 2483 copiam
1850 2408 2146 2465 habebunt.

547 2521 910 2591 Principium,
961 2521 1147 2588 fratres
1172 2511 1512 2577 dilectissimi,
1545 2507 1801 2563 Dominus
1850 2513 2021 2559 noster
2067 2503 2151 2556 in-

547 2619 844 2669 cunctanter
867 2618 942 2666 est
969 2606 1224 2672 Christus,
1248 2618 1398 2674 quem
1422 2609 1539 2655 ante
1561 2598 1735 2653 omnia
1771 2595 1966 2652 saecula
1990 2592 2152 2649 Pater

548 2711 602 2762 in
623 2703 885 2780 profundo
928 2715 1036 2756 sua:
1080 2697 1265 2752 mentis
1311 2710 1502 2749 arcano
1553 2688 1911 2762 insuspicabili
1957 2702 2017 2740 ac
2053 2684 2153 2740 soli

547 2799 645 2855 sibi
669 2807 794 2853 nota
821 2793 1136 2850 conscientia
1183 2788 1314 2845 Filii
1352 2803 1456 2842 non
1497 2785 1608 2840 sine
1650 2780 1858 2850 aﬂ'ectu,
1907 2779 1996 2834 sed
2043 2779 2154 2833 sine

548 2889 860 2947 revelamine
880 2882 1299 2957 amplectebatur.
1333 2879 1506 2952 Igitur
1529 2874 1813 2948 ineffabilia
1843 2871 1937 2926 illa
1960 2873 2155 2925 incom-

552 2979 1007 3056 prehensibilisque
1018 2975 1267 3048 sapientia
1284 2990 1340 3029 sa
1347 2965 1986 3042 pientiam,omnipotentia
1997 2963 2157 3018 omni-

553 3078 830 3154 potentiam
847 3080 1118 3146 propagat.
1141 3068 1215 3123 Dc
1228 3065 1338 3122 Deo
1362 3064 1589 3120 nascitur
1625 3060 1792 3126 Deus;
1829 3059 1892 3111 de
1925 3056 2155 3127 ingenito

553 3146 872 3243 unigenitus,
900 3164 964 3220 de
989 3163 1213 3238 perfecto
1240 3152 1718 3229 perfectus.Totum
1740 3149 1915 3204 Patris
1942 3146 2153 3213 habens,

555 3240 688 3320 nihil
717 3263 969 3332 derogans
1015 3254 1184 3310 Patri.
1221 3248 1459 3306 Procedit
1485 3247 1540 3300 in
1567 3244 1900 3307 nativitatem,
1928 3240 2015 3308 qui
2049 3245 2157 3292 erat

555 3367 828 3426 antequam
848 3331 1163 3405 nasceretur
1190 3345 1244 3397 in
1271 3341 1423 3395 Patre
1449 3337 1661 3409 (aqualis
1686 3336 1742 3389 in
1769 3335 2020 3398 omnibus,
2039 3331 2159 3397 quia

561 3423 721 3504 Pater
750 3448 804 3499 in
830 3445 1002 3513 ipsum
1029 3439 1189 3493 alium
1217 3451 1270 3489 se
1298 3433 1467 3504 genuit
1483 3446 1546 3485 ea:
1565 3445 1638 3493 se,
1663 3443 1726 3482 ea:
1745 3423 2035 3481 innascibili
2063 3439 2159 3476 sua

556 3540 652 3596 illa
695 3533 1006 3598 substantia,
1044 3530 1100 3583 in
1138 3543 1238 3598 qua
1275 3528 1451 3580 beatus
1475 3537 1689 3576 manens
1713 3521 1767 3573 in
1792 3517 2161 3586 sempiternum

562 3630 836 3694 omnibus,
893 3637 1010 3697 qua:
1064 3618 1210 3675 habet
1273 3616 1543 3671 habentem
1592 3612 1792 3666 Filium
1843 3607 1991 3679 paria
2041 3621 2160 3676 pro-

559 3724 746 3781 creavit
768 3761 784 3789 ,
806 3719 893 3791 qui
920 3724 994 3772 est
1025 3712 1160 3768 Deus
1197 3707 1504 3766 Benedictus
1533 3706 1588 3760 in
1614 3702 1805 3759 sarcula
1829 3698 2157 3756 saeculorum.

633 3858 752 3915 Hoc
805 3856 858 3911 iu
912 3863 1168 3909 sermone
1238 3832 1429 3902 contra
1498 3840 1706 3898 nullum
1765 3849 2010 3893 errorem
2081 3834 2163 3887 in-

559 3954 708 4012 vehit
735 3951 794 4010 S.
822 3948 993 4013 Zeno,
1023 3943 1119 4000 sed
1140 3941 1264 3998 Filii
1288 3937 1626 3995 divinitatem
1661 3931 1861 4002 populo
1901 3926 2157 3998 explicat.

564 4043 848 4119 Quomodo
886 4041 1050 4112 igitur
1089 4035 1177 4091 vel
1226 4031 1418 4088 leviter
1454 4024 1718 4097 suspicari
1749 4029 1951 4095 potest,
1985 4019 2161 4089 ipsum

563 4112 781 4198 Krianis
831 4125 1248 4191 contradicere?
1295 4121 1398 4178 Hic
1445 4116 1731 4194 (Arianis)
1788 4124 1845 4169 ut
1889 4112 2164 4168 contrairet

563 4238 946 4294 nosterauctor,
968 4240 1084 4280 cum
1107 4216 1388 4276 Catholicis
1415 4216 1639 4288 primum
1663 4211 1858 4275 docuit,
1891 4219 1997 4264 etc.
2019 4205 2166 4262 Non-

564 4347 635 4388 ne
657 4321 1009 4384 conformiter
1031 4313 1294 4386 loquitur,
1317 4319 1373 4368 et
1399 4302 1463 4366 Ι).
1489 4306 1799 4380 Hippolyto,
1824 4304 1916 4374 qui
1938 4300 2162 4358 verbum

561 4423 693 4480 dicit
716 4417 850 4473 idem
874 4427 994 4468 cum
1023 4408 1198 4465 Patre.
1220 4405 1280 4460 S.
1314 4419 1445 4460 vero
1472 4401 1621 4457 Zeno
1647 4398 1800 4463 dicit,
1831 4394 1976 4466 quod
2011 4390 2165 4446 Pater

2222 441 2388 489 verus,
2419 423 2484 476 de
2513 425 2736 492 perfecto
2768 416 3042 488 perfectus.
3091 409 3225 465 Cum
3251 423 3380 478 ergo
3408 420 3584 475 neque
3622 401 3828 471 Martyr

2226 515 2572 588 Hippolytus,
2617 527 2720 568 nec
2765 505 3161 564 Alexandrinus
3187 498 3464 564 Clemens,
3506 511 3606 552 nec
3644 494 3828 549 Thau-

2225 621 2509 678 maturgus
2535 604 2830 676 Gregorius
2859 608 2939 656 tot
2963 611 3136 654 annos
3169 594 3300 650 Ario
3339 590 3676 662 antiquiores
3698 603 3830 643 con-

2226 713 2309 759 tra
2337 700 2570 757 Arianos
2597 695 2845 768 egerint;
2876 707 3053 764 neque
3097 689 3154 746 5.
3198 686 3342 744 Zeno
3381 691 3576 742 contra
3604 680 3826 738 eosdem

2232 795 2411 867 egisse
2427 791 2690 848 dicendus
2709 799 2813 845 est.

2301 885 2359 944 Si
2383 899 2514 942 vero
2537 883 2775 940 dandum
2805 888 2890 937 est
2917 875 3141 948 aliquid,
3178 875 3239 932 5.
3271 873 3550 930 Zenonem
3574 868 3835 925 videlicet

2232 983 2290 1038 in
2334 978 2553 1036 laudato
2605 989 2858 1032 sermone
2906 985 3148 1028 errorem
3202 967 3436 1035 aliquem
3493 961 3832 1027 confutasse,

2232 1083 2384 1132 certe
2413 1071 2630 1128 nonnisi
2673 1070 2741 1124 iis
2780 1069 2834 1124 in
2879 1066 3063 1122 verbis
3095 1081 3107 1122 :
3143 1061 3386 1116 Procedit
3415 1059 3468 1113 in
3495 1057 3832 1119 natiuitatem,

2233 1167 2321 1238 qui
2362 1175 2470 1221 erat
2508 1174 2780 1234 antequam
2821 1166 3112 1214 nasceretur
3139 1157 3193 1209 in
3225 1153 3380 1209 Patre
3401 1151 3618 1223 aequalis
3637 1150 3691 1203 in
3721 1165 3840 1202 om-

2237 1260 2406 1314 nibus.
2438 1257 2644 1326 Quibus
2700 1269 2805 1310 nou
2833 1253 2973 1308 alius
2998 1249 3237 1319 carpitur
3257 1261 3435 1312 error,
3464 1243 3569 1300 nisi
3591 1242 3836 1308 Ebionis,

2236 1352 2496 1417 Artemtc,
2525 1365 2590 1404 ac
2621 1347 2775 1403 Pauli
2800 1343 3140 1402 Samosateni
3189 1349 3338 1396 tanto
3366 1348 3494 1394 ante
3521 1337 3707 1393 Arium
3749 1349 3842 1389 as-

2239 1455 2520 1512 serentes,
2585 1441 2860 1498 Christum
2927 1438 3215 1493 Dominum
3271 1442 3397 1490 ante
3453 1433 3675 1489 Mariam
3728 1445 3841 1485 non

2239 1539 2427 1595 fuisse.
2459 1537 2576 1591 Non
2603 1535 2749 1590 enim
2792 1529 3068 1603 probanda
3116 1529 3334 1585 videtur
3375 1526 3534 1582 tertia
3581 1522 3843 1578 nativitas

2240 1630 2427 1694 Verbi,
2457 1627 2586 1684 licet
2607 1641 2702 1696 per
2738 1622 3144 1680 similitudinem
3162 1661 3177 1685 ,
3206 1633 3368 1690 quam
3389 1615 3687 1673 doctissimi
3713 1613 3844 1668 Bal-

2169 1726 2216 1786 B
2244 1721 2422 1779 leriuii
2471 1717 2981 1776 comminiscuntur.
3032 1711 3165 1768 Cum
3193 1711 3259 1765 D.
3289 1710 3442 1766 Zeno
3466 1709 3600 1765 duas
3634 1717 3844 1763 tantum

2242 1814 2446 1872 Christi
2476 1812 2786 1868 nativitates
2815 1806 3159 1878 apertissime
3179 1811 3446 1875 agnoscu
3467 1820 3480 1855 :
3519 1801 3588 1857 de
3614 1800 3840 1857 hoc.ta-

2245 1923 2367 1978 men
2399 1904 2640 1960 inferius.
2671 1900 2934 1958 Eumdem
2957 1912 3202 1954 errorem
3226 1895 3425 1964 arguit,
3455 1903 3507 1949 et
3536 1891 3801 1964 Origenes
3831 1909 3848 1947 :

2247 1999 2378 2056 Cum
2397 1999 2461 2052 sit
2483 1997 2572 2052 ille
2598 1994 2883 2051 similitudo
2919 1991 3114 2056 Patris,
3169 1989 3280 2059 ﬁeri
3307 2005 3411 2043 non
3436 2003 3582 2058 posse
3605 1995 3660 2040 ut
3690 1985 3850 2054 fuerit

2245 2094 2452 2165 quando
2492 2108 2594 2146 non
2633 2091 2807 2161 fuerit.
2840 2087 3056 2158 Cogitet.
3081 2100 3250 2140 secum
3285 2085 3593 2154 quicumque
3645 2078 3853 2135 audebit

2249 2187 2457 2240 dicere:
2485 2182 2612 2238 Erat
2651 2179 2861 2253 quando
2897 2194 3000 2233 non
3043 2185 3170 2231 erat.
3205 2174 3363 2230 Nulla
3399 2173 3582 2244 itaque
3615 2172 3749 2227 ratio
3780 2185 3851 2226 ex

2248 2279 2431 2337 verbis
2459 2277 2618 2347 hujus
2657 2276 2944 2332 Tractatus
2969 2273 3033 2327 D.
3063 2270 3301 2327 Zenonis
3343 2267 3462 2325 erui
3503 2274 3705 2338 potest,
3742 2278 3854 2335 qua

2251 2375 2428 2445 ipsum
2467 2371 2583 2427 Arii
2626 2368 2713 2425 vel
2763 2367 3087 2424 Arianorum
3108 2377 3326 2421 errores
3353 2373 3695 2433 oppugnasse
3719 2372 3853 2428 pro-

2250 2465 2406 2523 betur
2417 2507 2429 2519 .

2325 2556 2406 2613 Ad
2434 2553 2730 2611 secundum
2763 2558 3047 2609 tractatum
3086 2547 3229 2619 quod
3270 2554 3499 2618 spectat,
3541 2559 3609 2600 ex
3641 2557 3723 2599 eo.
3761 2540 3858 2596 illa

2254 2650 2418 2707 verba
2445 2649 2717 2705 adducunt
2744 2646 2960 2702 Domini
2988 2642 3261 2700 Ballerinii
3297 2657 3310 2696 :
3343 2639 3530 2694 Totum
3559 2655 3614 2692 se
3640 2634 3859 2707 (Pater)

2253 2741 2593 2809 reciprocavit
2611 2740 2668 2794 in
2693 2735 2740 2790 F
2743 2738 2916 2792 ilium:
2945 2735 3147 2807 quibus,
3179 2731 3264 2805 (ut
3290 2730 3391 2802 ipsi
3425 2728 3683 2796 inferunt)
3709 2723 3861 2778 Divi-

2255 2851 2376 2890 num
2414 2833 2632 2890 Verbum
2661 2848 2764 2886 non
2785 2846 2849 2886 ex
2874 2828 3059 2896 nihilo,
3091 2842 3181 2880 seu
3207 2840 3272 2880 ea:
3294 2839 3396 2878 non
3427 2819 3740 2882 extantibus,
3765 2816 3862 2870 sed

2255 2944 2319 2982 ea;
2348 2928 2460 3000 ipsa
2490 2925 2664 2980 Patris
2685 2922 2971 2979 substantia
2995 2921 3221 2992 genitum
3264 2924 3437 2987 aperte
3462 2911 3705 2984 prodidit.
3737 2908 3864 2963 Uti-

2257 3036 2360 3090 que
2387 3019 2662 3074 fateudum
2676 3026 2760 3073 est
2776 3057 2791 3082 ,
2809 3030 2916 3071 non
2930 3013 3094 3069 modo
3113 3026 3176 3067 ex
3203 3009 3364 3079 hujus
3391 3004 3656 3062 sermonis
3677 3000 3864 3056 verbis

2181 3111 2226 3173 C
2258 3113 2457 3169 Filium
2481 3107 3004 3167 consubstantialem
3031 3119 3154 3160 esse
3177 3101 3345 3167 Patri,
3396 3097 3489 3154 sed
3519 3111 3586 3152 ex
3613 3092 3865 3166 pluribus

2257 3207 2380 3262 aliis
2407 3207 2468 3261 D.
2499 3203 2733 3260 Zenonis
2760 3199 3047 3257 sententiis
3077 3194 3422 3268 apertissime
3467 3189 3600 3246 illud
3647 3184 3861 3242 inferri.

2256 3299 2328 3356 At
2355 3297 2484 3369 quid
2512 3297 2638 3352 inde
2681 3294 2749 3350 ad
2789 3290 3061 3349 Arianos?
3089 3290 3220 3344 Cum
3257 3285 3477 3357 plurimi
3516 3281 3615 3338 SS.
3645 3280 3864 3343 Patres,

2256 3393 2388 3447 Ario
2415 3389 2740 3452 anteriores,
2773 3395 2830 3440 et
2854 3385 3049 3455 primo,
3085 3391 3139 3438 et
3168 3378 3410 3436 secundo
3431 3419 3446 3444 ,
3475 3386 3532 3433 et
3558 3375 3716 3431 tertio
3750 3371 3865 3427 Ec—

2257 3484 2442 3540 clesiae
2469 3481 2670 3538 saeculo
2705 3479 3016 3535 scribentes
3044 3474 3098 3530 id
3127 3483 3314 3544 aperte
3346 3469 3651 3527 docuerint.
3682 3464 3872 3519 Theo-

2258 3587 2485 3648 gnostus
2523 3573 2742 3645 quidem
2788 3577 2916 3626 ante
2947 3567 3135 3625 Arium
3161 3564 3403 3636 apertius
3428 3576 3588 3634 quam
3619 3559 3683 3614 D.
3711 3556 3868 3612 Zeno

2261 3669 2558 3726 Athanasio
2581 3675 2720 3723 teste
2746 3664 2888 3720 idem
2915 3661 3169 3720 asseruit.
3191 3656 3317 3713 Non
3345 3673 3410 3712 ea:
3428 3673 3530 3710 non
3549 3651 3868 3717 extantibus,

2260 3765 2352 3818 sed
2402 3781 2466 3820 ea:
2509 3761 2686 3818 Patris
2734 3759 3018 3815 substantia
3063 3754 3370 3828 productum
3417 3767 3526 3807 esse
3571 3745 3786 3803 Filium.

2336 3855 2449 3912 Hoc
2478 3855 2532 3909 in
2561 3851 2803 3909 secundo
2828 3863 3084 3906 sermone
3108 3842 3498 3902 adnotantibus
3523 3837 3711 3896 iisdem
3758 3836 3875 3891 Do-

2265 3949 2426 4005 minis
2457 3944 2762 4002 Balleriniis
2785 3943 2844 3998 S.
2869 3940 3016 3996 Zeno
3039 3947 3230 3995 contra
3253 3935 3646 4004 Hermogenem
3692 3927 3874 3982 alios-

2264 4055 2370 4112 que
2407 4037 2692 4093 hazreticos
2717 4035 2864 4106 agit,
2911 4032 3000 4102 qui
3041 4029 3305 4085 materiam
3350 4024 3456 4080 Deo
3482 4034 3784 4079 ceteternam
3813 4029 3877 4074 et

2265 4133 2546 4187 increatam
2586 4142 2834 4200 posuere;
2865 4140 2962 4182 seu
2990 4124 3168 4195 potius
3195 4121 3214 4192 (
3239 4129 3299 4176 ut
3325 4119 3486 4175 iidem
3510 4113 3877 4184 arbitrantur)

2269 4225 2330 4281 S.
2355 4223 2613 4279 Zenonem
2638 4220 2902 4294 appellare
2930 4219 3026 4272 hoc
3053 4217 3164 4271 loco
3193 4212 3406 4277 Poetas,
3430 4220 3478 4266 et
3515 4206 3875 4276 PhilosOphos

2269 4315 2527 4378 Gentium,
2590 4313 2675 4384 qui
2742 4309 2974 4365 eumdem
3026 4322 3249 4363 errorem
3295 4303 3500 4373 jamdiu
3559 4301 3871 4354 docuerunt.

2266 4407 2395 4463 Mihi
2439 4418 2615 4462 tamen
2661 4403 2883 4460 Sabellii
2929 4399 3152 4456 haeresis
3183 4398 3242 4455 S.
3273 4396 3510 4453 Zenonis
3555 4406 3735 4449 coma
3776 4390 3878 4445 hic

564 4517 619 4572 in
641 4516 813 4587 ipsum
839 4512 1004 4567 alium
1043 4520 1097 4560 se
1127 4501 1298 4573 genuit
1333 4514 1396 4554 ea:
1445 4511 1518 4562 se,
1561 4509 1626 4548 ea:
1651 4487 1944 4545 innascibili
1971 4484 2150 4539 scilicet

2268 4498 2540 4570 suggillari
2570 4495 2804 4551 videtur.
2865 4491 3137 4549 Sabellius
3172 4489 3373 4544 etenim
3419 4482 3767 4554 Hermogenis
3795 4480 3879 4536 de

565 4578 780 4670 sua-illa
799 4601 1122 4663 substantia?
1145 4597 1214 4654 Et
1241 4596 1308 4650 D.
1341 4590 1606 4649 Clementi
1634 4582 2002 4641 Alexandrino
2028 4620 2043 4645 ,
2071 4578 2166 4650 qui

565 4707 644 4763 ait
672 4724 686 4760 :
724 4701 1096 4760 Universorum
1127 4689 1452 4760 Principium
1477 4693 1523 4738 ct
1548 4681 1646 4751 fuit
1677 4688 1723 4732 et
1753 4684 1827 4731 est
1854 4672 2163 4745 (Verbum).

569 4799 636 4854 1).
666 4797 817 4853 Zeno
847 4795 1001 4848 initio
1027 4781 1300 4844 sermonis
1334 4796 1347 4831 :
1380 4773 1730 4842 Principium,
1761 4765 1973 4822 Fratres
2011 4765 2166 4820 dilec-

567 4889 774 4956 tissimi,
806 4884 1064 4940 Dominus
1091 4883 1267 4930 noster
1293 4871 1612 4924 incontanter
1633 4870 1706 4919 est
1747 4859 2000 4915 Christus.
2031 4856 2166 4913 ltem

2271 4591 2512 4663 ingenita
2544 4588 2770 4643 materia
2798 4600 3041 4642 errorem
3083 4582 3365 4650 amplexus
3391 4589 3493 4636 est.
3525 4575 3878 4646 Coniectura:

2272 4684 2398 4740 huic
2444 4682 2609 4749 favet,
2652 4681 2796 4752 quod
2843 4679 2898 4734 in
2950 4679 3054 4734 hoc
3102 4674 3293 4731 eodem
3341 4685 3594 4730 sermone
3622 4669 3678 4724 5.
3716 4666 3880 4723 Zeno

2271 4778 2672 4833 distinctionem
2710 4775 3011 4831 divinarum
3043 4772 3407 4828 Personarum
3434 4767 3652 4838 egregie
3680 4763 3884 4832 expri-

2274 4870 2390 4924 mit.
2422 4868 2527 4923 Hic
2554 4877 2625 4924 est
2661 4866 2806 4922 Deus
2834 4877 3003 4922 noster
3040 4865 3126 4936 qui
3147 4879 3202 4919 se
3230 4863 3440 4933 digessit
3466 4862 3521 4915 in
3548 4858 3730 4913 Deunt.
3765 4853 3884 4910 llic

565 4985 626 5043 S.
648 4981 902 5038 Clemens
925 4975 994 5031 de
1023 4969 1185 5026 Filio.
1215 4962 1348 5020 Erat
1374 4962 1506 5016 enim
1542 4958 1597 5010 in
1640 4953 1774 5019 Deo,
1816 4953 1902 5022 qui
1928 4960 2001 5006 εει
2029 4950 2086 5043 ili
2109 4965 2168 5003 εο
2253 4959 2432 5032 ,Ραεεγ
2447 4961 2558 5030 qui,
2581 4975 2674 5014 suo
2697 4967 2932 5013 manente
2956 4958 3153 5028 integro
3177 4962 3541 5020 statu,.totum
3569 4967 3622 5005 se
3646 4949 3890 5018 recipro-

569 5080 659 5151 qui
687 5084 854 5140 estet,
888 5069 1116 5127 Verbum
1154 5065 1209 5118 in
1244 5058 1377 5114 Deo.
1406 5056 1463 5113 S.
1497 5052 1644 5108 Zeno
1673 5050 1876 5120 pariter
1905 5064 1917 5099 :
1954 5045 2029 5100 De
2058 5042 2168 5098 Deo

568 5137 797 5229 nascitur
821 5137 986 5230 Deus,
1015 5159 1103 5233 qui
1129 5163 1240 5214 erat
1267 5163 1539 5222 antequam
1582 5152 1875 5200 nasceretur
1911 5141 1967 5196 in
2015 5137 2171 5193 Patre

572 5328 666 5431 qui
692 5355 927 5412 Gallieni
956 5358 1202 5418 tempore
1227 5341 1383 5402 obiit.
1410 5337 1480 5393 de
1506 5336 1668 5390 Patre
1724 5341 1780 5386 et
1819 5330 1959 5386 Filio
1983 5328 2062 5383 sic
2090 5328 2168 5382 lo—

569 5417 754 5525 quitur
783 5466 796 5502 :
841 5442 1113 5514 Perfectus
1151 5431 1378 5504 Perfecti
1408 5427 1642 5494 Genitor,
1676 5423 1835 5478 Pater
1865 5419 1994 5474 Filii
2036 5417 2168 5474 Uni-

569 5510 750 5621 qeniti,
782 5510 1254 5600 Unus—Dominus,
1293 5525 1520 5581 solusea:
1557 5519 1689 5584 solo,
1743 5515 1885 5571 Deus
1925 5512 1988 5567 de
2033 5510 2162 5565 Deo.

563 5608 664 5696 Cui
691 5608 801 5694 non
826 5640 1042 5701 tantum
1062 5623 1258 5684 eodem
1286 5632 1468 5684 sensu,
1504 5613 1597 5670 sed
1633 5611 1828 5668 iisdem
1857 5608 2027 5664 ferme
2049 5621 2168 5665 ver-

564 5732 652 5792 bis
671 5726 912 5792 concinit
935 5724 994 5784 S.
1024 5723 1181 5784 Zeno
1206 5735 1219 5770 :
1247 5714 1323 5772 De
1349 5711 1456 5770 Deo
1493 5710 1723 5767 nascitur
1743 5705 1904 5776 Deus,
1935 5705 1998 5761 de
2027 5704 2168 5777 inge-

2273 5054 2403 5107 cavit
2423 5053 2477 5106 in
2497 5047 2718 5119 Filium,
2743 5068 2808 5107 ne
2825 5051 2949 5124 quid
2967 5051 3062 5105 sibi
3085 5049 3377 5120 derogaret.
3403 5045 3632 5117 Denique
3657 5043 3785 5096 alter
3820 5042 3888 5097 in

2272 5145 2435 5199 altero
2461 5143 2656 5198 eccultat
2673 5161 2790 5198 cum
2821 5143 3053 5215 Spiritus
3083 5141 3268 5196 Sancti
3291 5139 3607 5208 plenitudine
3634 5152 3735 5191 una
3760 5135 3885 5188 ori-

2271 5236 2434 5308 ginali
2463 5236 2807 5291 coreternitate
2844 5236 3087 5290 retinens.
3116 5231 3321 5289 Eadem
3361 5232 3643 5303 aptissima
3677 5226 3888 5283 simili-

2276 5330 2460 5386 tudine
2489 5330 2746 5400 explieat,
2778 5340 2837 5386 ut
2866 5331 2918 5385 in
2945 5327 3137 5385 eodem
3183 5341 3439 5384 sermone
3477 5324 3660 5381 videre
3691 5330 3882 5392 potes.

2275 5424 2465 5481 Omnia
2487 5432 2666 5479 autem
2697 5423 2814 5479 haec
2839 5422 3041 5492 Optime
3085 5421 3287 5476 faciunt
3314 5429 3505 5476 contra
3544 5414 3885 5474 Sabellium.

2275 5517 2332 5576 S.
2359 5533 2487 5575 vero
2512 5517 2783 5574 Zenonem
2837 5518 2905 5573 iis
2955 5517 3010 5572 in
3049 5515 3380 5573 disserendis
3406 5513 3675 5570 imitatum
3701 5507 3888 5566 fuisse

2275 5610 2612 5668 Lactantium
2642 5608 2824 5666 dicere
2849 5609 3133 5666 arbitrium
3173 5617 3275 5663 est.
3331 5604 3677 5662 Prohandnm
3725 5601 3888 5670 prius

2277 5704 2550 5764 Zenonem
2598 5703 2880 5762 Lactantio
2922 5702 3296 5775 posteriorem.
3344 5697 3404 5757 Si
3448 5712 3579 5757 vero
3613 5697 3672 5758 5.
3727 5693 3888 5752 Zeno
