4198 6160
405 222 512 279 διθ

402 428 636 498 demus,
683 432 1028 493 Lactantius
1105 438 1347 500 Zenonis
1426 428 1668 508 imitator
1754 456 2019 516 dicendus

400 707 665 764 mittenda
694 725 801 765 non
830 721 936 769 est.
967 714 1047 770 Ad
1076 716 1164 772 illa
1194 723 1400 778 etenim
1452 726 1509 783 S.
1538 727 1776 788 Zenonis
1803 736 1965 792 verba
1998 758 2013 794 :

405 797 508 852 Hic
536 796 716 866 Pater,
746 802 837 869 qui
859 820 958 858 suo
986 818 1222 864 manente
1248 812 1451 888 integro
1498 827 1636 873 statu
1674 832 1834 878 totum
1861 842 1916 880 se
1931 812 2018 881 re-

397 894 679 963 ciprocavit
701 895 756 949 in
775 893 827 949 F
828 897 1001 967 ilium,
1018 918 1081 956 ne
1099 904 1225 975 quid
1241 907 1443 965 sibimet
1465 912 1751 986 derogaret,
1768 930 2014 978 sanctum

395 985 671 1041 Zenonem
697 986 931 1046 Arianos
951 1007 1180 1063 carpere
1202 999 1417 1061 volunt.
1452 1003 1537 1061 Ne
1563 985 1678 1074 quis
1705 1013 1923 1079 fortasse
1950 1030 2017 1068 ea:

393 1080 719 1147 generatione
746 1077 878 1135 Filii
924 1083 1253 1143 inmtutatant
1306 1092 1484 1150 Patris
1534 1077 1871 1157 substantiam
1917 1121 2015 1173 pu-

394 1178 543 1225 taret.
594 1171 775 1228 Ariani
820 1177 954 1230 enim
1001 1178 1282 1237 Catholicis
1310 1187 1545 1242 eamdem
1598 1190 1777 1247 Patris
1809 1205 1854 1249 et
1882 1171 2014 1250 ilii

392 1265 727 1320 substantiam
787 1270 1151 1338 conﬁtentibus
1201 1278 1605 1347 exprobrabant,
1667 1284 1764 1340 hac
1812 1289 2013 1342 ratione

390 1349 589 1409 Filium
616 1358 918 1427 particulam
942 1378 1062 1417 esse
1105 1364 1293 1423 divinae
1320 1370 1645 1439 substantias,
1666 1394 1782 1446 qua:
1808 1395 1899 1447 per
1925 1395 2015 1451 ge-

389 1449 707 1505 nerationem
748 1469 781 1505 a
826 1451 993 1511 Patre
1025 1472 1263 1529 separata
1295 1466 1473 1534 fuerit.
1511 1466 1582 1522 At
1606 1470 1854 1526 eamdem
1886 1449 2014 1528 sen-

391 1541 618 1597 tentiam
681 1547 1101 1618 antiquissimus
1164 1553 1413 1614 Justinus
1484 1560 1690 1635 Martyr
1765 1566 2013 1636 apertius

387 1634 659 1702 eXpressit
705 1637 756 1691 in
796 1637 1022 1711 dialogo
1048 1659 1173 1699 cum
1204 1646 1481 1719 Triphone
1524 1670 1539 1705 :
1583 1634 1830 1711 Virtutem
1861 1658 2011 1713 illam

381 1739 494 1779 esse
521 1722 640 1791 Dei,
691 1744 750 1782 ac
786 1727 959 1786 Deum
1006 1752 1041 1788 a
1081 1734 1346 1811 PrOpIteta
1376 1751 1689 1816 nuncupari,
1723 1766 1827 1804 non
1851 1751 1927 1803 ita
1958 1760 2012 1804 ut
2046 1756 2094 1818 Β

1803 252 2283 315 DlSSEli'l'ATlO.

404 347 533 394 ante
573 336 913 398 Lactantium
944 346 1249 416 scripserit,
1283 364 1342 409 ut
1366 357 1484 412 Deo
1523 359 1810 430 adjuvante
1839 376 2025 425 osten—
2050 372 2099 430 A
2129 377 2333 429 neratio

2120 757 2232 811 que
2258 746 2506 821 episcopi
2539 754 2594 809 in
2636 759 2883 828 epistola
2909 770 2977 823 ad
3008 775 3256 833 eumdem
3303 746 3739 859 Samosatenum,

2120 841 2526 899 comternitutis
2560 863 2691 904 voce
2737 852 2874 912 licet
2914 876 3019 917 non
3075 877 3312 938 utantur,
3358 875 3535 931 adest‘
3558 890 3739 938 tamen

2120 939 2326 986 sensus
2359 934 2503 992 idem
2535 941 2587 995 in
2622 944 2806 1002 verbis
2838 967 2851 1003 :
2886 951 3043 1010 Hunc
3072 957 3268 1016 Filium
3292 966 3378 1028 qui
3400 984 3599 1041 semper
3618 988 3739 1028 cum

2132 1016 2291 1041 ,μμ
2384 1035 2397 1041 ,
2583 1034 2613 1041 ..

3402 1016 3582 1041 ψη.-.
3619 1016 3738 1028 -..ην

2126 1016 2294 1077 Patre
2323 1035 2417 1092 est,
2472 1034 2729 1091 credimus
2776 1042 3066 1113 implevisse
3106 1054 3411 1111 voluntatem
3461 1062 3636 1116 Patris
3684 1066 3738 1119 in

2119 1115 2392 1171 creatione
2423 1118 2661 1181 Universi
2704 1127 2867 1200 (extat
2893 1139 3036 1209 apud
3067 1139 3237 1198 Labbe
3262 1163 3374 1200 cum
3410 1167 3564 1217 pra’c.
3603 1153 3666 1209 T.
3718 1171 3735 1210 ι

2119 1201 2302 1312 ρους..
2343 1227 2396 1278 p.
2437 1214 2586 1289 843).
2641 1218 2695 1274 Si
2729 1201 2940 1281 recolas
2967 1245 3052 1299 ea,
3087 1249 3208 1303 quae
3262 1238 3289 1309 δ
3340 1201 3732 1312 lSIlIaIicn-Iur,

2120 1293 2401 1372 intelliges
2433 1309 2678 1375 profecto
2724 1318 2969 1376 notitiam
3011 1330 3403 1387 coattcrnilatis
3447 1335 3566 1391 Filii
3606 1354 3731 1394 cum

2117 1384 2290 1447 Patre
2316 1394 2455 1452 adeo
2483 1412 2745 1460 vetustam
2780 1424 2923 1477 esse,
2954 1426 3011 1468 ut
3041 1416 3111 1472 ab
3139 1419 3258 1487 ipso
3287 1423 3439 1479 initio
3471 1427 3733 1485 Ecclesia:

2116 1476 2270 1537 inter
2328 1486 2666 1551 Christianos
2728 1503 3016 1561 manifesta
3069 1510 3231 1568 fuerit
3276 1532 3290 1568 :
3343 1512 3459 1587 Qui
3492 1536 3732 1590 namque

2118 1585 2289 1631 unum
2327 1579 2492 1638 Deum
2532 1588 2586 1642 in
2628 1599 2740 1647 tres
2785 1594 3074 1657 diSIinclas
3118 1604 3388 1665 Personas
3420 1616 3729 1684 prolitetur,

2117 1671 2171 1718 et
2198 1682 2537 1733 cozeternum
2568 1679 2767 1739 Filium
2799 1702 2921 1744 cum
2957 1691 3119 1752 Patre
3140 1671 3465 1759 conﬁteatur
3487 1718 3727 1776 Oportet.

382 1815 509 1871 solis
535 1818 629 1872 lus:
651 1820 761 1874 solo
784 1823 1045 1880 vocabulo
1075 1798 1392 1899 numeretur,
1424 1837 1519 1892 sed
1550 1798 1763 1896 numero
1792 1843 2014 1897 alterunt
2046 1798 2094 1818 υ
2122 1798 2151 1871 §
2198 1803 2326 1915 ἔν’
2381 1811 2673 1915 nnciam?
2703 1825 2954 1891 “mimus
2999 1830 3089 1887 ηδ’
3144 1840 3377 1908 secundi’
3426 1844 3482 1897 in
3520 1862 3624 1915 quo
3663 1845 3729 1902 δ’

380 1910 626 1978 quiddam
650 1930 669 1967 .'
700 1931 800 1969 non
829 1926 1007 1974 tamen
1027 1923 1281 1982 recisione
1301 1938 1548 2000 tanquam
1574 1932 1753 1989 Patris
1773 1934 2015 1988 substan-

377 2004 452 2081 ’ἔα
488 2017 706 2074 secetur,
755 2012 834 2065 uti
878 2023 1074 2069 caetera
1124 2019 1308 2086 divisa,
1358 2034 1516 2094 atque
1565 2038 1705 2082 secta
1746 2045 1853 2082 non
1897 2037 2012 2081 sunt

374 2101 552 2154 eadem
617 2112 763 2174 atque
837 2118 991 2163 erant
1038 2122 1159 2166 ante
1210 2118 1531 2185 sectionem;
1586 2123 2012 2194 exemplumque

370 2189 568 2247 aﬂ'ert:
602 2192 747 2266 Ignis
775 2214 811 2250 a
835 2216 942 2268 quo
970 2204 1126 2258 multi
1150 2209 1508 2266 accenduntur
1538 2213 1709 2285 ignes,
1752 2189 1867 2271 sine
1902 2214 2009 2271 ulla

365 2287 481 2357 ejus
517 2286 897 2360 immutatione,
948 2312 984 2348 a
1030 2313 1133 2367 quo
1182 2302 1357 2369 plures
1399 2310 1617 2363 accensi
1670 2319 1818 2365 sunt.
1869 2306 2005 2376 Quid

365 2389 555 2435 eontra
573 2382 804 2441 Arianos
816 2392 1179 2458 expressius?
1207 2395 1579 2457 Tertullianus
1606 2406 1784 2462 etiam
1814 2414 2003 2463 contra

360 2470 624 2530 Praxeam
653 2477 721 2533 de
745 2480 923 2537 tribus
954 2482 1210 2544 Persouis
1235 2505 1406 2562 agens
1429 2496 1546 2550 ait:
1590 2498 1885 2566 Quomodo
1911 2518 2003 2557 au-

359 2573 461 2618 tem
489 2583 757 2625 numerum
787 2572 902 2628 sine
926 2573 1175 2634 diuisione
1208 2585 1484 2651 patiuntur
1509 2597 1872 2659 procedentes
1918 2612 2000 2651 re-

354 2666 605 2716 tractatus
640 2664 1086 2726 demonstrabant.
1113 2673 1269 2732 Adde
1296 2694 1417 2745 qua:
1447 2679 1477 2753 §
1507 2682 1594 2745 l5.
1625 2700 1702 2742 ex
1747 2686 2000 2747 Athana-

353 2752 440 2808 sio
462 2752 532 2807 de
554 2754 900 2830 Tbeognosto
931 2764 1230 2824 retulimus.
1283 2769 1397 2826 Nec
1444 2780 1769 2836 substantia
1825 2779 1999 2840 Patris

352 2846 743 2909 diminutionem
785 2857 1031 2914 substinet
1082 2862 1355 2934 imaginem
1409 2869 1492 2922 sui
1539 2868 1773 2932 Filium
1822 2883 1997 2952 progi-

351 2957 539 3013 gnens.
571 2944 691 3002 Erit
709 2948 891 3023 itaque
914 2949 1159 3010 Justinus
1182 2995 1197 3017 ,
1227 2956 1599 3018 Tertullianus
1628 3007 1644 3032 ,
1673 2944 1994 3044 Theogtio-

353 3043 476 3090 stus
505 3038 634 3094 Ario
662 3043 974 3111 posteriori
1019 3047 1296 3115 Apagesis.
1344 3050 1533 3122 Neque
1581 3055 1752 3115 Zeno
1807 3038 1990 3137 igitur.

354 3126 441 3182 Es
485 3128 554 3184 iis
585 3147 717 3187 vero
744 3134 1029 3192 evidenter
1057 3142 1390 3208 agnoscitur,
1420 3143 1759 3207 divisionem
1800 3157 1999 3214 (Ιινὶηω
2026 3150 2070 3214 C

354 3219 685 3278 substantia:
721 3240 796 3279 ex
838 3226 1185 3285 distinctione
1212 3230 1578 3290 Personarum
1610 3238 1998 3304 Sanctissimae

356 3309 653 3369 Trinitatis
704 3315 935 3385 illatam,
1003 3335 1111 3375 non
1170 3338 1294 3379 esse
1342 3338 1727 3395 argumentum
1784 3351 1813 3388 a
1865 3342 1998 3398 solis

357 3404 590 3461 Arianis
614 3404 913 3466 Catholicis
939 3411 1250 3482 obiectum;
1296 3419 1390 3473 sed
1440 3410 1673 3489 Iudaeis,
1713 3425 1995 3500 Patripas-

358 3499 561 3566 sianis,
611 3498 962 3571 Sabellianis,
1013 3520 1078 3561 ac
1122 3507 1622 3582 Samosatensibus,
1656 3531 1754 3572 seu
1783 3519 1998 3581 Paulin-

360 3591 537 3649 nistis
558 3607 872 3652 commune.

438 3686 593 3743 Idem
616 3687 908 3747 dicendum
938 3692 1117 3750 estde
1145 3698 1542 3756 comternitatis
1570 3716 1704 3758 voce
1732 3711 1935 3778 saepius
1963 3729 1993 3770 a

357 3779 497 3836 divo
545 3780 771 3839 Zenone
816 3783 1087 3844 inculcata
1116 3788 1299 3846 Tract.
1333 3808 1404 3857 ιι,
1438 3793 1534 3848 lib.
1571 3811 1640 3860 ιι,
1684 3795 1869 3856 Tract.
1905 3822 1990 3876 vr,

359 3873 467 3930 lib.
498 3889 562 3941 ll,
592 3889 744 3930 num.
767 3876 823 3942 Α,
844 3888 900 3932 ut
921 3880 1219 3952 exploderet
1242 3883 1458 3939 alteram
1480 3885 1789 3955 formulam:
1818 3910 1837 3945 t
1870 3873 1990 3953 Non

358 3974 490 4021 erat
510 3975 806 4038 antequam
837 3983 1226 4038 nosceretur”
1260 3989 1355 4032 seu
1387 3977 1614 4034 alteram
1641 3995 1708 4035 eo
1739 3983 1993 4046 reciden‘

360 4067 524 4113 tem:
583 4079 603 4111 ι
637 4058 764 4116 Fuit
786 4062 1077 4134 aliquando
1103 4082 1229 4124 cum
1269 4085 1376 4125 non
1408 4083 1578 4128 esset.
1619 4093 1638 4126 ι
1672 4074 1768 4130 His
1789 4093 1990 4154 nempe

358 4151 629 4207 formulis
661 4168 769 4209 non
797 4155 944 4212 solos
998 4158 1231 4216 Arianos
1280 4161 1420 4218 Filio
1473 4166 1839 4224 :eternitatem
1892 4151 1988 4232 nve-

356 4256 535 4315 gasse
566 4252 803 4313 constat,
858 4246 952 4302 sed
982 4264 1098 4320 prae
1126 4251 1270 4314 aliis.
1316 4263 1372 4308 et
1403 4254 1692 4322 Ebionem,
1734 4271 1788 4314 et
1826 4262 1990 4323 Arte-

358 4348 546 4399 mam,
572 4343 628 4390 et
652 4332 879 4392 Paulum
910 4338 1357 4423 Samosatenum;
1390 4362 1557 4416 quare
1601 4349 1657 4404 S.
1693 4350 1986 4427 Dionysius

359 4425 807 4492 Alexandrinus,
838 4438 895 4485 et
921 4431 1036 4502 ipse
1060 4417 1325 4493 eamdem
1361 4441 1753 4499 coieternitatis
1795 4461 1981 4506 vocem

359 4517 579 4588 Saepius
630 4519 867 4577 inculcat
894 4533 1084 4580 contra
1116 4526 1293 4597 ipsum
1328 4530 1748 4589 Samosatenum
1782 4553 1796 4590 :
1834 4537 1979 4597 Unus
2002 4542 2058 4607 D

361 4622 450 4666 est
480 4627 606 4681 ergo
630 4611 883 4683 Christus,
906 4619 996 4688 qui
1021 4630 1099 4675 est
1120 4622 1174 4675 in
1205 4621 1364 4678 Patre
1390 4635 1699 4681 cowternum
1735 4627 1976 4705 Verbum,

365 4718 483 4755 una
512 4705 624 4775 ejus
657 4702 912 4773 Persona,
943 4707 1084 4765 Deus
1127 4711 1423 4781 invisibilis,
1469 4726 1517 4771 et
1547 4718 1760 4776 visibilis
1790 4702 1977 4791 factus.

364 4794 524 4851 De‘us
550 4796 685 4850 enim
729 4802 971 4866 apparuit
1001 4803 1055 4857 in
1097 4802 1267 4860 Carne
1306 4818 1458 4864 natus
1495 4827 1558 4865 ea:
1600 4810 1853 4883 Muliere,
1892 4820 1981 4888 qui

365 4895 492 4943 erat
518 4903 583 4941 ex
612 4886 720 4944 Deo
753 4889 911 4948 Patre
949 4896 1154 4967 genitus
1183 4913 1248 4951 ea:
1285 4909 1431 4954 utero
1471 4912 1591 4957 ante
1640 4886 1977 4979 Luciferum,

364 4989 645 5049 tamquam
694 4998 758 5037 ea:
782 4986 935 5040 corde
974 4984 1195 5043 Verbum
1222 5005 1288 5044 ea:
1334 4989 1494 5047 Patre
1522 4997 1738 5063 editum,
1775 5010 1821 5054 et
1853 5002 1979 5056 sint-

366 5072 526 5145 plex,
568 5083 719 5146 atque
751 5093 935 5147 expers
981 5082 1206 5151 partium
1243 5082 1467 5140 Verbum
1511 5088 1644 5144 Caro
1673 5093 1867 5163 factum
1899 5106 1979 5152 est

366 5165 663 5222 secundum
693 5167 1015 5239 Scripturas,
1047 5191 1149 5230 non
1176 5175 1397 5233 divisum
1428 5179 1482 5234 in
1518 5183 1747 5251 carnem,
1770 5196 1815 5240 et
1849 5186 1977 5243 Ver-

368 5260 525 5325 bum,
550 5263 694 5330 quasi
716 5264 771 5318 in
798 5264 1003 5323 homine
1030 5268 1223 5325 habitet
1253 5270 1503 5341 Verbum,
1532 5276 1642 5330 hate
1681 5279 1815 5333 enim
1852 5286 1978 5355 fuga

368 5357 723 5428 generationis
769 5369 842 5415 est
879 5360 954 5434 (in
998 5362 1104 5433 Ep.
1154 5365 1224 5419 ad
1262 5365 1488 5422 Paulum
1530 5369 1975 5449 Samosatenum).

370 5448 769 5509 Samosatenus
794 5454 913 5526 ipse
941 5455 999 5514 S.
1035 5456 1296 5529 Dionysio
1322 5462 1509 5530 objicit
1545 5463 1673 5535 (Qu.
1705 5466 1801 5536 5):
1835 5469 1978 5535 Quo-

373 5542 541 5598 modo
578 5544 735 5613 igitur
762 5548 850 5617 qui
876 5550 1138 5605 crescebat
1168 5560 1221 5607 et
1247 5555 1641 5625 confortabatur
1685 5558 1823 5612 hunc
1850 5561 1980 5618 dicis

374 5644 507 5691 ante
552 5637 739 5691 saecula
778 5656 909 5707 esse,
951 5649 1001 5696 et
1042 5643 1203 5697 simul
1241 5661 1356 5699 cum
1404 5645 1562 5702 Patre
1608 5649 1836 5721 ingenito
1878 5670 1979 5709 non

374 5728 650 5783 habentem
678 5728 900 5800 initium,
927 5741 976 5787 et
996 5743 1306 5803 coteternunt
1327 5736 1354 5791 7
1379 5737 1479 5795 Cui
1520 5740 1805 5814 Dionysius
1830 5760 1846 5801 :
1881 5745 1980 5803 Ge-

958 5828 1200 5889 l’unut
1216 5873 1230 5890 .
1279 5829 1393 5894 XI.

2188 1896 2335 1956 Zeno
2366 1910 2628 1980 praecipue
2656 1913 2711 1968 in
2758 1915 3025 1978 luereticos
3068 1928 3199 1999 agit,
3245 1934 3461 2003 speciali
3486 1896 3732 1993 cbnside-

2187 1995 2393 2051 ratione
2431 2005 2793 2072 perpenditur.

2184 2125 2454 2200 Superius
2473 2135 2613 2193 alios
2639 2139 2701 2196 D.
2723 2128 2957 2203 Zenonis
2975 2150 3261 2212 Tractatus
3312 2175 3408 2217 seu
3432 2163 3730 2224 Sermones

2109 2220 2612 2296 consideravimus,
2641 2231 2695 2286 in
2727 2235 2807 2289 eis
2850 2253 2980 2295 vero
3005 2255 3194 2301 contra
3232 2250 3513 2310 haereticos
3541 2268 3730 2325 aperte

2107 2320 2216 2362 non
2249 2311 2511 2386 diaserit;
2561 2329 2616 2375 at
2647 2322 2701 2377 in
2735 2325 2839 2383 lioc
2877 2343 3064 2389 contra
3099 2336 3388 2400 haereticos
3434 2348 3727 2407 Inanil‘csto

2104 2399 2392 2473 disputare
2423 2425 2483 2466 se
2513 2413 2665 2468 dicit.
2703 2417 2902 2485 Quibus
2934 2428 3168 2486 omnibus
3194 2439 3432 2507 exempla
3459 2441 3538 2496 vel
3564 2444 3721 2510 ratio,

2098 2508 2253 2562 quam
2297 2506 2631 2568 prosecuturi
2655 2524 2856 2578 sumus,
2896 2528 3356 2589 argumentationis
3392 2533 3554 2586 totius
3612 2550 3717 2590 uno

2099 2583 2207 2639 ictu
2250 2605 2433 2648 omnes
2463 2612 2644 2653 nervos
2671 2601 2946 2663 abscindit.
2980 2610 3141 2670 Initio
3171 2617 3356 2690 itaque
3381 2635 3570 2680 contra
3603 2635 3716 2685 tres

2104 2681 2384 2753 praacipue
2430 2700 2611 2746 sectas
2635 2693 2842 2753 Christi
2884 2701 3159 2764 Divinitati
3201 2712 3445 2772 infensas
3487 2730 3720 2779 tractare

2101 2778 2392 2846 proponit,
2423 2782 2497 2837 ita
2529 2786 2674 2842 enim
2703 2794 2986 2852 exorditur
3017 2815 3036 2854 :
3063 2800 3208 2860 Licet
3251 2807 3420 2866 Secta:
3460 2812 3563 2869 sint
3591 2816 3714 2886 plu-

2099 2882 2202 2935 res,
2256 2886 2376 2940 qum
2422 2877 2677 2949 injuriam
2717 2884 2911 2944 Christi
2965 2894 3194 2963 fabulari
3247 2905 3499 2977 nitantur,
3541 2926 3711 2973 tamen

2096 2977 2199 3023 tres
2226 2982 2348 3026 sunt
2373 2979 2603 3045 quodam
2635 2986 2786 3040 modo
2807 2990 3144 3062 principales,
3189 3017 3216 3054 e
3243 3006 3427 3072 quibus
3453 3011 3572 3068 dure
3598 3018 3712 3084 eius

2098 3079 2252 3132 quam
2296 3072 2516 3143 cupiunt
2559 3077 2891 3145 depravatum
2921 3088 3165 3146 simulant
3205 3112 3260 3151 se
3298 3116 3407 3156 esse
3449 3108 3710 3169 cultrices.

2109 3154 2227 3210 Una
2256 3160 2484 3231 denique
2511 3170 2716 3237 asserit,
2748 3171 2803 3226 J.
2851 3176 2910 3231 ϐ.
2951 3179 3014 3232 ab
3052 3193 3200 3238 utero
3249 3187 3478 3266 Virginis
3525 3198 3714 3260 Maria:

2102 3252 2391 3319 sumpsisse
2419 3260 2757 3332 principium,
2800 3266 3068 3343 Deumque
3119 3282 3306 3338 exinde
3347 3287 3409 3342 ob
3444 3294 3709 3365 justitiam

2106 3344 2296 3365 LA---“
2356 3364 2361 3365 γ
2907 3362 2944 3365 ’⁷

2101 3344 2299 3411 factum
2338 3364 2451 3403 esse
2497 3368 2599 3408 non
2630 3368 2831 3413 natum.
2880 3362 3001 3418 Alia
3039 3370 3344 3439 modestius,
3379 3344 3471 3437 sed
3496 3390 3707 3445 morda~

2099 3433 2209 3489 eius
2264 3453 2475 3503 nocens,
2519 3444 2648 3500 dicit
2698 3452 2900 3519 quidem
2957 3454 3056 3512 Dei
3107 3461 3305 3521 Filium
3358 3470 3545 3543 Deum,
3615 3485 3706 3537 sed

2100 3546 2203 3585 non
2232 3548 2296 3588 ea:
2320 3533 2484 3593 Patre
2510 3541 2798 3600 nobilitatis
2826 3554 3164 3618 perpetuitate
3182 3533 3544 3637 progenitum,
3572 3549 3706 3646 fuis-

2099 3640 2251 3689 seque
2293 3637 2494 3699 tempus
2518 3636 2726 3703 quando
2754 3655 2857 3695 non
2901 3645 3018 3714 fuit.
3059 3645 3237 3707 Tertia
3277 3656 3468 3716 Judtea
3493 3636 3705 3726 est'vere

2098 3734 2254 3786 εωεα,
2279 3739 2396 3793 qute
2424 3741 2542 3781 eum
2582 3728 2635 3783 in
2663 3730 2777 3804 lege
2803 3736 2882 3802 (ut
2912 3738 3082 3797 dicere
3109 3746 3261 3821 solet)
3293 3770 3390 3808 sua
3420 3758 3557 3830 legat
3584 3766 3670 3819 ubi
3679 3797 3700 3807 -

2096 3826 2191 3879 que
2240 3813 2371 3871 duas
2417 3816 2594 3876 Patris
2632 3832 2681 3877 et
2726 3823 2858 3882 Filii
2903 3831 3164 3904 designari
3215 3813 3494 3920 Personas:
3529 3865 3699 3914 tamen

2097 3917 2233 3958 nunc
2262 3923 2420 3975 usque
2442 3914 2726 3982 contendit,
2759 3916 2927 3976 Deum
2957 3923 3158 3984 Filium
3182 3949 3285 3990 non
3325 3939 3528 3999 habere.
3566 3951 3698 4019 Quae

2097 3993 2201 4019 με...
2248 3996 2325 4019 Ι-..
2380 4016 2399 4019 Α
2418 4016 2426 4019 Α
2454 4012 2487 4019 ν-
2662 4009 2696 4019 "
2779 4011 2813 4019 "

2093 3993 2219 4101 sint.
2248 3996 2331 4054 ita:
2376 4012 2541 4061 sectae
2582 4023 2631 4085 ai
2662 4009 2723 4064 1).
2778 4011 2997 4075 Zenone
3036 4019 3356 4096 designatur,
3404 3993 3693 4101 videndum

2095 4086 2256 4141 modo
2282 4100 2383 4146 est.

2163 4178 2460 4240 ClariSsimi
2494 4187 2776 4248 Ballerinii
2818 4197 3173 4264 Photinianos
3211 4211 3271 4266 D.
3300 4214 3572 4280 Zenonem
3607 4230 3693 4285 in-

3302 4266 3571 4280 ..ν-,ν-συιη
3607 4266 3688 4285 lll‘

2089 4266 2299 4326 dicasse
2351 4275 2404 4329 in
2446 4280 2615 4347 prima
2659 4290 3052 4348 recensitarum
3099 4311 3368 4360 sectarum
3407 4311 3688 4378 adnotant.

2102 4356 2169 4378 nl
2218 4364 2252 4378 ,ι
2296 4364 2307 4375 ι

3253 4356 3259 4357 ,
3288 4356 3367 4360 ν---
3407 4356 3687 4378 -.....,.......

2091 4356 2436 4420 Photinianos
2461 4379 2655 4438 autem,
2682 4391 2809 4446 quos
2836 4380 2929 4434 alii
2961 4382 3281 4448 Zenoniana:
3312 4403 3479 4456 a’latis
3503 4403 3687 4467 Patres

2089 4452 2281 4518 passim
2323 4458 2562 4528 refellunt
2594 4477 2827 4524 nostrum
2863 4475 3138 4535 Auctorem
3170 4487 3395 4546 voluisse
3432 4504 3684 4566 perstrin-

2081 4559 2220 4612 gere,
2253 4549 2407 4617 facile
2433 4552 2711 4624 intelliges.
2745 4561 2879 4619 Cum
2912 4582 3043 4624 vero
3085 4573 3349 4638 Plautinus
3389 4549 3495 4643 non
3527 4609 3686 4651 euin-

2084 4633 2206 4693 dem
2247 4654 2489 4699 errorem
2541 4647 2630 4703 ltic
2675 4666 2705 4705 a
2734 4652 2791 4709 S.
2827 4656 3045 4719 Zenone
3078 4666 3368 4730 indicatum
3401 4680 3682 4755 docuerit,

2081 4728 2258 4800 ipsum
2288 4736 2372 4793 hic
2402 4755 2506 4794 non
2542 4748 2832 4820 perstringi
2870 4753 3160 4814 dicendum
3210 4769 3315 4821 est.
3366 4770 3484 4828 Una
3535 4728 3684 4836 deni:

2082 4839 2180 4889 que
2216 4830 2474 4886 asseritJ.
2513 4833 2571 4889 (ἶ.
2602 4837 2666 4890 ab
2707 4850 2853 4897 utero
2911 4843 3135 4921 Virginis
3179 4854 3365 4914 Maria:
3403 4873 3683 4937 sumpsisse

2084 4919 2700 4999 principium,Deumque
2725 4938 2931 4992 exinde
2959 4941 3021 4995 ob
3040 4942 3302 5016 justitiam
3334 4956 3529 5025 factum
3551 4980 3676 5035 esse,

2086 5024 2185 5035 κη
2437 5016 2475 5035 ..
2532 5019 2564 5035 η
2616 5020 2652 5035 η
2814 5027 2872 5035 --
2958 5032 2966 5035 Α

2086 5024 2187 5063 non
2213 5022 2407 5070 natum.
2436 5016 2507 5070 Ita
2532 5019 2585 5074 S.
2616 5020 2781 5079 Zeno.
2812 5027 3075 5090 Photinus
3099 5053 3262 5096 vero:
3293 5016 3414 5101 Non
3447 5055 3510 5105 ab
3538 5016 3682 5113 uterb

2093 5099 2317 5174 Virginis
2340 5106 2545 5172 Marica,
2575 5114 2670 5168 sed
2699 5124 2824 5172 tunc
2839 5119 3110 5183 Christum
3135 5146 3257 5189 esse
3274 5140 3527 5213 coepisse,

2081 5196 2318 5269 Spiritus
2347 5202 2578 5262 Sanctus
2607 5210 2753 5267 visus
2778 5224 2864 5271 est
2887 5232 3051 5290 super
3078 5225 3253 5284 illum.

2151 5288 2285 5347 Cum
2330 5310 2461 5351 vero
2501 5298 2852 5362 Pltotinianos
2881 5313 3060 5379 potius
3108 5320 3402 5384 insectatus
3441 5331 3498 5387 S.
3531 5334 3679 5394 Zeno

2080 5380 2341 5440 dicendus
2371 5386 2474 5456 sit,
2518 5404 2638 5446 eam
2672 5397 2936 5456 rationem
2968 5404 3235 5467 aﬂ'erunt:
3269 5414 3532 5481 Quatenus
3561 5442 3680 5485 vero

2079 5473 2215 5529 idem
2241 5477 2303 5531 ob
2320 5479 2577 5547 justitiam
2610 5483 2748 5542 Deus
2773 5493 2939 5561 factus
2965 5500 3206 5571 traditur,
3239 5507 3338 5576 fuit
3367 5512 3568 5580 quidem
3598 5521 3685 5576 hic

2086 5564 2319 5625 Nestorii
2358 5571 2573 5630 celebris
2617 5594 2783 5650 error,
2828 5593 2883 5638 at
2925 5590 3012 5656 qui
3041 5564 3250 5662 jamdiu
3291 5564 3411 5654 ante
3439 5621 3470 5655 a
3509 5603 3688 5667 Paulo

2084 5657 2426 5717 Samosateno
2474 5674 2523 5719 et
2556 5665 2784 5727 Photino
2815 5657 3126 5744 prtedicatus
3154 5686 3346 5752 fuerat,
3382 5690 3475 5745 hoc
3512 5702 3699 5759 tamen

2084 5750 2402 5825 discrimine,
2444 5760 2581 5828 quod
2614 5761 2896 5836 Nestorius,
2942 5778 3152 5826 notante
3184 5774 3440 5837 Camerio
3479 5781 3708 5856 dissert,

3084 5862 3159 5924 91

3555 5161 3676 5205 CIIII]
