4198 6160
598 257 696 312 (ibi

1723 241 1810 296 DE
1841 237 2090 296 S.\NCTI
2130 230 2424 292 ZENONlS
2465 227 2740 285 EPOCHA

3781 226 3878 280 6ξὲ

588 375 646 440 7,
692 373 756 426 de
803 378 918 424 ortu
961 378 1007 424 et
1052 361 1378 420 incrementis
1427 358 1638 414 lueresis
1688 355 1986 428 Pelagiana
2038 369 2085 407 c.
2135 352 2190 416 7,
2220 349 2518 412 Αονὶηιεη,
2569 361 2671 417 quo
2701 343 2826 399 mihi
2865 341 3133 415 objiciunt,
3165 337 3300 440 quid
3351 335 3611 440 Christum
3641 337 3739 393 Deo
3763 356 3874 394 eon-

595 465 769 520 docuit
826 461 1086 516 Christum
1135 455 1391 510 hominem
1446 468 1549 506 non
1593 466 1654 506 ea:
1703 449 1928 512 meritis,
1998 444 2088 500 sed
2130 459 2196 498 ea:

598 557 785 612 Divina
812 554 979 624 gratia
999 552 1111 618 jam
1141 549 1262 603 inde
1288 565 1320 602 α
1347 545 1530 600 Matris
1555 555 1717 609 utero,
1749 559 1782 596 a
1811 537 2194 630 DivindVerbo

599 657 920 716 assumptum
952 645 1110 715 fuisse
1138 657 1156 696 :
1187 657 1298 696 cum
1334 637 1532 696 Paulus
1557 636 1931 692 Samosatenus
1960 631 2196 686 eumdem

598 742 856 798 Christum
902 736 1158 792 hominem
1208 743 1384 788 natum
1432 729 1644 793 dixerit,
1691 729 1778 800 qui
1824 743 1886 782 ea:
1936 723 2196 779 Virtutum

599 835 777 891 merito
805 831 1093 906 (justitiam
1129 827 1270 882 Zeno
1312 822 1480 894 vocat)
1511 823 1566 876 in
1597 819 1760 874 Deum
1805 814 2095 888 profecerit.
2127 815 2198 866 At

599 927 962 984 concedamus
993 923 1114 978 licet
1136 919 1426 974 Photiuum
1451 921 1572 972 eum
1602 916 1957 968 Satnosateno
1976 909 2028 962 in
2052 921 2198 961 eam-

601 1022 724 1078 dem
763 1019 928 1076 ivisse
971 1017 1324 1078 sententiam;
1356 1012 1402 1064 si
1421 1013 1533 1083 jam
1566 1008 1654 1062 diu
1685 1014 1803 1061 ante
1829 1021 1859 1057 a
1891 999 2065 1058 Paulo
2094 999 2195 1052 Sa-

599 1124 862 1171 mosateno
895 1111 1035 1165 idem
1082 1121 1238 1164 error
1284 1102 1596 1174 praedicatus
1641 1104 1827 1170 fuerat,
1879 1110 1975 1150 cur
2011 1089 2197 1146 Photi-

602 1223 728 1263 num
755 1203 1133 1277 posteriorem,
1160 1214 1266 1252 non
1297 1196 1708 1250 Samosatenum
1737 1186 2066 1243 anteriorem
2091 1181 2193 1234 im-

601 1274 800 1372 petisse
831 1298 888 1352 S.
936 1295 1083 1350 Zeno
1128 1290 1396 1362 putandus
1425 1287 1550 1342 est?
1587 1285 1697 1338 Cur
1730 1297 1834 1336 non
1873 1274 2192 1372 dicendum,

602 1370 660 1450 ἓ.
687 1393 960 1450 Zenonem
981 1391 1034 1444 in
1059 1387 1206 1442 Pauli
1231 1380 1570 1439 Sumosateni
1591 1391 1831 1433 errorem
1846 1370 2192 1434 disseruisse,

597 1486 691 1558 qui
715 1485 904 1540 saltem
936 1479 1183 1537 Gallieno
1225 1477 1525 1544 imperante
1557 1470 1776 1538 impium
1808 1480 1962 1520 suum
1996 1462 2193 1532 dogma

600 1577 875 1648 vulgavit?
907 1573 1024 1644 lp~c
1057 1581 1234 1627 tamen
1287 1565 1530 1636 ejusdem
1578 1561 1801 1617 haeresis
1847 1565 2035 1614 auctor
2087 1568 2196 1608 non

595 1671 716 1738 fuit,
743 1684 906 1742 quam
941 1677 1090 1720 tanto
1114 1673 1261 1728 ante,
1293 1672 1347 1716 ot
1372 1658 1709 1722 Corinthum,
1737 1663 1790 1710 et
1819 1653 2107 1716 Ehioucm,
2141 1655 2196 1742 et

2300 439 2687 496 substantialem
2739 454 2846 492 esse
2897 449 3181 507 negassent.
3233 431 3300 488 Et
3331 447 3394 486 ea
3435 431 3630 500 etiam,
3675 448 3786 503 quae
3810 434 3871 489 de

2306 535 2470 588 Paulo
2515 533 2871 588 Samosateno
2901 528 3278 591 exhibuimus,
3310 541 3376 581 eo
3420 540 3586 596 usque
3615 526 3875 582 evidenter

2299 634 2558 680 constare
2605 622 2874 692 intelliges
2916 618 3287 684 percrebuisse
3328 620 3471 674 hunc
3509 632 3772 684 errorem,
3825 627 3876 673 et

2299 727 2451 781 ante,
2509 727 2561 770 et
2590 715 2820 772 Gallioni
2854 713 3188 783 temporibus
3213 729 3226 765 :
3255 726 3422 782 quare
3451 711 3642 766 mirum
3668 728 3770 766 non
3802 722 3880 767 est

2301 821 2547 867 sanctum
2566 812 2849 879 prutsulcm
2873 821 3060 866 contra
3078 809 3250 878 ipsum
3273 809 3463 864 eadem
3477 820 3634 866 aetate
3647 810 3777 880 apud
3794 825 3879 880 po-

2301 906 2483 974 pulum
2519 905 2772 960 habuisse
2799 904 3119 959 Sermonem
3151 921 3163 957 :
3198 905 3272 958 ita
3301 912 3362 958 ut
3390 905 3488 956 hac
3515 904 3719 959 ratione
3738 903 3879 958 illum

2299 998 2366 1054 ad
2390 1009 2642 1068 quartum
2674 999 2930 1054 szerulum
2957 999 3251 1054 amandare
3283 1015 3386 1053 non
3411 999 3479 1054 sit
3505 1014 3660 1070 opus.

2371 1093 2683 1160 Quinimmo
2714 1094 2758 1147 si
2789 1092 3117 1162 conjecturis
3146 1101 3229 1146 est
3256 1092 3427 1152 locus.
3462 1093 3876 1148 Alexandrinum

2303 1187 2622 1258 Dionysium
2667 1202 2910 1240 Ct):B\'lllll
2959 1187 3268 1254 respexisse
3318 1184 3376 1242 S.
3411 1185 3684 1242 Zenonem
3720 1198 3882 1255 puto:

2301 1281 2433 1337 Nam
2487 1297 2609 1337 cum
2663 1283 2819 1336 initio
2855 1281 3136 1336 Sermonis
3185 1289 3296 1335 tres
3352 1280 3589 1336 han-eses
3636 1289 3888 1348 notasset,

2302 1387 2488 1447 postea
2516 1393 2746 1431 numero
2769 1379 2930 1432 tertio
2957 1377 3022 1430 ad
3046 1375 3411 1431 Christianum
3444 1381 3608 1431 verba
3632 1379 3892 1433 convertit

2303 1484 2422 1524 sua.
2485 1469 2756 1523 Videamus
2799 1486 2954 1533 nunc,
2989 1471 3178 1540 Optime
3221 1468 3536 1535 Christiane;
3567 1471 3891 1540 quemadmo-

2306 1561 2427 1616 dum
2453 1563 2586 1616 inter
2617 1561 2824 1617 Patrem
2861 1561 3160 1632 Filiumth
3182 1573 3378 1634 tempus
3397 1563 3663 1631 infulcias.
3689 1563 3892 1619 Valida-

2301 1669 2406 1724 que
2435 1656 2643 1710 ratione
2673 1657 3000 1724 perstringit.
3037 1655 3096 1711 Si
3137 1657 3272 1710 enim
3299 1657 3516 1728 tempori
3549 1674 3650 1710 non
3691 1657 3786 1711 sibi
3811 1657 3894 1712 de-

594 1741 1011 1833 Carpucratem,
1067 1767 1124 1812 et
1178 1760 1455 1810 Artemam
1503 1751 1772 1819 sparsisse
1824 1746 2075 1800 vidimus.
2130 1741 2194 1801 Hi
2225 1747 2272 1807 B
2301 1745 2433 1810 bent,
2475 1747 2614 1814 quod
2643 1755 2716 1800 est
2760 1746 2896 1800 alter
2930 1747 3082 1801 alteri
3113 1747 3385 1813 obnoxius,
3421 1749 3608 1817 procul
3641 1749 3813 1810 dubio.
3843 1757 3895 1802 ut

594 1855 796 1911 etenim
819 1853 1116 1908 docuerunt
1148 1863 1252 1902 non
1275 1845 1434 1899 modo
1464 1860 1493 1896 a
1523 1841 1704 1897 Mariae
1737 1848 1888 1893 utero
1915 1837 2190 1891 Christum

592 1947 892 2015 sumpsisse
921 1941 1268 2014 principium,
1298 1936 1392 1991 sed
1419 1936 1490 1990 ob
1532 1931 1755 1987 Virtutis
1783 1947 1894 1984 suze
1936 1927 2192 1982 meritum

593 2037 715 2092 aliis
745 2032 1132 2106 prmeelluisse,
1165 2031 1440 2097 Deumque
1482 2026 1700 2080 factum.
1735 2022 1804 2075 Et
1831 2019 2060 2074 Gallieni
2095 2018 2193 2070 ita-

591 2146 696 2202 que
723 2139 968 2196 tempore
1003 2135 1194 2180 contra
1237 2120 1486 2178 eumdem
1535 2131 1780 2174 errorem
1813 2129 1974 2184 agere
2019 2109 2194 2181 potuit

590 2223 650 2280 S.
693 2221 865 2289 Zeno,
914 2233 1089 2290 neque
1135 2215 1202 2270 ad
1239 2212 1597 2269 Photinianos
1637 2209 1928 2277 contingere
1969 2216 2193 2258 necesse

589 2329 692 2377 est.

665 2409 916 2469 Secundo
961 2409 1080 2464 loco
1110 2406 1246 2460 hanc
1278 2401 1525 2456 haeresim
1576 2396 1726 2466 ponit
1755 2394 1814 2450 S.
1859 2387 2192 2447 Veronensis

591 2505 856 2560 Antistes.
900 2499 1020 2555 Alia
1046 2495 1349 2558 modestius,
1386 2491 1476 2546 sed
1508 2486 1798 2543 mordacius
1826 2500 2037 2547 nocens,
2067 2481 2194 2536 dicit

586 2595 794 2665 quidem
817 2590 918 2648 Dei
951 2589 1146 2646 Filium
1177 2585 1364 2648 Deum,
1389 2581 1478 2638 sed
1509 2598 1610 2639 non
1631 2595 1694 2634 ea:
1725 2577 1884 2632 Patre
1913 2573 2194 2629 nobilitatis

587 2687 927 2758 perpetuitate
952 2680 1296 2756 progenitum,
1331 2676 1590 2748 fuisseque
1619 2685 1814 2739 tempus
1843 2668 2050 2738 quando
2086 2683 2189 2720 non

587 2781 707 2851 fuit.
739 2779 888 2836 Hauc
905 2791 1026 2832 esse
1055 2775 1378 2830 Arianorum
1405 2768 1656 2826 htrresitu
1688 2765 1948 2820 adnatant
1975 2759 2188 2816 Domini

587 2871 884 2927 Ballerinii.
921 2869 1021 2938 Qui
1049 2863 1286 2939 (Ariani)
1339 2864 1428 2916 etsi
1453 2860 1716 2916 Christum
1742 2855 1839 2910 Dei
1863 2856 2030 2925 filium
2055 2868 2188 2925 pree-

587 2966 843 3027 dicarent,
878 2978 978 3018 non
1018 2969 1188 3014 tamen
1217 2957 1280 3010 ab
1324 2965 1538 3017 (eterna,
1570 2956 1658 3006 sed
1689 2952 1742 3004 in
1783 2960 2008 3018 tempore
2045 2945 2190 3016 geni-

594 3067 699 3110 tum
729 3054 1028 3124 prodidere,
1059 3051 1191 3105 unde
1216 3046 1428 3116 effatum
1457 3045 1588 3100 illud
1614 3043 1753 3112 apud
1775 3043 1913 3111 ipsos
1941 3039 2184 3093 solemne:

2301 1844 2354 1890 tu
2382 1837 2474 1900 vis,
2506 1841 2676 1908 major
2721 1848 2792 1893 est
2821 1848 3027 1901 natura,
3058 1855 3212 1908 quam
3243 1838 3385 1892 Deus
3406 1837 3503 1893 :At
3525 1855 3642 1892 cum
3671 1849 3895 1892 naturam

2305 1946 2368 1984 ea:
2397 1930 2559 1984 nihilo
2593 1932 2766 2000 fecerit
2792 1930 3061 1996 Christus;
3091 1932 3158 1986 sit
3179 1942 3352 1984 autem
3379 1948 3445 1986 ea:
3461 1941 3654 1984 natura
3683 1942 3893 2001 tempus,

2303 2022 2533 2091 ineptum
2579 2027 2704 2077 satis
2751 2033 2826 2078 est
2871 2039 3001 2095 Opus
3041 2040 3135 2077 suo
3187 2039 3488 2096 pra-ponere
3536 2023 3740 2090 Artifici
3767 2038 3785 2075 :
3836 2038 3893 2076 ac

2307 2133 2396 2184 per
2421 2119 2519 2170 hoc
2547 2117 2714 2171 solum
2737 2120 2970 2184 interest,
2999 2119 3136 2187 quod
3165 2120 3262 2172 soli
3289 2135 3342 2172 se
3361 2120 3555 2172 sciunt.
3586 2118 3716 2173 Inde
3742 2118 3898 2188 pluri-

2301 2211 2399 2265 bus
2429 2212 2716 2282 scriptura:
2757 2213 3082 2268 testimoniis
3122 2212 3398 2268 Christum
3448 2213 3623 2267 Deum
3663 2226 3784 2267 esse
3808 2211 3896 2264 dc-

2297 2314 2586 2360 monstrat.
2635 2307 2700 2360 Et
2730 2306 2850 2361 haec
2895 2307 3056 2361 verba
3087 2307 3154 2362 ad
3197 2307 3430 2362 Arianos
3455 2307 3666 2362 directa
3720 2305 3896 2359 volunt

2296 2397 2595 2454 doctissimi
2644 2401 3030 2466 Adnotatores,
3080 2417 3217 2471 quos
3272 2402 3514 2471 optimos
3561 2402 3892 2456 Christianos

2296 2492 2598 2560 appellatos
2627 2494 2812 2548 dieunt
2836 2494 3030 2548 ironice
3057 2509 3076 2547 :
3103 2496 3170 2549 At
3196 2493 3326 2548 nihil
3349 2504 3435 2549 est
3463 2495 3521 2550 in
3564 2505 3736 2560 textu,
3758 2491 3895 2564 quod

2300 2585 2527 2640 ironiam
2553 2587 2744 2654 sapiat,
2771 2602 2962 2656 quare,
2991 2595 3046 2641 et
3066 2586 3209 2640 serio
3231 2586 3370 2641 dicta
3395 2599 3524 2641 sunt
3553 2585 3892 2655 accipienda:

2297 2678 2559 2748 Superius
2590 2681 2790 2734 etenim
2817 2679 3115 2756 quando-in
3149 2679 3435 2734 haereticos
3471 2680 3681 2735 invehit
3707 2687 3898 2750 quanto

2303 2772 2499 2826 ardore
2529 2772 2796 2839 loquatur,
2828 2772 3078 2826 observa.
3109 2771 3238 2826 Cum
3267 2772 3380 2827 hwc
3406 2774 3487 2826 ita
3508 2775 3634 2839 sint,
3668 2771 3896 2826 Immani-

2295 2875 2371 2918 tas
2396 2875 2441 2918 te
2471 2876 2674 2920 versuta
2705 2881 2950 2936 cognosce
2976 2867 3052 2920 vel
3079 2883 3211 2932 sero,
3245 2877 3290 2919 et
3315 2867 3690 2939 intemperanti
3716 2867 3898 2936 lingula

2297 2960 2490 3014 silentii
2520 2965 2708 3030 frrenos
2735 2959 3278 3032 imponerbementia:
3306 2977 3476 3033 genus
3506 2971 3583 3015 est
3627 2959 3890 3015 invisibilis

2292 3053 2916 3123 incamprehensibilisque
2943 3054 3072 3108 velle
3099 3053 3302 3125 opinari
3343 3064 3607 3108 secretum
3635 3052 3792 3123 (Adit.
3833 3049 3894 3106 14

590 3167 608 3198 t
645 3147 768 3202 Fuit
799 3158 1010 3214 tempus
1026 3142 1244 3212 quando
1267 3154 1370 3194 nou
1396 3139 1512 3192 fuit.
1555 3154 1572 3186 ι
1616 3135 1816 3189 thesis
1840 3133 2179 3186 Athanasium
2207 3143 2251 3204 ρ
2283 3145 2338 3198 in
2367 3146 2537 3200 “and.
2573 3146 2742 3200 sm,“
2773 3145 2828 3198 ά,
2863 3144 2952 3198 Tr.
2979 3145 3032 3208 7,
3070 3163 3124 3198 η,
3151 3145 3232 3217 θ),

589 3244 653 3297 de
673 3240 896 3296 Decretis
930 3236 1322 3292 Nirtenisnum.
1356 3228 1726 3298 18,llilarium
1753 3226 1842 3282 lib.
1874 3240 1927 3278 tv
1947 3234 1990 3278 et
2017 3239 2090 3288 γι,
2119 3224 2180 3276 de

581 3333 854 3394 Trinitate,
902 3329 984 3382 ubi
1029 3328 1199 3395 ipsum
1253 3323 1361 3377 Arii
1409 3319 1678 3390 epistolam
1719 3318 1929 3391 allrgat,
1979 3316 2032 3368 in
2076 3329 2180 3384 qua

581 3427 758 3482 eadem
799 3421 1026 3494 formula
1061 3417 1374 3472 inculcetur.
1427 3412 1608 3484 Neque
1661 3411 1862 3465 mireris
1911 3407 2046 3480 quod
2094 3407 2178 3460 hic

580 3519 776 3583 Filius,
823 3516 1016 3580 Deum,
1075 3511 1178 3564 dici
1237 3509 1478 3578 potuerit,
1525 3517 1573 3562 et
1619 3503 1958 3560 nihilominus
1999 3499 2176 3568 negari

581 3611 732 3666 Patri
759 3617 1042 3664 cowtcrnus
1067 3613 1116 3656 et
1153 3602 1400 3672 atqualis;
1437 3599 1570 3653 Nam
1597 3599 1746 3652 illum
1777 3594 1942 3648 Deum
1971 3591 2176 3644 abusive

577 3704 868 3778 fatebantur
893 3698 1071 3754 Ariani
1095 3713 1194 3750 non
1222 3694 1451 3765 proprie,
1483 3700 1538 3748 ut
1559 3709 1620 3745 ea“.
1642 3687 1839 3744 Hilarii
1867 3690 2004 3757 frag.
2028 3701 2172 3738 nuru.

579 3797 669 3863 96,
704 3805 751 3850 et
781 3793 992 3847 aliunde
1017 3799 1194 3844 notum
1235 3797 1328 3840 est.
1375 3785 1565 3839 Fuisse
1596 3781 1812 3852 quidem
1843 3780 1986 3834 hunc
2015 3791 2177 3830 unum

581 3905 648 3943 ex
686 3886 800 3942 Arii
843 3883 1117 3942 erroribus
1148 3879 1424 3935 latendum
1471 3884 1575 3941 est,
1622 3872 1776 3942 cujus
1809 3883 1983 3924 tamen
2015 3867 2177 3922 Arius

576 3989 769 4036 auctor
795 3993 900 4035 non
939 3976 1062 4036 fuit.
1099 3974 1231 4045 ipsis
1267 3971 1535 4026 aientibus
1563 3965 1945 4024 eruditissimis
1993 3961 2176 4016 Adno-

577 4073 861 4136 tatoribus,
894 4072 981 4140 qui
1009 4069 1295 4138 Origenetn
1327 4071 1514 4117 contra
1546 4060 1818 4114 Peretlum
1863 4066 1914 4112 et
1973 4055 2172 4124 Bugat-

577 4177 684 4221 tam
724 4163 1094 4223 defendentes,
1128 4156 1374 4212 euutdem
1410 4167 1649 4209 errorem
1679 4149 1965 4217 Origencm
1991 4160 2172 4215 repre-

575 4257 830 4314 hendisse
867 4271 938 4310 ex
992 4253 1291 4307 Athanasio
1344 4246 1596 4316 probant,
1649 4241 1894 4312 ejusdem
1927 4238 2174 4308 Origctiis

572 4351 816 4409 adductis
838 4349 1036 4402 verbis.
1071 4342 1339 4415 lntelligat
1360 4341 1517 4404 enim,
1547 4338 1716 4404 inquit
1741 4335 1854 4401 ille,
1888 4336 1974 4404 qui
2003 4335 2174 4388 dicere

573 4451 726 4503 audet
759 4449 856 4518 fuit
887 4445 1184 4514 aliquando,
1217 4454 1332 4494 cum
1379 4454 1482 4492 non
1525 4444 1651 4490 esset
1698 4429 1891 4498 Filius,
1937 4428 2080 4499 quod
2120 4435 2174 4482 ct

2359 3235 2532 3292 Tertia
2555 3235 2745 3292 Judtea
2785 3246 2860 3291 est
2888 3253 3004 3291 vere
3033 3253 3169 3290 creca
3207 3237 3303 3305 (ita
3335 3237 3392 3290 S.
3429 3236 3614 3310 Zeno)
3641 3253 3754 3309 qua:
3789 3251 3898 3290 cum

2284 3330 2337 3384 in
2369 3331 2477 3402 lege
2506 3328 2583 3402 (ut
2611 3329 2780 3383 dicere
2819 3330 2969 3398 solet)
3008 3347 3100 3383 sua
3129 3330 3265 3402 legat
3301 3329 3535 3400 ubique,
3565 3331 3698 3384 duas
3729 3327 3897 3382 Patris

2285 3433 2330 3476 et
2370 3421 2499 3477 Filii
2524 3423 2786 3492 designari
2818 3421 3096 3486 Personas,
3130 3434 3300 3478 tamen
3327 3440 3476 3479 nunc
3504 3441 3672 3495 usque
3697 3433 3898 3477 conten-

2285 3514 2358 3568 dit
2402 3513 2575 3568 Deum
2625 3514 2820 3568 Filium
2875 3532 2978 3569 non
3029 3515 3216 3570 habere
3285 3516 3400 3571 lloc
3460 3518 3516 3572 in
3567 3516 3897 3572 Sabellianos

2284 3606 2448 3662 fuisse
2471 3609 2611 3662 dicta
2643 3625 2741 3679 pro
2783 3619 2934 3664 certo
2966 3609 3270 3663 habendum
3299 3620 3414 3671 est.
3453 3627 3694 3679 quorum
3736 3611 3902 3663 hatre-

2282 3702 2358 3758 εἰς
2391 3712 2515 3756 tunc
2544 3703 2906 3771 grassabatur.
2946 3704 3073 3757 Eam
3127 3703 3378 3757 haeresim
3421 3703 3771 3760 Judaismum
3813 3716 3900 3770 ap-

2282 3797 2502 3866 pellavit
2524 3806 2577 3850 et
2604 3797 2662 3852 S.
2695 3796 2945 3850 Basilius.
2977 3795 3287 3850 Judaismus
3315 3806 3417 3854 est.
3455 3797 3897 3853 Sabellianismus

2281 3887 2334 3942 in
2361 3886 2725 3958 Evangelicam
2756 3887 3179 3956 prredicationem
3206 3889 3465 3944 invectus.
3503 3889 3612 3956 Qui
3636 3889 3774 3941 enim
3795 3901 3897 3940 rem

2278 3997 2434 4033 unam
2477 3979 2715 4045 pluribus
2759 3980 3050 4034 nominibus
3086 3977 3414 4049 appellatam
3459 3998 3582 4035 esse
3615 3980 3764 4042 dicit,
3801 3974 3901 4030 Pa-

2278 4084 2423 4136 trem,
2455 4082 2503 4128 et
2529 4070 2746 4138 Filium,
2771 4083 2816 4127 et
2849 4073 3104 4140 Spiritum
3147 4081 3416 4140 sanctum,
3468 4083 3519 4126 et
3561 4087 3725 4127 utram
3753 4070 3899 4122 trium

2279 4165 2604 4234 hgpotltesim
2634 4166 2866 4235 exponit,
2905 4165 3030 4230 quid
3055 4163 3200 4217 aliud
3219 4165 3385 4234 facit?
3409 4163 3618 4220 Nonne
3638 4163 3903 4232 sempiter-

2277 4271 2397 4310 nam
2428 4254 2714 4327 Unigeniti,
2755 4271 2870 4323 qua
2899 4256 3087 4310 sa’cula
3127 4259 3421 4322 antecessit,
3457 4258 3792 4311 existentiam
3819 4269 3902 4306 ne-

2275 4348 2400 4418 gat?
2445 4346 2616 4416 Negat
2643 4348 2762 4400 item
2805 4346 3082 4400 adventum
3121 4346 3264 4400 illius
3290 4346 3362 4399 ad
3402 4349 3651 4402 homines
3681 4345 3900 4417 quadam

2279 4438 2658 4508 dispensatione
2690 4439 2906 4508 factum,
2930 4437 3233 4491 descensum
3261 4438 3333 4490 ad
3356 4439 3592 4508 inferos,
3637 4453 3898 4494 resurrec-

575 4545 878 4601 nolarimns
908 4557 1090 4611 Supra,
1143 4538 1385 4608 aliosque
1429 4534 1677 4602 Origenis
1726 4539 1905 4586 tentus
1950 4527 2498 4594 adilttXI-Dtionem,
2548 4530 2826 4598 judicium.
2886 4527 3058 4601 Negat
3108 4545 3262 4598 porro
3313 4533 3625 4599 peculiares
3682 4529 3906 4601 Spiritus

575 4655 715 4693 Inus.
768 4636 1022 4690 Fatentur
1050 4635 1228 4701 itaque
1267 4644 1331 4684 ex
1363 4627 1542 4682 allatis
1581 4623 1828 4689 Otigenis
1874 4619 2170 4674 Sententiis

575 4730 814 4801 probari,
866 4728 1002 4781 alios
1056 4722 1307 4794 quosdam
1357 4719 1493 4772 hunc
1539 4728 1764 4767 errorem
1818 4711 1872 4763 id
1925 4709 2171 4778 temporis

569 4823 842 4895 (Orige'nis
883 4818 1152 4882 videlicet)
1200 4810 1470 4871 docuisse,
1521 4821 1666 4872 quem
1711 4802 1955 4872 Origenes
1996 4817 2170 4870 repre-

566 4893 826 4972 henderet.
853 4913 982 4966 Cttut
1017 4925 1091 4978 pri
1118 4905 1241 4959 inde
1263 4902 1521 4970 Origenes
1555 4914 1657 4950 nou
1693 4911 1799 4950 uno
1823 4896 1874 4947 in
1903 4895 2041 4958 loco,
2070 4893 2165 4948 sed

567 5014 842 5081 pluribus,
876 5014 930 5060 et
968 5018 1029 5056 ex
1067 4999 1310 5067 ι)ι·ιι1“ιε›ε-›
1351 4991 1646 5058 validisque
1679 4985 1975 5042 rationibus
2021 4985 2165 5040 hunc

563 5079 770 5157 refellat
802 5109 1076 5154 errorem,
1118 5088 1410 5144 iuvalttiSse
1459 5084 1636 5152 itaque
1664 5093 1717 5136 et
1749 5079 1995 5148 Origeuis
2027 5087 2163 5132 tem-

533 5211 695 5264 τρυε-ε
719 5189 1106 5260 comprobatur
1131 5203 1142 5238 :
1174 5187 1501 5251 quapropter
1524 5185 1578 5231 et
1600 5185 1750 5230 tanto
1776 5180 1902 5228 ante
1929 5171 2162 5228 Arianos

563 5283 868 5340 convellere
917 5282 1065 5338 illum
1102 5277 1266 5347 putuit
1308 5273 1368 5330 S.
1399 5271 1565 5326 Zeno.
1611 5267 1807 5322 Recole
1837 5281 1954 5335 qu-t-
1995 5281 2156 5336 supra

561 5377 844 5433 retulimus
868 5374 935 5428 de
965 5370 1320 5431 'l‘ertulliauo,
1355 5367 1394 5419 Β
1416 5365 1571 5424 τωο.
1623 5360 1879 5428 Dionysio
1925 5358 2158 5412 Alexan-

559 5471 737 5536 drino,
763 5470 853 5540 qui
884 5467 952 5520 ah
979 5462 1170 5521 eodem
1201 5459 1428 5512 crimine
1453 5471 1512 5510 se
1540 5461 1730 5524 purgat
1757 5450 1896 5519 apud
1942 5449 1998 5504 S.
2031 5449 2155 5501 Dio-

555 5565 764 5638 nysium
797 5561 1102 5616 Romanum
1143 5551 1484 5608 Pozttiﬁcem.
1526 5546 1842 5602 Accusamur
1885 5564 1906 5610 ί,
1939 5541 2030 5596 :asi
2069 5543 2157 5610 qui

548 5659 775 5716 dicamus
803 5653 1004 5713 Filium
1035 5665 1194 5706 unum
1221 5661 1328 5700 esse
1349 5660 1411 5698 ex
1440 5656 1652 5698 numero
1674 5652 1844 5693 rerum
1872 5638 2145 5707 factarum,

545 5765 588 5808 et
615 5761 932 5822 nequaquam
965 5742 1116 5800 Patri
1146 5756 1237 5796 suo
1264 5734 1770 5798 consubstantialem.
1802 5726 2018 5784 Falsum
2042 5743 2148 5784 esse

2273 4623 2614 4689 Operationes.
2647 4621 2976 4676 Novatiauns
3001 4638 3214 4691 quoque
3237 4622 3387 4678 hunc
3413 4639 3674 4679 errorem
3703 4625 3755 4678 in
3789 4622 3898 4676 hat-

2275 4713 2472 4767 I‘eticos
2513 4721 2685 4767 notat.
2723 4709 2849 4765 ΙΙαέ
2889 4714 3024 4766 enim
3065 4714 3378 4768 contumelia
3417 4716 3792 4771 hereticorum
3831 4712 3896 4767 ad

2273 4807 2442 4874 ipsum
2471 4823 2669 4875 quoque
2701 4804 2912 4860 Patrem
2955 4807 3276 4869 redundabit,
3331 4809 3380 4861 si
3417 4808 3570 4864 Deus
3617 4809 3785 4863 Pater
3813 4805 3859 4859 1·”
3862 4807 3904 4858 i-

2275 4897 2402 4950 lium
2429 4895 2598 4950 Deum
2627 4915 2869 4968 generare
2895 4915 2996 4951 non
3026 4899 3212 4970 potuit.
3239 4897 3356 4951 Non
3394 4910 3591 4957 autem
3627 4903 3682 4955 in
3717 4898 3904 4957 Sabel-

2275 4988 2450 5042 liauos
2478 4986 2580 5057 ipsi
2609 4993 2958 5057 posteriores,
3009 4991 3102 5044 sed
3130 4991 3184 5043 in
3213 4989 3548 5048 Praxeauos
3579 4995 3738 5049 dicit.
3774 4996 3902 5047 Mea:

2271 5078 2402 5134 huic
2441 5083 2724 5136 sententiw
2755 5081 2930 5136 tinent
2962 5092 3016 5136 et
3061 5081 3161 5150 ipsi
3195 5081 3416 5138 Domini
3459 5085 3780 5149 Bullerinii,
3815 5080 3899 5154 qtti

2271 5171 2372 5226 hoc
2409 5173 2461 5225 in
2488 5188 2742 5228 sermone
2783 5175 3046 5243 praeclare
3088 5175 3170 5245 agi
3208 5185 3406 5230 contra
3452 5179 3902 5248 Patripatssianos

2269 5273 2325 5319 et
2347 5267 2687 5322 Salirllianos
2725 5269 3005 5322 adnatant.
3041 5268 3305 5323 Pnacium
3337 5271 3462 5324 haec
3502 5273 3766 5328 adversus
3795 5269 3901 5324 Pa-

2266 5359 2628 5427 tripassianos.
2660 5376 2748 5416 seu
2787 5359 2864 5432 (ut
2904 5378 2936 5414 a
2963 5360 3168 5414 Latinis
3209 5369 3394 5428 postea
3425 5363 3564 5418 dicti
3607 5365 3760 5437 sunt)
3801 5363 3902 5420 Sa-

2268 5452 2517 5506 bellianos
2545 5454 2820 5520 confessio,
2847 5454 2936 5522 qui
2961 5469 3120 5508 unam
3147 5453 3327 5506 Patris
3364 5451 3680 5512 Personam
3701 5455 3900 5530 duplici

2266 5553 2463 5598 tantum
2521 5561 2639 5598 voce
2679 5544 2977 5599 distinctam
3019 5545 3583 5607 contminiscebasstur.
3630 5548 3886 5610 Catholici

2263 5645 2433 5688 autent
2480 5633 2685 5690 Patrem
2728 5644 2775 5688 et
2827 5632 3058 5700 Filium,
3102 5637 3374 5705 duplicem
3433 5637 3759 5710 Personam,
3804 5641 3894 5694 du-

2258 5727 2383 5798 plici
2415 5728 2714 5784 distinctam
2743 5728 2948 5785 nomine
2973 5730 3308 5798 conﬁtentur.
