4198 6160
402 295 510 353 655

1530 277 1619 333 ns
1648 273 1899 333 SANCTI
1936 242 2226 327 zeuorus
2269 264 2540 323 EPOCltA

3598 254 3700 310 656

399 420 484 465 est
532 404 789 470 credere,
839 402 910 457 ab
960 398 1149 455 eodem
1208 393 1372 449 Clero
1419 390 1661 461 deputati
1718 386 2002 461 (agebatur
2028 391 2075 446 A
2102 377 2525 470 Concctlendum
2564 375 2744 446 itaque
2773 372 3017 470 Dominis
3059 369 3370 470 Balleriniis
3408 368 3465 424 S.
3505 367 3706 470 Diony—

404 502 547 557 enim
583 499 653 555 de
685 495 904 568 proprio
948 491 1213 562 Episcopo
1260 499 1444 542 coram
1492 484 1718 537 Summo
1749 478 2004 550 pontifice

406 588 733 661 accusando)
777 589 994 642 Romam
1034 580 1394 643 ascenderunt,
1437 575 1607 645 ibique
1634 588 1821 628 eum...
1851 585 2005 624 accu-

406 694 663 743 saaerunt.
695 679 917 736 Publica
945 674 1220 732 accusatio
1258 673 1326 727 ab
1367 662 2003 724 EcclesiacAlexaudrina

408 790 596 838 contra
656 790 811 831 suum
865 772 1195 843 Episcopum
1243 765 1469 820 Romam
1522 757 1665 831 apud
1722 758 2003 812 Summum

411 871 731 930 Pontilicem
784 866 959 923 delata
987 905 1002 929 ,
1074 859 1317 933 potuitne
1359 855 1458 911 toti
1502 853 1669 910 Italiae
1713 848 2005 905 occultari?

408 969 597 1026 Nonne
624 976 672 1022 el
700 962 950 1020 omnibus
977 958 1140 1015 Orbis
1170 951 1429 1010 Ecclesiis
1463 957 1625 1003 tanta:
1654 944 1732 1000 rei
1760 942 2002 998 notitiam

409 1080 530 1122 cum
559 1060 629 1117 de
674 1057 874 1115 Christi
908 1053 1195 1109 Divinitate
1235 1053 1507 1119 ageretur,
1542 1042 1710 1099 fuisse
1735 1039 2003 1109 vulgatam

408 1154 697 1214 dicendum
769 1149 916 1206 est?
970 1146 1195 1202 Maxima
1267 1138 1532 1210 siquidem
1599 1136 1700 1190 fuit
1741 1134 1795 1187 in
1883 1130 2009 1185 Dio-

408 1250 622 1323 nysium
671 1241 971 1306 contentio,
1011 1238 1260 1293 maximae
1298 1232 1546 1289 excitatze
1589 1228 1782 1290 turbae,
1824 1234 1882 1278 ut
1911 1237 2007 1292 0p-

412 1318 643 1415 portnne
672 1334 1035 1393 Thomasinus
1074 1330 1353 1385 observat.
1398 1324 1547 1380 Seria
1575 1322 1657 1376 hic
1686 1318 2004 1390 perpenden-

413 1437 536 1491 dum
561 1443 654 1497 est,
685 1442 876 1502 quanta
903 1428 957 1481 in
997 1424 1306 1495 Dionysium
1346 1420 1598 1474 concitata
1627 1417 1692 1470 sit
1713 1423 2003 1484 tempestas,

413 1544 476 1583 ea:
499 1544 557 1582 ea
586 1524 721 1595 quod
748 1539 850 1578 una
874 1519 953 1575 vel
981 1520 1147 1573 altera
1166 1514 1380 1585 epistola
1401 1514 1538 1567 visus
1561 1519 1688 1565 esset
1711 1510 2009 1578 aliquantu-

409 1624 518 1677 lum
547 1619 789 1674 decedere
810 1616 872 1671 de
900 1610 1314 1668 constantissimo
1368 1615 1415 1661 et
1445 1603 1803 1673 antiquissima
1830 1599 2012 1653 Eccle-

407 1718 603 1772 siarum
632 1712 862 1768 omnium
889 1707 1123 1761 doctrina
1150 1705 1205 1757 in
1234 1700 1358 1755 Filii
1389 1697 1667 1752 Divinitate
1697 1692 2006 1765 proﬁtenda.

2109 474 2248 527 sium
2298 468 2724 525 Alexnndrinum
2777 465 2916 519 hanc
2962 463 3250 518 formulam
3288 459 3458 515 :Cum
3510 460 3574 514 sit
3624 475 3705 511 res

2108 564 2271 635 facta,
2303 578 2404 616 nan
2437 568 2543 615 erat
2572 569 2846 629 antequam
2872 556 3034 625 ﬁeret,
3064 570 3127 609 ea
3161 565 3343 609 mente
3370 551 3704 615 adhibuisse,

2109 666 2164 709 ut
2192 653 2546 710 Sabellianam
2573 651 2806 705 hwresim
2835 647 3100 703 Catholica
3137 663 3291 701 sensu
3321 643 3598 715 refelleret.
3624 642 3703 697 Ex

2107 763 2175 803 eo
2207 757 2387 802 tamen
2420 745 2725 800 nullatenus
2757 741 3095 798 inferendum
3139 748 3243 804 est,
3292 739 3473 794 minus
3519 745 3708 792 notum

2110 842 2278 896 fuisse
2322 843 2464 894 hunc
2491 852 2754 903 errorem,
2801 846 2858 891 et
2909 835 2980 892 ob
3009 835 3059 888 id
3110 832 3331 888 minime
3377 831 3707 899 redarguen-

2111 935 2261 999 dum,
2292 932 2504 990 etiamsi
2530 940 2736 988 tantum
2780 929 3035 1001 Dionysio
3064 926 3436 984 Alexandrino
3473 924 3710 981 excidis-

2112 1036 2235 1093 set;
2267 1028 2396 1097 quiu
2440 1042 2504 1083 ea
2546 1025 2888 1095 potissimum
2923 1022 3132 1078 ratione
3159 1020 3372 1091 publice
3409 1018 3711 1090 reprehen-

2110 1121 2322 1178 dandus
2347 1129 2486 1186 erat,
2519 1134 2588 1174 ne
2616 1115 2969 1174 Alexandrini
3011 1112 3252 1181 Dionysii
3290 1110 3608 1176 auctoritas,
3651 1117 3709 1163 et

2112 1216 2373 1270 sanctitas
2402 1212 2578 1269 errori
2607 1209 2914 1282 Spargenda
2939 1206 3327 1264 obstetricante
3357 1206 3519 1260 veluti
3547 1220 3712 1261 manu

2113 1308 2410 1362 maximum
2441 1305 2653 1376 pondus
2700 1316 2755 1360 et
2795 1304 3134 1359 occasionem
3168 1300 3455 1370 praeberet.
3500 1300 3613 1368 Qua
3645 1298 3715 1354 de

2113 1417 2171 1456 re
2200 1400 2382 1455 mitius
2406 1414 2530 1454 cum
2562 1398 2656 1453 illo
2684 1411 2869 1468 agens,
2892 1397 2964 1451 ita
2987 1405 3204 1450 monet:
3242 1392 3520 1448 Videamus
3549 1408 3711 1458 nunc,

2114 1495 2305 1563 Optime
2347 1491 2659 1555 Christiane,
2708 1489 3138 1561 quemadmodum
3180 1488 3313 1541 inter
3377 1484 3578 1540 Patrem
3622 1483 3716 1538 Fi-

2113 1588 2341 1658 liumque
2379 1598 2581 1654 tempus
2617 1583 2862 1652 infulcias
2893 1600 2911 1636 :
2942 1582 3004 1638 Si
3043 1582 3177 1635 enim
3228 1580 3448 1647 tempori
3490 1595 3593 1631 non
3619 1578 3716 1632 sibi

2114 1678 2314 1744 debent,
2343 1678 2482 1749 quod
2501 1686 2575 1732 est
2602 1677 2734 1730 alter
2759 1674 2914 1728 alteri
2959 1672 3233 1733 obnoxius,
3263 1668 3445 1741 procul
3475 1670 3633 1724 dubio
3659 1679 3715 1723 ut

413 1808 534 1866 Nisi
557 1808 692 1861 enim
717 1800 1127 1859 constantissimo
1155 1796 1333 1864 {uisset
1355 1810 1435 1859 ea,
1465 1800 1510 1846 et
1537 1789 1877 1846 vetustissima
1905 1785 2004 1840 Ec-
2036 1786 2086 1846 B
2114 1780 2170 1825 ιιι
2198 1773 2292 1835 υἷε.
2319 1773 2490 1841 major
2514 1779 2587 1825 εει
2616 1780 2823 1834 natura,
2852 1785 3006 1838 quam
3041 1768 3202 1823 Deus.
3236 1768 3301 1822 At
3328 1784 3445 1821 cum
3473 1778 3712 1824 naturam

386 1902 685 1957 ‘clesiarum
713 1894 889 1958 Fides,
923 1910 1025 1947 non
1052 1891 1119 1944 ad
1151 1906 1263 1945 eam
1307 1887 1558 1941 adductus
1601 1884 1780 1955 fuisset
1806 1879 2008 1951 Diony-

408 1996 519 2050 sius
569 1992 651 2047 sui
674 1987 929 2061 purgandi
971 1984 1339 2046 necessitatem,
1381 1994 1484 2032 non
1532 1974 1669 2047 apud
1702 1972 2010 2043 Dionysium

411 2087 662 2143 Romana:
688 2080 935 2136 Ecclesia:
982 2075 1274 2131 Antistitem
1304 2073 1359 2125 in
1395 2069 1587 2123 crimen
1625 2076 1830 2120 vocatus
1855 2072 2007 2128 esset,

404 2154 516 2236 non
556 2179 601 2234 ei
630 2195 683 2233 se
713 2192 802 2247 per
841 2170 1080 2244 epistolas
1120 2181 1342 2239 purgare
1376 2161 1671 2232 compulsus
1700 2159 1900 2228 fuisset.
1932 2155 2008 2210 Ita

414 2271 808 2332 Thomasinus,
879 2265 964 2319 cui
1027 2257 1385 2328 adstipulatur
1438 2254 1668 2323 ipsemet
1718 2247 2010 2319 Dionysius

413 2362 813 2424 Alexandrinus
843 2358 896 2413 in
938 2352 1198 2424 Apologia
1238 2349 1306 2405 ad
1350 2348 1648 2401 Romanum
1691 2341 2008 2398 Pontificem

408 2456 746 2529 Dionysium.
779 2450 1036 2507 Craterum
1074 2446 1181 2499 haec
1219 2451 1265 2497 et
1292 2438 1585 2497 istiusmodi
1612 2454 1645 2490 a
1672 2450 1752 2489 me
1793 2433 2005 2501 scripta,

407 2525 567 2625 quasi
596 2547 918 2605 cwcutientes
975 2538 1307 2595 dissimulant
1351 2551 1405 2588 se
1433 2533 1622 2593 videre,
1668 2525 2011 2583 sententiolis-

411 2621 510 2717 que
537 2639 809 2697 inconditis
838 2634 994 2691 veluti
1030 2631 1171 2686 saxis
1198 2631 1393 2684 eminus
1438 2640 1520 2678 me
1550 2621 1782 2693 lapidare
1818 2633 2011 2671 conan-

413 2710 518 2792 tur.
549 2733 688 2802 Quid
711 2732 905 2786 mirum
938 2724 1103 2797 igitur
1123 2722 1170 2777 si
1187 2718 1521 2777 Veronensis
1542 2713 1746 2770 Praesul
1776 2711 1833 2767 S.
1858 2710 2007 2765 Zeno

414 2844 681 2892 errorem,
723 2838 830 2895 quo
856 2817 1144 2889 Dionysius
1171 2812 1583 2870 insimulabatur
1611 2823 1707 2876 pro
1745 2804 2010 2861 concione

412 2919 856 2996 reprehenderit,
909 2916 1023 2985 ipsa
1063 2904 1495 2981 reprehendendi
1551 2901 1758 2956 ratione
1813 2895 2007 2953 suﬂra-

408 2992 591 3090 gante,
623 3024 679 3070 ut
709 3009 1034 3067 notavimus.
1066 3002 1201 3059 Illud
1229 2998 1437 3055 accedit
1467 2997 1631 3051 etiam
1659 2993 1727 3048 ad
1756 2992 2010 3063 quaestio-

407 3082 495 3165 nis
523 3109 681 3176 hujus
713 3096 1209 3161 manifestissimam
1247 3103 1303 3148 et
1334 3089 1602 3161 publieam
1634 3084 1880 3141 notitiam
1910 3082 2007 3138 de-

409 3196 820 3257 monStrandam
851 3235 865 3258 ,

409 3292 656 3364 epistolis
699 3284 989 3354 Dionysius
1020 3281 1089 3336 ab
1124 3295 1190 3333 eo
1217 3276 1445 3332 crimine
1473 3288 1534 3328 se
1560 3269 1821 3327 defendit.
1855 3268 2005 3336 Quod

420 3361 461 3442 si
492 3381 752 3454 temporis,
798 3384 847 3431 et
874 3387 1105 3446 peracute
1150 3370 1284 3423 ratio
1313 3381 1428 3422 eum
1468 3365 1536 3419 ad
1565 3362 1691 3418 talia
1737 3361 2007 3416 scribenda

427 3476 596 3537 traxit,
636 3471 768 3525 alias
794 3481 992 3537 quoque
1016 3461 1338 3534 postmodum
1369 3459 1612 3530 epistolas
1641 3456 1867 3525 scripsit,
1895 3455 2010 3527 qui-

424 3569 516 3623 bus
566 3580 620 3623 se
659 3563 723 3617 de
766 3559 1055 3629 suspicione
1082 3555 1353 3628 purgavit;
1397 3551 1491 3608 sed
1522 3552 1629 3606 duo
1662 3548 1831 3605 edidit
1859 3548 2011 3602 volu-

415 3661 584 3716 mina.
640 3656 878 3713 Primum
929 3661 1115 3708 contra
1138 3649 1357 3706 Sabellii
1406 3647 1688 3710 hzeresim,
1739 3643 1902 3699 simul
1958 3652 2013 3698 et

417 3764 610 3809 contra
638 3764 755 3815 eos,
789 3746 958 3817 quiin
1003 3760 1126 3801 eum
1156 3742 1491 3814 ingerebant,
1538 3739 1677 3796 male
1722 3738 1789 3794 de
1815 3736 2011 3793 Christi

417 3843 712 3901 Divinitate
747 3839 1004 3895 sensisse.
1035 3837 1111 3892 Re
1139 3844 1397 3905 comperta
1427 3830 1810 3888 Alexandrinus
1837 3829 2009 3896 simul,

417 3944 467 3991 et
495 3944 675 3990 contra
730 3929 945 3988 Sabellii
978 3936 1270 3993 sectatores,
1306 3936 1352 3980 et
1394 3925 1505 3979 Arii
1533 3924 1842 3995 dogmata...
1871 3922 2018 3977 ualu—

416 4043 532 4083 men
562 4023 847 4094 composuit
875 4021 1010 4093 (Arii
1039 4020 1287 4092 dogmata
1316 4016 1453 4072 dixit
1477 4013 1801 4070 Athanasius
1822 4027 2017 4084 quam-

417 4120 499 4173 vis
531 4126 611 4172 tot
636 4124 762 4171 ante
789 4113 974 4170 Arium
1013 4127 1183 4167 annos
1236 4107 1515 4179 scripserit
1544 4104 1895 4177 Dionysius);
1926 4120 2017 4160 sc-

424 4213 659 4270 cundum
691 4211 938 4265 Romano
964 4204 1214 4263 Pontifici
1255 4203 1495 4273 scripsit,
1523 4209 1581 4255 ut
1604 4214 1727 4255 sese
1764 4198 2022 4255 defende-

423 4314 513 4361 ret
539 4322 551 4358 :
577 4302 967 4370 Pastulavitque
1007 4315 1041 4352 a
1084 4296 1321 4351 Romana
1371 4291 1627 4357 Prtesule,
1673 4299 1726 4345 ut
1766 4302 1882 4346 acta
1925 4290 2023 4345 sibi

427 4397 704 4461 indicaret,
729 4393 911 4463 quibus
933 4389 1176 4459 acceptis,
1210 4403 1341 4459 apus
1365 4385 1521 4442 edidit
1544 4384 1636 4439 sub
1661 4386 1867 4439 nomine
1886 4385 2027 4440 elen-

2114 1882 2178 1919 εει)
2202 1864 2366 1918 nihilo
2397 1864 2577 1934 fecerit
2602 1861 2856 1927 Christus,
2885 1864 2952 1914 sit
2981 1871 3151 1917 autem
3178 1877 3241 1915 ea:
3258 1870 3448 1915 natura
3474 1871 3710 1931 tempus;

2112 1961 2344 2028 ineptum
2382 1959 2507 2012 satis
2540 1968 2613 2012 est
2644 1973 2772 2030 apus
2800 1973 2895 2011 sua
2922 1971 3219 2026 praeponere
3244 1955 3449 2026 Artiﬁci
3477 1972 3496 2009 :
3519 1972 3579 2009 ac
3620 1972 3711 2023 per

2110 2048 2211 2104 hoc
2263 2050 2429 2104 solum
2480 2050 2688 2103 interest
2741 2047 2881 2117 quod
2944 2048 3043 2100 soli
3092 2063 3146 2101 se
3204 2048 3375 2101 sciunt
3421 2046 3525 2118 (S.
3574 2046 3714 2101 Zeno

2112 2159 2265 2198 serm.
2299 2157 2399 2207 vn,
2429 2141 2466 2195 ι.
2495 2156 2530 2195 ιι
2552 2140 2595 2211 ).
2630 2139 2811 2195 Libuit
2860 2140 2917 2194 S.
2950 2139 3180 2193 Zenonis
3227 2140 3389 2194 verba
3419 2152 3664 2209 repetere
3697 2158 3711 2193 :

2110 2236 2227 2307 ipsa
2250 2236 2452 2291 ctenim
2487 2250 2581 2305 per
2607 2250 2729 2290 sese
2760 2233 3188 2289 Alexandrinum
3219 2233 3531 2304 Dionysium
3551 2249 3714 2290 com—

2113 2332 2300 2400 pellari
2328 2334 2703 2386 demonstrant
2741 2330 3017 2385 rhetorico
3056 2345 3210 2384 more
3246 2329 3374 2384 licet
3409 2330 3704 2386 absentem.

2111 2422 2445 2480 Charitatem
2473 2424 2702 2493 spirant,
2736 2438 3004 2478 summam
3036 2420 3146 2476 Viri
3189 2422 3501 2492 opinionem
3529 2424 3711 2493 expri-

2114 2526 2285 2580 munt,
2320 2516 2493 2579 brevi,
2524 2526 2578 2570 at
2605 2518 2855 2587 energica
2879 2515 2929 2571 vi
2958 2531 3197 2571 errorem
3224 2515 3484 2571 evincunt
3516 2516 3712 2589 Diony-

2113 2611 2273 2667 siano
2305 2610 2533 2679 tempori
2565 2610 3149 2665 accommodatissima.

2184 2708 2255 2760 At
2297 2722 2402 2759 non
2450 2706 2502 2760 in
2545 2721 2651 2760 uno
2692 2705 3057 2759 Alexandrino
3104 2704 3403 2775 Dionysio,
3458 2719 3628 2777 neque
3681 2720 3710 2758 a

2114 2797 2390 2851 nonnullis
2429 2797 2587 2852 tertio
2630 2796 2828 2851 sarculo
2878 2797 2929 2851 in
2983 2798 3095 2852 sola
3127 2796 3397 2869 Egypto,
3439 2807 3495 2853 et
3535 2798 3714 2867 paucis

2114 2897 2319 2944 tantum
2380 2889 2431 2943 in
2497 2889 2863 2944 monumentis
2934 2888 3354 2944 Alexandrinam
3414 2889 3704 2945 Ecclesium

2113 2982 2482 3050 Spectantibus
2502 3023 2517 3047 ,
2553 2980 2691 3035 hanc
2721 2981 3009 3035 formulam
3036 2981 3135 3051 legi
3163 2982 3568 3037 concedendum
3588 2991 3702 3045 est,

2116 3081 2172 3127 ut
2204 3081 2391 3142 putant
2420 3073 2631 3127 Domini
2661 3072 2937 3128 Ballerinii
2962 3073 3045 3142 (ά.
3074 3073 3295 3128 Dissert.
3320 3091 3369 3139 I,
3394 3092 3438 3129 c.
3473 3076 3495 3130 l
3519 3118 3533 3135 .
3559 3074 3588 3148 §
3613 3076 3709 3148 2):

923 3186 1067 3260 quod
1127 3199 1233 3240 non
1279 3182 1441 3237 modo
1493 3178 1735 3250 pluribus
1794 3165 2081 3246 scriptisC
2112 3166 2250 3235 Quin
2289 3182 2385 3237 per
2431 3176 2597 3221 totam
2638 3166 2936 3222 Ecclesium
2984 3168 3122 3223 hanc
3173 3167 3423 3224 hmresim
3474 3167 3719 3223 diffama-

2121 3269 2226 3313 tam
2254 3260 2396 3314 circa
2428 3268 2666 3329 tempora
2704 3259 2940 3331 Dionysii
2974 3259 3365 3326 Alexandrini,
3421 3259 3533 3314 imo
3571 3261 3717 3315 circa

2118 3349 2328 3404 initium
2361 3350 2504 3405 tertii
2545 3351 2727 3406 sreculi
2776 3366 2874 3420 pro
2903 3360 3054 3407 certo
3092 3351 3399 3407 habendum
3430 3370 3443 3406 :
3476 3352 3628 3421 Quod
3659 3362 3719 3407 ut

2116 3440 2338 3511 planum
2368 3442 2491 3508 fiat,
2516 3457 2637 3512 quae
2667 3457 2829 3512 supra
2860 3441 2928 3497 de
2956 3453 3118 3497 astate
3143 3442 3305 3512 hujus
3344 3445 3567 3499 lueresis
3592 3451 3719 3500 sunt

2114 3535 2339 3591 adducta
2358 3577 2372 3600 ,
2399 3536 2464 3589 ad
2498 3545 2730 3590 mentem
2758 3543 2885 3590 sunt
2912 3535 3214 3592 revocanda
3241 3554 3253 3589 :
3290 3537 3512 3593 Scilicet
3557 3537 3718 3593 Ebio-

2114 3628 2198 3681 nis
2223 3641 2464 3682 errorem
2507 3641 2613 3682 non
2646 3628 2698 3681 in
2727 3628 2852 3681 Asia
2884 3628 3060 3683 solum
3091 3637 3215 3682 ante
3274 3629 3498 3685 secundi
3538 3627 3719 3691 saeculi

2115 3719 2360 3784 initium,
2393 3719 2488 3775 sed
2534 3729 2589 3774 et
2635 3718 2823 3774 Romae
2879 3719 3049 3775 fuisse
3088 3719 3399 3790 vulgatum,
3445 3735 3510 3776 ac
3552 3720 3723 3789 magis

2118 3812 2397 3881 magisque
2440 3809 2776 3865 dill'amatum
2818 3810 3195 3867 Theodotioue
3234 3819 3399 3882 atque
3439 3813 3657 3867 Artema
3688 3827 3723 3868 a

2119 3901 2345 3961 Summo
2375 3903 2634 3960 I’ontifiee
2663 3903 2880 3960 Victore
2905 3905 3174 3961 damnatis
3196 3907 3341 3961 circa
3365 3922 3564 3961 annum
3587 3904 3719 3960 Chr.

2120 3996 2244 4052 l96.
2290 3997 2488 4054 Errare
2516 3996 2797 4068 profligato
2847 3999 3119 4068 serpuisse
3147 3998 3327 4056 adhuc
3365 3999 3727 4072 deprehendiv

2122 4097 2209 4145 tur
2236 4092 2289 4146 in
2342 4090 2584 4148 Ecclesia
2616 4106 2722 4147 non
2757 4092 2920 4148 modo
2965 4092 3252 4161 Orientali,
3295 4094 3389 4150 sed
3419 4104 3474 4150 et
3511 4094 3564 4149 in
3620 4093 3727 4149 Oc-

2122 4185 2400 4249 cidentali,
2454 4186 2637 4257 aliquo
2688 4194 3017 4241 tamencum
3080 4186 3475 4251 moderamine,
3530 4197 3587 4241 ut
3633 4200 3727 4242 as-

2123 4278 2303 4334 solent
2347 4278 2582 4334 haeretiei
2618 4277 2686 4332 ad
2740 4277 3002 4335 Ecclesiae
3041 4292 3326 4334 censuram
3373 4278 3721 4334 eludendam.

2126 4371 2386 4426 Artemon
2433 4370 2633 4441 quippe
2679 4367 2955 4425 Christum
3002 4370 3290 4425 Dominum
3341 4370 3557 4426 dicebat
3600 4384 3728 4426 esse

430 4490 514 4544 chi
540 4498 587 4544 et
617 4485 889 4557 apalogiat.
942 4482 1061 4552 Ipse
1085 4495 1301 4551 quoque
1328 4479 1605 4534 Romanus
1636 4476 1880 4532 Pontifex
1903 4477 2026 4531 Dio-
2050 4551 2091 4557 _
2127 4463 2402 4519 hominem
2436 4474 2640 4519 laﬂlum
2677 4478 2743 4519 εἰ
2775 4462 2993 4557 Virsine
3019 4473 3227 4532 "3W":
3250 4463 3537 4535 Ρτονιιθιίε
3584 4478 3729 4533 βηθ-

428 4580 616 4652 nysius
647 4551 839 4633 eodem
870 4551 1167 4630 Athanasio
1197 4580 1440 4636 auctore,
1466 4569 1622 4638 cujus
1651 4569 1812 4623 verba
1835 4569 2018 4631 retuli,
2050 4551 2105 4611 Ῑ)
2127 4556 2467 4613 Slantiorem.
2498 4557 2754 4612 Damnata
2803 4556 2998 4612 haeresi
3025 4599 3040 4622 ,
3095 4572 3201 4612 non
3254 4558 3326 4613 ita
3374 4566 3562 4626 aperte
3603 4567 3730 4611 ante

427 4668 849 4728 commentarios
893 4667 949 4721 in
997 4666 1171 4720 lucem
1218 4662 1387 4727 dedit,
1442 4660 1639 4731 quibus
1679 4659 2022 4713 voluminibus

429 4774 610 4819 contra
659 4776 746 4816 eas
779 4760 869 4828 qui
898 4757 1099 4811 Filium
1138 4771 1269 4825 opus
1335 4761 1425 4807 aut
1469 4759 1753 4804 creaturam
1792 4767 2018 4806 asserue-

429 4867 545 4911 rant
567 4855 773 4925 scriptis
811 4852 950 4906 clare
996 4848 1303 4912 ostenditur,
1336 4845 1573 4899 haresim
1614 4842 1815 4898 Christo
1858 4844 2024 4899 rebelo

432 4946 561 5001 lium
602 4946 938 5006 Arianorum,
984 4956 1087 4993 non
1118 4949 1238 4992 tunc
1259 4938 1376 5008 jam
1418 4936 1662 5005 primum,
1698 4935 1788 4990 sed
1815 4935 1938 4989 olim
1963 4936 2027 4989 ab

428 5036 661 5091 omnibus
686 5033 983 5087 damnatam
1008 5030 1186 5101 fuisse.
1214 5027 1292 5082 Ab
1323 5027 1581 5094 omnibus,
1614 5027 1786 5097 inquit
1810 5046 1822 5080 :
1861 5029 2028 5083 omni-

433 5127 535 5183 bus
576 5128 758 5195 itaque
794 5134 975 5179 notam
1013 5120 1262 5176 haeresim
1299 5120 1606 5174 damnatam
1636 5119 1806 5185 dicit;
1853 5136 2028 5190 neque

431 5218 575 5275 enim
603 5215 850 5272 damnari
880 5213 1054 5286 potuit
1084 5212 1151 5267 ab
1194 5211 1467 5277 omnibus,
1495 5211 1625 5280 quin
1658 5212 1820 5266 etiam
1853 5212 2028 5265 omni-

430 5315 533 5372 bus
563 5322 711 5370 esset
740 5320 887 5367 nota.
916 5308 1286 5367 Alexandrino
1316 5309 1514 5378 quippe
1539 5306 1798 5379 Dionysio
1824 5307 2026 5362 intere-

430 5417 516 5462 rat
547 5421 641 5461 sua
670 5404 872 5475 scripta
898 5418 1003 5457 non
1038 5403 1090 5456 in
1124 5400 1493 5456 Alexandrina
1524 5409 1732 5454 tantum
1762 5398 2026 5464 Ecclesia,

433 5498 530 5554 sed
562 5509 615 5553 et
648 5498 852 5560 Romae,
884 5506 937 5549 et
972 5494 1025 5548 iu
1058 5493 1234 5558 Italia,
1280 5501 1443 5562 atque
1482 5492 1731 5546 universa
1762 5490 1813 5543 in
1844 5488 2032 5543 Eccle-

401 5592 512 5648 .sia
538 5591 620 5648 sui
649 5591 715 5645 ad
761 5588 1133 5644 defensionem
1160 5586 1399 5656 vulgare,
1435 5593 1493 5638 ut
1521 5583 1795 5638 infamiam
1826 5582 1927 5637 sibi
1959 5584 2033 5637 ir-

428 5691 672 5753 rogatam
699 5681 1016 5752 depelleret.
1042 5677 1277 5733 Romani
1306 5690 1521 5747 quoque
1553 5674 1795 5747 Dionysii
1831 5684 1949 5729 erat
1976 5675 2031 5731 in

426 5776 670 5830 universa
724 5771 972 5830 Ecclesia
1040 5768 1357 5827 damnatum
1413 5783 1654 5828 errorem
1712 5767 2025 5826 ostendere.

2130 4649 2351 4705 Mariam
2400 4648 2673 4706 Christum
2716 4665 2825 4705 non
2875 4649 3046 4706 fuisse
3094 4667 3107 4703 :
3157 4650 3252 4705 sed
3306 4650 3470 4705 fuisse
3516 4658 3728 4720 tempus

2132 4742 2345 4811 quando
2396 4758 2502 4798 nou
2548 4742 2691 4809 fuit,
2739 4742 3197 4813 Divinitatemque
3240 4744 3514 4813 propriam
3559 4744 3613 4798 in
3656 4755 3729 4798 eo

2134 4849 2240 4889 non
2274 4833 2462 4899 fuisse,
2494 4834 2589 4890 sed
2613 4834 2808 4900 I‘atris,
2844 4834 3161 4890 heterodosi
3190 4833 3567 4900 afﬁrmabant,
3596 4847 3733 4904 quo-

2132 4943 2251 4982 rum
2282 4928 2590 4997 opinionem
2622 4927 3017 4984 Tertullianum
3050 4928 3341 4998 adoptasse
3367 4926 3730 4997 comperimus

2132 5020 2185 5075 in
2220 5021 2330 5089 jam
2363 5020 2550 5075 relatis
2576 5022 2759 5075 verbis
2790 5023 3008 5077 ineunte
3043 5023 3266 5077 saeculo.
3296 5020 3366 5075 Et
3408 5019 3566 5074 Pater
3585 5016 3730 5073 Deus

2133 5125 2207 5167 est
2226 5155 2240 5181 ,
2274 5123 2318 5167 et
2347 5111 2522 5168 Judea:
2565 5112 2707 5170 Deus
2736 5125 2808 5171 est
2827 5156 2841 5178 ,
2874 5132 2976 5171 non
3017 5123 3184 5169 tamen
3213 5115 3330 5168 ideo
3370 5113 3533 5168 Pater
3560 5123 3607 5168 et
3629 5110 3732 5167 Ju-

2133 5210 2231 5261 dea:
2261 5223 2489 5275 semper,
2520 5209 2644 5279 quia
2670 5207 2813 5263 Deus
2841 5224 3060 5279 semper.
3094 5205 3232 5261 Nam
3258 5223 3352 5261 nec
3381 5205 3543 5261 Pater
3568 5208 3733 5274 potuit

2133 5316 2241 5354 esse
2282 5310 2399 5355 ante
2431 5300 2627 5356 Filium
2646 5343 2662 5370 ,
2704 5318 2797 5357 nec
2822 5299 2999 5356 Judea:
3024 5309 3141 5354 ante
3181 5299 3445 5353 delictum.
3476 5296 3606 5353 Fuit
3634 5314 3732 5351 au-

2136 5403 2233 5447 tem
2274 5401 2470 5464 tempus
2494 5411 2611 5448 cum
2636 5404 2683 5447 et
2712 5393 2953 5448 delictum
2972 5434 2986 5457 ,
3015 5402 3062 5447 et
3103 5391 3276 5446 Filius
3300 5408 3404 5446 non
3435 5393 3564 5464 fuit,
3593 5394 3734 5462 quod

2132 5486 2369 5541 Iudicem
2389 5529 2403 5555 ,
2436 5500 2483 5540 et
2501 5488 2587 5558 qui
2617 5486 2829 5541 Patrem
2865 5486 3140 5539 Dominum
3161 5488 3369 5557 faceret.
3396 5484 3734 5539 Tertulliano

2134 5597 2165 5638 e
2196 5582 2331 5638 vivis
2377 5583 2620 5650 sublato,
2654 5581 2903 5655 Beryllus
2935 5581 3239 5637 Bostrensis
3264 5578 3527 5635 doctrina:
3574 5578 3735 5634 laude

2133 5674 2202 5730 ab
2243 5675 2475 5731 Eusebio
2511 5675 2923 5732 commendatus
2947 5716 2962 5741 ,
2997 5673 3247 5732 eumdem
3288 5686 3531 5728 errorem
3581 5687 3733 5729 asse-
3778 5679 3782 5683 ‘

2136 5771 2243 5827 ruit
2284 5772 2427 5827 circa
2469 5768 2528 5825 C.
2579 5783 2669 5824 an.
2712 5768 2852 5838 250,
2899 5784 3059 5840 quem
3104 5781 3326 5837 serpere
3367 5762 3541 5819 adhuc
3586 5762 3737 5829 circa
