4198 6160
443 298 553 355 637
1865 291 2153 351 DISSERT
2165 293 2329 348 ATIO
3695 315 3807 373 658

442 417 679 476 medium
712 415 852 471 tertii
879 413 1131 485 ejusdem
1170 413 1357 470 smculi
1380 455 1393 478 ,
1425 422 1479 470 ct
1509 413 1560 469 in
1596 414 1773 477 Italia,
1804 420 1859 468 et
1882 411 2069 468 Romae
2099 412 2154 472 A
2178 408 2445 466 lusistunt
2489 420 2667 468 tamen
2723 411 2939 467 Domini
2987 412 3269 470 Ballerinii
3295 457 3312 483 ,
3355 418 3624 479 aientes:
3679 428 3799 485 Non

442 512 721 567 evidenter
749 508 1082 580 dignoscitur
1132 523 1197 562 ex
1240 523 1307 561 eo
1327 549 1342 570 ,
1378 504 1526 575 quod
1573 505 1905 562 Novalianus
1952 504 2066 558 Ro-
2169 504 2500 571 eamsolam,
2522 520 2639 576 quae
2661 505 2715 559 in
2739 505 2799 560 S.
2820 504 3074 577 Dionysio
3095 507 3472 567 Alexandrino
3494 519 3805 585 reprehensa

443 619 634 658 manus
699 603 976 673 presbyter
1040 611 1242 655 contra
1312 598 1573 652 eumdem
1636 614 1882 653 errorem
1939 604 2064 666 agat
2167 595 2308 667 fuit,
2337 597 2427 653 sed
2454 598 2590 652 alias
2619 600 2793 670 plures
2843 599 3133 655 locutiones
3163 618 3228 655 ea:
3274 610 3586 679 proposito,
3618 625 3667 669 ει
3708 631 3805 670 διε-

442 694 616 750 adhuc
643 693 950 749 Catholicus
974 692 1081 746 sub
1108 691 1169 746 S.
1197 690 1442 745 Fabiano
1471 690 1638 759 Papa.
1676 688 1775 743 Hic
1801 706 1924 762 ergo
1946 704 2063 744 cum
2169 692 2289 761 pius
2338 693 2612 763 impugnat
2655 702 2774 747 ante
2820 693 3000 746 Arium
3046 695 3241 748 nemini
3285 712 3531 769 unquam
3576 707 3800 765 αυάίιαε,

442 790 509 843 sit
537 789 736 859 genitus
756 804 787 840 a
814 786 970 841 Patre
989 828 1004 851 ,
1032 802 1240 855 semper
1261 792 1336 839 est
1357 785 1410 837 in
1435 782 1620 838 Patre.
1653 785 1871 853 Semper
1890 795 2064 839 autem
2168 781 2414 852 Pergunt
2450 784 2720 838 inauditis
2745 795 2872 839 ante
2899 785 3086 839 Arium
3118 786 3438 846 locutiones
3470 800 3797 857 auctoritate

443 882 517 936 sic
546 881 695 945 dico,
742 889 796 933 ut
827 896 924 933 non
963 880 1211 933 innatum
1236 920 1249 942 ,
1283 878 1377 933 sed
1407 886 1594 930 natum
1646 879 1927 947 probem...
1973 879 2064 933 sed
2166 874 2448 943 Socratis,
2474 878 2761 933 Sozomeni
2782 921 2795 944 ,
2823 877 3023 933 Ruiﬁni
3044 923 3058 943 ,
3086 889 3253 951 atque
3287 881 3484 943 Hilarii
3532 892 3784 960 probare.

442 975 562 1041 quia
589 984 703 1027 ante
729 988 872 1025 omne
900 982 1106 1043 tempus
1137 981 1210 1025 est
1229 1013 1242 1034 ,
1276 986 1483 1038 semper
1520 972 1575 1022 in
1604 968 1764 1025 Patre
1789 972 1957 1040 fuisse
1980 970 2062 1023 di—
2167 968 2317 1035 Quas
2347 970 2611 1025 hactenus
2635 970 3108 1026 consideravimus
3136 972 3406 1033 formulas
3428 981 3641 1036 auditas
3666 996 3791 1041 ante

443 1068 630 1122 cendus
672 1076 763 1121 est.
798 1064 904 1119 Nec
931 1066 1070 1119 enim
1100 1075 1303 1137 tempus
1340 1063 1424 1116 illi
1452 1063 1717 1132 assignari
1745 1072 1949 1133 potest,
1977 1063 2064 1135 qui
2167 1059 2362 1117 Arium
2391 1105 2406 1130 ,
2489 1079 2554 1118 ex
2614 1064 2681 1118 iis
2740 1079 2860 1134 quae
2917 1066 3262 1134 protulimus
3308 1071 3447 1126 satis
3514 1090 3792 1147 superque

443 1171 558 1215 ante
600 1169 791 1229 tempus
816 1169 908 1212 est.
940 1157 1167 1227 Semper
1192 1157 1326 1211 enim
1353 1156 1407 1208 in
1440 1153 1642 1223 Patre,
1676 1171 1737 1208 ne
1769 1154 1934 1210 Pater
1961 1172 2061 1210 non
2166 1164 2391 1210 constat
2416 1174 2429 1210 :
2451 1156 2656 1225 pariter
2674 1173 2780 1211 non
2807 1173 2968 1212 unum
2989 1157 3267 1216 Zenonem
3289 1172 3479 1219 contra
3506 1165 3652 1237 ipsas
3677 1169 3789 1225 dis-

442 1270 639 1323 semper
663 1254 727 1307 sit
757 1251 931 1308 Pater.

517 1346 712 1401 Contra
757 1344 1003 1401 eumdem
1056 1356 1306 1398 errorem
1354 1349 1411 1396 et
1449 1339 1717 1411 Origenes
1757 1339 2058 1410 disseruit,

442 1439 567 1495 licet
593 1440 644 1494 in
675 1440 881 1493 sincera
909 1436 1159 1508 Mysterii
1201 1434 1299 1491 SS.
1333 1432 1622 1488 Trinitatis
1661 1432 1919 1487 doctrina
1954 1449 2061 1489 non

442 1532 541 1587 sibi
568 1539 819 1587 constans
849 1547 863 1585 :
897 1529 1051 1598 Quod
1098 1546 1222 1583 cum
1265 1529 1332 1581 sit
1369 1526 1461 1581 ille
1506 1526 1793 1580 similitudo
1841 1525 2059 1591 Patris.

443 1627 552 1694 fieri
579 1641 681 1679 non
718 1641 863 1695 posse
904 1624 1044 1695 quod
1092 1624 1288 1695 fuerit,
1321 1620 1533 1692 quando
1572 1635 1675 1673 non
1726 1621 1909 1688 fuerit.
1942 1620 2059 1675 Non

441 1715 619 1787 itaque
672 1716 863 1787 Berylli
914 1716 1147 1771 haeresis
1205 1722 1590 1769 momentanea
1648 1711 1885 1768 dicenda
1932 1722 2055 1781 est,

2166 1250 2433 1314 seruisse,
2459 1266 2636 1321 neque
2666 1250 2942 1306 Occidenti
2975 1252 3143 1310 fuisse
3179 1254 3415 1326 ignotas.
3446 1260 3614 1323 Alias,
3644 1277 3781 1332 quas

2161 1341 2435 1406 alierum,
2478 1343 2736 1400 formulas
2763 1345 3210 1414 consideremus,
3258 1359 3318 1403 ut
3363 1350 3419 1405 in
3459 1364 3649 1422 aperto
3675 1357 3774 1423 sit,

2165 1451 2237 1492 an
2267 1452 2454 1493 contra
2484 1439 2630 1509 ipsas
2656 1449 2780 1495 ante
2808 1441 2995 1496 Arium
3028 1442 3297 1497 inauditas
3316 1445 3614 1502 conciones
3639 1463 3767 1503 suas

2167 1531 2416 1587 habuerit
2461 1532 2518 1589 ε.
2580 1532 2763 1602 Zeno,
2802 1549 3004 1605 easque
3048 1552 3119 1591 ex
3158 1540 3442 1608 preposito
3481 1550 3536 1595 et
3575 1542 3774 1612 saepius

2163 1623 2236 1677 im
2246 1625 2581 1695 pugnaverit.

2236 1717 2419 1773 Ariani
2442 1719 2786 1791 wqualitatem
2813 1719 2906 1792 (ita
2932 1719 3148 1777 Domini
3172 1722 3474 1795 Ballerinii)
3503 1723 3632 1779 Filii
3652 1742 3770 1780 cum

442 1823 615 1878 neque
642 1809 733 1861 toti
756 1807 1034 1862 Occidenti
1055 1828 1066 1881 ε
1091 1819 1321 1877 prorsus
1349 1806 1555 1874 ignota,
1597 1810 1757 1872 atque
1791 1805 1886 1859 uni
1936 1803 2043 1859 for-
2084 1811 2132 1871 B
2160 1806 2321 1863 Patre
2341 1809 2735 1878 inﬁciabantur,
2760 1812 3157 1883 inferioremque
3180 1813 3341 1868 Patre
3369 1813 3567 1870 Filium
3582 1817 3774 1888 prtedi-

438 1904 574 1956 sitzin
613 1899 813 1956 Zenoni
852 1907 1136 1971 comperta
1165 1940 1180 1963 ,
1215 1913 1337 1952 cum
1370 1905 1427 1951 et
1451 1895 1826 1963 Tertulliano,
1860 1907 1915 1951 et
1946 1896 2054 1951 No-

438 1996 650 2049 vatiauo
672 2037 684 2061 ,
714 2010 776 2051 ac
816 1995 1074 2067 Dionysio
1109 1994 1361 2049 Romano
1393 1990 1667 2061 pontiﬁci,
1696 1988 1913 2047 Latinis
1946 1994 2049 2047 Pa-

439 2087 646 2143 tribus:
673 2088 910 2157 Origeni,
941 2088 1320 2157 Tlieognosto,
1359 2084 1622 2156 Dionysio
1650 2084 2046 2151 Alexandrino,

436 2180 670 2244 Graecis.
702 2182 908 2251 ipsique
944 2180 1114 2235 Paulo
1155 2179 1520 2234 Samosatenu
1562 2176 1819 2232 haeretica
1848 2220 1862 2244 ,
1910 2188 2050 2233 toto-

435 2290 542 2346 que
579 2277 730 2330 tertio
765 2275 961 2330 s:eculu
1013 2273 1420 2344 perstrepuisse
1467 2273 1737 2327 universae
1781 2274 2047 2330 Ecclesiae

434 2369 698 2437 cognitam
774 2384 834 2423 ac
874 2368 1094 2440 publice
1141 2366 1489 2421 manifestam
1528 2380 1591 2419 ex
1632 2364 1880 2422 adductis
1915 2383 2045 2438 pro-

436 2460 611 2513 betur.

526 2551 606 2607 Ad
664 2552 820 2620 hujus
878 2552 1210 2624 paragraphi
1275 2550 1737 2620 complementum
1803 2551 2043 2623 Dionysii

434 2643 777 2699 Alexandrini
806 2654 986 2701 textus
1012 2661 1080 2701 ex
1115 2644 1423 2699 Athanasio
1444 2642 1735 2698 alieramus
1764 2643 2036 2716 (De'Dec.

437 2732 650 2789 Nicena:
676 2736 935 2808 Synodi).
973 2735 1260 2804 Nunquam
1295 2734 1395 2806 fuit
1428 2732 1594 2787 Deum
1640 2751 1744 2788 non
1786 2752 1895 2789 esse
1929 2735 2039 2789 Pa-

336 2869 351 2881 .
435 2838 563 2883 trem
589 2847 606 2883 :
634 2847 827 2901 semper
847 2830 1110 2887 Christum
1135 2831 1297 2902 fuisse
1328 2828 1584 2892 Verbum,
1609 2837 1655 2881 et
1684 2828 2040 2898 Sapientiam,

434 2932 481 2977 et
519 2922 777 2978 Virtutem.
813 2923 996 2995 Neque
1025 2927 1164 2979 enim
1190 2941 1308 2978 cum
1338 2923 1452 2977 Ita'c
1475 2931 1627 2976 antea
1654 2938 1756 2976 non
1785 2925 2042 2994 genuisset

434 3015 577 3070 Deus
596 3059 610 3080 ,
640 3028 811 3087 postea
836 3021 1040 3089 genuit,
1085 3018 1180 3074 sed
1208 3034 1370 3088 neque
1404 3034 1437 3070 a
1480 3032 1535 3069 se
1572 3017 1688 3084 ipso
1724 3015 1891 3070 Filius
1918 3028 1997 3070 est
2023 3060 2037 3082 ,

433 3111 525 3169 sed
553 3129 583 3165 a
613 3111 769 3167 Patre
804 3112 953 3167 habet
978 3129 1104 3168 esse.
1135 3112 1259 3166 lam
1290 3111 1413 3179 quia
1436 3109 1684 3181 splendor
1704 3119 1778 3163 est
1800 3109 2041 3166 [Etcrme

2156 1902 2360 1956 cubant.
2392 1903 2588 1956 Auctor
2628 1921 2648 1953 ι
2685 1904 2948 1973 mqualem
2979 1923 2998 1956 ι
3033 1903 3185 1960 Patri
3214 1903 3416 1960 Filium
3455 1926 3474 1959 ι
3503 1907 3557 1962 in
3586 1908 3763 1963 omni-

2154 1990 2257 2047 bus
2292 2012 2311 2045 ι
2349 1994 2532 2049 Tract.
2565 2010 2627 2049 ιιι
2657 2004 2712 2049 et
2750 1994 2931 2050 Tract.
2965 2011 3023 2050 tv
3061 1997 3155 2052 lib.
3187 2014 3257 2063 ιι,
3320 2018 3340 2050 ι
3377 1999 3770 2070 aequalitatem-

2153 2102 2260 2157 que
2282 2086 2567 2143 amborum
2598 2105 2755 2143 unam
2788 2108 2808 2142 ι
2839 2101 2988 2161 urget
3013 2089 3186 2147 Tract.
3210 2109 3261 2148 Vl
3281 2134 3294 2147 .
3325 2110 3464 2149 num.
3492 2093 3557 2160 4,
3590 2106 3637 2149 ει
3656 2098 3766 2167 for-

2152 2183 2309 2236 mulis
2338 2184 2545 2253 quidem
2575 2184 2704 2238 adeo
2748 2187 3034 2254 expressis,
3078 2203 3140 2240 ac
3166 2189 3395 2257 repetitis
3424 2190 3613 2261 sepius
3640 2189 3762 2243 aliis

2151 2274 2361 2328 vocibus
2402 2277 2616 2337 statuit,
2650 2284 2705 2327 ut
2739 2292 2841 2330 non
2891 2293 3016 2331 casu
3057 2279 3263 2349 aliqua,
3304 2279 3395 2333 sed
3433 2296 3497 2334 ea:
3541 2280 3759 2334 consilio

2148 2376 2331 2421 contra
2358 2384 2592 2423 errorem
2612 2371 2733 2439 jam
2774 2369 3127 2425 dominantem
3155 2374 3265 2427 [uec
3291 2389 3346 2426 se
3371 2373 3605 2444 proﬁteri
3633 2373 3757 2427 sub-

2144 2459 2337 2515 indicet
2361 2477 2381 2515 :
2411 2461 2546 2515 unde
2589 2462 2807 2517 Tract.]
2849 2463 2939 2517 lib.
2971 2480 3028 2529 ιι,
3083 2482 3102 2515 ι
3137 2465 3308 2519 Deum
3364 2465 3458 2521 Dei
3499 2465 3692 2520 Filium
3728 2486 3747 2519 ι

2146 2550 2433 2623 IEqualem
2487 2553 2630 2608 Patri
2657 2569 2686 2607 a
2712 2553 3007 2610 Catbolicis
3037 2557 3318 2621 praedicari
3347 2599 3363 2625 ,
3397 2558 3635 2612 distincte
3671 2559 3753 2628 af-

2146 2645 2319 2714 ﬁrmat
2349 2661 2367 2699 :
2397 2662 2515 2716 qua:
2544 2646 2845 2718 prtedicatio
2873 2649 3080 2702 nonnisi
3118 2650 3175 2704 in
3219 2660 3459 2720 quartum
3497 2651 3744 2705 saeculum

2145 2745 2325 2790 contra
2374 2736 2483 2791 Arii
2528 2739 2763 2793 hcet-etim
2806 2739 2965 2793 cadit.
3013 2739 3161 2795 Hanc
3201 2758 3357 2811 porro
3399 2743 3744 2812 (equalitatem

2144 2846 2246 2884 non
2273 2830 2503 2885 adseruit
2538 2840 2749 2897 auctor,
2779 2832 2869 2886 sed
2912 2833 3145 2903 pluribus
3181 2844 3406 2890 statuere
3447 2845 3493 2890 et
3550 2836 3744 2906 conﬁr-

2144 2938 2287 2976 mare
2325 2923 2479 2977 etiam
2514 2924 2729 2996 integris
2755 2926 3059 2997 quandoque
3099 2929 3403 3003 tractatibus
3429 2929 3619 2991 voluit,
3660 2928 3748 2982 ob-

2134 3015 2390 3087 jectiones
2425 3017 2665 3089 rejiciens
2690 3059 2703 3081 ,
2743 3034 2872 3088 quas
2915 3017 3099 3073 Ariani
3135 3021 3302 3075 solum
3342 3032 3738 3076 commoverant.

2151 3105 2281 3161 Vide
2328 3106 2498 3162 Tract.
2533 3120 2624 3164 ιει
2661 3126 2744 3176 νι,
2781 3111 2868 3164 lib.
2912 3126 2971 3165 ιι.
3017 3111 3401 3181 ιΕ.ιιιιιΙίιειιειιι
3450 3113 3569 3168 Filii
3614 3129 3739 3169 cum

435 3203 590 3257 Lucis
609 3244 625 3268 ,
654 3205 885 3259 omnibus
916 3206 1082 3259 modis
1109 3205 1220 3278 ipse
1249 3217 1452 3274 quoque
1479 3199 1729 3255 {Eternus
1749 3211 1824 3255 est
1850 3218 1869 3256 :
1900 3201 2041 3258 Luce
2065 3191 2110 3251 C
2144 3196 2303 3253 Patre
2335 3201 2487 3255 tutati
2533 3211 2658 3255 sunt
2688 3211 2814 3255 ante
2853 3203 2908 3256 S.
2954 3201 3227 3257 Zenonem
3277 3219 3468 3259 omnes
3513 3205 3701 3260 Patres
3727 3246 3742 3272 ,

433 3296 569 3349 enim
600 3312 792 3366 semper
814 3298 1089 3364 existente,
1119 3305 1318 3349 certum
1341 3303 1417 3347 est
1434 3334 1449 3359 ,
1476 3301 1523 3346 et
1555 3292 1879 3363 splendorem
1906 3308 2041 3347 sem-

433 3405 529 3460 pcr
555 3389 795 3454 existere;
833 3406 891 3443 eo
923 3390 1057 3444 enim
1083 3391 1198 3459 ipso
1232 3387 1401 3441 lucem
1432 3402 1538 3440 esse
1559 3427 1572 3447 ,
1605 3401 1707 3454 quo
1734 3385 2034 3455 splendeat,

432 3479 772 3549 intelligitur;
798 3497 903 3534 non
926 3481 1058 3534 enim
1081 3480 1198 3551 ﬁeri
1224 3488 1423 3550 potest,
1455 3486 1511 3530 ut
1539 3477 1631 3531 tua:
1661 3493 1761 3529 non
1795 3476 2035 3534 luceat...

438 3573 874 3651 Sttuctiﬂpiritus
910 3576 1215 3628 mentionem
1246 3573 1345 3645 feci
1364 3612 1380 3637 ,
1408 3571 1497 3625 sed
1537 3571 1609 3623 ita
1646 3577 1700 3621 ut
1726 3570 1918 3638 pariter
1942 3571 2041 3625 ad-

426 3670 703 3740 jungerem
728 3667 987 3721 undenam
1012 3667 1131 3732 ille,
1167 3677 1214 3721 et
1249 3683 1340 3733 per
1368 3680 1519 3735 quem
1539 3662 1726 3717 venerit
1751 3677 1770 3716 :
1801 3660 1908 3717 Sed
1935 3663 2037 3733 ipsi

434 3761 678 3830 ignorant
730 3758 939 3814 Patrem
969 3777 1000 3812 a
1047 3758 1187 3813 Filio
1230 3758 1451 3811 alienari
1490 3772 1591 3808 non
1621 3770 1806 3824 posse,
1861 3764 1908 3808 et
1942 3757 2039 3811 sub

442 3852 618 3907 Patris
638 3856 882 3908 vocabulo
910 3854 1212 3925 primarium
1235 3850 1616 3925 conjunctionis
1638 3858 1899 3902 auctorem
1922 3866 2042 3905 cou-

438 3947 593 4000 tineri
611 3990 625 4013 ,
657 3956 701 4001 et
728 3945 925 4001 Filium
953 3963 984 4000 a
1011 3945 1169 4000 Patre
1210 3945 1360 4014 quasi
1391 3942 1652 3996 domicilio
1689 3940 2039 4011 disgregatum

435 4056 543 4093 non
571 4056 715 4106 esse,
745 4056 803 4094 eo
831 4039 972 4109 quod
1008 4039 1180 4092 Patris
1210 4037 1513 4091 vocabulum
1550 4036 1682 4088 hanc
1722 4035 2040 4088 communio—

439 4148 556 4184 nem
587 4131 803 4191 indicet,
834 4142 880 4185 et
906 4132 960 4185 in
1006 4130 1182 4184 Patris
1224 4129 1449 4199 Filiique
1498 4127 1734 4179 manibus
1777 4142 1885 4179 esse
1915 4126 2036 4197 Spi-

436 4227 597 4279 ritum
628 4226 873 4279 Sauctum
892 4268 908 4292 ,
941 4225 1030 4279 sed
1056 4225 1130 4278 ita
1176 4234 1232 4278 ut
1271 4239 1434 4291 neque
1471 4238 1501 4274 a
1534 4222 1758 4274 mittente
1781 4260 1795 4284 ,
1822 4234 1982 4287 neque
2007 4237 2039 4273 a

439 4323 634 4388 ferente
660 4327 968 4389 segregetur.
1006 4316 1108 4381 Qui
1128 4317 1243 4388 fieri
1275 4316 1435 4386 igitur
1460 4321 1628 4383 posset
1656 4353 1669 4374 .
1702 4320 1758 4364 ut
1787 4328 1900 4365 cum
1928 4314 2040 4367 istis

442 4412 735 4465 nominibus
776 4423 924 4476 utar,
992 4420 1257 4479 suspectus
1289 4410 1479 4462 habear
1503 4408 1651 4473 quasi
1682 4405 1781 4458 ista
1810 4407 2040 4474 separari

439 4505 704 4575 diuidique
741 4507 1157 4560 existimaverim.
1209 4502 1324 4557 Hoc
1356 4504 1515 4572 igitur
1558 4510 1709 4571 pacto
1754 4500 2036 4565 unitatem,

2144 3292 2235 3362 qui
2281 3292 2347 3347 de
2387 3292 2587 3349 Christi
2632 3294 2925 3350 Divinitate
2965 3298 3337 3366 scripserunt;
3386 3312 3504 3352 eam
3546 3300 3745 3368 quippe

2145 3386 2476 3456 impetebant
2504 3388 2837 3459 antiquiores
2868 3392 3058 3443 omnes
3102 3392 3339 3445 haereses
3360 3431 3376 3457 ,
3405 3405 3526 3460 quae
3555 3388 3743 3445 Chris-

2147 3485 2256 3532 tum
2302 3478 2572 3534 bominom
2594 3523 2608 3547 ,
2644 3495 2751 3535 non
2787 3481 2952 3536 Deum
2983 3496 3106 3537 esse
3138 3483 3557 3537 inﬁciabantur:
3590 3482 3742 3549 Qua-

2144 3580 2366 3641 propter
2409 3580 2558 3627 tanto
2592 3581 2718 3627 ante
2761 3572 2995 3629 Gallieni
3038 3583 3284 3641 tempora
3326 3574 3383 3631 S.
3419 3573 3739 3647 Hippolytus

2143 3661 2343 3734 Martyr
2368 3666 2728 3734 mqualitatem
2767 3665 2968 3720 Christi
2994 3682 3117 3722 cum
3147 3666 3308 3721 Patre
3344 3667 3616 3736 asseruit,
3648 3684 3743 3723 eu-

2138 3754 2228 3823 jus
2255 3755 2415 3811 verba
2449 3756 2759 3821 retulimus,
2790 3759 2984 3825 quibus
3025 3759 3369 3826 apertissime
3394 3758 3560 3824 dicit,
3589 3759 3738 3830 quod

2147 3846 2377 3902 Verbum
2410 3849 2545 3902 idem
2571 3859 2643 3903 est
2672 3866 2787 3902 cum
2819 3849 2998 3905 Patre.
3032 3849 3283 3905 Clemens
3312 3850 3474 3906 etiam
3504 3850 3739 3907 Alexan-

2142 3938 2333 3993 drinus
2362 3955 2523 4010 supra
2563 3940 2810 3995 laudatus
2836 3958 2848 3993 :
2897 3941 3112 3996 Verbum
3137 3943 3414 4009 Divinum,
3446 3944 3534 4013 qui
3562 3959 3738 3997 revera

2140 4044 2216 4088 est
2247 4033 2384 4088 Deus
2414 4034 2889 4105 manifestissimus,
2920 4037 3007 4106 qui
3032 4046 3107 4091 est
3132 4038 3485 4090 universorum
3514 4034 3742 4090 Domino

2139 4137 2451 4196 corequatus.
2485 4127 2721 4182 Tuendas
2751 4135 2930 4183 tamen
2975 4127 3297 4198 mqualitatis
3326 4127 3448 4182 Filii
3477 4144 3599 4182 eum
3630 4128 3734 4182 Pa-

2142 4229 2223 4275 tre
2259 4221 2534 4291 urgentior
2564 4221 2696 4275 Divo
2724 4220 2929 4275 Zenoni
2959 4221 3255 4275 necessitas
3298 4220 3398 4274 fuit
3433 4234 3495 4273 ea
3538 4227 3731 4284 aetate,

2142 4327 2245 4382 qua
2276 4312 2413 4366 forte
2444 4312 2739 4368 Veronensi
2773 4312 3019 4367 ecclesize
3049 4319 3313 4381 praeerat:
3348 4326 3415 4364 eo
3442 4311 3584 4380 quod
3614 4311 3735 4366 Ori-

2142 4417 2307 4473 genes
2333 4412 2519 4457 contra
2551 4405 2720 4473 ipsum
2753 4402 3113 4472 aequalitatem
3146 4400 3469 4454 disseruerit
3506 4400 3558 4454 in
3597 4400 3739 4456 libro

2142 4504 2328 4549 contra
2355 4492 2593 4547 Celsum.
2619 4492 2921 4546 Proximum
2955 4493 3051 4562 (ita
3067 4490 3348 4563 Origenes)
3377 4492 3557 4546 mundi
3582 4493 3739 4547 moli-

437 4612 561 4668 qute
588 4598 912 4652 indivisfbilis
940 4607 1010 4651 (ει
1030 4641 1045 4664 ,
1072 4598 1126 4652 in
1156 4594 1464 4650 Trinitatem
1492 4594 1805 4657 dilatamus;
1836 4600 1882 4644 et
1915 4589 2034 4646 Tri-
2064 4584 2119 4646 Ῑ)
2144 4594 2301 4639 larem
2329 4601 2437 4639 ϐεδε
2459 4581 2657 4639 Filium
2688 4583 2780 4637 Dei
2814 4581 3033 4636 Verbum
3052 4627 3065 4650 ,
3097 4583 3184 4653 qui
3213 4581 3350 4636 νεῖαι
3373 4590 3554 4654 tuapte
3579 4599 3740 4637 manu

442 4691 694 4751 nitatem,
724 4707 838 4755 qutr
866 4690 1085 4743 diminui
1127 4705 1230 4742 non
1272 4696 1470 4757 potest,
1512 4687 1567 4739 in
1613 4682 1872 4739 Uuitatem
1915 4700 2039 4737 con-

441 4797 856 4834 summamus....
883 4779 948 4833 Et
978 4794 1143 4833 tamen
1175 4780 1368 4833 scilicet
1398 4791 1736 4841 accusamur,
1768 4776 1916 4846 quasi
1954 4776 2041 4845 qui

442 4874 676 4926 dicamus
693 4914 707 4938 ,
743 4872 939 4926 Filium
964 4888 1123 4926 unum
1150 4888 1256 4926 esse
1278 4862 1345 4925 ea?
1360 4885 1571 4923 numero
1592 4883 1763 4940 rerum
1786 4871 2041 4938 factarum

441 4974 494 5017 et
535 4979 855 5035 nequaquam
894 4961 1043 5017 Patri
1085 4979 1177 5017 suo
1207 4961 1712 5016 consubstantialem.
1752 4958 1871 5015 Alia
1912 4974 2042 5015 con-

442 5055 584 5124 gerit
619 5055 676 5111 S.
719 5056 1044 5127 Dionysius:
1082 5053 1190 5110 Sed
1234 5053 1351 5108 haec
1389 5052 1661 5107 sufﬁciant
1687 5051 1752 5106 ad
1781 5067 1876 5118 ea,
1919 5066 2042 5121 quae

446 5151 832 5221 proposuimus
847 5192 862 5215 ,
888 5148 1279 5205 conﬁrmanda.
1301 5147 1432 5202 Nam
1454 5147 1637 5217 quanti
1663 5147 1778 5202 haec
1797 5145 2042 5201 iacienda

446 5249 591 5307 sint,
625 5243 886 5315 intelligat
914 5241 1112 5298 Lector
1138 5244 1254 5311 ipse
1286 5257 1381 5311 per
1402 5254 1542 5297 sese.

490 5390 523 5463 §
557 5389 722 5446 XVII.
754 5391 831 5446 An
865 5390 925 5448 S.
957 5391 1099 5445 Zeno
1123 5391 1253 5445 alias
1284 5390 1488 5445 Arianis
1518 5388 1730 5443 tributus
1759 5389 2010 5460 formulas

1074 5483 1430 5556 impugnarit?

532 5618 667 5673 Tres
707 5633 735 5671 a
778 5616 835 5674 S.
865 5616 1082 5671 Zenone
1113 5615 1384 5685 impctitas
1419 5613 1685 5675 haereses.
1718 5613 1887 5667 multo
1924 5623 2051 5668 ante

455 5712 575 5769 Arii
622 5723 799 5765 ortum
843 5709 1224 5765 disseminatus
1271 5708 1473 5767 fuisse.
1522 5707 2050 5773 demonstravimus,

451 5819 598 5876 quas
626 5812 682 5858 et
726 5803 923 5858 sa'culo
974 5802 1131 5855 tertio
1171 5800 1480 5855 convellere
1517 5800 1693 5862 notuit
1735 5802 1790 5853 ὃ.
1839 5799 2053 5856 Doctor.

2142 4679 2392 4732 mundum
2422 4678 2763 4749 fabricaverit.
2796 4675 3006 4729 Patrem
3032 4666 3150 4730 uero
3185 4674 3342 4730 Verbi
3371 4693 3429 4730 eo
3458 4679 3571 4742 ipso
3598 4677 3737 4747 quod

2149 4769 2285 4824 Filio
2322 4787 2413 4823 suo
2464 4779 2615 4839 atque
2673 4768 2837 4822 Verbo
2862 4768 3079 4838 jusserit
3120 4765 3368 4819 mundum
3397 4770 3600 4837 facere,
3627 4783 3741 4823 esse

2145 4864 2448 4931 primarium
2477 4861 2894 4932 opiﬁcemJiunc
2924 4861 3192 4930 praecipue
3215 4873 3458 4915 errorem
3488 4859 3737 4916 confuta-

2142 4957 2216 5011 vit
2248 4958 2304 5011 S.
2337 4956 2484 5011 Zeno
2511 4957 2561 5009 in
2590 4958 2850 5012 Sermone
2878 4955 3056 5024 primo
3080 4969 3110 5007 a
3150 4954 3399 5009 Dominis
3427 4954 3737 5012 Balleriniis

2149 5049 2404 5106 indicato.
2445 5050 2511 5103 At
2553 5050 2642 5103 ille
2687 5049 2769 5103 cui
2806 5049 3055 5122 jubetur,
3102 5029 3218 5114 est,
3255 5048 3425 5116 inquis
3450 5089 3467 5115 ,
3505 5050 3742 5121 inferior.

2154 5142 2338 5211 Quid?
2369 5142 2523 5210 Quod
2568 5143 2690 5197 inde
2734 5158 2836 5195 non
2883 5157 2993 5195 esse
3036 5140 3285 5213 probatur
3331 5142 3548 5214 inferior
3578 5159 3597 5197 :
3625 5144 3747 5214 quia

2148 5236 2287 5290 unde
2318 5237 2559 5305 processit
2607 5234 2821 5290 Paterni
2845 5235 3013 5289 cordis
3042 5244 3117 5289 est
3141 5244 3442 5303 exsecutor;
3482 5253 3585 5291 non
3609 5239 3748 5292 enim

2151 5334 2319 5387 minus
2341 5341 2418 5387 est
2447 5334 2618 5404 facere
2642 5347 2829 5401 magna
2845 5372 2859 5396 ,
2885 5345 3038 5396 quam
3062 5330 3249 5385 dicere.
3277 5330 3521 5395 Quamvis
3543 5339 3591 5385 et
3609 5332 3748 5403 quod

2153 5426 2345 5481 dictum
2382 5433 2457 5479 est
2492 5443 2525 5480 a
2568 5423 2725 5479 Patre
2770 5422 2847 5477 vel
2888 5422 2989 5476 dici
3028 5430 3232 5492 potest,
3262 5422 3385 5491 quia
3418 5414 3645 5475 Verbum
3672 5429 3750 5476 est

2164 5519 2360 5582 Filius,
2394 5520 2504 5574 sine
2534 5517 2674 5574 Filio
2702 5534 2805 5573 non
2831 5527 2906 5571 est
2925 5558 2938 5579 ,
2967 5527 3014 5571 ει
3033 5516 3170 5588 quod
3197 5516 3390 5586 factum
3417 5522 3489 5568 est
3511 5530 3543 5566 a
3572 5511 3747 5579 Filio,

2156 5614 2234 5668 vel
2261 5612 2374 5682 ﬁeri
2407 5623 2571 5681 potest
2594 5654 2608 5677 ,
2639 5613 2747 5667 sine
2772 5609 3066 5680 dignatione
3095 5606 3327 5661 Paterna
3372 5621 3471 5658 non
3497 5611 3604 5668 est,
3635 5605 3757 5676 quia

2136 5707 2331 5762 Filius
2357 5707 2468 5761 sine
2497 5706 2656 5762 Patre
2680 5722 2781 5761 non
2810 5713 2904 5757 est.
2939 5701 2994 5756 In
3028 5714 3284 5755 sermone
3308 5709 3525 5763 quoque
3546 5700 3766 5775 quinto.

2164 5800 2292 5857 Cum
2325 5801 2543 5867 imperat
2579 5799 2731 5853 Pater
2764 5794 2950 5847 Orbem
2996 5791 3108 5855 ﬁeri
3135 5800 3265 5855 opus
3304 5801 3423 5837 cum
3450 5784 3588 5839 dicto
3643 5802 3780 5845 com-
