4198 6160
444 268 550 323 ἕδΙθ

1588 260 1675 314 Ι)ὶί
1701 255 1942 315 SANCTI
1963 253 2256 312 ZBNUNIS
2283 253 2551 309 lCPOCHA

3636 244 3746 297 06η

445 385 614 453 pietur
644 400 675 435 a
710 381 867 435 Filio.
905 378 1173 447 Quomodo
1198 387 1400 443 autem,
1442 384 1701 442 quantus,
1749 380 1837 425 aut
1872 371 2042 440 qualis
2070 374 2118 432 Α
2148 369 2374 424 violatus
2403 378 2473 421 est
2504 369 2659 430 liber,
2692 382 2791 419 non
2814 368 3050 419 universa
3080 364 3192 434 ejus
3217 377 3371 430 opera
3393 398 3409 426 ,
3438 374 3553 428 quat
3581 364 3750 413 diver-

446 476 561 546 ﬁeri
596 476 774 529 debeat
795 506 811 539 ο
849 484 998 525 nemo
1027 469 1298 542 pracipit,
1337 466 1619 537 interrogat
1665 479 1846 528 nemo;
1880 478 2040 532 neque

441 571 578 623 enim
607 569 715 621 sine
750 565 923 619 Patris
949 578 1056 617 esse
1081 562 1241 632 possit
1271 561 1498 633 injuria,
1525 560 1570 613 si
1610 559 1709 611 hac
1746 556 2043 611 necessitate

444 674 575 729 opus
599 668 726 713 esset
753 657 832 710 illi
860 688 873 719 ,
904 655 994 726 qui
1036 656 1089 707 in
1119 654 1237 707 sinu
1267 651 1445 706 Patris
1485 665 1813 704 commanens
1860 649 2043 703 volun-

445 752 565 805 tatis
609 750 721 820 ejns
768 748 1136 820 perfectionem
1184 750 1287 799 non
1330 744 1619 806 didicerat,
1670 741 1758 795 sed
1805 740 2037 794 habebat.

444 845 613 900 Tanto
644 844 928 911 majesmte
966 838 1264 901 set-monis,
1299 846 1446 892 tanta
1472 837 1521 891 vi
1561 836 1831 892 rationum
1863 834 1917 888 in
1950 834 2044 888 he-

443 915 738 993 terodoios
770 932 975 988 invehit
1002 932 1060 988 S.
1097 930 1320 985 Prmsol.

510 1027 763 1099 Apertius
789 1030 967 1080 tamen
990 1028 1179 1079 contra
1205 1022 1564 1092 aequalitatem
1585 1019 1705 1075 Filii
1732 1033 1854 1073 cum
1885 1016 2047 1073 Patre

441 1122 732 1191 Origenem
762 1118 926 1173 luisse
959 1119 1193 1172 locutum
1222 1117 1418 1170 usserit
1442 1115 1500 1170 S.
1527 1113 1919 1183 Hieronymus,
1954 1108 2045 1178 qui

444 1218 617 1286 ipsum
658 1211 945 1282 scripsisse
983 1219 1248 1266 testatur:
1290 1209 1452 1261 Deum
1500 1206 1708 1260 Patrem
1734 1221 1841 1258 esse
1876 1202 2047 1257 lumen

442 1306 953 1377 incontprehensibilc
981 1323 991 1357 :
1013 1302 1273 1358 Christum
1300 1301 1573 1357 collatione
1606 1297 1777 1351 Patris
1802 1294 2045 1363 splendo-

441 1416 551 1453 rem
580 1415 688 1454 esse
726 1408 1032 1466 perparuum
1055 1432 1072 1459 ,
1117 1394 1204 1462 qui
1231 1394 1371 1462 apud
1416 1407 1506 1444 nos
1555 1405 1661 1460 pra:
1701 1385 2048 1441 imbecillitate

444 1504 622 1547 nostra
650 1505 871 1561 magnus
908 1505 1033 1555 esse.
1065 1488 1321 1542 videatur.
1355 1483 1594 1538 Duarum
1624 1492 1912 1536 statuarum
1940 1495 2051 1533 nta-

434 1586 609 1658 joris,
651 1591 698 1636 et
742 1580 972 1652 parvula:
1017 1580 1172 1634 unius
1198 1621 1212 1645 ,
1257 1593 1373 1648 qua;
1413 1576 1665 1629 mundum
1709 1574 1954 1643 impleat,
2002 1580 2051 1626 et

444 1676 795 1748 magnitudine
821 1690 915 1728 sua
939 1675 1161 1740 quodam
1181 1671 1333 1725 modo
1357 1669 1625 1723 invisibilis
1641 1668 1738 1731 sit;
1765 1678 1812 1721 et
1839 1667 2049 1720 alterius

2147 462 2221 514 sis
2273 469 2319 511 et
2347 457 2472 511 locis
2510 465 2557 510 et
2597 454 2906 525 temporibus
2944 452 3106 506 edidit
3152 450 3309 505 simul
3343 449 3604 521 corrumpi
3648 465 3748 520 po-

2149 557 2359 605 tuerunt
2373 550 2399 603 7

2222 642 2394 696 Atiam
2425 641 2708 695 formulam
2742 638 3066 695 Arianomm
3096 635 3373 706 propriam
3396 635 3448 689 in
3478 633 3545 688 D.
3569 633 3749 689 Zenow

2147 737 2233 792 nis
2279 735 2622 793 sermonibus
2651 732 3062 804 deprehendere
3091 730 3192 785 sibi
3232 729 3482 783 vitientur
3532 725 3749 782 Domini

2152 828 2423 882 Ballerinii
2459 846 2470 881 :
2506 826 2638 882 Cum
2674 826 2867 880 Auctor
2901 842 2919 875 t
2951 840 3108 877 unam
3134 820 3473 876 substantiam
3509 837 3528 872 ι
3563 819 3753 873 acriter

2147 922 2403 983 inculcet,
2446 937 2597 990 quant
2642 919 2812 974 cteteri
2859 916 3092 988 ejusdem
3134 916 3228 969 ieci
3275 912 3462 968 Patres
3507 913 3751 965 adversus

2149 1013 2371 1069 Arianos
2405 1028 2469 1067 ea:
2498 1013 2760 1083 proposito
2797 1010 3098 1063 dimicantes
3136 1005 3503 1069 inculcarnnt;
3533 1001 3752 1057 consub-

2149 1110 2408 1164 stantialis
2447 1107 2562 1161 licet
2601 1122 2767 1161 vocent
2798 1119 3120 1172 nequaquam
3147 1099 3409 1165 adhibeat,
3440 1098 3569 1153 satis
3596 1113 3649 1151 se
3670 1097 3753 1150 ni-

2152 1203 2427 1256 hilominus
2473 1200 2711 1253 adversus
2736 1194 2873 1252 'eam
2910 1196 3145 1251 haeresim
3196 1196 3536 1247 decertantem
3558 1189 3750 1260 prodit.

2151 1295 2265 1351 Hoc
2290 1295 2357 1350 ab
2384 1301 2703 1364 argumento
2728 1291 3025 1346 immunem
3057 1287 3114 1345 S.
3148 1287 3509 1341 Veronensem
3542 1284 3754 1339 Pin-su-

2151 1390 2256 1445 lem
2285 1388 2399 1443 fore
2438 1387 2772 1449 arbitrabar,
2803 1385 2994 1438 eadem
3029 1383 3237 1437 ratione
3260 1422 3274 1445 ,
3303 1394 3462 1450 quant
3495 1378 3595 1448 ipsi
3625 1392 3754 1447 sng-

2151 1491 2345 1551 gerunt
2371 1479 2582 1533 Domini
2613 1476 2908 1533 Balleriuii.
2943 1471 3408 1529 Consubstantialis
3438 1472 3555 1525 licet
3583 1486 3753 1524 vocem

2152 1589 2470 1643 nequaquam
2498 1570 2754 1625 adhibeat.
2782 1574 2849 1624 At
2881 1583 2999 1622 mea
3021 1566 3237 1637 quidem
3268 1566 3536 1620 sententia
3558 1564 3753 1618 etiam-

2154 1665 2203 1719 si
2228 1663 2692 1721 Consubstantialis
2720 1676 2890 1715 uocent
2915 1664 3113 1729 saepius
3132 1658 3470 1713 adhibuisset
3495 1658 3552 1711 S.
3576 1653 3752 1721 Zeno,

443 1747 539 1824 sub
573 1771 749 1823 oculos
790 1767 972 1830 cadat,
1022 1766 1166 1835 ponit
1202 1763 1495 1830 exemplum
1519 1802 1535 1828 ,
1583 1761 1740 1828 priori
1790 1758 2007 1813 Patrem
2030 1798 2045 1822 ,
2083 1766 2125 1823 Β
2153 1771 2185 1809 a
2214 1756 2374 1809 tertio
2412 1754 2612 1808 sacculo
2642 1769 2752 1808 non
2779 1768 2899 1807 esse
2930 1749 3319 1805 removendum
3351 1763 3451 1819 pro
3480 1760 3633 1803 certo
3662 1747 3762 1801 ba-

445 1861 715 1931 posteriori
775 1858 971 1912 Filium
1021 1866 1304 1926 comparat.
1339 1852 1654 1924 Eademque
1705 1853 1756 1906 in
1807 1850 2047 1922 Epistolu

446 1953 504 2008 S.
563 1952 926 2022 Hieronymus
976 1949 1228 2003 eumdem
1280 1947 1532 2015 Origenis
1585 1960 1829 1999 errorem
1872 1942 2050 2024 refert

446 2043 624 2112 quoad
668 2042 903 2109 Spiritus
936 2039 1124 2096 Sancti
1154 2036 1470 2093 Personam.
1504 2034 1735 2089 Tertium
1764 2035 2046 2107 dignitate,

446 2143 494 2189 et
522 2136 717 2188 honore
742 2143 853 2205 post
883 2131 1097 2186 Patrent
1118 2171 1133 2197 ,
1161 2140 1209 2184 et
1241 2129 1439 2183 Filium
1468 2144 1575 2182 esse
1597 2127 1853 2197 Spiritum
1882 2126 2049 2180 Sanc-

448 2238 628 2280 tum...
658 2236 867 2280 rursum
890 2227 1138 2297 majorem
1162 2223 1292 2277 Filii
1324 2221 1703 2276 Fortitudinem
1731 2235 1869 2285 esse,
1896 2235 2049 2287 quant

446 2318 679 2387 Spiritus
705 2318 889 2373 Sancti
912 2335 931 2383 ;
958 2328 1004 2371 et
1028 2325 1392 2386 consequenter
1417 2315 1580 2384 ipsius
1604 2313 1787 2369 Sancti
1817 2312 2050 2382 Spiritus

452 2413 704 2482 majorem
730 2424 841 2466 esse
876 2411 1125 2466 Virtutem
1160 2410 1358 2465 cceteris
1386 2426 1504 2480 qute
1545 2409 1743 2463 Sancta
1786 2407 2049 2461 dicuntur.

392 2486 395 2493 ’
458 2502 574 2556 Non
616 2503 788 2558 defuit
830 2501 1013 2573 itaque
1060 2501 1121 2557 S.
1164 2500 1371 2556 Zenoni
1396 2540 1413 2568 ,
1444 2511 1496 2555 et
1525 2499 1757 2556 Gallieni
1800 2507 2051 2569 tempore

453 2603 641 2664 parata
680 2597 897 2650 occasio
940 2594 1007 2649 de
1048 2594 1359 2664 mquolitate
1408 2607 1514 2649 non
1558 2592 1681 2648 Filii
1720 2592 1881 2647 modo
1925 2607 2051 2647 cum

450 2688 641 2750 Patre,
696 2689 793 2742 sed
822 2696 880 2743 et
925 2685 1160 2757 Spiritus
1203 2686 1383 2742 Sancti
1420 2701 1542 2740 cum
1580 2686 1741 2741 Patre
1785 2697 1839 2741 et
1870 2686 2007 2740 Filio
2031 2726 2048 2754 ,

450 2784 666 2836 naviter
707 2783 818 2836 suis
862 2782 918 2837 in
965 2782 1321 2837 concionibus
1349 2782 1584 2852 agendi,
1614 2796 1783 2852 quare
1817 2783 2048 2850 primum

451 2876 771 2931 Sermonem
822 2890 921 2931 seu
964 2875 1275 2930 Tractatum
1321 2874 1393 2928 ito
1451 2875 1727 2930 concludit
1772 2893 1786 2928 :
1837 2873 2050 2929 Constat

452 2983 574 3040 ergo
612 2968 863 3038 aequalem
909 2980 1051 3034 esse,
1097 2966 1233 3037 quod
1270 2967 1481 3021 inuicem
1525 2969 1642 3021 oivlt
1685 2982 1801 3020 cunt
1845 2966 2051 3036 Spiritu

451 3059 668 3117 Sancta.

2153 1849 2276 1902 beo.
2305 1847 2421 1902 lluc
2449 1861 2513 1901 ea
2545 1846 2755 1901 ratione
2780 1845 3053 1909 adducor,
3087 1852 3144 1897 ιιι
3171 1841 3424 1907 credam,
3456 1840 3600 1911 quod
3625 1838 3763 1896 Con-

2152 1940 2505 1995 substantialis
2534 1957 2636 1994 vox
2684 1940 2855 1994 multo
2887 1938 3050 1993 etiam
3087 1944 3213 1990 ante
3251 1934 3540 1990 concilium
3583 1934 3760 1988 Niem-

2153 2049 2282 2088 num
2312 2033 2455 2103 apud
2490 2035 2706 2098 Patres,
2737 2042 2792 2088 et
2822 2030 3084 2087 Ecclesiae
3123 2029 3380 2084 ductores
3412 2027 3463 2082 in
3506 2042 3604 2082 usu
3646 2025 3763 2083 iue—

2154 2127 2247 2182 rit.
2288 2125 2543 2181 Testatur
2590 2124 2693 2179 hoc
2734 2125 2850 2194 ipse
2897 2122 3250 2179 Caesariensis
3296 2120 3565 2177 Eusebius
3606 2118 3761 2173 verbi

2154 2218 2320 2289 hujus
2347 2218 2796 2273 consubstantialis
2827 2217 3079 2271 inimicus
3097 2258 3112 2284 ,
3136 2216 3205 2272 ab
3233 2213 3531 2272 Athanasio
3561 2213 3763 2283 allega-

2157 2326 2242 2377 tus
2268 2312 2360 2385 (In
2383 2314 2481 2385 Ep.
2507 2314 2575 2368 ad
2596 2311 2779 2384 Ep‘isc.
2806 2315 2859 2366 in
2877 2312 3109 2383 Ἀβίτω).
3144 2309 3252 2365 Sed
3277 2310 3377 2379 ipsi
3404 2310 3605 2363 interim
3633 2307 3763 2361 mire

2155 2410 2432 2471 incusant,
2464 2406 2605 2476 quod
2647 2421 2736 2474 per
2763 2421 2909 2458 voces
2953 2420 3056 2458 non
3096 2403 3150 2457 in
3180 2405 3439 2472 scriptura
3468 2400 3714 2455 solemnes
3740 2440 3759 2466 ,

2155 2502 2247 2556 sed
2289 2512 2459 2555 tamen
2500 2502 2583 2571 pie
2624 2500 2849 2553 inuentus
2873 2538 2889 2565 ,
2929 2496 3253 2552 condemnati
3293 2505 3448 2558 sunt,
3491 2510 3607 2548 cum
3659 2492 3765 2563 ipsi

2157 2605 2419 2665 tamquam
2444 2592 2778 2648 exterioribus
2808 2593 2971 2647 exorti
3010 2592 3072 2645 de
3101 2600 3237 2644 terra
3262 2589 3542 2660 loquuntur
3566 2603 3584 2643 :
3625 2587 3765 2656 epis-

2155 2689 2271 2759 copi
2312 2703 2430 2741 vero
2456 2697 2634 2740 contra
2661 2700 2763 2739 non
2793 2684 2885 2739 has
2927 2701 3071 2739 uoces
3105 2684 3207 2753 ipsi
3235 2684 3591 2753 excogitatum
3614 2720 3629 2746 ,
3668 2679 3764 2735 sed

2156 2800 2241 2837 eas
2269 2799 2300 2835 a
2331 2780 2579 2835 Patribus
2610 2788 2915 2834 contestatas
2952 2787 3263 2848 acceperunt
3283 2819 3298 2843 ,
3328 2787 3379 2831 et
3420 2776 3623 2845 scriptis
3649 2773 3764 2827 suis

2156 2875 2502 2930 inseruerunt.
2528 2873 2795 2943 Siquidem
2815 2873 2971 2943 prisci
2991 2872 3219 2943 episcopi
3240 2869 3303 2924 ab
3325 2870 3404 2924 his
3426 2869 3574 2923 annis
3596 2883 3761 2937 prope

2154 2980 2354 3025 centum
2395 2979 2443 3023 et
2464 2969 2707 3040 triginta,
2737 2979 2845 3023 tum
2874 2969 2960 3039 qui
2996 2968 3207 3032 (ionice,
3242 2976 3349 3019 tum
3378 2966 3465 3036 qui
3506 2965 3558 3017 in
3586 2971 3766 3017 nostra

2158 3062 2372 3117 Cioitate
2402 3064 2758 3135 pontiﬁcatum
2784 3080 2979 3133 gessere
3005 3069 3374 3116 accusaverunt
3403 3076 3516 3126 eos,
3548 3059 3632 3122 qui
3648 3057 3766 3129 ,Εἰ-

516 3150 820 3208 Concilium
851 3167 1066 3223 quoque
1092 3151 1496 3208 Antiochenam
1531 3152 1763 3221 primum
1795 3153 2046 3208 etnndem
2076 3147 2122 3208 C
2158 3156 2286 3211 lium
2310 3166 2619 3209 creaturam
2652 3155 2907 3218 dicerent,
2941 3164 3028 3207 aut
3066 3155 3152 3225 qui
3192 3163 3437 3225 negarent
3480 3167 3593 3204 eum
3629 3165 3765 3202 con-

447 3244 502 3298 in
543 3244 709 3299 Paulo
739 3246 1095 3300 Sotnosateuo
1143 3245 1492 3311 reprehendit
1530 3257 1796 3300 errorem.
1830 3244 2053 3300 Scilicet

451 3335 646 3391 Filium
679 3339 730 3390 in
771 3337 1109 3406 procreanda
1145 3336 1347 3391 mundo
1379 3335 1659 3390 Paternum
1697 3337 1937 3404 implesse
1964 3353 2052 3391 oo-

448 3431 725 3497 luntatent,
761 3432 904 3501 eique
933 3441 985 3484 ut
1029 3432 1083 3484 id
1108 3431 1296 3498 faceret
1340 3431 1640 3497 prlecepisse
1684 3428 1914 3484 Patrem.
1961 3430 2049 3484 ln-

449 3523 813 3593 teqnalitutent
846 3538 975 3577 vero
997 3523 1292 3577 excludunt
1322 3522 1565 3591 ejusdem
1597 3522 1806 3576 concilii
1840 3522 2045 3576 Patres.

454 3616 718 3689 Operatur
745 3625 915 3687 utpote
958 3616 1175 3671 Verbum
1200 3617 1355 3671 simul
1373 3626 1424 3672 et
1452 3616 1592 3671 Deus
1610 3658 1624 3681 ,
1656 3632 1743 3685 per
1762 3633 1910 3687 quem
1942 3634 2048 3671 ont-

450 3713 538 3764 niu
564 3709 688 3780 fecit
710 3708 891 3778 Pater,
924 3726 1025 3763 non
1052 3720 1312 3780 tamquam
1355 3727 1444 3782 per
1479 3706 1899 3775 instrumentum,
1962 3729 2049 3765 ne-

447 3818 549 3872 que
601 3806 862 3872 tamquam
916 3819 1005 3869 per
1033 3801 1355 3869 Scientiant,
1387 3821 1487 3857 non
1516 3821 1607 3876 per
1645 3821 1698 3859 se
1728 3806 2044 3860 existentem.

451 3893 507 3948 In
525 3894 712 3950 eadem
737 3897 1006 3949 sententia
1025 3895 1261 3965 loquitur
1284 3896 1745 3951 etAlexnndriuus
1762 3896 2049 3968 Dionysius

444 3996 633 4041 contra
656 3983 1067 4041 Samosatenum
1097 3987 1258 4041 verba
1292 3988 1380 4042 illa
1408 3988 1687 4058 explicans
1718 3988 2003 4043 Hieremiae
2029 4006 2043 4042 :

451 4078 565 4151 Ego
578 4079 707 4134 sicut
720 4092 886 4147 agnus
905 4079 1170 4142 innocens,
1185 4080 1273 4150 qui
1289 4081 1496 4135 ducitur
1516 4084 1585 4133 ad
1607 4080 1959 4149 Sacriﬁcium,
1977 4083 2049 4137 ita

449 4170 505 4226 in
535 4171 773 4227 Persona
800 4169 1006 4226 Clu-isti
1040 4173 1313 4241 loquitur:
1341 4173 1486 4244 Ego,
1513 4174 1723 4243 inquam
1745 4208 1761 4239 ,
1791 4175 1880 4244 qui
1917 4192 2051 4229 sent-

445 4278 537 4335 per
562 4261 796 4318 Persona
820 4251 1063 4320 Christus
1091 4265 1305 4334 cequalis
1339 4263 1487 4319 Patri
1533 4265 1678 4319 nulla
1723 4254 2051 4322 dissimilitul-

449 4356 570 4410 dine
596 4354 894 4410 substantiis
915 4367 1197 4411 cowternus
1228 4354 1451 4411 Domino
1475 4356 1726 4426 Spiritui,
1760 4368 1864 4413 etc.
1888 4359 2051 4415 Com-

447 4456 663 4517 pertum
709 4449 893 4519 itaque
936 4458 1061 4516 est,
1108 4464 1352 4504 errorem
1396 4452 1538 4505 hunc
1570 4450 1638 4505 de
1681 4452 2047 4521 inaequalitate

2153 3252 2536 3305 substantialem
2586 3248 2753 3303 Patri.
2792 3247 2971 3316 Neque
2997 3250 3110 3317 ejus
3138 3248 3350 3319 ignarus
3372 3257 3480 3300 erat
3511 3244 3763 3299 Eusebius

2155 3347 2430 3415 episcopus
2475 3343 2844 3407 Ccewriensis,
2892 3343 2978 3413 qui
3029 3359 3145 3395 cum
3193 3342 3340 3411 prius
3384 3338 3766 3410 suﬂragarctur

2157 3437 2413 3490 Arianica:
2437 3435 2635 3501 Sectte,
2666 3443 2841 3504 pbstea
2868 3444 3036 3488 tamen
3068 3431 3274 3486 Niccetti
3302 3432 3509 3486 concilii
3531 3429 3761 3484 Dect-etis

2154 3528 2491 3597 subscripsit,
2522 3537 2569 3581 et
2609 3528 2751 3593 apud
2780 3543 2901 3580 suos
2925 3525 2979 3579 id
3009 3526 3175 3594 ipsunt
3204 3525 3428 3594 propriis
3458 3522 3636 3577 litteris
3663 3525 3759 3592 af—

2157 3622 2400 3688 firmauit,
2426 3621 2578 3692 cujus
2602 3621 2711 3673 haec
2740 3618 2890 3672 verba
2914 3629 3030 3672 sunt
3046 3634 3065 3672 :
3084 3635 3103 3669 t
3122 3616 3383 3672 Novintns
3403 3614 3663 3685 quosdam
3685 3630 3757 3668 ex

2157 3710 2351 3780 priscis
2396 3714 2679 3773 eruditos,
2729 3720 2784 3764 et
2837 3710 3128 3779 praeclaros
3178 3708 3465 3763 Antistites
3515 3708 3761 3776 aliosque

2155 3804 2482 3873 scriptores,
2516 3818 2637 3857 cunt
2668 3801 2735 3856 dc
2768 3801 2974 3871 Patris,
2999 3812 3051 3856 et
3083 3800 3205 3856 Filii
3236 3800 3446 3855 Deitate
3473 3800 3761 3869 loqueren-

2157 3906 2277 3960 tur,
2313 3910 2445 3950 voce
2465 3894 3049 3951 consubstantialitatis
3073 3906 3201 3948 usos
3230 3907 3374 3948 esse.
3426 3910 3446 3946 ι
3477 3892 3588 3948 Hac
3620 3908 3760 3948 voce

2157 3994 2414 4057 tanquam
2458 4002 2485 4039 a
2530 3986 2782 4041 Patribus
2825 3993 3046 4056 accepta
3080 4000 3209 4040 usus
3255 3995 3340 4040 est
3374 3986 3430 4040 S.
3464 3984 3758 4057 Dionysius

2152 4078 2556 4135 Alexandrinus
2569 4079 2818 4135 Gallieno
2839 4094 3059 4134 coaevus
3088 4088 3275 4133 contra
3299 4080 3711 4135 Sutuosatennnt
3740 4098 3754 4134 :

2154 4169 2427 4226 Desertum
2457 4172 2586 4225 dicis
2613 4188 2731 4226 eum
2763 4173 2848 4241 qui
2881 4181 2988 4226 erat
3016 4181 3202 4225 natura
3233 4170 3510 4237 Dominus,
3543 4180 3589 4225 et
3632 4171 3758 4226 Ver-

2153 4263 2271 4318 bum
2299 4263 2475 4318 Patris
2496 4305 2511 4329 ,
2543 4280 2634 4334 per
2653 4280 2801 4333 quem
2831 4265 3002 4318 omnia
3025 4264 3216 4333 pariter
3237 4263 3357 4333 fecit
3377 4302 3394 4330 ,
3419 4272 3469 4317 et
3490 4278 3580 4332 per
3605 4279 3758 4333 quens

2154 4357 2334 4412 Sancti
2375 4354 2559 4411 Patres
2603 4357 2906 4410 homousion
2951 4354 3101 4409 Patri
3141 4365 3463 4409 vocaverunt.
3495 4354 3757 4427 Dionysio

2151 4456 2334 4503 autem
2374 4448 2534 4518 hujus
2577 4449 2726 4502 vocis
2764 4448 3127 4517 antiquiorem
3160 4462 3320 4501 usum
3353 4447 3523 4503 fuisse
3559 4450 3757 4518 probat

447 4538 575 4595 Filii
613 4540 680 4594 ad
703 4539 921 4595 Patrem
951 4542 1113 4595 tertio
1140 4541 1363 4609 saeculo,
1388 4553 1442 4596 et
1468 4540 1717 4597 Gallieno
1745 4543 2043 4611 imperante
2070 4540 2127 4601 D
2151 4540 2495 4597 doctissimus
2540 4540 2880 4595 Chrisnianus
2911 4538 3095 4608 Lupus
3135 4540 3377 4609 pluribus
3413 4539 3658 4611 allegatis
3687 4541 3753 4599 S.

450 4633 710 4703 viguisse,
742 4632 812 4688 ita
837 4645 894 4688 ut
922 4634 975 4687 in
1001 4633 1151 4688 illum
1170 4650 1331 4702 agere
1350 4634 1592 4703 ejusdem
1623 4643 1839 4703 urgeret
1858 4651 2046 4692 neces-

445 4727 580 4782 sitas
606 4727 888 4796 tetnporis.
921 4726 1040 4781 Non
1081 4726 1226 4781 enim
1256 4725 1442 4780 Ariani
1477 4727 1578 4780 soli
1605 4738 1791 4781 contra
1821 4728 2046 4799 aequali-

445 4826 610 4875 tatem
651 4818 772 4874 Filii
815 4833 938 4872 cum
978 4817 1137 4873 Patre
1180 4828 1306 4872 sunt
1333 4817 1593 4872 oblocuti.
1627 4821 1697 4873 At
1741 4817 1882 4875 forte
1924 4822 2046 4891 quis

443 4913 693 4985 Origeuis
737 4916 936 4984 scripto
977 4912 1045 4967 ab
1090 4914 1306 4968 Arianis
1355 4915 1541 4968 l'alsnta
1591 4917 1803 4969 causari
1849 4918 1991 4973 volet
2027 4936 2041 4973 :

443 5007 580 5062 Num
613 5005 754 5060 forte
780 5021 905 5061 eum
946 5005 1078 5060 latet
1114 5003 1365 5075 Origeuis
1404 5016 1696 5063 testuoSum
1728 5008 2038 5079 ingenium,

439 5101 593 5169 quasi
627 5112 777 5152 mare
801 5114 909 5153 non
938 5108 1159 5169 semper
1187 5100 1474 5171 tranquilla
1502 5103 1727 5157 veritate
1759 5111 2036 5171 pacatum,

440 5193 536 5249 sed
568 5192 822 5248 ﬂuctibus
859 5192 1128 5247 variarum
1174 5194 1487 5261 opinionum
1519 5204 1759 5250 testnans
1788 5196 2044 5264 frequen-

436 5297 519 5344 ter
564 5287 632 5343 ad
678 5285 930 5342 falsitatis
973 5288 1227 5358 scopulos
1269 5289 1545 5346 allisisse?
1586 5291 1735 5346 Hanc
1771 5290 2036 5361 siquidem

436 5384 761 5454 serlptoruttt
806 5383 978 5454 ipsius
1021 5387 1426 5456 corruptionem
1471 5390 1631 5443 inane
1668 5396 2034 5444 coinmentutn

436 5488 559 5532 esse
584 5517 599 5543 ,
640 5476 877 5533 evidenti
919 5477 1134 5535 ratione
1171 5480 1412 5535 ostendit
1454 5479 1834 5553 Hieronymus.
1878 5481 2037 5537 Salus

430 5568 670 5623 intentus
700 5577 774 5624 est
807 5568 1053 5640 Origenes
1073 5611 1089 5635 ,
1121 5572 1270 5639 cujus
1306 5573 1501 5642 scripta
1528 5573 1579 5625 in
1611 5581 1713 5627 toto
1741 5572 1861 5627 orbe
1891 5575 2035 5643 pari-

425 5672 503 5715 ter
527 5663 886 5731 falsarentur:
919 5674 967 5717 et
1002 5663 1158 5735 quasi
1183 5664 1252 5716 ad
1280 5663 1600 5720 Mithridatis
1641 5666 1838 5722 litteras
1869 5668 2035 5724 omnis

416 5755 604 5809 veritas
629 5768 731 5813 uno
759 5752 852 5808 die
875 5752 940 5813 de
966 5754 1323 5817 columinibus
1343 5759 1491 5823 illius
1511 5761 1798 5823 raderetur.
1818 5761 1880 5825 Si
1902 5778 2035 5820 unus

2150 4635 2378 4702 lrenaei,
2408 4652 2471 4692 ac
2506 4635 2831 4691 Tertulliani
2876 4634 3148 4700 testibus,
3191 4650 3256 4689 ex
3302 4635 3496 4704 quibus
3538 4635 3697 4689 infert
3735 4651 3751 4689 :

2153 4730 2481 4802 QuaprOpter
2509 4731 2589 4785 hc
2612 4746 2756 4783 voces
2792 4728 3305 4802 (consubstantialis,
3339 4728 3754 4784 consubstantiva

2157 4823 2355 4889 Virtus,
2383 4827 2614 4897 ejusaem
2631 4820 2950 4891 substantite)
2979 4837 3140 4892 neque
3163 4838 3196 4874 a
3226 4820 3482 4884 Romano,
3510 4829 3602 4874 aut
3627 4822 3753 4876 Ate-

2147 4916 2407 4971 xandrtno
2434 4914 2686 4986 Dionysio
2717 4920 2986 4970 adversum
3026 4912 3253 4968 Paulum
3295 4912 3710 4969 Santosatensent
3735 4956 3751 4980 ,

2148 5032 2308 5087 neque
2332 5032 2362 5067 a
2394 5013 2716 5069 Tertulliano
2736 5054 2749 5079 ,
2786 5030 2943 5085 neque
2965 5016 3085 5068 item
3107 5030 3136 5065 ιι
3159 5011 3221 5067 S.
3254 5012 3456 5066 [remeo
3483 5020 3630 5077 sunt,
3657 5011 3753 5064 sed
3780 5012 3789 5017 “

2149 5119 2266 5164 sunt
2300 5107 2361 5161 ab
2394 5108 2522 5178 ipsis
2554 5110 2835 5180 Apostolis.
2867 5109 3067 5161 Etenim
3094 5121 3196 5159 non
3239 5104 3509 5159 dumtaxat
3535 5114 3751 5174 uterque

2147 5200 2431 5271 Dionysius
2449 5243 2463 5268 ,
2493 5218 2553 5255 ac
2583 5204 2702 5255 item
2730 5200 3081 5256 Tertullianus
3100 5240 3115 5266 ,
3143 5202 3233 5253 sed
3258 5209 3304 5253 et
3341 5200 3451 5269 ipse
3479 5197 3543 5254 S.
3573 5196 3747 5268 Poly-

2146 5295 2290 5364 carpi
2318 5290 2605 5363 discipulus
2633 5293 2695 5349 S.
2731 5292 2958 5347 Irenteus
3010 5294 3082 5348 eis
3112 5288 3274 5345 utitur
3303 5299 3565 5359 tamquam
3607 5306 3751 5344 cont-

2144 5386 2380 5442 munibus
2400 5389 2455 5442 in
2479 5385 2735 5449 Ecclesia,
2760 5387 2973 5458 ideoque
2994 5384 3315 5457 Apostolicis.
3339 5381 3445 5438 Eas
3465 5376 3753 5439 Tertullia-

2145 5504 2241 5540 nus
2269 5474 2301 5539 it
2326 5484 2514 5540 Latina
2535 5526 2549 5550 ,
2575 5483 2806 5539 Irenteus
2836 5484 3031 5560 accepit
3058 5501 3087 5535 a
3111 5480 3293 5536 (ἔνατα
3319 5478 3572 5535 Ecclesia.
3610 5479 3750 5535 [line

2144 5578 2251 5632 illa!
2270 5578 2410 5647 apud
2437 5588 2705 5645 utramque
2729 5582 2851 5630 sunt
2869 5574 3237 5641 antiquissimte
3264 5570 3354 5642 (In
3381 5572 3598 5628 Dissert.
3630 5584 3750 5644 post

2146 5670 2235 5723 hu.
2270 5669 2333 5725 de
2371 5684 2481 5722 voc.
2512 5668 2679 5721 subst.
2718 5666 2916 5721 Essent.
2946 5663 3099 5721 Pers.
3126 5682 3175 5719 c.
3198 5662 3268 5732 4,
3296 5674 3476 5735 quiest.
3511 5666 3575 5731 2,
3615 5666 3747 5720 edit.

2144 5780 2259 5823 nov.
2313 5761 2439 5820 Ven.
2495 5761 2689 5835 1726).
2738 5760 2955 5833 Optime
3001 5761 3241 5836 quidem.
3296 5760 3751 5832 Sapientissitnus
