4198 6160
369 315 472 370 661

1797 301 2299 363 DISSERTATIO.

3593 307 3714 377 {662

361 431 575 504 quippe
607 427 702 484 Vir
749 426 1060 483 institutum
1101 433 1326 482 noverat
1365 426 1416 480 in
1447 423 1688 480 Ecclesia
1735 418 1992 477 tradendi
2022 416 2085 480 Α
2111 429 2220 485 cat,
2267 423 2402 476 hunc
2440 423 2662 476 alienum
2693 435 2800 476 esse
2824 423 2886 476 ab
2917 424 3266 478 ecclesiastica
3295 419 3477 498 regula
3504 426 3720 481 arbitra-

359 518 800 579 Catechumenis
841 517 1230 587 Apostolorum
1280 515 1618 589 Symbolum.
1662 514 1800 569 Num
1843 514 1996 566 lorte

361 616 548 672 nudas
592 614 802 668 litteras
835 611 1159 666 tradebant?
1201 609 1391 666 Nonne
1431 620 1483 665 et
1531 607 1782 681 mysteria
1829 607 1883 660 in
1920 619 1996 660 eo

362 719 636 766 contenta
669 704 1060 776 explicabunt?
1088 703 1224 758 Hinc
1252 704 1451 772 ubique
1480 715 1698 772 semper
1735 699 1860 754 Filii
1889 695 1998 751 Di—

361 804 573 858 vinitas
593 842 607 866 ,
640 809 696 857 et
727 813 852 852 cum
887 797 1049 852 Patre
1092 795 1629 851 consubstantialitas
1653 799 1950 863 pr0pagata
1975 830 1992 856 ,

361 907 421 953 et
462 897 536 950 ita
567 893 682 947 alte
721 890 991 947 Fidelinm
1021 889 1282 943 cordibus
1315 890 1476 942 inlisa
1499 930 1512 953 ,
1550 898 1603 942 ut
1649 896 1792 941 tanta
1826 883 1995 939 forti—

361 989 561 1046 tudine
585 1029 600 1051 ,
631 995 797 1054 atque
826 983 1128 1038 constantia
1148 1025 1164 1048 ,
1196 983 1384 1038 exiliis
1403 1024 1417 1048 ,
1453 981 1783 1036 cruciatibus
1803 1021 1818 1046 ,
1854 994 1990 1033 san-

361 1083 535 1154 guine
577 1087 635 1135 et
682 1080 799 1149 ipsa
840 1083 1045 1138 morte,
1086 1087 1277 1130 contra
1324 1073 1612 1128 haereticos
1650 1072 1788 1127 hanc
1831 1070 1988 1126 Fidei

366 1173 784 1232 confessionem
826 1169 1102 1224 tutandam
1155 1168 1408 1224 duxerint
1458 1167 1786 1221 Orthodoxi.
1833 1165 1987 1220 Hanc

363 1268 533 1326 Verbi
565 1265 878 1322 Divinitatis
927 1261 1111 1318 Fidem
1163 1279 1229 1316 ex
1274 1277 1340 1316 eo
1394 1262 1445 1314 in
1494 1259 1738 1314 Ecclesia
1791 1259 1985 1328 vulga-

363 1380 505 1434 tam,
535 1377 913 1426 communem,
955 1370 1010 1415 et
1050 1357 1316 1429 publicam
1367 1366 1667 1426 agnoscunt
1699 1353 1982 1420 Petavius,

361 1462 591 1529 Lupus,
645 1452 1054 1519 Thomasiuus,
1102 1451 1244 1520 quod
1296 1447 1672 1504 cententiones
1711 1455 1874 1500 tantm
1925 1444 1981 1498 in

360 1548 808 1611 Alexandrinum
875 1544 1190 1615 Dionysium
1253 1541 1455 1598 iuerint
1513 1541 1780 1594 excitata‘.
1839 1535 1979 1590 Audi

358 1647 579 1716 Lupum
608 1660 622 1696 :
657 1639 771 1694 Ista
818 1653 916 1692 vox
943 1648 1062 1690 tunc
1092 1635 1319 1704 formosa
1341 1677 1354 1699 ,
1385 1649 1446 1688 ac
1491 1632 1720 1704 gloriosa
1759 1631 1980 1702 (nempe

358 1728 903 1800 consubstantialis)
931 1739 1004 1782 est
1036 1744 1138 1781 non
1173 1726 1442 1780 dumtaxat
1471 1724 1614 1794 apud
1654 1721 1976 1784 Romanam,

2108 529 2254 568 mur.
2283 513 2703 584 Antiquissimus
2729 515 2890 570 etiam
2925 513 2982 570 S.
3012 515 3263 572 Justinus
3290 523 3499 588 martyr
3527 517 3575 572 si
3609 531 3714 573 non

2107 608 2374 677 apertius,
2421 622 2485 662 ac
2529 606 2586 662 S.
2637 606 2782 662 Zeno
2829 617 3014 663 contra
3062 609 3206 666 hanc
3249 609 3607 678 calumniam,
3646 625 3713 665 ex

2104 715 2267 769 aequo
2291 707 2466 755 tamen
2491 701 2762 757 disseruit.
2793 700 2993 757 Audias
3022 701 3175 756 illum
3204 704 3432 758 iterum:
3460 701 3712 758 Virtutem

2102 791 2254 846 illam
2289 809 2400 847 esse
2444 791 2542 846 Dei
2576 791 2683 864 .(de
2717 790 2893 848 Verbo
2929 794 3037 849 Deo
3064 793 3328 868 loquitur)
3370 811 3432 850 ac
3470 793 3638 850 Deum
3679 813 3712 850 a

2101 881 2372 952 Propheta
2403 885 2712 956 nuncupari,
2743 901 2846 940 non
2880 885 2952 938 ita
2982 895 3038 940 ut
3061 886 3186 940 solis
3215 888 3308 941 tua:
3327 887 3438 942 solo
3464 887 3708 944 vocabulo

2098 985 2418 1040 numeratur,
2445 975 2536 1030 sed
2558 992 2772 1031 numero
2797 978 3016 1032 alterum
3053 977 3302 1048 quiddam
3324 995 3432 1034 esse
3455 997 3475 1046 ;
3502 995 3604 1034 non
3629 990 3712 1034 ta-

2095 1086 2216 1122 men
2243 1071 2518 1135 recisione,
2551 1080 2814 1140 tamquam
2850 1069 3030 1126 Patris
3059 1073 3349 1126 substantia
3385 1085 3602 1140 secetur,
3634 1075 3712 1129 uti

2095 1171 2288 1217 cratera
2313 1161 2496 1227 divisa,
2530 1173 2680 1234 atque
2706 1174 2843 1217 secta
2875 1177 2978 1218 non
3008 1173 3128 1218 sunt
3150 1165 3354 1232 eadem,
3392 1175 3544 1236 atque
3561 1180 3710 1222 erant

2095 1265 2222 1310 ante
2252 1257 2536 1310 sectionem
2565 1255 2656 1327 (1η
2678 1257 2822 1312 Dial.
2855 1273 2970 1312 cum
3000 1255 3247 1329 Tryph.).
3289 1257 3420 1314 Vide
3443 1273 3564 1330 qua:
3593 1257 3706 1315 dixi

2095 1349 2226 1421 515
2254 1359 2307 1404 et
2340 1349 2429 1403 14.

2093 1464 2121 1535 §
2160 1463 2355 1520 XVIII.
2403 1463 2480 1518 De
2530 1466 2769 1536 formulis
2825 1465 3139 1520 Arianorum
3192 1467 3416 1538 prapriis
3453 1483 3706 1539 nusquam

2611 1561 2839 1614 meminit
2892 1558 2932 1616 S
2943 1601 2954 1613 .
3009 1555 3178 1615 Zeno;

2169 1651 2247 1706 De
2298 1650 2622 1707 Arianorqu
2673 1652 2920 1708 formulis
2962 1653 3070 1708 huc
3113 1668 3286 1724 usque
3334 1654 3695 1710 consideratis

2089 1741 2304 1797 nullum
2349 1759 2638 1812 superesse
2664 1745 2920 1812 dubium,
2963 1745 3022 1800 S.
3063 1743 3338 1801 Zenonem
3367 1747 3479 1802 suis
3508 1746 3560 1801 in
3585 1762 3701 1802 ser-

359 1831 600 1899 adeoque
625 1835 675 1880 et
708 1837 908 1878 omnem
941 1819 1183 1873 Latinam
1229 1815 1513 1872 Ecclesium
1537 1857 1552 1882 ,
1595 1815 1682 1869 sed
1709 1813 1858 1868 etiam
1889 1829 1980 1882 per

2092 1835 2348 1890 monibus
2381 1837 2602 1893 minime
2629 1846 2818 1893 eontra
2858 1839 3089 1894 Arianos
3119 1837 3325 1910 egisse,
3359 1834 3700 1894 demonstra-

357 1919 702 1994 Pentapolim
721 1961 737 1986 ,
784 1933 845 1969 ac
874 1929 1075 1968 omnem
1110 1911 1327 1983 ﬁgypti
1358 1909 1634 1964 dioecesim.
1691 1905 1814 1960 llaec
1841 1906 1977 1960 vocis

355 2017 532 2090 gloria
574 2015 674 2086 fuit
711 2009 994 2064 accusandi
1038 2016 1086 2061 et
1139 2005 1454 2076 corripiendi
1495 2003 1820 2058 Patriarclue
1857 2003 1978 2070 [un-

357 2114 684 2164 damentum.
741 2104 939 2171 Quarto
987 2099 1234 2154 discimus
1261 2140 1275 2164 ,
1321 2101 1457 2167 quod
1499 2097 1650 2150 etiam
1693 2092 1977 2166 Dionysius

360 2198 684 2257 Patriarcha
739 2195 1002 2266 agnoverit
1052 2193 1202 2245 istam
1249 2189 1385 2243 vocis
1433 2187 1818 2258 abnegationem
1871 2203 1978 2240 esse

358 2296 561 2351 crimen
593 2307 611 2345 :
643 2290 762 2342 hinc
801 2289 966 2360 ipsam
1017 2283 1316 2354 abnegavit,
1367 2281 1631 2349 rescripsit
1671 2279 1817 2334 aliud
1854 2296 1886 2333 a
1925 2297 1980 2335 se

361 2405 470 2443 non
495 2388 688 2439 dictum
715 2382 776 2436 de
805 2382 904 2435 ista
934 2395 1056 2433 voce
1080 2419 1093 2442 ,
1123 2391 1274 2447 quam
1301 2375 1436 2444 quod
1459 2390 1559 2426 non
1591 2384 1717 2426 esset
1739 2389 1979 2444 expressa

363 2485 422 2537 in
464 2479 644 2537 Sacris
689 2477 891 2532 litteris.
929 2471 1089 2528 [laud
1132 2471 1282 2524 dubie
1325 2471 1420 2524 hoc
1449 2469 1640 2522 dictant
1685 2469 1800 2539 fecit
1832 2469 1978 2521 illum

360 2583 681 2642 suspectum,
715 2581 759 2624 et
788 2565 1110 2622 accusationi
1138 2561 1279 2618 dedit
1307 2563 1578 2632 originem,
1605 2569 1652 2613 et
1681 2558 1748 2611 ad
1775 2575 1829 2613 se
1859 2577 1982 2628 pur-

362 2667 599 2741 gandum
621 2665 883 2736 professus
905 2669 980 2714 est
1007 2675 1108 2713 non
1132 2655 1450 2711 solummodo
1475 2652 1818 2720 signiﬁcatam
1840 2667 1978 2717 rem,

362 2760 460 2816 sed
488 2769 538 2814 et
567 2760 728 2828 ipsam
756 2770 928 2810 vocem
957 2752 1055 2806 sibi
1087 2750 1294 2803 omnino
1327 2746 1554 2818 probari.
1590 2743 1716 2797 Haec
1747 2741 1980 2798 Gallieni

367 2865 619 2921 tempora
651 2848 968 2917 restriciunt.
1025 2845 1138 2912 Qua
1173 2843 1240 2896 de
1280 2857 1335 2896 re
1363 2841 1524 2911 igitur
1554 2837 1612 2892 S.
1649 2834 1798 2892 Zeno
1821 2877 1836 2901 ,
1879 2833 1983 2890 etsi

367 2963 479 3003 non
517 2947 599 2998 bis
619 2986 632 3008 ,
665 2955 754 2996 aut
784 2951 867 2995 ter
889 2982 904 3005 ,
933 2937 1028 2994 sed
1059 2946 1276 2990 centum
1311 2933 1472 2987 unius
1502 2929 1821 2984 substantia:
1849 2943 1983 2982 voce

373 3053 510 3094 usus
540 3043 718 3099 esset,
761 3043 814 3088 et
859 3046 994 3086 VOCe
1042 3049 1061 3080 ι
1099 3022 1576 3082 Consulistantialis
1615 3040 1633 3073 ›
1667 3035 1768 3091 qua
1815 3019 1884 3076 de
1924 3037 1982 3076 re

368 3127 706 3187 censendum
738 3133 821 3181 est
853 3124 908 3178 in
937 3122 1169 3178 Arianos
1211 3120 1462 3172 habuisse
1489 3115 1778 3169 conciones
1801 3155 1816 3178 ,
1856 3128 1979 3168 cum

2084 1936 2198 1982 tum
2232 1943 2360 1984 esse
2381 1971 2396 1995 ,
2425 1930 2767 1986 conﬁdimus.
2798 1927 2958 1986 Modo
2984 1947 3118 1985 vero
3138 1975 3152 1998 ,
3181 1943 3235 1986 et
3263 1929 3394 1986 illud
3429 1943 3701 2002 tamquam

2083 2023 2620 2091 certuanonimus,
2668 2024 2840 2094 ipsum
2879 2023 2940 2080 S.
2981 2021 3272 2079 Praesulem
3302 2039 3370 2080 ne
3396 2040 3556 2080 unam
3588 2025 3708 2094 qui-

2083 2111 2208 2166 dem
2237 2114 2519 2183 proiiriam
2552 2115 2879 2170 Arianorum
2911 2115 3197 2171 formulam
3221 2115 3412 2172 leviter
3436 2115 3703 2188 attigisse.

2084 2203 2242 2273 Quod
2289 2215 2347 2260 ut
2389 2219 2604 2262 ceustet
2649 2211 2700 2262 in
2747 2218 2987 2264 mentem
3021 2205 3154 2262 illud
3191 2205 3556 2264 revocandum
3591 2217 3723 2274 est”

2085 2293 2228 2366 quod
2263 2301 2519 2369 superius
2557 2300 2898 2355 ostendimus
2924 2342 2938 2366 ,
2986 2297 3174 2356 Arium
3205 2299 3403 2371 nempe
3425 2342 3440 2367 ,
3477 2299 3701 2370 ejusque

2085 2396 2413 2454 sectatores,
2463 2400 2583 2460 |l0>l
2609 2390 2725 2447 Arii
2751 2391 2820 2447 ab
2854 2391 3096 2447 Ecclesia
3123 2392 3516 2464 expulsionem,
3550 2405 3702 2448 erro-

2085 2498 2173 2537 res
2202 2498 2338 2538 suos
2374 2485 2605 2555 quadam
2637 2501 2705 2538 ex
2747 2496 2900 2554 parte
2927 2485 3248 2540 immutatos
3271 2525 3288 2551 ,
3329 2485 3434 2540 alia
3463 2486 3696 2541 circum-

2085 2574 2316 2630 vestitos
2339 2577 2678 2632 exhibuisse.
2706 2572 2862 2631 Illum
2889 2579 3160 2648 prtecipne
3187 2579 3428 2634 correxit
3449 2593 3693 2634 errorem

2085 2683 2114 2720 a
2142 2667 2383 2738 Beryllo,
2418 2685 2512 2724 seu
2544 2685 2572 2724 a
2603 2669 2961 2725 Samosateno
2991 2681 3296 2742 acceptum,
3323 2685 3484 2742 quem
3519 2669 3696 2741 primo

2088 2757 2146 2814 S.
2175 2759 2487 2816 Alexander
2519 2761 2827 2827 patriarcha
2859 2761 2992 2816 Ario
3021 2761 3244 2832 objecit.
3279 2765 3542 2817 Asserunt
3569 2771 3696 2816 tem-

2093 2867 2189 2918 pus
2216 2851 2502 2920 aliquando
2528 2853 2688 2923 fuisse
2724 2869 2840 2904 cum
2871 2869 2972 2906 non
3015 2861 3144 2906 esset
3180 2851 3354 2906 Filius
3389 2849 3504 2906 Dei.
3539 2855 3698 2908 Arius

2088 2943 2141 2996 in
2167 2942 2408 3011 Epistula
2435 2945 2499 2997 ad
2525 2944 2814 2998 Eusebium
2837 2943 3327 3010 Nicomediensem,
3355 2942 3547 3001 Filium
3567 2955 3698 3004 ante

2087 3044 2332 3105 tempora
2361 3035 2605 3106 genitum
2637 3039 2834 3092 fatetur
2855 3047 2976 3092 ante
2999 3045 3260 3110 tempora,
3293 3049 3340 3092 et
3367 3048 3483 3092 ante
3503 3040 3694 3094 saecula

2090 3130 2297 3198 plenum
2327 3127 2496 3183 Deum
2525 3133 2799 3186 exstitisse.
2851 3131 3081 3186 Sanctus
3123 3131 3272 3188 Zeno
3318 3132 3547 3202 primum
3578 3133 3710 3202 Arii,

368 3237 428 3280 et
481 3225 642 3278 tertio
690 3221 891 3276 szcculo
942 3218 1408 3290 perstrepentihus
1455 3211 1698 3284 Dionysii
1742 3212 1977 3266 Alexan-

2092 3233 2330 3274 errorem
2371 3221 2673 3274 confutavit
2711 3221 2819 3276 illis
2855 3223 3074 3277 verbis:
3117 3221 3396 3278 Videamus
3423 3239 3580 3291 nunc,
3604 3243 3693 3298 op-

367 3324 516 3379 drini
545 3317 1016 3383 accusationibus,
1047 3329 1212 3383 atque
1239 3313 1388 3368 Pauli
1421 3307 1760 3367 Samosateui
1783 3307 1979 3362 harresi

371 3413 791 3474 debacchaote.
837 3410 1008 3481 ipsius
1053 3408 1202 3462 vocis
1249 3403 1584 3460 inculcanda:
1629 3407 1832 3454 tantam
1883 3399 1978 3453 ha-

371 3510 559 3566 buerit
604 3503 992 3561 occasiottcm?
1044 3501 1224 3558 Semel
1258 3507 1462 3554 tantum
1506 3495 1662 3563 hujus
1693 3494 1842 3546 vocis
1887 3491 1980 3546 lio-

373 3600 656 3658 mousion,
700 3611 796 3650 seu
835 3591 1285 3648 consubstantialis
1333 3590 1662 3644 mentionem
1693 3583 1888 3638 fecisse
1919 3583 1977 3638 S.

374 3693 531 3748 Zeno
553 3689 691 3762 (ipse
716 3703 946 3756 natnqne
963 3727 977 3750 ,
1001 3695 1056 3740 et
1085 3685 1416 3752 antiquiores
1442 3679 1628 3734 Patres
1645 3719 1660 3743 ,
1685 3675 1846 3730 unius
1873 3687 1982 3731 tan-

373 3797 492 3842 tum
522 3781 840 3836 substantia:
871 3777 1198 3835 Vocabulum
1229 3773 1495 3841 adhibuit)
1540 3769 1716 3840 aliqua
1749 3768 1870 3824 licet
1901 3769 1985 3822 in-

371 3877 698 3934 subsistenti
749 3874 958 3928 ratione
1007 3869 1327 3942 procederet
1391 3873 1794 3935 argumentum.
1845 3864 1980 3917 Cum

374 3986 513 4026 vero
559 3965 696 4022 nihil
741 3966 844 4020 tale
887 3965 939 4018 iu
986 3978 1053 4018 eo
1099 3957 1430 4030 deprehendi
1473 3958 1557 4011 vel
1590 3970 1685 4026 per
1736 3956 1978 4009 umbram

377 4061 602 4134 possit,
633 4074 730 4113 cur
765 4071 794 4112 a
828 4071 920 4111 sua
955 4064 1113 4109 aztale
1150 4069 1177 4106 ει
1213 4053 1370 4106 tertio
1411 4062 1607 4118 nempe
1651 4047 1849 4101 saeculo
1887 4045 1983 4100 de-

377 4153 687 4211 tradendus
717 4153 820 4216 sit,
851 4150 1034 4220 utique
1065 4163 1168 4203 non
1199 4145 1376 4200 video.

455 4247 602 4301 Idem
633 4243 919 4299 dicundum
953 4249 1036 4296 est
1066 4239 1135 4294 de
1158 4237 1392 4292 absurdo
1417 4233 1561 4304 quod
1589 4232 1644 4286 in
1674 4227 1982 4285 Catholicos

377 4341 755 4412 impingebant
777 4336 982 4390 Ariani.
1009 4331 1161 4386 Hanc
1179 4347 1332 4386 artam
1350 4327 1706 4391 substantiam,
1731 4333 1785 4378 ut
1801 4313 1983 4379 Ariani

376 4439 447 4490 de
493 4432 666 4487 medio
708 4431 964 4493 tollerent,
1003 4424 1312 4500 objiciebant
1348 4426 1446 4476 hac
1488 4421 1689 4474 ratione
1717 4419 1782 4471 de
1809 4416 1983 4471 Patris

374 4525 676 4584 substantia
714 4523 907 4594 aliquid
945 4521 1105 4592 fuisse
1139 4518 1420 4586 demptum,
1466 4525 1518 4566 ut
1552 4509 1719 4563 Filius
1749 4510 1982 4579 gignere-

2085 3309 2205 3362 time
2247 3309 2548 3376 christiana,
2561 3311 2999 3380 quemadmodum
3015 3311 3149 3367 inter
3169 3311 3377 3368 Patrem
3403 3313 3694 3386 Filiumque

2085 3412 2284 3470 tempus
2308 3403 2557 3473 infulcias
2575 3420 2596 3458 .‘
2615 3405 2659 3457 si
2678 3407 2812 3458 enim
2840 3407 3058 3478 tempori
3079 3424 3180 3460 non
3207 3407 3304 3462 sibi
3325 3409 3528 3475 debent,
3553 3409 3694 3480 quod

2083 3497 2159 3550 esl
2187 3498 2318 3548 alter
2341 3495 2488 3550 alteri
2515 3498 2788 3565 obnoxius,
2819 3499 3002 3566 procul
3027 3497 3206 3563 dubio,
3237 3510 3293 3554 ut
3324 3511 3377 3556 tu
3398 3503 3495 3570 uis,
3523 3505 3690 3576 majo‘i‘

2085 3606 2159 3650 est
2175 3605 2379 3661 natura,
2399 3611 2552 3664 quam
2573 3590 2734 3649 Deus.
2754 3596 2950 3650 Atcum
2977 3607 3220 3650 naturam
3243 3614 3309 3652 ex
3332 3597 3494 3652 nihilo
3511 3597 3690 3669 fecerit

2087 3685 2342 3748 Christus,
2390 3685 2454 3739 sit
2497 3695 2667 3740 autem
2708 3703 2772 3741 ea:
2816 3698 3004 3741 natura
3041 3689 3264 3759 tempus,
3307 3689 3539 3762 ineptum
3564 3691 3692 3746 satis

2086 3791 2158 3834 est
2199 3797 2330 3849 Opus
2369 3797 2462 3834 suo
2495 3797 2796 3850 praeponere
2834 3782 3057 3848 Artiﬁci.
3091 3783 3306 3852 Optime
3345 3793 3536 3839 contra
3580 3783 3690 3855 pri-

2089 3888 2234 3926 mum
2257 3887 2498 3926 errorem
2531 3881 2911 3942 argumentum
2939 3875 3180 3943 procedit
3210 3890 3274 3930 ea
3301 3876 3530 3942 ratione,
3560 3877 3685 3946 quia

2086 3979 2150 4019 ex
2175 3975 2421 4034 tempore
2445 3964 2766 4036 interposito
2812 3965 2952 4020 inter
2977 3966 3188 4020 Patrem
3216 3976 3272 4022 et
3293 3966 3487 4023 Filium
3517 3967 3686 4024 inier-

2087 4064 2274 4121 rctur,
2311 4064 2560 4110 naturam
2593 4059 2849 4127 majorem
2883 4071 3005 4111 eSse
3043 4055 3174 4111 Deo.
3205 4057 3398 4113 Procul
3424 4057 3601 4124 dubio,
3634 4069 3688 4114 ut

2087 4159 2141 4204 tu
2171 4150 2265 4217 vis,
2309 4152 2475 4214 maior
2523 4162 2596 4205 est
2635 4162 2836 4215 natura,
2881 4167 3035 4215 quam
3073 4149 3231 4206 Deus.
3277 4149 3414 4206 Nam
3440 4152 3689 4207 Christus

2089 4253 2332 4298 ruituram
2365 4241 2494 4296 fecit
2521 4257 2584 4296 ex
2615 4243 2814 4298 nihilo:
2851 4241 2978 4296 Cum
3005 4249 3245 4296 naturam
3273 4259 3338 4297 ea:
3358 4241 3522 4298 nihilo
3545 4247 3682 4317 fece-

2088 4333 2154 4388 rit
2179 4332 2431 4388 Christus.
2467 4333 2703 4402 Tempus
2733 4349 2863 4388 vero
2903 4333 3028 4402 quid
3071 4334 3316 4390 naturale
3343 4341 3445 4388 est.
3480 4335 3562 4390 Sit
3589 4349 3685 4388 au-

2090 4437 2187 4482 tem
2213 4443 2278 4480 ea:
2304 4435 2489 4480 natura
2516 4435 2732 4495 tempus.
2769 4425 2824 4480 Si
2853 4439 2982 4495 ergo
3015 4435 3229 4494 tempus
3259 4433 3384 4480 ante
3412 4426 3684 4482 Christum

2092 4521 2256 4574 Deum
2289 4527 2528 4574 creatum
2561 4530 2662 4574 est.
2713 4516 2856 4590 Opus
2887 4536 2980 4573 suo
3011 4519 3334 4590 prceponitur
3359 4520 3581 4590 Artiﬁci.
3616 4517 3690 4574 At

377 4634 488 4686 tur,
522 4621 694 4688 sicque
727 4618 1070 4679 imminutum,
1115 4622 1162 4666 et
1204 4609 1562 4680 imperfectum
1601 4602 1864 4656 Ραινεηια
1889 4585 2064 4655 (λα-ἶ)
2091 4621 2277 4668 contra
2341 4612 2454 4666 Arii
2511 4627 2749 4666 errorem
2807 4611 3154 4665 emendatum
3195 4653 3210 4678 ,
3280 4603 3488 4668 scilicet
3545 4609 3685 4683 quod

380 4713 598 4770 tholicis
628 4709 999 4764 admittendum
1025 4705 1351 4760 dictitabant.
1399 4701 1558 4757 Fides
1592 4699 1792 4754 etenim
1825 4697 1980 4752 unius

383 4809 484 4864 Dei
518 4806 573 4860 in
597 4804 767 4859 tribus
794 4803 1060 4858 diStinctis
1095 4799 1362 4870 personis,
1391 4793 1532 4868 quod
1564 4793 1788 4865 perinde
1810 4799 1898 4848 est
1925 4806 1987 4846 ac

383 4916 559 4958 unam
601 4895 836 4952 divinam
881 4893 1238 4950 substantiam
1281 4891 1331 4944 in
1365 4889 1539 4944 tribus
1582 4903 1611 4942 a
1655 4903 1730 4946 se,
1757 4887 1986 4940 invicem

382 4989 665 5049 distinctis
697 4990 938 5060 persOuis
969 4986 1208 5057 proﬁteri
1235 5026 1247 5049 ,
1291 4998 1504 5051 semper
1537 4983 1586 5034 in
1620 4979 1860 5036 Ecclesia
1895 4976 1991 5032 llo-

385 5090 504 5144 ruit
528 5128 544 5150 ,
578 5083 1061 5152 haereticorumque
1099 5079 1344 5136 Solemue
1384 5081 1476 5131 luit
1525 5087 1711 5134 contra
1743 5075 1990 5132 Catholi-

386 5196 491 5237 Cos
546 5178 685 5232 hanc
751 5177 1068 5231 calumniam
1116 5171 1442 5237 ohtrndcre,
1494 5171 1635 5240 quod
1685 5169 1988 5224 dividentes

387 5283 664 5347 persoiias
697 5269 1047 5324 substantiam
1080 5265 1315 5319 divinam
1345 5257 1667 5324 diridet'ent,
1699 5269 1860 5330 atque
1889 5264 1992 5313 im-

390 5368 726 5426 tninuetent,
761 5377 823 5416 ae
859 5362 1039 5430 plures
1079 5359 1210 5414 deos
1239 5357 1585 5412 admitterent
1614 5373 1626 5410 :
1675 5355 1819 5424 quod
1865 5354 1986 5408 ani-

391 5461 802 5514 madverterunt
851 5463 902 5508 et
957 5452 1144 5508 Patres
1193 5449 1406 5506 concilii
1460 5449 1616 5518 primi
1669 5445 1990 5502 Antiocheni

389 5559 588 5611 centra
613 5551 1062 5607 Samosatenum:
1108 5544 1208 5612 Qui
1250 5553 1420 5598 autem
1459 5539 1767 5595 contradicit
1799 5537 1996 5594 Filium

397 5647 504 5704 Dei
536 5659 636 5699 non
669 5660 776 5697 esse
807 5653 920 5696 ante
945 5641 1356 5694 constitutionem
1382 5633 1560 5688 mundi
1579 5677 1591 5694 .
1638 5631 1862 5703 dicitque
1890 5651 2000 5688 cre-

391 5742 541 5804 dere,
572 5751 620 5793 et
652 5737 878 5807 conﬁteri
903 5752 1010 5790 esse
1031 5731 1212 5798 Deum,
1245 5747 1346 5784 non
1377 5745 1482 5782 esse
1503 5727 1667 5786 aliud,
1695 5743 1844 5797 quam
1869 5727 2000 5782 duos

392 5837 521 5891 deos
553 5827 855 5905 pmdicare.
877 5826 988 5894 ,Qui
1017 5823 1208 5878 Filium
1237 5820 1336 5878 Dei
1363 5836 1464 5874 non
1493 5835 1599 5874 esse
1620 5815 1787 5872 Deum
1805 5816 1999 5889 ρνωάὶο

2089 4705 2336 4760 Christus
2375 4703 2534 4759 fuerit
2565 4713 2682 4758 ante
2723 4713 2976 4775 tempora,
3021 4714 3070 4755 et
3101 4714 3220 4757 ante
3250 4705 3443 4758 sa'cula
3478 4703 3686 4776 plenum

2094 4795 2281 4851 Deum.
2339 4796 2481 4853 Nihil
2504 4797 2644 4852 valet
2671 4795 3069 4868 argumentatio
3091 4839 3106 4864 ,
3136 4811 3202 4851 eo
3233 4795 3372 4864 quod
3404 4797 3488 4850 sui
3525 4797 3579 4850 in
3601 4809 3687 4851 er-

2095 4893 2234 4947 roris
2266 4892 2646 4954 emendatione
2681 4893 2836 4944 Arius
2867 4897 3081 4958 tempus
3109 4887 3354 4944 Creatori
3377 4887 3650 4962 postponit
3673 4930 3688 4955 ,

2095 5001 2268 5055 neque
2297 4985 2488 5038 deduci
2522 4992 2730 5052 potest:
2759 4981 3002 5052 Ineptum
3026 4983 3152 5036 satis
3179 4987 3251 5036 est
3279 4995 3410 5052 Opus
3431 4999 3526 5036 suo
3555 4997 3692 5054 pra:-

2093 5093 2282 5148 ponere
2308 5076 2515 5146 artiﬁci.
2546 5077 2745 5130 Contra
2776 5076 3005 5144 primum
3029 5077 3210 5146 itaque
3237 5091 3506 5142 errorem,
3529 5091 3690 5148 quem

2101 5171 2254 5225 Arius
2282 5171 2350 5223 ab
2385 5169 2744 5224 anteriuribtts
2775 5167 3045 5224 haereticis
3073 5158 3320 5224 mutuum
3360 5179 3684 5242 acceperat,

2097 5273 2248 5333 urget
2272 5261 2502 5316 Zenonis
2523 5261 2679 5326 ratio,
2705 5262 2934 5328 ideoque
2955 5261 3036 5316 vel
3059 5272 3245 5316 contra
3279 5262 3693 5318 Samosatenum

2096 5370 2360 5417 coaevum,
2397 5353 2480 5408 vel
2512 5363 2701 5408 contra
2733 5352 2972 5426 Dionysii
3003 5353 3354 5412 Alexandrini
3381 5353 3694 5424 impruden-

2101 5455 2207 5502 tem
2243 5447 2527 5500 verborum
2561 5447 2768 5516 lapsum
2809 5446 2870 5502 S.
2919 5445 3068 5502 Zeno
3098 5457 3475 5517 argumentum
3503 5445 3699 5502 fecisse

2101 5541 2364 5596 dicendus
2405 5551 2487 5596 est
2515 5583 2530 5608 ,
2579 5557 2684 5596 non
2718 5551 2904 5598 contra
2937 5541 3158 5607 Arium,
3206 5555 3363 5611 quem
3405 5555 3434 5594 a
3467 5539 3699 5608 pristino

2103 5649 2286 5688 errore
2314 5633 2644 5688 resilientem
2669 5676 2682 5699 ,
2714 5649 3021 5702 limumque
3047 5633 3328 5688 docentem
3361 5633 3416 5687 S.
3452 5629 3706 5689 Doctoris

2105 5746 2210 5782 non
2243 5727 2468 5782 revincit
2506 5727 2781 5783 instantia.
2814 5727 2942 5782 Illud
2976 5719 3374 5778 vero'maxime
3404 5719 3708 5779 notandum

2106 5830 2208 5889 est,
2241 5821 2298 5879 S.
2329 5817 2602 5876 Zenonem
2643 5830 2912 5892 tamquam
2947 5827 3153 5870 certum
3181 5825 3488 5885 proponere
3513 5809 3722 5877 Chr-is.
