4198 6160
378 245 486 301 663
1523 248 1608 304 DE
1655 246 1902 306 SANCTI
1947 249 2012 303 Zl

2118 246 2238 302 nos
2280 247 2546 303 evocas
3574 248 3680 329 «et

380 371 492 416 tum
525 376 589 417 es
625 362 794 418 nihilo
833 362 1022 418 fecisse
1054 378 1237 419 rerum
1268 370 1534 419 naturam.
1570 365 1634 418 At
1670 381 1785 419 cum
1825 375 1974 419 natu-
2003 368 2052 426 Α
2078 371 2298 420 sanctus
2322 361 2493 427 Zeno,
2545 363 2758 419 cautius
2785 362 3030 435 profecto
3087 362 3411 418 sententiam
3462 376 3686 435 expres-

380 472 493 517 ram
529 470 592 509 ea:
632 455 792 510 nihilo
835 457 1009 527 fecerit
1053 454 1308 510 Christus.
1360 457 1521 513 Arius
1553 470 1680 513 vero
1704 454 1978 512 Christum
2083 455 2248 511 sisset
2274 469 2450 521 suam,
2481 471 2659 526 neque
2683 455 2735 510 in
2767 455 3058 511 Arianismi
3091 455 3456 523 suSpicionem
3483 454 3689 526 potuis-

385 563 454 604 ex
485 546 658 602 nihilo
678 563 801 602 esse
831 547 1069 603 dicebat.
1101 546 1231 602 Tum
1254 549 1394 618 quod
1420 548 1639 604 dicimus
1667 566 1782 604 eum
1804 548 1983 620 (Chri-
2083 558 2169 605 sel
2198 548 2433 604 adduci:
2481 549 2655 605 Siculi
2684 548 2808 604 aliis
2834 548 2997 604 etiam
3028 549 3403 605 Antenicmnis
3442 549 3691 605 Patribus

383 642 557 713 stum)
604 658 668 695 ex
697 640 859 696 nihilo
902 651 1153 697 constare.
1201 642 1274 697 Ita
1320 644 1501 698 Arius.
1546 644 1699 698 llunc
1738 657 1979 697 errorem
2082 642 2374 712 contigisse
2396 645 2783 713 comperimus.

389 736 445 791 S.
476 733 626 788 Zeno
653 748 828 805 neque
855 749 963 789 uno
992 734 1215 789 verbulo
1241 735 1440 806 arguit.
1475 734 1551 789 Illi
1576 750 1707 805 ergo
1737 751 1985 804 comper—
2155 735 2272 791 Arii
2299 738 2462 791 etiam
2495 735 2657 807 impia
2682 735 2932 806 dogmata
2957 750 3072 805 pra:
3090 735 3265 792 oculis
3292 752 3399 792 non
3430 736 3693 793 habuisse

387 834 475 881 tos
523 838 629 879 non
673 836 811 892 erat,
857 826 900 879 si
933 840 1055 880 cuin
1107 827 1335 896 praecise
1372 825 1765 882 convellendus
1813 835 1982 895 esset,
2086 836 2331 882 nostrum
2352 827 2628 884 Zenonem
2657 829 2938 884 evidenter
2958 828 3326 895 concluditur,
3350 830 3477 900 quia
3504 829 3556 886 in
3577 829 3688 899 pri-

389 920 666 989 proprium
710 920 775 976 ad
820 920 1254 977 conﬁrmandum
1292 929 1672 991 argumentum
1721 923 1981 991 praeterit.
2089 933 2175 973 ma
2206 918 2421 981 hteresi,
2453 935 2612 988 quam
2635 918 2887 975 Tractatu
2914 920 3146 989 septimo
3170 920 3265 974 lib.
3290 919 3517 976 secundi
3540 936 3693 975 com-

389 1012 530 1067 Aute
562 1013 735 1083 ipsum
764 1028 891 1084 ergo
919 1028 1160 1069 errorem
1189 1015 1425 1084 scripsit.
2057 1006 2062 1010 ’
2089 1020 2356 1066 memorat
2382 1026 2578 1079 nempe
2602 1027 2616 1065 :
2649 1009 2767 1087 Una
2789 1010 3009 1083 denique
3038 1012 3225 1068 asserit
3254 1010 3313 1067 .l.
3345 1010 3405 1066 C.
3451 1016 3515 1065 ab
3548 1020 3697 1066 utero

468 1104 541 1160 De
570 1105 793 1177 reliqttis
836 1106 1069 1177 propriis
1109 1106 1433 1161 Arianorum
1467 1106 1713 1161 formulis
1743 1121 1877 1177 quas
1903 1121 1989 1162 re-
2097 1102 2328 1172 Virginis
2359 1101 2546 1158 Maria:
2581 1104 2861 1175 sumpsisse
2907 1103 3222 1175 principium
3255 1121 3266 1156 :
3311 1102 3573 1172 Deumque
3599 1119 3696 1159 ea:-

394 1198 707 1253 censuimus
728 1239 741 1263 ,
765 1198 915 1269 apud
937 1200 992 1254 S.
1023 1198 1298 1254 Zenonem
1328 1198 1499 1254 altmn
1532 1200 1827 1254 silentium.
1860 1197 1991 1254 For-
2090 1196 2212 1250 inde
2251 1197 2314 1250 ob
2333 1198 2594 1269 justitiam
2623 1202 2820 1268 factum
2866 1215 2977 1252 esse
3019 1214 3121 1252 non
3151 1207 3349 1252 natum.
3402 1196 3502 1266 Qui
3546 1197 3700 1253 Pauli

394 1294 558 1347 inulte
604 1292 926 1347 Arianorum
972 1292 1056 1348 hac
1098 1301 1227 1348 sunt
1255 1312 1267 1346 :
1296 1292 1422 1347 Non
1462 1310 1660 1366 semper
1699 1291 1841 1347 Deus
1884 1302 1991 1347 erat
2093 1290 2433 1347 Samosateni
2484 1306 2639 1346 error
2686 1298 2812 1346 est:
2876 1290 3225 1346 Contrarium
3275 1291 3403 1345 Ario
3453 1305 3699 1346 errorem

394 1384 577 1451 Pater,
608 1402 709 1439 non
735 1402 933 1457 semper
959 1383 1005 1437 ιν
1010 1386 1151 1440 ilius.
1182 1427 1195 1440 .
1226 1426 1237 1439 .
1271 1383 1399 1439 Cum
1422 1386 1594 1439 omnia
1620 1386 1722 1439 sint
1744 1384 1983 1447 condita,

387 1483 502 1551 ipse
527 1498 721 1552 quoque
752 1479 967 1553 (Filius)
996 1482 1258 1535 conditum
1288 1480 1556 1550 quiddam,
1591 1487 1638 1534 et
1662 1496 1789 1551 apus
1812 1478 1993 1532 haberi

393 1575 559 1628 debet.
594 1614 607 1627 .
646 1616 657 1627 .
690 1573 824 1627 Eum
874 1573 1091 1646 (Filium
1140 1573 1357 1644 nempe)
1403 1589 1506 1627 non
1537 1581 1723 1625 natura
1752 1572 1805 1623 in
1836 1569 1995 1625 Patre

393 1668 633 1731 existere,
668 1682 759 1719 nec
805 1682 914 1720 esse
948 1665 1216 1738 praprium
1255 1666 1368 1735 ejus
1412 1664 1712 1718 substantia:
1753 1660 1991 1728 Verbum,

2095 1382 2318 1437 iudicat.
2344 1382 2505 1437 Arius
2544 1397 2741 1453 uempe
2792 1383 3115 1454 Episcopum
3145 1384 3317 1454 gratia
3347 1381 3541 1437 factum
3577 1396 3703 1436 esse

2095 1475 2266 1532 Deum
2289 1474 2562 1545 prmdicat.
2584 1473 2715 1530 Cum
2741 1475 2888 1530 vellet
2914 1492 3007 1529 nos
3031 1491 3323 1548 procreare,
3353 1483 3473 1528 tunc
3500 1489 3705 1545 quoque

2095 1568 2249 1621 istum
2292 1568 2607 1637 procreavit,
2669 1583 2818 1638 quem
2857 1576 3127 1639 postquam
3168 1566 3369 1637 genitus
3422 1564 3702 1637 appellarit

2104 1659 2368 1715 Verbum:
2419 1659 2509 1713 sed
2535 1670 2582 1715 et
2609 1660 2779 1729 ipsum
2802 1661 2971 1733 gratia
3010 1661 3198 1715 extitit.
3232 1659 3396 1714 Arius
3434 1658 3704 1733 (inquam)

396 1778 489 1816 nec
517 1760 783 1832 propriam
813 1759 1155 1831 Sapientiam,
1198 1760 1253 1813 in
1280 1775 1379 1828 qua
1409 1756 1828 1811 mundumillunt
1851 1770 1997 1808 crea-
2026 1748 2074 1808 B
2101 1755 2269 1823 gratia
2309 1754 2476 1808 Deum
2516 1753 2761 1809 extitisse
2789 1752 2938 1809 dicit.
2992 1754 3158 1808 Error
3199 1762 3388 1808 contra
3423 1767 3581 1823 quem
3621 1752 3708 1805 in-

396 1856 491 1919 vit,
514 1854 603 1908 sed
626 1856 677 1907 in
702 1852 861 1907 Patre
884 1869 992 1909 esse
1022 1852 1168 1906 aliud
1190 1852 1480 1924 proprium,
1516 1862 1560 1904 et
1583 1849 1838 1921 peculiare
1870 1845 1997 1902 Ver-

401 1946 541 2009 bum,
587 1944 846 2015 aliamque
878 1945 998 1997 item
1028 1942 1289 2014 prapriam
1316 1940 1644 2011 sapientiam,
1688 1940 1741 1992 in
1784 1954 1886 2008 qua
1913 1955 2000 1993 sa-

404 2036 598 2110 pientia
630 2037 799 2105 ipsum
835 2033 1053 2088 Verbum
1079 2033 1233 2105 fecit:
1276 2035 1439 2104 Atque
1462 2030 1591 2085 adeo
1621 2032 1789 2101 ipsum
1810 2028 1998 2084 ‘Domi-

405 2143 527 2180 num
543 2124 803 2180 Christum
822 2133 1050 2198 respectu
1070 2123 1426 2191 rationalium,
1450 2139 1565 2191 qua:
1581 2122 1744 2177 verbis
1765 2131 2000 2187 utuntur,

414 2215 637 2271 Verbum
666 2232 774 2271 esse
799 2225 1174 2289 nuncupatum.
1206 2255 1221 2271 .
1251 2254 1265 2269 .
1300 2261 1309 2269 .
1352 2213 1515 2269 Deum
1543 2230 1643 2269 non
1674 2230 1768 2268 nos
1797 2223 2003 2286 prapter

407 2310 554 2363 illum
610 2307 853 2382 (Filium)
896 2299 986 2362 sed
1028 2307 1179 2362 illum
1216 2316 1425 2379 prapter
1453 2322 1547 2362 nos
1582 2305 1895 2361 condidisse.
1940 2346 1950 2357 .
1989 2346 2001 2357 .

411 2400 539 2456 Cum
578 2402 728 2456 vellet
756 2418 847 2455 nos
864 2416 1163 2471 procreare,
1205 2411 1325 2453 tunc
1355 2414 1554 2470 quoque
1582 2399 1736 2452 istum
1762 2412 2007 2466 procrea-

408 2497 498 2556 vit.
523 2511 674 2563 quem
694 2503 964 2565 postquam
980 2494 1176 2565 genitus
1195 2502 1294 2557 est,
1316 2491 1592 2563 appellavit
1623 2488 1840 2545 Verbum
1862 2507 1873 2541 :
1901 2488 2009 2543 Sed

416 2602 462 2644 et
491 2591 659 2661 ipsum
686 2588 853 2661 gratia
884 2588 1098 2643 exstitit.
1136 2628 1149 2641 .
1184 2628 1197 2640 .
1228 2584 1490 2640 Christum
1517 2601 1620 2638 non
1662 2600 1771 2654 esse
1795 2592 2011 2637 natura-

414 2684 534 2750 lem,
568 2693 615 2737 et
642 2699 809 2737 veram
846 2681 937 2735 Dei
969 2680 1271 2753 potentiam,
1316 2680 1405 2736 sed
1434 2680 1561 2732 sicut
1592 2692 1781 2743 eructe,
1811 2685 1858 2729 et
1889 2677 2009 2730 bru-

415 2780 497 2834 chi
528 2779 856 2852 appellantur
882 2777 1120 2849 potentia:
1149 2774 1526 2841 Omnipotentis
1563 2771 1695 2840 Dei,
1744 2772 1818 2825 ita
1844 2772 2013 2842 ipsum

415 2888 613 2945 quoque
634 2870 889 2941 appellari
914 2867 1353 2935 Omnipotentiam
1378 2863 1573 2919 Patris.
1607 2905 1621 2919 .
1651 2900 1665 2916 .
1691 2860 1888 2916 Filium
1911 2877 2011 2914 non

414 2975 589 3021 exacte
617 2980 921 3037 cognoscere
937 2960 1167 3027 Patrem,
1182 2976 1274 3016 nec
1294 2975 1441 3014 suam
1467 2957 1672 3027 quidem
1700 2955 1862 3026 ipsius
1884 2953 1980 3007 sub
1996 2983 2012 2993 -

414 3058 656 3113 stantiam
702 3057 960 3126 cognitam
1009 3053 1215 3109 habere.
1275 3052 1368 3108 Ha:
1406 3061 1535 3108 sunt
1574 3064 1711 3122 quas
1760 3048 2016 3105 Socrates

2098 1845 2249 1901 vehit
2272 1846 2328 1901 S.
2373 1846 2518 1902 Zeno
2544 1888 2559 1912 ,
2592 1860 2697 1901 non
2724 1847 2895 1918 gratia
2924 1889 2937 1910 ,
2964 1845 3058 1902 sed
3088 1847 3281 1901 merito
3307 1887 3323 1910 ,
3353 1844 3413 1899 ob
3445 1844 3705 1917 justitiam

2103 1936 2272 1992 Deum
2301 1936 2500 1993 factum
2523 1938 2739 1993 asserit.

2178 2031 2449 2097 Quantum
2480 2031 2723 2101 profecto
2754 2031 2914 2101 longe
2954 2029 3023 2085 ab
3048 2029 3326 2100 impietate
3355 2028 3465 2084 Arii
3494 2071 3509 2094 ,
3552 2028 3709 2083 Aria-

2108 2138 2413 2195 noromque
2448 2122 2760 2180 insectando
2805 2122 3037 2178 abfuerit
3085 2121 3142 2177 S.
3182 2122 3508 2177 Veronensis
3549 2123 3706 2175 Anti-

2108 2225 2253 2279 stes,
2286 2218 2385 2268 huc
2426 2214 2713 2270 manifesta
2744 2215 3125 2270 observatione
3155 2213 3436 2270 evidenter
3463 2213 3707 2268 ostendi-

2111 2318 2235 2361 tur:
2284 2304 2585 2377 Numquam
2618 2307 2671 2361 in
2701 2306 3043 2364 Tractatibus
3086 2306 3146 2364 S.
3190 2307 3443 2363 Doctoris
3479 2306 3661 2362 Arium
3691 2348 3708 2375 ,

2111 2398 2197 2454 vel
2229 2398 2461 2453 Arianos
2488 2400 2755 2455 nominari
2782 2418 2794 2455 :
2852 2401 2926 2455 De
2962 2401 3194 2455 concilio
3221 2399 3442 2455 Nicteno
3485 2413 3552 2454 ne
3581 2414 3709 2453 ver-

2112 2490 2240 2547 bum
2272 2490 2489 2563 quidem
2518 2494 2743 2563 reperiri
2772 2512 2786 2550 :
2816 2493 2892 2549 De
2907 2493 3289 2561 Constanlioo,
3317 2505 3372 2550 et
3393 2493 3713 2549 Constantio

2115 2586 2320 2641 nullam
2364 2589 2693 2643 mentionem
2728 2587 2865 2644 ﬁeri.
2920 2588 3053 2644 Cum
3101 2604 3229 2644 vero
3271 2589 3340 2644 iis
3386 2589 3717 2659 temporibus

2115 2678 2172 2733 S.
2202 2677 2351 2735 Zeno
2380 2695 2410 2734 a
2442 2679 2687 2735 Dominis
2719 2680 3027 2737 Balleriniis
3053 2681 3417 2737 consuluntur
3439 2723 3454 2746 ,
3498 2681 3718 2752 quando

2118 2770 2328 2840 ipsimet
2356 2773 2543 2827 Ariani
2574 2775 2865 2843 primarvos
2891 2774 3039 2844 impii
3083 2776 3167 2829 sui
3208 2775 3454 2831 Doctoris
3496 2789 3717 2829 errores

2118 2860 2188 2916 ab
2217 2864 2450 2934 antiquis
2481 2865 2750 2920 luereticis
2779 2877 3032 2936 acceptos
3061 2866 3585 2923 anathematizarunt
3608 2909 3623 2934 ,
3656 2876 3719 2921 ut

2120 2956 2175 3013 in
2219 2957 2556 3014 Antiochena
2597 2960 2921 3016 Arianorum
2960 2961 3170 3033 synodo
3220 2971 3342 3032 post
3376 2961 3717 3017 ConSIantini

2122 3059 2353 3105 mortem
2400 3050 2583 3107 habita
2634 3068 2776 3107 attuo
2801 3052 2861 3108 C.
2892 3052 2992 3109 ’541
3021 3095 3036 3119 ,
3086 3054 3139 3108 iu
3167 3069 3274 3125 qua
3304 3054 3532 3109 formula
3562 3053 3718 3109 Fidei

415 3149 507 3204 lib.
550 3164 589 3215 I,
630 3164 747 3219 cap.
765 3122 843 3215 ’6,
875 3146 1099 3201 novellas
1123 3188 1135 3212 ,
1173 3155 1220 3199 et
1248 3145 1508 3199 inauditas
1545 3142 1653 3197 Arii
1696 3141 2012 3196 adsertiones
2041 3122 2088 3187 (ἶ
2125 3143 2269 3197 edita
2297 3154 2401 3212 est,
2431 3153 2486 3199 et
2512 3144 2565 3199 in
2586 3160 2649 3200 ea
2679 3145 3079 3212 damnanturii,
3106 3122 3227 3217 quin
3254 3156 3538 3203 asserunt:
3573 3143 3722 3201 Tem-

416 3243 650 3297 vocavit:
679 3242 745 3296 Et
772 3240 1105 3298 Sozomenus
1126 3239 1216 3294 lib.
1250 3253 1288 3305 ι,
1319 3255 1437 3308 cap.
1470 3238 1559 3304 15,
1589 3237 1725 3306 quod
1757 3252 1788 3288 a
1822 3233 2021 3287 nemine

419 3352 666 3406 umquam
702 3334 895 3388 dictum
932 3336 1101 3403 [uerat
1123 3333 1233 3402 ipse
1267 3329 1474 3402 (Arius)
1512 3330 1565 3382 in
1598 3326 1829 3382 Ecclesia
1862 3340 2021 3379 ausus

422 3431 576 3501 fuerit
613 3427 929 3496 praedicare;
973 3437 1091 3480 ante
1127 3443 1251 3495 quos
1293 3434 1533 3493 utrosque
1564 3420 1810 3488 lin/finus
1862 3419 1950 3472 lib.
1983 3433 2017 3472 Χ

422 3522 546 3576 hist.
573 3538 689 3591 cap.
724 3523 745 3574 l
775 3537 793 3574 :
819 3518 991 3573 Prava
1012 3519 1250 3591 quaedam
1274 3517 1336 3571 de
1360 3518 1465 3588 ﬁde
1478 3515 1671 3570 Christi
1692 3515 1943 3585 proferre,
1973 3523 2021 3567 et

421 3632 539 3686 quae
579 3623 733 3669 antea
773 3614 826 3667 in
862 3613 1192 3683 qmslionem
1234 3626 1511 3678 numquam
1552 3619 1827 3675 venerant,
1869 3608 2020 3678 coepit

420 3706 630 3783 (Arius)
656 3708 791 3762 unde
817 3716 867 3761 et
905 3704 1142 3759 Hilarius
1182 3704 1429 3758 Arianam
1460 3719 1647 3758 novam
1672 3701 1906 3756 lucresim
1935 3717 2021 3755 vo-

422 3813 502 3857 cat
530 3803 619 3856 lib.
651 3815 722 3855 vn
751 3801 813 3853 de
850 3797 1104 3852 ’l‘rinitate
1130 3815 1183 3871 ιι.
1218 3798 1275 3863 5,
1308 3797 1541 3851 Itwresim
1577 3795 1829 3850 novellam
1868 3812 1921 3847 ιι.
1961 3793 2017 3859 6,

425 3904 471 3948 et
498 3893 750 3948 novellam
782 3892 917 3946 luem
945 3899 1060 3961 post
1088 3890 1493 3963 quadringentos
1528 3891 1635 3960 fere
1663 3903 1824 3941 annos
1859 3903 2022 3957 nuper

428 3986 686 4040 inventam
712 3984 802 4038 lib.
840 3999 879 4045 ι.
908 3983 977 4036 ad
1007 3981 1362 4037 Constantium
1391 3998 1534 4036 num.
1573 3982 1628 4048 5,
1664 3997 1819 4052 quant
1876 3980 2020 4035 scili-

421 4088 499 4134 cet
542 4088 658 4133 ante
694 4076 876 4131 Arium
913 4075 1110 4142 docuit,
1151 4084 1200 4130 et
1242 4074 1585 4147 propugnavit
1622 4090 1786 4128 nemo.
1822 4073 2020 4127 Contra

421 4171 539 4228 haec
583 4171 647 4227 D.
684 4169 830 4226 Zeno
858 4182 959 4225 nec
992 4170 1150 4225 nnttit
1172 4168 1408 4240 quidem.
1439 4167 1588 4223 Alias
1615 4167 1895 4234 formulas,
1925 4180 2021 4221 seu

420 4283 642 4324 errores
665 4270 825 4333 alios,
872 4281 1009 4330 quos
1043 4264 1204 4319 Arius
1240 4280 1267 4317 a
1299 4264 1678 4328 Samosateno,
1710 4267 1928 4318 Artema
1959 4273 2023 4314 ac

421 4360 635 4417 Ebione
662 4361 860 4423 hausit,
884 4358 1137 4414 eumdem
1168 4367 1446 4414 auctorem
1476 4367 1720 4413 nostrum
1743 4356 2022 4426 impetisse

420 4454 677 4516 vidimus,
703 4462 759 4507 et
778 4469 839 4508 ea
863 4467 983 4523 qoze
1005 4451 1259 4523 Dionysio
1284 4450 1655 4506 Alexandrino
1677 4450 2016 4514 exciderunt,

2124 3251 2241 3305 pus.
2266 3245 2354 3288 aut
2377 3247 2705 3301 momentum,
2737 3249 2826 3291 aut
2853 3238 3098 3292 stecnlum
3126 3254 3259 3305 esse,
3283 3239 3360 3295 vel
3388 3239 3547 3310 fuisse
3575 3248 3719 3292 ante-

2123 3343 2279 3394 quam
2303 3329 2595 3400 gigneretur
2638 3327 2849 3384 Filius:
2897 3328 2990 3385 Vel
3023 3332 3068 3384 si
3105 3332 3220 3401 quis
3250 3332 3473 3396 dixerit,
3520 3328 3719 3384 Filium

2127 3428 2416 3472 creaturam
2438 3436 2547 3474 esse
2568 3430 2814 3488 tanquam
2836 3439 2989 3476 unum
3018 3439 3080 3477 ex
3100 3424 3304 3479 crcatt's.
3333 3423 3410 3479 lla
3440 3432 3494 3479 ct
3522 3423 3576 3479 in
3603 3422 3719 3479 for-

2126 3513 2269 3568 mula
2300 3530 2331 3569 a
2353 3514 2605 3571 Narcisso
2625 3516 2816 3583 Cilice,
2849 3517 3077 3587 aliisque
3109 3518 3284 3573 tribus
3300 3518 3579 3590 EpiscOpis
3596 3532 3721 3587 pro-

2127 3609 2383 3678 mulgata,
2408 3625 2513 3680 qua
2542 3610 2886 3666 anathemate
2914 3610 3178 3667 feriuntur
3200 3654 3215 3677 ,
3243 3614 3331 3682 qui
3360 3612 3601 3668 dicereut
3624 3610 3719 3666 Fi-

2125 3700 2257 3757 lium
2288 3716 2408 3757 esse
2436 3719 2500 3757 ea:
2518 3719 2621 3757 non
2647 3703 2979 3758 existentibus
3000 3749 3013 3768 ,
3040 3705 3118 3759 vel
3145 3721 3211 3759 ea:
3229 3707 3391 3760 altera
3418 3703 3679 3777 hypostasi
3700 3745 3719 3771 ,

2127 3804 2173 3848 et
2200 3810 2301 3848 non
2322 3810 2388 3848 ea:
2410 3792 2540 3860 Deo,
2562 3806 2652 3850 aut
2675 3797 2834 3867 fuisse
2848 3796 3128 3869 aliquando
3150 3807 3350 3870 tempus
3361 3814 3476 3853 cum
3493 3795 3721 3851 nondum

2133 3896 2283 3940 esset.
2315 3885 2486 3954 Idem,
2513 3896 2567 3941 et
2597 3887 2649 3941 in
2677 3888 2886 3959 synodo
2915 3888 3203 3943 Sirmiensi
3226 3890 3299 3944 ab
3327 3888 3541 3944 Arianis
3571 3887 3720 3942 habi-

2127 3988 2184 4034 to
2213 3994 2357 4034 anno
2386 3979 2511 4034 551.
2531 3980 2667 4036 Cum
2698 3982 2914 4052 inquam
2943 3999 2972 4035 a
3000 3983 3241 4038 Dominis
3263 3983 3563 4040 Balleriniis
3589 3993 3722 4037 :ctas

2127 4068 2187 4126 S.
2211 4070 2444 4127 Zenonis
2467 4082 2589 4143 post
2608 4077 2789 4128 omnia
2820 4073 2934 4130 haec
2962 4086 3277 4147 reponatur,
3302 4091 3444 4132 anne
3467 4075 3722 4131 credibile

2126 4172 2210 4219 est
2231 4164 2289 4219 S.
2320 4162 2595 4220 Zenonem
2631 4167 2683 4220 in
2709 4168 2957 4237 antiquas
2986 4167 3225 4224 basreses
3249 4172 3318 4224 ab
3345 4173 3476 4240 ipsis
3507 4170 3721 4225 Arionis

2125 4261 2409 4316 damnatas
2437 4260 2710 4318 disserere
2731 4303 2748 4330 ,
2779 4272 3130 4334 recentesque
3160 4267 3411 4321 omittere
3436 4264 3674 4321 voluisse
3699 4266 3723 4303 ν

2124 4352 2377 4424 Nihilque
2420 4353 2488 4409 de
2528 4353 2727 4409 celebri
2777 4356 3126 4411 contentione
3173 4357 3262 4411 illa
3304 4357 3447 4412 circa
3496 4357 3719 4430 verbum

2126 4450 2213 4505 τὸν
2241 4446 2515 4521 ὁμοουσιον
2548 4445 2760 4515 penitus
2781 4447 3067 4518 attigisse?
3096 4464 3214 4518 qua:
3240 4459 3408 4515 tanto,
3435 4459 3492 4506 et
3517 4448 3714 4504 Catbo.

421 4560 490 4601 eo
510 4544 652 4617 quod
677 4545 893 4599 incaute
918 4544 1219 4614 protulerit.
1247 4541 1375 4597 Cum
1404 4542 1468 4597 sit
1496 4557 1577 4595 res
1597 4540 1758 4611 facta,
1790 4556 1892 4595 non
1913 4550 2022 4594 erat
2047 4515 2103 4576 D
2130 4539 2357 4595 licorum
2384 4580 2398 4603 ,
2452 4547 2507 4594 et
2534 4540 2857 4595 Arianorum
2887 4539 3086 4596 ardore
3106 4582 3123 4607 ,
3166 4552 3219 4596 et
3244 4540 3467 4597 defensa
3495 4582 3511 4607 ,
3539 4552 3592 4598 et
3619 4542 3722 4597 imo

420 4651 697 4709 antequam
720 4638 908 4709 ﬁeret:
945 4636 1071 4692 Haec
1093 4635 1310 4706 vulgata
1337 4641 1499 4705 atque
1530 4632 1783 4687 damnata
1822 4632 1889 4685 ab
1920 4631 2024 4687 Ec-

424 4735 614 4799 clesia,
645 4740 704 4787 ut
734 4732 1165 4787 demonstratum
1192 4738 1277 4783 est
1301 4742 1490 4797 supra,
1517 4740 1639 4781 cum
1668 4726 1785 4781 Arii
1814 4735 2023 4795 tempus

419 4829 645 4883 minime
685 4832 1020 4891 cotmotent,
1064 4820 1162 4877 sed
1194 4820 1468 4887 Gallieni;
1509 4819 1654 4874 nulla
1692 4819 1903 4895 ratione
1955 4819 2024 4874 ab

423 4918 586 4989 hujus
608 4914 952 4986 imperatoris
972 4927 1091 4989 aevo
1116 4912 1479 4968 removendus
1501 4920 1582 4966 cst
1603 4910 1661 4967 S.
1688 4910 1864 4967 Zeno:
1885 4911 2022 4981 Quin

422 5012 535 5065 imo
575 5022 699 5064 cum
736 5008 805 5063 de
835 5007 949 5064 Arii
990 5007 1221 5077 propriis
1264 5005 1541 5062 erroribus
1584 5006 1786 5062 nullam
1826 5006 2014 5063 fecerit

425 5103 779 5167 mentionem,
810 5101 980 5157 multo
1003 5109 1127 5157 ante
1150 5101 1353 5157 vixisse
1374 5100 1635 5158 dicendus
1657 5112 1759 5160 est.

497 5194 574 5249 Ex
597 5207 664 5248 eo
691 5192 907 5266 quidem
937 5192 995 5248 S.
1020 5191 1291 5249 Zenonem
1318 5195 1479 5250 tertio
1510 5193 1710 5250 sarculo
1734 5194 2019 5263 scripmsse

421 5294 671 5355 constat,
701 5286 844 5346 quod
883 5286 1026 5341 circa
1054 5287 1383 5358 praecipuum
1412 5286 1564 5342 illum
1594 5287 1706 5342 Arii
1735 5301 1977 5342 errorem
2004 5328 2016 5339 .

423 5375 556 5434 Cum
592 5377 739 5433 vellet
779 5394 891 5439 nos_
915 5394 1185 5448 procreare
1215 5378 1465 5452 ,(Pater),
1499 5389 1617 5433 tunc
1640 5394 1839 5449 quoque
1863 5379 2018 5433 istum

421 5472 668 5544 (Filium)
693 5473 999 5545 procreavit.
1024 5472 1320 5540 Quamdam
1352 5487 1473 5527 cum
1504 5472 1606 5526 hoc
1626 5485 1811 5525 errore
1840 5470 2018 5523 affini-

417 5575 582 5622 tatem
609 5566 898 5621 verborum
922 5566 1112 5621 saltem
1132 5548 1184 5618 ίῖι
1206 5561 1524 5634 quibusdam
1552 5562 1609 5620 S.
1636 5561 1872 5617 Zenonis
1896 5576 2016 5616 ser.

414 5655 665 5712 monibus
688 5656 921 5723 reperiri
945 5664 1097 5728 putat
1126 5655 1394 5719 Petavius,
1419 5654 1485 5709 de
1506 5669 1613 5725 quo
1638 5652 1865 5708 inferius
1885 5666 2014 5724 age-

405 5760 545 5801 mus.
575 5747 631 5804 Si
653 5761 894 5815 namque
921 5756 1047 5822 post
1073 5748 1255 5803 Arium
1284 5737 1569 5806 sermunes
1589 5760 1720 5805 suos
1743 5746 2019 5807 habuisset

2128 4641 2358 4703 pugnata
2389 4631 2487 4686 fuit
2514 4646 2579 4686 eo
2606 4631 2725 4700 ipso
2758 4643 3020 4703 tempore,
3052 4649 3161 4703 quo
3193 4632 3490 4688 Veronensi
3537 4633 3718 4690 eccle-

2127 4726 2223 4780 siae
2248 4725 2305 4781 S.
2338 4723 2609 4779 Zenonem
2639 4724 2941 4792 praeficiunt
2968 4724 3321 4782 eruditissimi
3349 4724 3548 4781 laudati
3586 4725 3718 4780 Viri.

2131 4816 2207 4872 De
2237 4816 2338 4871 hoc
2365 4830 2497 4870 vero
2520 4830 2765 4885 agemus,
2789 4830 2910 4870 cum
2942 4815 3009 4871 de
3032 4816 3357 4873 Arianorum
3387 4816 3631 4873 formulis
3645 4832 3705 4873 re

2129 4909 2266 4965 dibit
2289 4923 2489 4963 sermo.
2517 4907 2750 4964 Intactas
2777 4911 2953 4981 itaque
2982 4909 3043 4966 S.
3077 4910 3225 4967 Zeno
3248 4911 3570 4967 Arianorum
3599 4926 3728 4983 pro-

2127 5004 2272 5072 prias
2302 5001 2563 5056 formulas
2590 5017 2714 5056 cum
2743 5002 3039 5072 reliquerit,
3072 5002 3203 5060 Ario
3232 5003 3591 5075 posteriorem
3624 5007 3726 5059 ba-

2124 5096 2360 5150 hcndum
2388 5109 2494 5149 non
2524 5108 2648 5149 esse
2672 5094 3075 5150 evidentissime
3100 5107 3333 5152 constat.

2124 5190 2151 5261 §
2198 5188 2340 5243 XIX.
2378 5188 2485 5245 SS.
2532 5187 2717 5246 Patres
2738 5190 2862 5245 Aria
2890 5193 3194 5263 posteriores
3214 5236 3230 5260 ,
3256 5193 3368 5248 Arii
3393 5235 3408 5256 ,
3438 5204 3486 5250 et
3505 5194 3727 5249 Ariano-

2178 5298 2293 5335 rum
2325 5283 2565 5354 proprias
2589 5283 2843 5354 formulas
2862 5284 2969 5337 suis
2998 5285 3052 5338 in
3087 5285 3326 5354 operibus
3355 5289 3666 5359 exprimunt.

2193 5378 2415 5448 Aliquot
2458 5379 2765 5449 seligemus
2790 5376 2887 5434 SS.
2927 5378 3145 5434 Patrum
3173 5421 3190 5444 ,
3238 5381 3332 5451 qui
3374 5388 3496 5451 post
3533 5381 3724 5434 Arium

2121 5470 2475 5539 scripserunt.
2506 5472 2825 5538 sententias,
2860 5478 2919 5525 ut
2948 5473 2999 5525 in
3031 5472 3096 5526 iis
3126 5473 3375 5542 proprias
3397 5474 3726 5530 Arianorum

2119 5561 2384 5617 formulas
2432 5553 2752 5617 indicemus.
2812 5564 2887 5617 Ex
2933 5578 3097 5635 supra
3128 5566 3463 5620 enumeratis
3491 5566 3727 5622 Ariano-

2120 5671 2237 5711 rum
2266 5656 2508 5712 l‘ormulis
2537 5658 2709 5726 prima
2741 5667 2823 5712 est
2851 5674 2863 5711 :
2889 5656 3009 5712 Non
3055 5675 3256 5728 semper
3284 5655 3427 5714 Deus
3467 5669 3576 5715 erat
3622 5660 3733 5715 Pa-

2121 5757 2216 5817 ter,
2243 5765 2345 5803 non
2370 5762 2569 5817 semper
2593 5745 2781 5804 Filius.
2816 5746 3019 5805 Contra
3045 5748 3189 5807 hunc
3207 5765 3449 5807 errorem
3473 5765 3574 5821 pro
3591 5763 3733 5808 con"-
