4198 6160
458 290 560 344 (th?

1562 290 1649 345 DE
1678 287 1923 346 SANCTI
1963 280 2254 344 ZENONIS
2298 286 2569 343 EI’OCHA

3640 284 3743 338 6‘33

458 416 634 473 neque
663 403 807 460 aliud
836 420 957 462 esse
988 406 1220 461 Verbum
1253 406 1304 460 in
1348 406 1503 461 Patre
1525 422 1555 461 a
1583 405 1799 461 Christo
1820 404 2051 461 Domino
2079 407 2128 465 A
2155 403 2314 459 batur
2343 402 2392 457 iu
2425 403 2653 473 cpistola
2675 446 2689 471 ,
2724 416 2883 473 quam
2910 416 3023 457 sum
3056 400 3308 456 Ecr-lesiz‘c
3340 399 3550 456 clericis
3576 401 3743 458 dedit.

458 494 760 562 diversum;
791 511 964 567 eoque
988 498 1161 553 minus
1189 498 1423 554 Verbum
1456 507 1677 569 propter
1701 516 1799 553 nos
1826 512 1947 553 esse
1975 496 2054 552 la-

458 596 635 656 etum,
669 590 993 660 minimeque
1031 593 1320 647 essentiam
1371 592 1545 646 Patris
1594 606 1693 647 sua
1746 592 2054 661 cognitione

459 677 938 752 comprehendere.
964 682 1091 739 Haec
1125 685 1309 755 procul
1335 682 1498 740 dubio
1520 701 1583 739 ex
1604 684 1845 754 ejusdem
1871 684 1925 737 8.
1955 682 2056 738 Ze-

460 773 618 829 nonis
648 772 889 829 doctrina
923 792 1042 831 esse
1072 791 1099 830 a
1135 776 1237 832 lide
1288 776 1442 832 devia
1491 776 1952 833 demenstrantur.
1990 777 2057 830 At

461 881 584 921 cum
610 868 862 937 superius
884 877 1160 923 ostensum
1193 870 1281 931 sit.
1308 869 1405 925 SS.
1438 868 1713 924 Trinitatis
1746 868 2054 937 Mysterium

464 959 533 1013 ab
562 960 679 1028 ipso
725 959 981 1015 Ecclesia:
1015 962 1166 1016 initio
1210 960 1376 1016 fuisse
1419 972 1627 1029 notum,
1658 962 1785 1017 nihil
1819 962 2058 1031 profecto

466 1054 658 1108 mirum
699 1062 802 1119 est,
836 1055 880 1110 si
910 1057 962 1109 in
991 1055 1182 1111 eodem
1211 1057 1532 1126 explicando
1555 1073 1770 1113 errores
1801 1057 2055 1129 Oppositi,

466 1149 627 1203 etiam
657 1150 1016 1216 recentiores,
1051 1153 1499 1221 perstringantur.

542 1244 658 1298 Mos
681 1261 709 1298 a
744 1244 1038 1315 majoribus
1068 1254 1318 1312 acceptus
1358 1261 1573 1315 semper
1617 1244 1669 1300 in
1716 1243 1954 1299 Ecclesia
1982 1244 2061 1298 vi-

467 1336 597 1405 guil,
625 1350 945 1404 semperque
974 1339 1116 1407 viget
1147 1354 1313 1393 novos
1351 1351 1573 1392 exertos
1602 1351 1818 1393 errores
1849 1335 2062 1392 Veteris

470 1443 529 1480 ac
557 1427 689 1482 Novi
713 1428 1066 1493 Testamenti,
1100 1446 1307 1484 necnon
1341 1430 1436 1485 SS.
1472 1430 1687 1484 Patrum
1711 1429 1952 1484 doctrina
1982 1444 2065 1482 re-

470 1518 676 1585 lellere,
702 1520 842 1589 quod
873 1521 1009 1576 etin
1057 1523 1413 1578 recentiorum
1463 1523 1835 1576 lucreticorum
1885 1519 2065 1590 impiis

470 1612 813 1683 dogmatibus
841 1612 1141 1668 refutandis
1172 1615 1418 1684 praisenti
1442 1615 1601 1668 etiam
1628 1624 1870 1681 tempore
1892 1612 1941 1667 in
1966 1628 2064 1667 usu

471 1711 573 1761 est.
603 1704 739 1760 Num
774 1708 955 1778 itaque
981 1717 1034 1762 et
1064 1704 1359 1777 Scripturcc
1390 1709 1684 1768 canonicze,
1720 1721 1765 1760 et
1813 1704 1912 1761 SS.
1945 1721 2062 1759 om-

2156 496 2355 551 Eodem
2384 495 2535 550 modo
2561 495 2714 550 etiam
2754 493 2888 549 illud
2931 489 3125 547 Filium
3169 488 3315 546 Patri
3346 492 3750 551 consubstantia-

2157 589 2256 643 lem
2301 604 2408 642 esse
2451 587 2669 649 ratione,
2704 597 2748 641 et
2775 585 3079 657 exquisitum
3110 594 3183 639 est
3226 595 3269 638 et
3320 584 3612 655 probatum,
3648 601 3752 638 non

2158 698 2298 737 more
2328 697 2570 753 corporeo
2601 679 2780 733 debere
2810 678 3052 749 intelligi,
3078 694 3235 745 neque
3257 676 3536 750 quidquam
3568 676 3755 731 habere

2157 773 2325 829 simile
2354 788 2470 837 cum
2514 771 2813 826 mortalibus
2857 768 3223 824 animantibus.
3262 767 3401 823 Nam
3427 786 3586 839 neque
3620 769 3755 823 diri-

2158 867 2301 921 ss'une
2336 866 2667 931 substantia),
2719 880 2880 933 neque
2916 863 3196 917 mutatione
3231 860 3469 916 Paterna:
3525 864 3754 917 essentitc

2160 971 2207 1015 et
2230 961 2492 1032 facultatis
2520 976 2667 1029 posse
2697 969 2953 1013 constare.
2986 955 3278 1031 Ingenitam
3302 958 3435 1009 enim
3464 952 3639 1011 Patris
3661 972 3755 1010 na-

2164 1066 2330 1109 turam
2372 1054 2434 1109 ab
2492 1055 2555 1108 iis
2608 1052 2842 1107 onmibus
2894 1068 3102 1122 prorsus
3153 1050 3377 1104 alienam
3421 1065 3566 1115 esse,
3624 1048 3757 1103 nihil

2161 1147 2306 1202 aliud
2329 1146 2613 1213 ostendere,
2638 1162 2788 1210 quam
2806 1140 3003 1198 Filium
3028 1140 3125 1197 Dei
3151 1144 3217 1196 ad
3246 1140 3466 1213 reliquas
3495 1152 3756 1198 creaturas

2164 1242 2360 1295 nullam
2388 1238 2574 1293 habere
2600 1236 3010 1301 similitudinem,
3035 1234 3123 1288 sed
3156 1234 3307 1287 unius
3338 1232 3530 1297 Patris,
3561 1234 3646 1304 qui
3690 1233 3758 1287 il—

2164 1333 2271 1386 lum
2305 1334 2498 1401 genuit,
2527 1332 2733 1384 omnino
2764 1329 2979 1383 similem
3017 1343 3145 1394 esse,
3174 1343 3332 1396 neque
3361 1343 3423 1380 ea:
3453 1327 3579 1389 alia,
3606 1342 3758 1396 quam

2164 1442 2228 1479 ea:
2252 1422 2425 1478 Patris
2455 1424 2739 1477 substantia
2784 1432 2830 1476 et
2872 1410 3085 1475 essentia
3123 1421 3367 1491 genitum.
3418 1417 3611 1473 liadem
3641 1419 3758 1487 epi-

2166 1517 2302 1572 stola
2350 1515 2583 1571 al‘lirmat
2611 1516 3021 1570 Constantinum
3070 1514 3316 1583 Magnum
3354 1511 3582 1565 Verbum
3630 1525 3760 1565 con-

2168 1611 2519 1668 Sub~tantiale
2562 1610 2919 1665 intellexisse.
2961 1608 3409 1663 Consubstantiale
3447 1605 3509 1661 de
3535 1608 3762 1679 corporis

2169 1705 2531 1773 o/fectianibus
2561 1722 2663 1760 non
2685 1721 2831 1777 posse
2860 1704 3101 1776 intelligi,
3133 1718 3291 1774 neque
3319 1701 3414 1756 Dei
3454 1698 3648 1755 Filium
3684 1704 3765 1756 vel

471 1814 570 1853 nes
595 1800 922 1867 antiquiores
952 1798 1160 1866 Patres,
1192 1811 1352 1871 atque
1389 1799 1645 1854 Ecclesiae
1666 1800 1915 1854 dot-tores
1941 1797 2067 1853 Cal-
2094 1802 2143 1862 Β
2169 1800 2435 1859 divisione.
2470 1802 2545 1853 vel
2588 1799 2870 1869 defectione
2896 1834 2912 1865 ,
2952 1805 3006 1851 ut
3036 1799 3108 1851 ita
3137 1798 3323 1861 dicant,
3357 1812 3422 1851 ea:
3462 1794 3618 1850 Patre
3646 1812 3767 1850 con-

472 1891 623 1955 vino,
658 1889 916 1957 Luthero,
948 1891 1205 1947 Janseuio
1252 1891 1577 1962 posteriores
1618 1892 1776 1946 sunt?
1805 1890 1933 1960 Quis
1965 1892 2066 1947 hoc

474 1982 558 2035 Vel
589 1982 852 2051 suspicari
880 1983 1114 2038 audeat?
1630 1996 1635 2002 '

544 2070 703 2128 Certe
732 2074 784 2128 in
815 2073 1085 2141 Ephesina
1131 2074 1339 2146 synodo
1363 2117 1377 2141 ,
1413 2084 1465 2128 ut
1512 2075 1817 2146 exemplqu
1849 2075 2066 2143 aliquod

476 2166 803 2234 praecipuum
827 2165 1131 2233 aderamus,
1157 2183 1299 2221 anno
1320 2165 1519 2222 Ctiristi
1534 2167 1634 2221 451
1651 2167 1947 2235 celebrata,
1963 2177 2070 2222 tes-

478 2258 697 2312 timonia
723 2259 879 2313 allata
919 2268 1061 2326 sunt,
1091 2270 1147 2315 ιιι
1175 2277 1239 2315 ex
1262 2260 1502 2330 ejusdem
1533 2261 1747 2315 concilii
1771 2265 1903 2314 actis
1934 2276 2067 2314 con-

475 2359 604 2417 stat,
635 2361 689 2406 et
719 2350 921 2415 Basilii,
947 2353 1037 2422 qui
1060 2353 1275 2408 annoC.
1306 2355 1430 2419 578,
1455 2353 1746 2417 Ambrosii,
1780 2354 1869 2424 qtti
1897 2352 2065 2410 an.C.

476 2444 606 2508 597,
638 2444 881 2513 Gregorii
910 2444 1230 2501 Nazianzcni
1258 2490 1273 2512 ,
1314 2448 1404 2517 qui
1438 2464 1526 2501 an.
1555 2448 1617 2503 C.
1650 2447 1756 2503 589
1779 2490 1792 2512 ,
1822 2447 2069 2520 Gregorii

476 2536 709 2605 Nisseni,
741 2536 833 2607 qui
865 2553 951 2592 an.
987 2538 1048 2593 C.
1082 2538 1189 2593 594
1229 2537 1467 2593 defuncti
1502 2548 1649 2604 sunt,
1676 2540 1954 2610 allegatus,
1989 2540 2073 2594 iu-

475 2644 669 2698 quam,
706 2630 989 2685 sententiae
1041 2630 1274 2695 luerunt,
1312 2631 1376 2686 ad
1425 2632 1658 2687 Nestorii
1688 2632 2074 2688 convellendos

476 2739 722 2789 errores;
769 2724 896 2795 quin
929 2733 982 2779 et
1022 2724 1078 2781 S.
1113 2724 1364 2797 Cypriani
1410 2725 1503 2796 qui
1538 2722 1662 2789 170,
1688 2735 1742 2780 et
1771 2725 2072 2795 Athanasii,

477 2814 568 2884 qui
591 2816 661 2871 60
688 2815 859 2872 ferme
889 2817 1043 2872 annis
1075 2828 1199 2871 ante
1231 2819 1370 2872 idem
1418 2818 1745 2888 Ephesinum
1781 2820 2072 2874 concilium

478 2922 509 2964 e
535 2910 667 2965 vivis
694 2919 1062 2965 excesserant.
1102 2908 1273 2965 Nemo
1298 2921 1474 2966 autem
1516 2927 1679 2965 ausus
1705 2920 1807 2977 est,
1844 2911 1943 2966 hos
1973 2912 2072 2968 SS.

478 3004 663 3060 Patres
696 3004 976 3076 Ephesium
1001 3006 1210 3077 synodo
1237 3008 1563 3076 posmriores
1587 3020 1857 3072 asserere,
1893 3015 2076 3074 peste-

480 3099 651 3154 riores
678 3099 796 3154 licet
831 3100 1066 3154 lttrreses
1097 3098 1531 3169 praedamnarint.
1572 3098 1761 3154 Verum
1787 3097 1983 3153 aﬂ‘erre
2016 3098 2080 3151 li-

2171 1903 2323 1945 stare.
2363 1890 2501 1945 Nam
2545 1908 2647 1945 non
2686 1908 2834 1964 posse
2876 1893 3009 1961 ﬁeri,
3042 1899 3096 1943 ut
3128 1903 3344 1955 natura,
3388 1906 3502 1959 quae
3542 1890 3770 1943 materia

2171 2000 2351 2055 expers
2396 1993 2489 2050 est,
2521 2000 2634 2050 quae
2672 1984 2783 2037 sola
2822 1982 3158 2053 intelligentia
3185 1984 3485 2056 percipitur,
3510 1999 3622 2049 qua:
3653 2000 3770 2036 cor—

2171 2092 2295 2149 pore
2326 2088 2488 2138 vacat,
2523 2092 2819 2148 corpoream
2842 2076 3005 2131 ullam
3031 2074 3355 2143 affectionem
3385 2077 3437 2129 in
3457 2093 3509 2129 se
3527 2076 3766 2148 exiipiat.

2181 2170 2337 2224 \‘ides
2357 2186 2515 2240 quam
2538 2171 2762 2239 praecise
2791 2169 3101 2241 Eutychetis
3126 2184 3279 2223 error
3301 2170 3624 2237 eXplicatur,
3640 2185 3772 2222 cou-

2175 2263 2479 2333 ligiturque,
2508 2262 2596 2330 qui
2619 2277 2837 2316 carnem
2862 2261 3059 2316 Christi
3081 2265 3129 2313 in
3150 2261 3488 2316 divinitatem
3513 2262 3771 2316 transisw

2175 2355 2495 2411 somniabat.
2532 2354 2668 2409 Nam
2697 2372 2798 2410 non
2827 2372 2977 2425 posse
2994 2356 3127 2425 ﬁeri.
3153 2364 3210 2409 ut
3239 2366 3447 2421 natura,
3474 2373 3588 2426 qua:
3613 2364 3772 2410 matc-

2172 2454 2268 2502 rt'a:
2291 2465 2468 2521 expers
2502 2459 2610 2514 est,
2648 2465 2760 2519 qua:
2798 2449 2910 2503 sola
2950 2450 3284 2522 intelligentia
3324 2452 3623 2522 percipitur,
3654 2467 3773 2520 qua:

2175 2560 2385 2611 corpore
2405 2558 2570 2608 vacat,
2602 2561 2896 2614 corpoream
2929 2544 3088 2597 ullam
3116 2541 3441 2610 affectionem
3467 2546 3520 2598 in
3545 2562 3599 2599 sc
3627 2546 3739 2621 caici
3754 2574 3772 2585 -

2175 2636 2301 2707 piat.
2324 2636 2385 2689 Et
2404 2636 2531 2689 illud
2550 2637 2789 2706 ejusdem
2807 2635 3121 2707 Eutychetis
3137 2676 3153 2701 ,
3176 2654 3194 2687 ι
3218 2636 3513 2700 Christum,
3533 2647 3586 2690 ut
3604 2637 3773 2690 Deum

2178 2728 2345 2783 fuisse
2374 2745 2610 2797 passum,
2627 2750 2645 2783 ι
2667 2730 3005 2798 apertissime
3021 2730 3302 2785 refellitur.
3324 2730 3502 2801 Neque
3524 2731 3777 2785 divisione

2176 2821 2488 2883 substantiw,
2521 2839 2681 2891 neque
2709 2821 3008 2889 defectione,
3044 2839 3202 2890 neque
3228 2826 3510 2877 mutatione
3534 2822 3777 2877 Paterna:

2178 2913 2407 2966 essentia:
2427 2922 2474 2966 et
2502 2913 2764 2983 facultatis
2789 2931 2935 2985 posse
2961 2924 3212 2969 constare.
3249 2916 3432 2985 Itaque
3456 2917 3675 2969 verbum
3706 2915 3777 2969 il-

2179 3004 2267 3058 lud
2298 3004 2731 3077 consubstantiale
2762 3005 3110 3074 eXpIicando.
3142 3008 3284 3077 quod
3325 3009 3393 3063 tle
3426 3010 3538 3062 sola
3577 3007 3780 3063 divini-

2182 3109 2291 3153 tate
2320 3098 2538 3160 Christi,
2563 3100 2651 3169 qui
2684 3099 2931 3155 eamdem
2959 3115 3082 3155 cum
3123 3101 3281 3156 Patre
3323 3101 3483 3155 habet
3527 3102 3778 3155 substan-

478 3190 570 3247 bct
592 3192 651 3247 S.
683 3189 968 3247 Athanasii
1003 3201 1207 3246 textum
1241 3210 1342 3261 quo
1371 3192 1683 3263 Eutychetis
1713 3199 1838 3245 ante
1860 3201 2076 3261 svptua—
2101 3193 2146 3256 C
2182 3193 2310 3245 tiam
2365 3193 2588 3263 intelligi
2641 3193 2858 3253 debeat,
2900 3196 3242 3262 apertissime
3289 3193 3409 3247 dua:
3462 3195 3514 3248 in
3560 3193 3781 3248 Christo

479 3284 624 3356 ginta
654 3285 765 3340 fere
792 3301 964 3340 annos
994 3289 1062 3339 ita
1092 3287 1320 3356 prmeise
1351 3285 1623 3355 redarguit
1654 3291 1898 3339 extortum
1929 3296 2079 3338 erro-

480 3394 595 3434 rem
624 3421 639 3443 ,
686 3388 743 3433 ut
789 3378 938 3431 illum
983 3393 1095 3449 pra:
1138 3380 1307 3433 oculis
1359 3378 1607 3432 habuisse
1644 3376 1909 3430 videatur.
1952 3373 2079 3429 Ηωε

481 3472 688 3541 quando
718 3470 1050 3542 prodierunt?
1082 3468 1193 3522 lmo
1235 3472 1346 3541 quis
1384 3474 1615 3543 infernus
1655 3470 1752 3522 ista
1794 3469 2082 3524 eructavit?

488 3565 555 3619 Ut
579 3566 1012 3619 consubstantiale
1042 3564 1175 3618 dicat
1214 3581 1399 3634 corpus
1431 3579 1492 3618 ea:
1522 3561 1690 3616 Maria
1715 3562 1941 3635 genitum
1969 3579 2083 3616 cum

491 3656 644 3712 Verbi
670 3655 969 3722 divinitate,
1010 3667 1099 3709 aut
1141 3655 1364 3710 Verbum
1393 3655 1447 3708 in
1477 3669 1652 3719 carne,
1681 3664 1726 3708 et
1754 3672 1886 3719 ossa,
1915 3663 1960 3707 et
1996 3671 2080 3708 εο-

481 3762 609 3813 stas,
639 3759 685 3803 et
712 3766 913 3813 nervos,
946 3758 991 3802 et
1022 3763 1230 3819 prorsus
1256 3749 1311 3801 in
1338 3763 1523 3817 corpus
1551 3762 1658 3799 esse
1683 3752 2077 3810 commutatum,

484 3855 530 3899 et
554 3862 584 3897 a
605 3858 698 3898 sua
719 3850 901 3896 natura
931 3841 1294 3913 degenerasse?
1322 3840 1447 3906 Quis
1466 3839 1566 3893 ista
1581 3840 1635 3892 in
1655 3835 1913 3901 Ecclesia,
1932 3847 2019 3891 aut
2051 3853 2084 3890 a

486 3934 792 3989 Christianis
819 3933 1051 3987 audivit?
1080 3929 1315 3987 Fictione
1343 3948 1440 3985 non
1468 3947 1643 3986 revera
1670 3929 1834 3984 Deum
1861 3929 2084 3983 Verbum

485 4045 672 4101 corpus
712 4043 817 4081 esse
853 4025 1083 4097 factum?
1122 4024 1223 4078 Aut
1272 4025 1383 4093 quis
1425 4026 1495 4077 ita
1534 4023 1720 4093 impius
1759 4023 1879 4092 fuit,
1911 4032 1965 4075 ut
2009 4023 2085 4077 vel

486 4123 650 4178 verbis
694 4121 913 4188 diceret,
943 4119 1020 4175 vel
1059 4121 1229 4173 animo
1276 4118 1555 4189 cogitaret,
1601 4118 1768 4186 ipsum
1810 4115 2082 4179 Deitatem,

486 4233 586 4287 qua
618 4213 791 4270 Patris
832 4225 903 4270 est
940 4211 1412 4277 consubstantialis,
1442 4211 1602 4282 fuisse
1630 4208 2002 4271 circumcisam,
2039 4217 2087 4263 et

487 4325 551 4364 ex
579 4308 802 4380 perfecta
846 4307 1100 4362 redditam
1147 4303 1536 4374 imperfectam?
1585 4303 1651 4358 Et
1698 4303 1834 4358 illud
1874 4320 2084 4376 corpus,

486 4401 624 4473 quod
646 4403 696 4454 in
713 4416 861 4454 cruce
885 4398 1122 4472 pependit
1146 4415 1245 4452 non
1273 4414 1456 4471 corpus
1480 4398 1781 4462 humanum,
1807 4396 1896 4451 sed
1922 4398 2088 4469 ipsam

487 4508 597 4547 esse
648 4491 883 4564 Opiﬁcem
936 4490 1255 4562 Sapientiam
1304 4489 1444 4563 (Ep.
1495 4489 1563 4543 ad
1614 4486 1788 4562 Epict.
1847 4486 2083 4543 Corinth.

491 4584 693 4657 Epis.).
728 4584 863 4649 Quid
896 4568 1211 4654 expressius
1241 4582 1428 4639 haberi
1455 4592 1625 4651 potest
1671 4581 1736 4634 ad
1779 4580 2091 4651 improban-

489 4678 612 4733 dam
668 4677 985 4749 Eutychetis
1032 4675 1315 4739 haeresim,
1358 4688 1464 4744 qua
1500 4672 1730 4729 docebat
1776 4674 1829 4727 in
1876 4674 2092 4729 Christo

492 4787 652 4825 unam
684 4779 889 4824 tantum
916 4783 1042 4825 esse
1070 4778 1338 4831 naturam,
1368 4782 1472 4819 non
1496 4764 1655 4830 duas,
1678 4765 1913 4820 divinam
1942 4768 2090 4822 scili-

491 4872 580 4918 cet
609 4873 663 4917 et
692 4864 1006 4925 humanam,
1034 4859 1127 4914 sed
1163 4860 1261 4913 has
1290 4857 1424 4912 duas
1456 4870 1676 4913 naturas
1721 4869 1839 4927 post
1886 4845 2093 4915 aduna-

496 4956 695 5010 tiouem
742 4953 996 5007 confusas
1035 4961 1090 5007 et
1117 4960 1553 5019 contemperatas
1584 4950 1794 5007 fuisse?
1837 4952 2091 5010 Attamen

497 5055 645 5101 tanto
674 5055 795 5115 post
828 5028 1191 5099 Athanasium
1213 5053 1459 5113 tempore
1486 5045 1757 5116 Eutyches
1798 5047 1911 5102 haec
1941 5064 2093 5103 sum-

497 5138 665 5195 niavit
694 5137 1072 5203 deliramenta,
1096 5152 1217 5209 quae
1249 5136 1389 5192 idem
1421 5137 1478 5194 S.
1509 5138 1699 5193 ductor
1725 5148 1873 5196 tanto
1901 5141 2099 5197 ardore

498 5232 745 5288 revincit.

570 5324 735 5382 Addit
770 5324 892 5381 huic
933 5324 1010 5381 rei
1047 5325 1202 5380 [idem
1237 5325 1287 5381 id
1319 5325 1458 5396 quod
1493 5327 1545 5382 in
1571 5325 1673 5382 hoc
1700 5326 1865 5384 verbo
1886 5327 2103 5382 consub-

496 5421 753 5477 stantialis
781 5420 1137 5489 explicando,
1179 5423 1230 5475 in
1274 5420 1393 5490 ipso
1420 5422 1655 5476 concilio
1694 5419 1913 5476 Nicaeno
1958 5436 2100 5476 anno

497 5513 603 5570 325
641 5515 917 5569 celebrato
942 5556 957 5580 ,
996 5513 1196 5568 factum
1224 5519 1307 5566 est
1344 5530 1357 5565 :
1391 5529 1584 5583 nempe
1616 5524 1673 5567 ut
1706 5512 2018 5585 Eutychetis
2047 5513 2099 5569 in

493 5609 658 5677 ipsius
690 5609 852 5666 Verbi
893 5608 1258 5679 explicatione
1301 5608 1651 5662 damnaretur
1698 5607 1952 5671 hmresis,
1983 5624 2102 5677 qua:

493 5708 608 5766 post
640 5700 745 5761 126
770 5717 949 5756 annos
982 5705 1035 5758 in
1081 5697 1513 5755 Chalcedonensi
1541 5698 1773 5756 Concilio
1805 5701 2101 5770 proscripta

482 5790 596 5859 fuit,
620 5795 773 5865 quod
799 5793 975 5861 ipsius
1002 5795 1372 5853 CwSNl‘ecnSis
1396 5793 1616 5855 Eusebii
1645 5794 1957 5855 leStiutuniu
1980 5810 2108 5866 pro-

2183 3298 2546 3355 agnoscuntur
2572 3294 2798 3350 naturae,
2828 3286 3007 3340 divina
3040 3286 3248 3343 scilicet
3269 3298 3325 3341 et
3356 3282 3612 3350 humana,
3641 3301 3780 3340 con-

2186 3388 2264 3433 tra
2314 3380 2531 3446 impium
2565 3379 2827 3452 Eutyehis
2873 3380 3097 3451 dogma,
3129 3382 3217 3451 qui
3250 3392 3367 3451 post
3396 3382 3780 3435 adunatiouetn

2185 3470 2399 3525 easdem
2423 3471 2822 3537 Conl'unucndo,
2846 3487 3007 3526 unum
3042 3482 3243 3526 tantum
3272 3472 3324 3526 in
3352 3470 3570 3526 Christo
3590 3470 3783 3525 confu-

2186 3577 2322 3627 sam,
2357 3573 2414 3617 et
2442 3564 2643 3629 divina,
2675 3575 2725 3618 et
2760 3564 3013 3628 humana,
3045 3573 3287 3619 naturam
3312 3563 3647 3619 admittebat.
3683 3564 3786 3617 Mi-

2188 3658 2333 3711 nime
2363 3657 2524 3727 igitur
2548 3674 2612 3712 ex
2644 3658 2818 3713 allatis
2846 3666 3036 3713 contra
3068 3658 3181 3712 Arii
3212 3674 3426 3713 errores
3456 3659 3515 3713 S.
3549 3658 3783 3713 Zenonis

2188 3750 2445 3805 doettinis
2504 3750 2685 3806 inferri
2745 3761 2961 3821 potest,
3018 3753 3187 3821 ipsum
3236 3750 3365 3807 Ario
3423 3753 3781 3821 posteriorem

2188 3843 2375 3899 fuisse.
2411 3845 2642 3900 Perinde
2669 3846 2935 3914 siquidem
2966 3857 3147 3910 esset,
3180 3861 3242 3899 ac
3287 3844 3657 3911 Athanasium,
3692 3844 3790 3899 M-

2188 3952 2506 4006 Ctl‘llumtllle
2541 3938 2825 3994 concilium
2868 3947 3191 4008 postponere
3219 3937 3454 3991 concilio
3485 3934 3790 3991 Chalcedo-

2190 4033 2367 4087 ncnsi.
2392 4033 2512 4088 Stat
2534 4032 2715 4103 itaque
2739 4033 2881 4102 quod
2914 4033 3246 4102 probandum
3272 4036 3633 4101 suscepimus.
3656 4034 3789 4089 Nul-

2190 4125 2304 4182 lum
2328 4135 2722 4195 argumentum,
2749 4125 2815 4179 ad
2838 4125 2935 4181 SS.
2962 4125 3178 4179 Patrum
3202 4136 3415 4182 mtatcm
3441 4126 3789 4190 ﬁrmandam.

2190 4218 2400 4274 desumi
2432 4234 2589 4288 posse
2630 4234 2695 4273 ex
2742 4218 3291 4297 ipsorum.doclrina,
3316 4234 3419 4290 qua
3452 4221 3788 4276 recentiores

2192 4311 2432 4367 hmrescs
2461 4312 2856 4368 convelluntur.

2196 4444 2224 4517 ᾗ
2251 4445 2394 4500 XXI.
2429 4445 2696 4500 Tractatus
2718 4444 2892 4509 Fidei.
2911 4462 3036 4517 quos
3059 4446 3120 4502 S.
3145 4444 3285 4503 Zeno
3312 4457 3669 4501 commemorat
3698 4448 3791 4502 lib.

2114 4586 2167 4646 Β
2265 4541 2451 4611 primo,
2487 4541 2736 4596 Sermone
2777 4541 2939 4610 primo
2960 4540 3024 4595 de
3055 4539 3209 4608 Fide,
3236 4541 3300 4597 de
3327 4543 3639 4607 Arianorum
3682 4548 3797 4613 for-

2270 4636 2419 4691 mulis
2441 4634 2761 4706 intelligendi
2783 4650 2883 4690 non
2912 4646 3049 4689 sunt.

2272 4772 2328 4826 In
2357 4786 2612 4826 sermone
2641 4771 2814 4839 primo
2844 4770 2910 4825 de
2938 4770 3069 4825 Fide
3096 4769 3161 4825 ad
3191 4769 3307 4824 hrcc
3331 4762 3493 4825 verba
3520 4770 3585 4825 D.
3618 4769 3804 4825 Zeno-

2198 4848 2281 4921 nis
2311 4884 2323 4920 :
2355 4866 2611 4935 Sequitur,
2640 4877 2692 4918 ut
2729 4867 2860 4919 scire
2896 4865 3162 4919 debeamus
3190 4874 3363 4918 utrum
3398 4874 3667 4919 tractatum
3696 4862 3801 4917 Fi-

2197 4958 2300 5022 dei,
2318 4955 2447 5022 an,F
2450 4958 2589 5011 idem
2610 4968 2858 5011 tractatus
2876 4956 3145 5011 debeamus
3156 4974 3259 5009 assr
3272 4972 3400 5021 rere,
3422 4955 3674 5010 adnatant
3698 4954 3803 5008 do-

2201 5049 2428 5103 ctisisimi
2453 5049 2723 5104 Ballerinii
2757 5048 2895 5104 :llic
2925 5050 2987 5103 S.
3016 5048 3155 5103 Zeno
3187 5065 3287 5102 non
3312 5048 3581 5103 Niceratum
3606 5059 3807 5102 tracta-

2202 5150 2305 5195 tum
2346 5141 2608 5214 intelligit,
2642 5140 2732 5195 sed
2775 5159 2881 5205 eos,
2908 5142 2994 5211 qui
3027 5150 3136 5210 post
3182 5138 3457 5193 Nica'num
3488 5139 3551 5193 ab
3590 5139 3808 5193 Arionis

2204 5233 2480 5308 conscripti
2527 5236 2757 5305 fuerunt,
2789 5251 2913 5305 quos
2950 5242 3063 5307 post
3109 5250 3275 5306 pauca
3318 5233 3506 5287 multos
3551 5242 3809 5287 tractatus

2204 5330 2460 5401 appellat,
2493 5338 2762 5400 propterea
2790 5326 2943 5398 'quod
2987 5340 3095 5379 tum
3142 5327 3194 5378 in
3235 5323 3664 5394 pseudosynodis,
3694 5336 3807 5377 tum

2208 5422 2360 5475 etiam
2388 5442 2418 5477 a
2449 5422 2709 5477 nonnullis
2752 5418 3005 5495 episcOpis
3050 5418 3321 5485 separatim
3369 5414 3492 5470 editi
3526 5418 3686 5487 fuere.
3722 5414 3811 5469 lla

2205 5525 2259 5570 et
2305 5515 2650 5570 adnotatione
2684 5515 2768 5575 15,
2803 5512 2892 5575 l6,
2922 5513 3014 5566 29.
3038 5512 3128 5574 52,
3158 5508 3498 5580 potissimum
3530 5522 3663 5561 vero
3706 5506 3809 5559 ad-

2208 5616 2320 5661 not.
2354 5607 2445 5672 55,
2490 5605 2609 5671 hos,
2642 5620 2777 5675 quos
2819 5598 2875 5662 S.
2917 5590 3064 5657 Zeno
3108 5610 3495 5655 commemorat
3545 5607 3814 5654 tractatus

2207 5696 2466 5754 formulas
2495 5712 2618 5753 esse
2649 5697 2830 5751 volunt
2857 5699 2999 5751 circa
3033 5694 3193 5749 lidetu
3224 5693 3290 5746 ab
3324 5691 3536 5746 Atiauis
3564 5692 3822 5746 conscri-

2215 5803 2334 5865 ptas
2354 5832 2370 5864 ,
2404 5807 2508 5865 qua
2531 5790 2913 5848 observatione
2942 5785 3252 5847 conﬁrmari
3281 5792 3471 5859 putant
3498 5801 3512 5838 :
3541 5781 3719 5841 Hasce
3744 5784 3817 5841 S.
