4198 6160
321 234 344 281 (
355 233 426 288 69
1778 224 2291 284 IHSSEHTATIO.
3587 232 3689 289 L70

321 345 547 401 Zenonis
576 345 872 407 sententias,
900 362 1010 398 cum
1035 343 1113 398 his
1141 340 1455 415 temporibus
1487 342 1795 415 (vulgata:
1826 342 1993 396 scili—
2020 350 2070 407 Α
2100 344 2317 401 similes
2360 347 2583 418 reperiri
2630 351 2941 418 sententias,
2988 366 3124 423 quas
3171 353 3261 408 hic
3300 351 3550 409 conferre
3583 360 3690 408 non

319 452 413 496 Cet
446 439 771 493 Arianorum
796 437 1046 509 haeresis)
1069 437 1277 490 historia
1302 436 1458 506 probe
1477 449 1823 505 congruere,
1846 433 1995 487 adeo
2104 436 2302 505 pigeat.

321 545 378 589 ut
403 533 539 587 nihil
566 531 735 586 simile
753 531 1097 602 superioribus
1125 530 1343 594 steculis,
1365 526 1551 597 quibus
1571 527 1753 580 illum
1781 525 1997 581 vixisse
2175 527 2555 586 Tertullianns.
2620 531 2697 587 Ea
2747 544 2844 599 est,
2899 535 3090 604 inquit,
3142 536 3356 591 materia
3406 534 3691 602 Sapientia:

322 626 567 682 nonnulli
593 625 915 688 existimant,
940 623 1113 692 a/ferri
1142 632 1310 690 queat,
1335 622 1418 676 cui
1448 622 1555 675 illa:
1585 634 1877 691 pera'que
1912 637 1999 674 re-
2099 621 2369 675 stecularis
2393 626 2659 678 temeraria
2703 627 2951 696 interpres
2978 626 3180 682 Divina:
3209 626 3450 688 Naturae,
3502 633 3549 678 et
3594 624 3687 679 Di-

319 718 637 790 spondeant.
682 715 760 770 Ita
787 725 842 771 et
876 732 993 786 cap.
1026 719 1048 772 l
1076 715 1476 771 Dissertationis
1504 708 1792 766 set-unda:
1826 709 1998 766 affir-
2097 715 2416 783 spositiauis,
2445 718 2637 787 quibus
2668 719 3005 775 Valentinum
3036 724 3214 789 carpit
3246 721 3480 775 subdens
3508 734 3520 772 τ
3550 717 3686 773 Inde

322 822 480 866 munt
528 810 750 880 pariter.
802 808 965 863 Erant
993 810 1180 880 quippe
1204 810 1374 879 plures
1396 803 1548 858 Fidei
1570 798 1850 872 formula:
1878 812 1995 858 tum
2094 823 2273 875 conas,
2302 820 2350 865 et
2373 814 2548 882 [omne
2587 814 2754 868 nescio
2799 827 2930 886 quae,
2962 822 3008 868 et
3051 817 3257 869 trinitas
3303 812 3520 867 hominis
3542 812 3681 883 apud

322 906 485 959 variis
506 904 827 958 Arianorum
849 913 893 957 et
919 901 1354 960 Sentiarianorum
1389 896 1597 971 synodis
1639 890 1850 957 editae,
1878 904 1991 951 tum
2100 900 2450 961 Valentinum,

321 1013 444 1069 qua:
483 1016 518 1051 a
553 996 868 1067 quibusdam
898 996 1150 1069 episcopis
1184 997 1239 1050 iu
1285 1010 1392 1049 sua:
1417 1005 1563 1047 secta:
1592 988 1986 1060 defensionem
2159 996 2217 1053 S.
2248 998 2391 1054 Zeno
2420 999 2615 1071 (Serm.
2645 1000 2807 1071 prwd.
2842 1019 2893 1058 η.
2928 1001 2986 1073 5)
3013 1016 3026 1055 :
3060 1002 3158 1057 Sin
3184 1010 3303 1055 vero
3345 994 3481 1069 quod
3512 995 3676 1067 magis

325 1087 829 1161 prontulgabunlur.
887 1086 984 1141 Ha:
1026 1088 1198 1157 itaque
1229 1087 1349 1141 sunt
1401 1104 1419 1137 α
1448 1086 1527 1139 Illi
1561 1080 1733 1138 multi
1771 1086 1981 1142 tracta.
2082 1098 2182 1155 εει,
2212 1092 2305 1145 sub
2335 1108 2460 1147 sono
2488 1095 2636 1163 1395,,
2666 1112 2726 1148 ac
2760 1091 2915 1148 Fides
2943 1094 3208 1148 ειεεηιηνξε
3253 1106 3427 1146 "more
3462 1095 3675 1164 μετρη-

335 1203 355 1236 α
398 1194 510 1244 ιιιεο
548 1183 738 1237 "Illum
768 1180 947 1246 Fides.
992 1192 1047 1235 Cl
1090 1181 1307 1251 quidem
1362 1179 1611 1244 ιιονθὶιεῡ,
1644 1186 1706 1233 et
1746 1173 1865 1234 litis
1899 1181 1976 1237 la-
2078 1184 2168 1238 tite
2192 1202 2437 1242 accensus
2466 1191 2721 1243 nascentis
2754 1189 2848 1243 Dei
2895 1187 2959 1242 de
2996 1187 3102 1240 Deo
3136 1186 3458 1257 f'piritusque
3495 1184 3674 1240 Sancti

332 1297 351 1330 ι
391 1279 548 1342 bore,
583 1284 639 1330 et
684 1275 873 1329 favore
913 1276 1128 1328 nutrita:
1170 1292 1188 1327 ι
1231 1292 1360 1345 quas
1393 1273 1454 1331 S.
1480 1273 1619 1329 Zeno
1646 1289 1970 1332 cornmemo-
2072 1277 2506 1343 inwstimabilem,
2538 1280 3206 1352 ineomprehensibitemque
3234 1275 3531 1330 Divinitatts
3558 1292 3673 1345 per-

328 1379 439 1433 rat,
473 1378 632 1423 tract.
670 1384 709 1432 l,
743 1384 887 1421 num.
920 1370 970 1431 5,
1007 1368 1098 1422 lib.
1128 1371 1280 1436 print.
2070 1372 2374 1438 petuitatem
2408 1376 2531 1445 jure
2578 1375 2712 1445 ipso,
2756 1389 2856 1442 quo
2900 1387 2966 1426 ea:
2998 1384 3107 1423 sese
3149 1379 3244 1432 est,
3284 1370 3597 1441 argumentis
3624 1376 3671 1423 te

406 1461 563 1515 Nulla
599 1472 783 1515 tamen
832 1461 1087 1515 incumbit
1136 1464 1454 1528 necessitas,
1488 1464 1587 1518 ltos
1630 1470 1899 1519 tractatus
1929 1480 1960 1521 a
2032 1477 2273 1537 _cogere,
2326 1466 2643 1529 examinare,
2692 1464 2860 1521 metiri
2893 1480 2954 1516 ac
2984 1460 3273 1514 discernere
3295 1476 3445 1531 posse
3472 1473 3669 1530 pra'su—

328 1553 395 1611 D.
426 1554 656 1610 Zenone
682 1554 996 1608 enttntiatns
1037 1556 1105 1608 de
1133 1554 1379 1611 formulis
1404 1556 1727 1610 Arianorum
1754 1556 1960 1612 intelli-
2066 1557 2190 1608 tuis.
2226 1554 2322 1611 illa
2350 1556 2551 1612 ctenim
2587 1560 2749 1614 verba
2782 1555 3046 1613 stet-utaris
3069 1566 3242 1607 amore
3275 1555 3541 1627 juctnntia:
3582 1566 3669 1606 ac-

323 1665 494 1720 gere;
529 1647 676 1719 quod
703 1654 763 1700 ut
791 1648 1133 1702 manifestum
1162 1651 1250 1712 sit,
1277 1647 1822 1703 animadvertendum
1850 1658 1955 1717 est,
2065 1662 2249 1700 census
2297 1652 2611 1721 argumentis
2653 1660 2702 1705 te
2747 1664 2949 1720 cogere.
2997 1647 3325 1710 examinare,
3371 1644 3560 1711 ntetiri,
3608 1659 3670 1697 ac

327 1743 548 1799 erudite
575 1740 829 1812 quamvis
856 1740 1015 1794 iidem
1043 1740 1316 1796 Ballerinii
1341 1741 1627 1803 adnotent,
1657 1738 1958 1809 Expositio-
1988 1748 2037 1813 Β
2065 1738 2327 1795 discutere
2395 1744 2790 1814 philosophiam
2851 1740 3146 1796 Gentilium
3193 1737 3562 1809 reprehendit,
3613 1747 3669 1793 ut

330 1853 424 1889 nes
458 1832 634 1899 Fidei,
664 1850 756 1886 seu
785 1830 1044 1903 formulas
1071 1831 1221 1888 Fidei
1253 1836 1317 1888 ab
1349 1834 1607 1905 episcoln’s
1649 1834 1704 1887 in
1734 1835 1955 1889 concilio
2066 1829 2460 1893 Tertullianus.
2505 1838 2587 1892 Ea
2611 1848 2687 1893 est
2738 1837 2955 1890 materia
2996 1835 3259 1904 sapientia:
3302 1833 3568 1889 secuturis
3591 1842 3667 1887 πει

332 1927 684 1982 tractantibus
704 1926 897 1991 editas,
923 1935 1167 1979 tractatus
1190 1924 1365 1989 Fidei,
1383 1943 1473 1979 seu
1495 1926 1650 1979 etiam
1663 1926 1834 1979 solum
1851 1935 1957 1978 tra-

331 2031 505 2076 ctatus
533 2018 795 2089 appellari
835 2016 1015 2071 solere.
1050 2015 1301 2072 Attamen
1333 2027 1596 2073 trantatus
1623 2032 1822 2070 nomen
1871 2016 1956 2071 his

329 2114 607 2179 formulis,
639 2127 732 2165 seu
762 2111 1198 2181 expositionibus
1228 2112 1381 2166 Fidei
1412 2130 1517 2164 non
1561 2111 1633 2165 ita
1663 2125 1785 2166 esse
1831 2127 1957 2178 pru-

328 2210 532 2279 priut'n,
567 2216 624 2260 ut
669 2205 832 2259 aliam
881 2205 1125 2274 quamvis
1163 2200 1540 2260 tractationem
1582 2215 1733 2259 extra
1768 2204 1956 2260 conri-

330 2303 466 2355 liunt
514 2299 752 2353 habitam
803 2295 1110 2365 signiﬁcare
1138 2314 1242 2352 non
1280 2299 1482 2365 possit;
1517 2310 1712 2366 nempe
1738 2305 1788 2349 et
1819 2310 1953 2350 con-

329 2394 547 2449 cienent
570 2389 636 2443 ad
663 2389 923 2458 populum
949 2387 1269 2453 habitam,et
1293 2388 1664 2457 apologcticos
1690 2394 1953 2443 tractatus

333 2501 437 2558 pro
462 2483 615 2551 Fide,
649 2494 741 2538 aut
767 2491 993 2545 contra;
1036 2478 1135 2533 hoc
1166 2480 1355 2534 iisdem
1389 2479 1445 2535 S.
1476 2478 1713 2533 Zenonis
1742 2492 1953 2532 sermn-

336 2582 500 2638 nibns
520 2579 936 2648 comprobatur,
966 2575 1056 2644 qui
1078 2590 1265 2631 omnes
1289 2581 1550 2629 tractatus
1576 2573 1732 2626 titulo
1758 2572 1954 2625 inscri-

336 2677 576 2738 buntur;
624 2688 795 2743 quare
836 2680 893 2723 ut
940 2668 1100 2723 iidem
1142 2675 1363 2722 monent
1405 2665 1627 2719 inferius
1658 2664 1952 2719 clarissimi

336 2771 446 2827 viri
475 2769 533 2825 S.
560 2768 706 2823 Zeno
736 2770 999 2819 tractatus
1022 2762 1257 2826 nomine,
1274 2776 1375 2814 non
1395 2757 1653 2830 simplices
1668 2754 1822 2811 Fidei
1846 2759 1955 2827 [or-

340 2867 545 2929 ntulas,
578 2863 668 2918 sed
699 2860 921 2931 fusiores
947 2858 1285 2926 expositiones
1316 2851 1490 2915 Fidei,
1516 2851 1569 2904 in
1597 2850 1777 2920 quibus
1805 2866 1955 2904 suam

336 2961 558 3039 quisque
616 2955 774 3011 Fidei
828 2952 1131 3008 sententiam
1174 2949 1489 3022 argumentis
1548 2956 1599 3000 et
1640 2945 1956 2999 rationibus—

338 3028 612 3109 adstruere
634 3049 940 3112 conabatur,
989 3055 1043 3099 ut
1087 3061 1151 3100 ea:
1187 3052 1428 3099 contextu
1471 3028 1797 3112 explot’atum
1843 3051 1951 3106 est,

2062 1928 2293 1981 oneraria
2330 1929 2582 2001 interpres
2633 1930 2838 1984 Divina
2874 1934 3092 1981 ηηιηνίε.
3138 1927 3267 1982 Aliis
3307 1932 3435 1981 vero
3473 1926 3529 1983 S.
3556 1923 3670 1980 Ze-

2064 2018 2228 2072 nonis
2254 2037 2267 2073 :
2298 2021 2575 2080 Nascentis
2603 2023 2697 2076 Dei
2727 2018 2793 2072 de
2807 2017 2915 2071 Deo
2945 2018 3270 2089 Spiritusque
3301 2019 3666 2085 Sancti,'etc.,

2066 2110 2437 2172 Valentiniani
2487 2114 2810 2184 reprehensi
2839 2114 3111 2180 videntur,
3144 2108 3247 2185 Qui
3284 2114 3507 2184 turpiter
3534 2112 3671 2167 adeo

2061 2205 2208 2259 circa
2242 2207 2335 2261 Dei
2370 2209 2567 2277 (verbo
2594 2207 2665 2258 sit
2690 2205 2868 2274 venia)
2909 2207 3164 2276 originem
3208 2206 3321 2261 suis
3352 2205 3407 2259 in
3439 2204 3670 2258 eonilnts

2060 2298 2391 2355 delirarunt.
2427 2302 2564 2355 Nam
2594 2307 2649 2350 et
2684 2297 2737 2350 in
2770 2297 2870 2353 line
2898 2302 3162 2355 sermonis
3193 2297 3435 2369 Apostoli
3464 2305 3670 2351 textum

2062 2391 2127 2445 D.
2160 2393 2312 2446 Pauli
2355 2393 2576 2461 allegat
2601 2397 2784 2443 noster
2811 2402 3013 2459 auctor,
3052 2410 3157 2466 quo
3188 2392 3572 2462 Gencalogias,
3614 2398 3671 2445 et

2057 2481 2273 2539 fabulas
2302 2484 2489 2551 carpit
2520 2481 2582 2534 S.
2617 2480 2920 2549 Apostolus.

2129 2575 2522 2631 Tertttlliantts
2557 2574 2618 2646 (.l.
2661 2592 2708 2629 c.
2734 2580 3170 2652 c.10).Catterum
3215 2582 3258 2636 si
3287 2581 3429 2652 quia,
3475 2587 3522 2633 et
3566 2577 3671 2631 alia

2055 2681 2199 2725 tanta
2225 2678 2290 2725 ab
2320 2669 2449 2725 aliis
2508 2680 2638 2724 sunt
2668 2672 2923 2743 instituta,
2955 2685 3217 2750 propterea
3244 2677 3297 2730 in
3337 2681 3535 2729 tantum
3566 2684 3676 2724 cre-

2057 2761 2178 2816 άθνε
2198 2762 2475 2825 debemus,
2514 2760 2577 2816 in
2604 2775 3149 2842 quantum‘possumus
3188 2766 3435 2833 invenire,
3479 2778 3678 2834 semper

2057 2872 2366 2925 queremus,
2429 2864 2481 2907 ει
2544 2874 2806 2933 nunquam
2858 2866 3059 2918 omnino
3108 2862 3385 2918 credemus.
3441 2858 3539 2916 Ubi
3586 2858 3678 2914 erit

2061 2950 2182 3017 linis
2209 2947 2491 3017 quaerendi
2511 2951 2540 3003 ?
2574 2953 2673 3010 Ubi
2696 2959 2849 3014 statio
2880 2958 3159 3013 credendi?

2134 3042 2194 3097 S.
2226 3042 2407 3098 Zeno:
2446 3042 2623 3103 Video
2649 3064 2913 3121 prmterea,
2942 3054 3074 3106 sicut
3105 3051 3425 3106 adsertorum
3450 3048 3681 3104 indicant

342 3147 583 3215 accepit.
619 3144 728 3199 Hoc
761 3157 927 3197 sensu
958 3147 1014 3194 et
1055 3138 1423 3193 Tertullinnns
1458 3133 1958 3189 Valentinianomm
1989 3139 2033 3201 ρ
2069 3135 2281 3188 nomina
2328 3133 2468 3206 (qua:
2522 3140 2568 3191 si
2623 3146 2833 3215 auferas
2882 3145 3026 3199 nulla
3077 3144 3313 3217 fortassis
3363 3154 3434 3199 εει
3484 3142 3679 3215 pugna)

342 3249 404 3293 et
443 3237 881 3292 Mttrclttttilat‘ltltt
907 3273 921 3299 ,
969 3233 1303 3303 aliorumque
1337 3227 1716 3283 haereticorum
1771 3237 1963 3281 contra

344 3329 545 3387 Fidem
578 3327 977 3397 disputationes
1004 3333 1308 3378 retractatos
1336 3320 1591 3390 appellat.
1616 3314 1828 3370 Ewdem
1847 3334 1964 3371 ma-

347 3425 500 3479 teria:
530 3421 670 3490 apud
702 3420 968 3474 luereticos
1008 3425 1058 3470 et
1102 3413 1435 3488 philosophos
1479 3412 1798 3475 volutantur,
1829 3410 1967 3465 idem

348 3526 663 3573 retractatus
690 3514 1044 3584 implicantur.
1096 3510 1327 3566 Prtecise
1354 3509 1517 3563 etiam
1551 3515 1799 3559 tractatus
1840 3506 1971 3561 dicit

349 3613 427 3667 de
460 3608 731 3662 ltzl‘l’eilCiS
762 3608 987 3676 loquens
1014 3620 1025 3656 :
1050 3603 1155 3658 Sed
1185 3619 1299 3657 cum
1319 3597 1611 3669 decipiendi
1638 3598 1806 3669 gratia
1832 3612 1969 3667 pra:-

351 3708 610 3773 tcndunt,
641 3723 695 3759 se
723 3705 894 3757 adhuc
934 3714 1192 3771 qntcrere,
1224 3708 1277 3752 ut
1312 3696 1455 3750 nobis
1486 3709 1577 3759 per
1604 3692 1973 3747 sollicitudinis

351 3803 689 3873 injectionem
710 3806 957 3855 tractatus
980 3810 1100 3848 suos
1129 3793 1405 3847 insinuent.
1437 3788 1552 3843 Non
1605 3794 1814 3839 tantum
1844 3800 1973 3839 vero

356 3899 479 3964 agit
536 3892 904 3949 Tertullianus
961 3888 1026 3943 de
1088 3887 1463 3942 haereticorum
1518 3880 1973 3949 disputationibus

356 3991 512 4047 circa
549 3984 752 4051 Fidem,
781 3982 876 4038 sed
898 3991 953 4035 et
976 3979 1400 4035 Catltnlicorum.
1437 3973 1597 4029 Venio
1627 3972 1797 4039 itaque
1821 3971 1888 4025 ad
1908 3971 1977 4025 il-

360 4084 478 4137 lum
505 4077 805 4143 articulum,
834 4088 987 4146 quem
1008 4082 1052 4126 et
1076 4070 1239 4125 nostri
1260 4066 1586 4141 praetendunt
1609 4062 1676 4117 ad
1698 4064 1973 4118 ineundum

360 4172 759 4233 curiositatem,
811 4176 857 4221 et
906 4163 1131 4219 haeretici
1178 4159 1437 4215 inculcant
1482 4157 1550 4212 ad
1597 4155 1977 4229 importandum

363 4262 846 4334 scrupulositatem.
1217 4313 1233 4338 ο

453 4358 684 4412 Sanctus
731 4366 946 4423 quoque
997 4349 1142 4404 Zeno
1181 4348 1233 4401 in
1284 4346 1388 4400 hoc
1433 4344 1699 4400 Sermone
1727 4340 1795 4395 de
1847 4339 1978 4396 Fide

370 4461 747 4519 quoscumque
798 4448 1078 4507 tractatus,
1124 4438 1319 4509 quibus
1358 4438 1425 4491 de
1472 4434 1604 4490 Fide
1634 4436 1810 4504 agitur
1864 4431 1978 4487 sive

369 4539 787 4598 Catholicorum
839 4536 954 4591 sive
1001 4532 1401 4595 hct-reticerem,
1450 4528 1670 4583 nomine
1720 4535 1978 4584 tractatus
2008 4534 2056 4595 υ
2089 4529 2211 4585 Non
2241 4530 2336 4584 erit
2362 4545 2452 4582 nec
2482 4528 2767 4599 proprium,
2816 4544 2906 4583 nec
2946 4528 3175 4599 ﬁrmant,
3219 4528 3359 4598 quod
3404 4529 3554 4584 ιιηιει
3583 4540 3688 4584 ειη..
3774 4538 3791 4545 -

368 4632 652 4702 intelligit,
686 4632 827 4701 quod
858 4646 923 4683 ex
968 4629 1136 4697 ipsius
1184 4625 1366 4681 verbis
1392 4624 1590 4696 percipi
1627 4631 1800 4693 potest
1842 4636 1981 4690 prte-

368 4733 542 4814 cipue
583 4743 729 4781 num.
763 4728 816 4779 ‘2.
854 4724 1150 4791 Disputatio
1196 4722 1327 4775 enim
1356 4721 1487 4774 sicut
1536 4718 1723 4774 excolit
1763 4715 1978 4787 Fidem,

370 4811 459 4880 uti
484 4824 529 4877 si
559 4832 753 4875 versuta
782 4820 846 4874 sit
876 4818 1106 4873 eradicat
1133 4812 1342 4879 Fidem,
1373 4814 1493 4885 quia
1540 4811 1698 4867 Fides
1746 4812 1978 4884 profecto

372 4931 489 4971 non
537 4923 631 4981 est,
685 4913 767 4966 ubi
813 4910 1064 4981 quwritur
1108 4904 1288 4969 Fides,
1332 4917 1386 4961 et
1452 4905 1673 4960 tuleritis
1722 4923 1733 4959 :
1786 4905 1980 4960 Multos

373 5008 552 5084 fuisse
584 5016 851 5071 tractatus,
885 5004 1070 5057 multas
1106 4998 1280 5068 Fides,
1322 5014 1367 5053 et
1395 4999 1598 5068 quidem
1641 5000 1889 5066 novellas,
1931 5007 1979 5052 et

374 5102 495 5159 litis
527 5100 713 5165 labore,
746 5116 806 5152 ac
837 5103 1012 5169 favore
1035 5094 1275 5148 nutritas.
1312 5093 1386 5148 De
1414 5091 1818 5146 Catltulicorutn
1852 5106 1981 5147 vero

380 5193 845 5265 disputationibus
892 5190 1035 5243 circa
1067 5188 1252 5243 Fidem
1296 5194 1412 5256 post
1439 5185 1682 5257 ejusdem
1712 5187 1981 5240 sermonis

379 5287 626 5346 medium
655 5285 820 5340 addit.
863 5281 968 5338 Sed
1001 5298 1100 5334 non
1137 5296 1194 5335 eo
1243 5278 1436 5342 dicam,
1490 5288 1543 5331 ut
1589 5278 1848 5348 ingratum
1898 5277 1980 5346 fa-

376 5384 522 5439 ciam
552 5379 797 5433 doctrina:
823 5376 1148 5443 beneﬁcium,
1191 5371 1278 5428 sed
1323 5381 1377 5427 ut
1423 5373 1552 5426 sciat
1606 5372 1975 5441 unusquisque,

375 5475 537 5535 aliud
582 5490 689 5530 esse
732 5470 936 5536 Finem,
985 5469 1129 5524 aliud
1169 5484 1277 5524 esse
1318 5475 1609 5528 tractatum,
1663 5480 1754 5521 nec
1788 5462 1978 5520 Fidem

380 5587 481 5642 per
510 5575 782 5623 tractatum
808 5581 955 5635 posse
980 5564 1058 5616 vel
1084 5561 1220 5627 dari,
1244 5550 1329 5616 ‘vel
1355 5563 1514 5627 nasci,
1546 5563 1622 5616 vel
1651 5560 1865 5615 destrui.

458 5665 592 5723 Illud
647 5672 858 5734 quoque
899 5660 1187 5715 notandum
1255 5666 1359 5724 est,
1418 5658 1722 5727 complures
1769 5665 1875 5711 tum
1921 5656 1975 5711 in

378 5759 746 5825 Tertulliano,
781 5771 941 5829 quam
982 5753 1034 5809 in
1063 5752 1165 5809 hoc
1197 5753 1257 5807 D.
1289 5750 1520 5808 Zenonis
1549 5750 1815 5807 Sermone
1844 5760 1976 5807 con-

2068 3231 2259 3283 multos
2290 3229 2453 3299 fuisse
2483 3239 2769 3306 tractatus,
2817 3240 3008 3293 multas
3045 3238 3194 3307 ﬁdes,
3244 3248 3289 3293 et
3336 3236 3541 3310 quidem
3589 3253 3683 3291 no-

2070 3321 2249 3387 vellas,
2305 3332 2352 3376 et
2403 3322 2513 3376 litis
2563 3327 2755 3394 labore,
2800 3348 2863 3384 sc
2904 3333 3087 3405 favore
3114 3333 3353 3399 nutritas,
3383 3347 3528 3401 quas,
3562 3333 3682 3401 quia

2072 3427 2191 3467 vera
2223 3415 2307 3467 vix
2334 3425 2499 3482 potest
2531 3417 2771 3486 inveniri,
2798 3423 2954 3477 credo
2984 3440 3050 3478 ne
3086 3425 3264 3496 pepuli
3295 3426 3511 3495 penuria
3534 3424 3682 3478 labo-

2076 3520 2253 3600 rarent
2300 3510 2502 3562 venales
2552 3526 2664 3566 esse
2710 3519 3024 3582 propositas.
3088 3516 3447 3571 Verumtamen
3496 3532 3560 3572 ea:
3606 3518 3687 3570 his

2077 3600 2311 3656 omnibus
2369 3602 2661 3671 eligendum
2710 3609 2836 3676 quid
2881 3610 2968 3673 sit,
3024 3624 3127 3664 non
3178 3618 3341 3679 potest
3381 3611 3543 3675 nasci,
3595 3621 3687 3666 aut

2078 3693 2463 3763 comprehendi,
2496 3697 2620 3762 quia
2648 3710 2751 3749 non
2779 3702 2878 3752 erit
2900 3716 2993 3754 nec
3022 3703 3312 3774 proprium,
3343 3716 3433 3756 nec
3456 3703 3684 3772 ﬁrmum,

2077 3784 2215 3857 quod
2248 3785 2394 3839 habet
2422 3793 2610 3840 statum
2637 3804 2838 3859 semper
2882 3793 3154 3858 incertum,
3184 3796 3373 3866 quippe
3394 3812 3509 3848 cum
3538 3799 3688 3849 unius

2078 3881 2259 3935 electio
2289 3880 2354 3933 sit
2399 3878 2615 3934 alterius
2647 3885 2962 3947 reprobatio.
3018 3886 3085 3940 Et
3132 3886 3450 3942 Tertulliani
3506 3888 3689 3956 itaque

2081 3980 2329 4044 tempore
2378 3973 2528 4027 multi
2572 3982 2729 4028 erant
2758 3974 2907 4030 Fidei
2937 3976 3261 4033 Trnetatus:
3303 3979 3366 4030 Et
3407 3979 3513 4033 alia
3543 3988 3687 4034 tanta

2078 4064 2140 4119 ab
2170 4066 2287 4120 aliis
2314 4074 2428 4118 sunt
2452 4066 2714 4131 instituta;
2741 4069 2938 4137 quibus
2967 4068 3206 4124 concinit
3233 4068 3291 4125 S.
3322 4069 3472 4125 Zeno
3496 4088 3510 4122 :
3546 4068 3688 4125 Mul-

2080 4167 2159 4212 tos
2190 4158 2351 4230 fuisse
2382 4166 2652 4223 tractatus,
2704 4159 2891 4213 multas
2936 4160 3065 4228 ﬁdes
3106 4170 3152 4213 et
3180 4160 3385 4232 quidem
3433 4162 3681 4216 novellas.

2058 4251 2321 4321 ‘Uterque
2349 4251 2515 4305 etiam
2543 4251 2951 4320 ambiguitatem
2967 4263 3239 4306 causatur.
3269 4253 3640 4310 Tertullianns
3667 4272 3680 4308 :

2084 4344 2297 4415 Semper
2324 4355 2628 4413 quterentus,
2662 4349 2707 4394 et
2736 4354 2995 4411 nunquam
3023 4344 3229 4397 omnino
3257 4344 3540 4399 credemus.
3585 4345 3687 4401 Ubi

2081 4439 2175 4492 erit
2218 4437 2337 4507 ﬁnis
2380 4434 2682 4506 quaerendi?
2728 4433 2828 4490 Ubi
2873 4438 3027 4489 statio
3073 4435 3355 4493 credendi?
3383 4440 3458 4493 θ.
3494 4437 3681 4494 Zeno:

2085 4634 2195 4677 tum
2241 4632 2443 4689 semper
2484 4624 2757 4689 incertum,
2805 4612 2996 4694 quippe
3039 4635 3155 4674 cum
3197 4626 3348 4677 unius
3389 4623 3588 4690 electio,
3622 4623 3687 4676 sit

2084 4716 2298 4770 alterius
2326 4714 2632 4785 reprobatto.

2157 4808 2526 4863 Tertullianns
2570 4811 2631 4878 (l.
2665 4820 2712 4861 ι.
2742 4823 2789 4861 c.
2825 4806 2955 4879 ll):
2988 4805 3055 4861 At
3086 4805 3216 4859 enim
3246 4806 3291 4859 si
3339 4806 3478 4877 quod
3527 4806 3685 4862 debui

2084 4903 2310 4968 credere,
2356 4902 2574 4969 credidi,
2624 4911 2672 4956 et
2716 4900 2861 4955 aliud
2909 4899 3080 4954 denuo
3127 4905 3252 4967 puto
3295 4900 3683 4969 requirendum,

2084 5013 2235 5077 spero
2276 4998 2470 5066 utique,
2509 5005 2555 5050 et
2596 4994 2740 5050 aliud
2781 5010 2888 5051 esse
2927 4989 3308 5057 inveniendum,
3356 4992 3500 5046 nullo
3529 4992 3684 5046 modo

2085 5098 2387 5163 speraturus
2437 5091 2597 5156 istud,
2630 5090 2729 5144 nisi
2757 5093 2898 5159 quia,
2950 5094 3043 5141 aut
3070 5100 3173 5139 non
3219 5083 3561 5148 credideram,
3595 5087 3685 5155 qui

2083 5186 2292 5242 videbar
2322 5186 2621 5240 credidisse.
2653 5182 2739 5238 Ita
2785 5179 2972 5236 Fidem
3011 5192 3175 5233 meum
3215 5176 3475 5241 deserens,
3523 5194 3686 5249 nega.

2085 5288 2164 5333 tor
2189 5279 2410 5331 invenio.
2444 5276 2614 5333 Semel
2641 5275 2884 5329 dixerim.
2918 5256 3082 5328 Nemo
3111 5266 3295 5335 credit,
3320 5269 3420 5323 nisi
3449 5268 3559 5337 qui,
3594 5278 3686 5323 aut

2086 5390 2188 5429 non
2216 5371 2415 5441 habuit,
2447 5381 2537 5427 aut
2569 5371 2814 5442 perdidit.

2159 5465 2556 5535 Pressius,pari
2586 5474 2769 5519 tamen
2800 5463 2875 5529 vi,
2907 5470 3129 5517 sanctus
3154 5455 3335 5511 Zeno:
3367 5451 3530 5507 Fides
3560 5466 3690 5515 pro-

2095 5564 2226 5630 fecto
2259 5574 2360 5613 non
2385 5569 2479 5624 est,
2511 5557 2598 5613 ubi
2623 5558 2869 5628 quaeritur
2895 5550 3075 5609 Fides.

2155 5652 2560 5711 Tertullianus:
2592 5654 2657 5708 At
2698 5664 2815 5708 cum
2843 5647 3031 5704 tenenti
3074 5642 3299 5713 quidem,
3346 5646 3406 5691 ut
3448 5632 3699 5705 credunt,
3744 5628 3749 5631 ’

2084 5748 2416 5825 qttterendunt
2462 5756 2628 5806 tamen
2698 5747 2900 5817 dicunt,
2948 5748 3001 5801 ut
3053 5734 3357 5813 demutant,
3413 5736 3710 5795 antequam
