4198 6160
515 260 614 316 671

518 377 820 448 defendant,
854 386 1063 449 negant,
1093 375 1228 445 quod
1250 374 1466 430 credunt
1512 391 1530 429 :

521 469 644 524 dum
672 468 954 524 credidisse
978 467 1102 520 dum
1127 476 1384 535 quarunt.

592 562 653 617 8.
704 560 890 615 Zeno:
922 557 1112 614 Edicat
1161 560 1286 612 mihi
1341 560 1625 630 perniciosa
1678 559 1778 613 ista
1825 558 2119 613 adinventia

521 663 766 710 tractatus
810 654 913 720 sui,
944 669 1047 725 quo
1090 653 1294 724 proﬁcit
1334 655 1549 724 pugna?
1604 652 1688 709 Ne
1728 655 1879 725 ﬁdes,
1931 654 2117 725 inquit,

518 750 755 812 intereat,
803 762 920 801 cum
966 748 1101 800 male
1146 756 1237 800 aut
1285 746 1528 812 creditur,
1564 758 1653 800 aut
1695 746 1924 801 docetur.
1969 747 2120 814 Quod

520 842 715 897 malum
757 851 834 897 est
859 843 957 896 ista
1003 842 1138 896 ratio
1185 857 1305 896 mox
1349 841 1653 897 videbimus.
1706 842 1945 897 Numero
1991 858 2122 897 vero

522 944 677 989 sexto
718 934 798 989 sic
824 932 1025 989 habet:
1061 933 1230 1003 Negat
1268 933 1491 1000 quadam
1514 933 1669 987 modo
1703 933 1864 988 Deum
1894 936 2121 1005 quisquis

522 1028 715 1082 adserit
757 1026 924 1083 Deum
970 1042 989 1080 :
1037 1026 1268 1097 defensio
1314 1026 1449 1080 enim
1481 1028 1692 1081 nonnisi
1718 1028 1960 1082 imbecilli
1990 1044 2123 1098 prw—

522 1129 709 1187 statnr,
744 1136 836 1175 nec
876 1130 1040 1187 potest
1083 1136 1195 1174 eum
1225 1120 1464 1179 revereri.
1509 1121 1597 1190 qui
1628 1121 1821 1192 ingenii
1849 1122 1930 1175 sui
1975 1131 2122 1192 putat

524 1229 655 1275 esse,
685 1212 823 1283 quod
853 1212 941 1266 ille
967 1212 1123 1283 fuerit
1146 1212 1452 1267 testimatus.

598 1304 1006 1360 Tertullianus:
1042 1303 1333 1359 Novissime
1393 1305 1634 1375 ignorare
1682 1306 1863 1360 melius
1915 1315 2011 1369 est,
2064 1322 2127 1360 ne

525 1397 662 1467 quod
709 1413 809 1452 non
836 1397 1042 1463 debeas,
1073 1399 1234 1462 naris,
1264 1399 1408 1469 quia,
1437 1398 1573 1462 quod
1611 1398 1816 1464 debeas,
1849 1400 2004 1452 uasti.
2038 1398 2128 1452 Fi-

527 1492 626 1546 des
670 1492 831 1561 inquit
870 1500 964 1545 tua
994 1498 1048 1545 te
1088 1491 1293 1545 salvum
1337 1490 1482 1545 fecit.
1520 1489 1643 1544 Non
1674 1490 1968 1567 exercitatio
1998 1491 2127 1544 scri-

526 1593 821 1655 pturarum.
856 1581 1021 1638 Fides
1041 1584 1095 1636 in
1125 1584 1303 1654 regula
1329 1583 1495 1655 posita
1520 1593 1614 1638 est.
1652 1582 1822 1636 Habes
1868 1581 2048 1652 legem,
2079 1593 2125 1635 et

526 1678 745 1732 salutem
772 1676 837 1730 de
863 1678 1212 1731 observatione
1235 1678 1396 1747 legis;
1423 1677 1723 1729 exercitatio
1750 1686 1920 1729 autem
1952 1675 2004 1727 in
2036 1691 2128 1727 cu-

1582 259 1670 315 DE
1710 257 1957 316 SANCTI
2002 257 2301 315 ZENONIS
2344 260 2613 316 EI‘OCHA

1577 376 1877 459 conﬁtentes
1906 391 1960 429 se
1987 392 2119 429 nan-
2146 381 2194 439 Α
2224 376 2402 429 uitatis
2461 374 2835 447 philosophicis
2898 375 3213 445 argumentis
3256 373 3533 429 exhaurire
3579 373 3831 427 conaris?

3712 256 3828 310 67?.

2225 472 2288 527 Si
2313 471 2548 541 peritiam
2576 472 2702 541 legis
2729 470 2995 525 ostendere
3021 471 3187 541 cupis,
3217 470 3489 523 lectionum
3518 468 3694 523 nubila
3723 468 3832 522 dis-

2221 582 2421 619 serena.
2470 562 2634 628 Doce,
2680 581 2790 617 eam
2837 564 2933 617 sibi
2977 581 3078 617 non
3127 579 3236 616 esse
3282 561 3594 615 contrariam
3639 576 3657 614 :
3700 560 3833 613 doce

2225 659 2418 722 omnia,
2450 672 2565 726 quae
2594 657 2750 721 canit,
2782 672 2894 709 esse
2920 654 3192 709 credenda.
3221 653 3471 707 (laterum
3501 652 3546 705 si
3570 655 3677 725 ejus
3702 666 3833 722 par-

2227 761 2326 804 tem
2348 748 2553 819 probes,
2582 748 2822 815 reprabes
2848 757 3066 816 partem,
3092 746 3345 815 quomodo
3370 761 3458 809 per
3479 742 3611 796 hanc
3637 738 3831 794 Fidem

2223 844 2432 914 quaeris,
2458 859 2609 912 quam
2636 843 2787 895 etiam
2810 842 2972 911 ipsam
2994 837 3320 908 inﬁdelitatis
3346 851 3486 890 ream
3512 835 3785 889 constituis
3803 835 3833 889 .’

2230 938 2392 993 Vides
2423 939 2507 993 hic
2533 939 2589 994 S.
2622 938 2893 991 Zenonem
2925 952 3019 990 eos
3060 950 3307 1005 carpere,
3356 934 3446 1002 qui
3476 931 3602 985 dolo
3631 929 3829 984 ﬁdeles

2227 1030 2523 1098 decipiunt.
2571 1029 2707 1095 Quia
2734 1045 2878 1099 quem
2911 1037 3061 1097 putas
3106 1026 3184 1080 vel
3224 1025 3288 1078 de
3331 1023 3433 1078 tuis
3462 1022 3586 1093 ipsis
3630 1022 3829 1077 studiis

2228 1123 2606 1193 ﬁdelissimum,
2641 1122 2725 1175 hic
2776 1121 3002 1188 inﬁdelis
3034 1131 3125 1173 est.
3179 1118 3287 1173 Hos
3315 1128 3370 1174 et
3408 1119 3582 1188 carpit
3608 1117 3665 1170 8.
3699 1115 3829 1171 Ire-

2229 1232 2404 1271 nmns:
2438 1214 2697 1280 Quoniam
2726 1214 2961 1268 nonnulli
2988 1213 3261 1282 repudiata
3285 1211 3515 1278 veritate,
3538 1227 3831 1275 sermones,

2228 1319 2279 1362 et
2326 1308 2649 1379 genealogias
2690 1309 2861 1361 varias
2891 1306 3161 1369 inducunt,
3193 1321 3255 1357 ac
3296 1320 3387 1372 per
3417 1303 3834 1376 probabilitatem

2229 1399 2446 1453 subdole
2485 1408 2870 1467 comparatam,
2918 1398 3169 1450 seducunt
3211 1405 3402 1449 mentes
3447 1397 3828 1465 imperitorum.

2228 1492 2590 1548 Commendat
2635 1489 2691 1546 8.
2724 1490 2872 1545 Zeno
2917 1506 3035 1556 eos,
3086 1490 3175 1559 qui
3217 1490 3267 1543 in
3297 1487 3631 1558 explicandis
3678 1487 3837 1542 Seri-

2234 1587 2407 1655 pturis
2451 1583 2851 1653 simplicitatem
2880 1593 3179 1645 sectantur,
3210 1590 3265 1635 et
3288 1590 3475 1634 contra
3507 1594 3602 1635 eos
3641 1595 3838 1649 repre-

2233 1678 2444 1744 hendit,
2486 1678 2576 1748 qui
2608 1678 2918 1745 Scripturas
2956 1673 3376 1742 corrumpendo,
3426 1672 3572 1727 Fidei
3605 1681 3835 1726 contra-

522 1771 763 1825 riosiiate
808 1772 1060 1836 consistit,
1110 1769 1299 1824 habens
1342 1772 1565 1843 gloriam
1590 1770 1778 1839 ,δοιαῒη
1824 1769 1888 1821 de
1932 1768 2129 1840 Ρενίιὲω
2158 1775 2207 1835 Β
2233 1775 2437 1830 dicunt.
2469 1773 2593 1828 Cum
2621 1775 2787 1844 magis
2814 1775 2879 1829 sit
2911 1774 2999 1827 ille
3026 1773 3216 1843 ﬁdelis,
3246 1771 3331 1841 qui
3363 1786 3512 1823 sacra
3537 1770 3589 1822 in
3629 1768 3832 1841 pracdi-

528 1861 723 1917 studia.
777 1861 934 1919 Cedat
981 1862 1255 1917 curiositas
1302 1862 1491 1925 Fidei;
1543 1861 1687 1915 cedat
1738 1861 1905 1932 gloria
1949 1861 2125 1914 saluti.

530 1953 677 2010 Certe
721 1964 810 2009 aut
860 1973 963 2009 non
1009 1956 1324 2026 obstrepant,
1355 1967 1442 2008 aut
1483 1956 1746 2024 quiescant
1776 1954 2020 2008 adversus
2050 1968 2129 2006 re-

530 2048 726 2117 gulam.
762 2045 917 2101 Nihil
946 2048 1083 2101 ultra
1109 2048 1262 2113 scire,
1294 2049 1466 2101 omnia
1487 2048 1620 2101 scire
1648 2056 1741 2102 est.

602 2142 658 2196 S.
691 2140 838 2196 Zeno
865 2158 879 2196 :
913 2138 1393 2211 Manifestissimuin
1422 2152 1569 2214 puta,
1618 2143 1770 2196 nimis
1814 2151 1984 2196 astuta
2010 2142 2133 2195 sim-

532 2236 717 2308 plicem
766 2234 1052 2301 meliorem,
1104 2235 1228 2305 quia
1276 2235 1497 2307 simplex
1538 2237 1774 2290 omnibus
1826 2233 1919 2288 Dei
1969 2236 2132 2290 verbis

531 2327 834 2400 simpliciter
860 2328 1061 2393 credit;
1093 2337 1291 2382 astutus
1332 2337 1501 2382 autem
1525 2329 1685 2382 nimia
1717 2330 1967 2401 sapientia
1996 2330 2133 2400 infa-

535 2431 735 2488 tuatus,
765 2420 1181 2489 iuquisitianibus
1207 2421 1353 2475 vanis
1382 2422 1707 2493 semetipsum
1737 2420 2029 2491 confundit.

605 2513 683 2567 En
705 2514 835 2581 quot
852 2512 1150 2568 unil'ormes
1180 2515 1466 2568 sententia:
1485 2512 1700 2568 diversa
1718 2512 1818 2569 sub
1841 2513 2018 2582 phrasi
2046 2513 2131 2566 in-

535 2606 862 2662 cluduntur:
898 2617 954 2661 et
971 2607 1105 2662 alias
1135 2607 1342 2662 similes
1373 2617 1561 2662 notare
1577 2607 1772 2677 cuique
1804 2607 1978 2661 liceat.
2005 2607 2131 2661 Mihi

534 2701 752 2757 interim
786 2716 1102 2771 persuasum
1135 2711 1240 2767 est,
1270 2701 1411 2770 quod
1445 2711 1499 2756 et
1520 2702 1639 2755 aliis
1668 2717 1981 2770 persuasum
2018 2700 2133 2757 fore

534 2792 769 2861 conﬁdo,
820 2811 885 2850 ex
922 2794 1006 2849 bis
1051 2794 1367 2850 "aetatibus
1395 2811 1490 2848 seu
1521 2794 1587 2848 de
1646 2794 1776 2849 Fide
1825 2795 2135 2863 disputatio-

535 2887 714 2953 nihus,
748 2887 894 2941 nullo
922 2896 1076 2957 pacto
1098 2887 1291 2958 conjici
1325 2902 1484 2957 posse
1516 2898 1758 2955 tempora
1791 2888 1939 2952 Ario,
1990 2887 2133 2955 ejus-

538 2995 643 3050 que
668 2981 912 3035 sectariis
943 2981 1267 3050 posteriora,
1296 2995 1417 3036 cum
1445 2988 1501 3034 et
1523 2980 1839 3035 Tertulliani
1888 2988 2045 3033 :ctate
2079 2978 2131 3031 hi

538 3074 715 3137 multi,
770 3083 823 3128 et
870 3073 1297 3139 Catholicorum,
1353 3081 1407 3127 et
1459 3072 1839 3128 litereticorum
1873 3080 2133 3126 tractatus

2237 1873 2434 1925 catioue
2481 1889 2582 1924 non
2611 1872 2765 1936 ultra,
2798 1887 2950 1937 quam
2980 1869 3175 1923 licitum
3217 1877 3291 1922 est
3328 1868 3487 1931 aciem
3518 1883 3626 1920 sua:
3664 1875 3837 1919 teten—

2236 1964 2367 2018 derit
2412 1964 2634 2018 mentis:
2690 1980 2748 2018 ea
2796 1963 2927 2017 enim
2978 1979 3057 2016 res
3130 1960 3349 2014 deducta
3401 1968 3507 2022 est,
3565 1968 3617 2012 ut
3665 1955 3839 2012 Fides

2235 2066 2410 2111 nostra
2441 2073 2533 2123 per
2581 2056 2674 2108 Dei
2721 2057 3012 2125 requiratur
3057 2054 3400 2126 injuriam....
3450 2048 3578 2104 Cum
3605 2051 3712 2104 hac
3759 2050 3841 2102 ita

2236 2149 2355 2214 sint,
2393 2165 2487 2202 cur
2518 2148 2678 2218 legem
2708 2149 2818 2218 lege
2845 2147 3151 2217 distringis?
3180 2143 3287 2199 Cur
3308 2144 3400 2198 sub
3429 2144 3651 2214 imagine
3678 2140 3840 2195 Fidei

2238 2238 2422 2294 Fidem
2452 2241 2668 2310 deponis
2685 2241 2775 2295 ?...
2809 2242 2853 2295 si
2905 2240 3141 2310 peritiam
3188 2238 3312 2309 legis
3357 2236 3617 2292 ostendere
3659 2235 3835 2307 cupis,

2237 2334 2510 2388 lectionum
2549 2333 2725 2387 nubila
2775 2334 3055 2387 disserena.
3083 2330 3225 2385 Doce
3272 2347 3387 2386 eam
3435 2330 3531 2384 sibi
3578 2346 3676 2383 non
3725 2345 3842 2382 esse

2235 2428 2639 2483 contrariam...
2676 2424 2927 2482 (Σιειει-ιιυι
2959 2428 3001 2481 si
3038 2430 3150 2500 ejus
3179 2436 3377 2498 partem
3406 2423 3606 2497 probes,
3648 2438 3839 2492 repra-

2238 2518 2322 2573 bes
2355 2531 2571 2587 partem,
2611 2521 2867 2589 quomoda
2894 2537 2984 2593 per
3032 2521 3162 2573 hanc
3193 2516 3381 2572 Fidem
3420 2518 3628 2586 quaeris,
3675 2532 3842 2587 quam

2238 2613 2391 2666 etiam
2440 2614 2607 2684 ipsam
2656 2613 2977 2683 inﬁdelitatis
3024 2628 3163 2665 ream
3212 2610 3515 2665 constituis?
3559 2608 3697 2677 Quid
3750 2617 3839 2663 est.

2236 2720 2481 2773 qua-rere
2506 2704 2689 2759 Fidem
2723 2721 2815 2774 per
2842 2705 2931 2758 Dei
2959 2704 3245 2772 injuriam;
3273 2704 3443 2774 legem
3468 2703 3584 2773 lege
3611 2700 3841 2769 distrin-

2236 2810 2399 2865 gere;
2443 2796 2544 2849 sub
2587 2796 2818 2866 imagine
2850 2795 2999 2851 Fidei
3031 2796 3305 2865 deponere
3351 2793 3575 2858 Fidem;
3624 2801 3842 2862 partem

2242 2889 2472 2957 probare
2500 2898 2555 2943 et
2604 2898 2809 2957 partem
2841 2890 2973 2957 legis
3006 2888 3335 2958 reprobare;
3382 2886 3565 2941 Fidem
3598 2883 3844 2938 inﬁdeli-

2242 2982 2368 3034 tatis
2416 2997 2562 3035 ream
2612 2983 2981 3037 constituere?
3028 2981 3129 3035 nisi
3176 2980 3445 3050 corruptis
3483 2977 3846 3047 adductisque

2238 3064 2839 3146 perperam‘Scripturte
2871 3075 3104 3131 testibus
3135 3077 3342 3130 veritati
3375 3072 3660 3128 Catholica:
3695 3086 3845 3126 con-

537 3174 941 3236 spargercnlur.
987 3174 1175 3221 contra
1202 3181 1337 3236 (νιος
1367 3166 1536 3220 millia
1582 3166 1720 3220 ade"
1749 3167 1865 3235 ipse
1893 3164 2132 3220 disserit
2164 3166 2211 3229 C
2245 3183 2327 3225 tra
2376 3173 2472 3224 ire.
2507 3170 2622 3226 Hoc
2654 3186 2757 3225 non
2811 3181 2957 3226 tanta
2980 3170 3197 3241 quidem
3230 3168 3496 3223 sermonis
3544 3166 3843 3233 elegantia,

534 3257 666 3324 Qua:
712 3272 841 3312 vero
895 3257 1071 3313 allata:
1117 3266 1242 3313 sunt
1283 3259 1586 3323 sententia),
1637 3258 1690 3313 in
1722 3273 1918 3327 genere
1946 3268 2131 3312 contra

537 3349 904 3404 curiositatem
934 3350 986 3404 in
1008 3349 1156 3406 Fidei
1188 3350 1349 3406 rebus
1379 3351 1673 3407 tractandis
1696 3350 1972 3420 quibu5\i5
1996 3362 2131 3405 tem-

537 3442 760 3511 poribus
802 3442 974 3511 aptari
1008 3453 1253 3513 possunt.

612 3533 684 3587 At
725 3549 823 3590 cur
871 3536 1246 3591 tantummodo
1273 3536 1342 3590 de
1372 3536 1708 3592 Tertulliauo
1753 3550 1931 3607 agam,
1982 3537 2134 3605 (μηδ-ἰ

540 3627 654 3694 ipse
685 3641 824 3682 unus
854 3625 923 3681 de
948 3628 1141 3683 eodem
1172 3627 1528 3697 disputaverit
1558 3631 1916 3699 argumento?
1949 3629 2135 3684 Nonne

540 3729 597 3776 et
647 3719 714 3776 de
743 3721 836 3776 illo
866 3723 1200 3793 antiquiores
1232 3722 1459 3778 secundi
1488 3724 1672 3779 saeculi
1706 3722 1894 3779 Patres
1941 3734 2137 3779 tractu-

540 3817 721 3870 tiones
770 3814 1047 3885 longiores
1093 3814 1466 3872 instituerunt?
1517 3817 1573 3873 S.
1624 3816 1857 3870 lremeus
1894 3827 2043 3871 certe
2070 3817 2137 3871 de

547 3909 646 3961 hac
676 3923 836 3962 causa
863 3908 1103 3979 quinque
1131 3923 1262 3963 suos
1294 3920 1481 3963 contra
1527 3908 1761 3964 haereses
1810 3908 1976 3962 libros
2004 3909 2138 3963 scri-

550 3999 723 4068 psisse
790 3998 1064 4069 prtelntur.
1117 3999 1377 4065 Quoniam
1427 4000 1524 4071 (ita
1585 3999 1843 4072 lrenmus)
1904 4002 2139 4054 nonnulli

543 4092 816 4165 repudiata
859 4093 1069 4147 ueritate
1113 4110 1388 4160 sermones,
1420 4104 1465 4148 et
1496 4094 1817 4166 genealogias
1859 4095 2027 4147 varias
2058 4096 2139 4147 iu—

543 4185 760 4251 ducunt,
811 4201 927 4257 qua:
972 4186 1175 4255 quidem
1206 4189 1508 4257 quaestiones
1536 4188 1727 4260 potius,
1762 4197 1815 4241 ut
1861 4186 2139 4259 Apostolus

541 4280 639 4346 ait,
684 4289 952 4352 prwstant,
995 4297 1149 4348 quam
1173 4282 1569 4353 aediﬁcationem
1602 4280 1718 4349 Dei,
1748 4297 1862 4353 qua:
1904 4283 1958 4335 in
2003 4278 2139 4335 Fide

544 4382 615 4425 est
646 4388 664 4426 :
689 4388 752 4425 ac
782 4388 872 4443 per
902 4372 1314 4445 probabilitatem
1343 4373 1559 4428 subdole
1596 4383 1947 4446 comparatam
1984 4372 2140 4427 sedu-

543 4474 667 4518 cunt
694 4476 911 4518 mentem
935 4466 1309 4537 imperitarum,
1342 4483 1525 4537 easque
1554 4466 1895 4539 depravandis
1917 4467 2139 4521 oraculis

2237 3263 2332 3320 sed
2361 3265 2533 3334 magis
2562 3264 2724 3318 obvio
2752 3280 3004 3318 sermone
3035 3264 3209 3334 arguit
3231 3262 3290 3318 8.
3323 3262 3557 3316 lrenmus
3582 3276 3597 3312 ι
3632 3256 3850 3329 Easque

2238 3356 2581 3427 depravandis
2614 3355 2837 3409 oraculis
2889 3356 3107 3415 Divinis,
3154 3355 3336 3425 iisque,
3379 3368 3493 3425 qua:
3537 3362 3670 3404 recta
3697 3349 3850 3404 dicta

2239 3458 2380 3514 sunt,
2414 3450 2549 3502 male
2594 3448 2909 3517 exponendis
2949 3449 3175 3519 captivas
3221 3447 3449 3501 trahunt.
3498 3441 3847 3508 Philosophi-

2238 3554 2331 3592 cas
2361 3539 2600 3608 argutias
2629 3540 2934 3593 detestatur
2969 3539 3027 3591 Ι).
3061 3538 3210 3593 Zeno
3240 3555 3253 3595 :
3280 3536 3386 3592 Cur
3415 3537 3582 3606 ipsum
3615 3529 3847 3586 Famem

2243 3629 2539 3685 Divinitatis
2569 3630 2939 3702 philosophicis
2968 3630 3280 3704 argumentis
3303 3628 3574 3683 exhaurire
3597 3626 3848 3679 conaris?

2244 3724 2553 3777 lletestatur
2579 3734 2631 3777 et
2663 3724 2720 3778 8.
2767 3722 3020 3777 lrenreus.
3074 3722 3370 3788 Sermones,
3417 3731 3465 3774 et
3507 3718 3847 3789 genealogias

2241 3817 2411 3869 varias
2457 3815 2731 3878 inducunt,
2781 3831 2898 3886 quia
2941 3814 3146 3885 quidem
3191 3815 3494 3883 quwstiones
3541 3811 3728 3882 potius.
3783 3821 3849 3863 ut

2244 3910 2521 3980 Apostolus
2570 3910 2664 3972 ait,
2710 3919 2976 3979 praestant,
3021 3917 3126 3962 etc.
3160 3907 3562 3962 Allectationem
3594 3902 3847 3957 scientia:

2242 4015 2496 4055 causatur
2530 4003 2588 4055 υ.
2622 4001 2768 4054 Zeno
2800 4019 2812 4052 :
2850 4001 2911 4054 Si
2941 4001 3177 4072 peritiam
3206 4002 3331 4071 legis
3375 3997 3640 4053 ostendere
3665 3997 3843 4067 cupis.

2244 4091 2390 4147 Idem
2439 4101 2494 4145 et
2548 4093 2605 4146 S.
2658 4091 2911 4147 lremcus.
2966 4092 3302 4160 Scientiwque
3343 4100 3591 4162 praetextu
3646 4091 3849 4141 multos

2243 4196 2491 4239 evertunt.
3442 4194 3443 4197 “

2316 4280 2447 4347 Quae
2472 4280 2575 4334 huc
2599 4294 2766 4351 usque
2792 4288 2920 4335 sunt
2938 4278 3111 4333 allata:
3147 4279 3208 4332 D.
3242 4278 3480 4333 Zenonis
3514 4277 3801 4334 sementim
3827 4322 3844 4345 ,

2243 4372 2365 4442 quis
2392 4379 2544 4441 putet
2577 4370 2900 4426 Arianorum
2935 4383 3177 4441 tempora
3222 4372 3454 4441 sapere?
3479 4371 3544 4427 At
3591 4387 3691 4426 nec
3715 4388 3849 4441 qum

2246 4479 2433 4519 sumus
2460 4463 2703 4525 allaturi,
2748 4479 2814 4519 ea
2844 4464 2969 4518 licet
3000 4474 3272 4532 tamquam
3307 4466 3529 4532 prarcisa
3571 4463 3848 4518 adnotetu-

544 4555 770 4622 Divinis,
800 4559 982 4628 iisque,
1011 4575 1126 4629 quae
1153 4570 1289 4615 recta
1321 4561 1458 4614 dicta
1483 4570 1601 4614 sunt
1639 4561 1771 4614 male
1802 4559 2137 4631 exponendis,
2166 4562 2220 4621 D
2247 4565 2336 4613 tur
2363 4600 2377 4623 ,
2410 4559 2737 4614 Arianorum
2769 4569 3010 4627 tempora
3042 4560 3314 4629 respicere
3341 4600 3355 4625 ,
3398 4559 3683 4615 dicendum
3727 4572 3846 4616 est.

543 4650 770 4722 captivas
791 4650 1024 4716 trahunt,
1053 4653 1375 4723 scientiwque
1398 4661 1650 4723 prietextu
1675 4651 1863 4704 multas
1890 4662 2135 4705 evertunt.

619 4743 820 4799 Eodem
845 4761 1011 4799 sensu
1037 4745 1100 4799 D.
1134 4744 1283 4798 Zeno
1314 4744 1509 4811 (Serm.
1542 4758 1581 4805 ι,
1611 4760 1667 4797 u.
1698 4742 1755 4806 4,
1789 4743 1826 4796 ι.
1861 4742 1899 4815 ι)
1928 4761 1939 4796 :
1973 4741 2143 4814 Igitur

544 4853 663 4889 cum
690 4838 1045 4908 possibilitatis
1072 4838 1313 4891 humana:
1339 4852 1439 4891 nou
1461 4837 1527 4890 sit
1549 4834 1702 4890 Fidei
1721 4837 1893 4891 videre
1921 4847 2139 4901 secreta,

546 4944 822 4997 nusquam,
848 4927 1057 4995 Frater,
1094 4939 1182 4983 tua
1212 4929 1502 4993 curiositas,
1534 4946 1784 5000 nusquam
1813 4940 1901 4985 tua
1941 4931 2144 5003 pra/icit

545 5035 753 5090 pugna;
778 5022 899 5091 quia
929 5036 1080 5090 quem
1108 5031 1257 5093 putas
1285 5021 1362 5075 vel
1391 5022 1455 5075 de
1482 5022 1585 5075 tuis
1628 5022 1753 5095 ipsis
1798 5023 1983 5077 studiis
2011 5023 2143 5093 [ide-

543 5110 816 5177 lissimum,
860 5113 942 5165 hic
986 5112 1250 5184 inﬁdelis;
1294 5121 1342 5169 et
1378 5130 1527 5183 quem
1555 5116 1813 5184 putaveris
1856 5115 2139 5185 inﬁdelem,

546 5205 629 5258 hic
654 5203 823 5272 ﬁdelis
848 5218 939 5263 est.
975 5204 1131 5263 Forte
1160 5210 1214 5262 in
1243 5224 1303 5263 eo
1324 5225 1378 5263 se
1407 5209 1524 5278 quis
1545 5210 1805 5263 existimat
1831 5210 2138 5279 ﬁdeliorem,

545 5301 589 5353 si
620 5300 860 5371 loquatur
888 5313 1091 5373 argute,
1139 5320 1255 5358 cum
1309 5304 1474 5371 magis
1519 5318 1667 5357 verus
1710 5305 1778 5356 sit
1816 5303 1906 5357 ille
1948 5304 2138 5373 fidelis,

545 5395 634 5463 qui
678 5410 774 5449 sua
819 5396 873 5449 in
920 5396 1291 5466 prtedicatiane
1330 5413 1431 5450 non
1475 5395 1613 5450 ultra
1638 5412 1791 5463 quam
1819 5395 2016 5449 licitum
2045 5406 2139 5461 est,

545 5486 709 5542 aciem
735 5503 845 5544 sua
871 5489 1138 5544 tetenderit
1167 5490 1348 5543 mentis
1372 5506 1391 5543 :
1422 5505 1480 5542 eo
1507 5490 1642 5543 enim
1684 5505 1765 5543 res
1791 5488 2013 5542 deducta
2044 5498 2140 5556 est,

545 5587 603 5632 ut
644 5577 804 5634 Fides
851 5590 1025 5636 nostra
1072 5597 1164 5653 per
1194 5580 1290 5636 Dei
1319 5582 1613 5652 requiratur
1640 5581 1982 5654 injuriam....
2015 5580 2144 5634 Cum

549 5673 659 5728 lucc
701 5676 777 5729 ita
803 5674 1034 5732 sint-cur
1063 5676 1225 5747 legem
1268 5678 1379 5749 lege
1405 5675 1713 5748 distringis?
1752 5675 1857 5735 Cur
1894 5676 1986 5729 sub
2012 5676 2144 5730 ima-

542 5766 660 5827 ﬂltte
704 5766 861 5822 Fidei
904 5756 1092 5826 Fidem
1140 5772 1355 5842 deponis
1374 5772 1400 5824 .’
1427 5767 1533 5823 Cur
1560 5772 1727 5835 ipsum
1760 5762 1977 5823 Famem
2004 5762 2147 5822 Divi-

2243 4651 2397 4719 Qnod
2426 4652 2624 4705 etenim
2655 4651 2860 4707 dicitS.
2886 4650 3052 4705 Zeno.
3086 4652 3340 4707 Novellas
3365 4652 3518 4709 ﬁdes.
3545 4667 3639 4707 seu
3669 4651 3848 4707 Trac-

2246 4753 2392 4799 tulus
2420 4745 2623 4798 venales
2666 4760 2772 4799 esse
2810 4744 3099 4815 propositos
3126 4743 3195 4798 de
3228 4744 3603 4813 largitionibus
3633 4760 3661 4797 a
3693 4745 3849 4819 (Soti-

2247 4838 2446 4892 slantio
2468 4838 2520 4889 in
2551 4851 2646 4890 eos
2691 4835 2875 4899 factis,
2905 4837 2991 4906 qui
3024 4850 3119 4905 pro
3142 4835 3363 4890 Arianis
3389 4846 3632 4903 Starent,
3663 4852 3846 4906 expo-

2250 4944 2406 4995 nere,
2435 4943 2627 4983 sensus
2658 4944 2846 4983 eorum
2870 4929 3154 4983 verborum
3182 4944 3286 4980 non
3313 4929 3531 4998 patitur.
3562 4928 3689 4983 Hart:
3711 4937 3851 4983 sunt

2247 5021 2408 5075 verba
2436 5038 2449 5073 :
2485 5021 2657 5085 Quas,
2688 5023 2809 5091 quia
2838 5038 2954 5075 vera
2989 5022 3077 5076 vix
3109 5031 3274 5088 potest
3301 5022 3550 5085 inveniri,
3597 5022 3750 5075 credo
3780 5040 3851 5077 ne

2247 5114 2427 5187 papuli
2450 5116 2668 5187 penuria
2706 5116 2997 5170 laborarent
3026 5116 3226 5168 venales
3256 5131 3367 5169 esse
3392 5118 3700 5186 propositas.
3729 5114 3849 5171 0h-

2249 5207 2370 5260 vius
2395 5221 2587 5263 sensus
2617 5218 2702 5264 est
2734 5226 2747 5261 :
2778 5206 2855 5262 Ne
2884 5207 3091 5262 scilicet
3121 5208 3303 5277 populi
3338 5210 3559 5277 penuria
3592 5209 3850 5278 disputa-

2246 5299 2453 5353 tionum
2476 5340 2492 5366 ,
2522 5315 2615 5355 seu
2643 5308 2963 5355 tractatuum
3006 5299 3072 5354 de
3102 5298 3255 5366 Fide,
3297 5317 3456 5369 quam
3484 5302 3750 5357 novellam
3779 5305 3844 5357 S.

2248 5390 2400 5448 Zeno
2430 5392 2591 5457 dicit,
2624 5394 2749 5462 quia
2777 5401 2965 5446 contra
2991 5391 3175 5447 Fidem
3204 5392 3573 5461 Catholicam,
3599 5393 3720 5449 ideo
3744 5411 3846 5450 exc

2248 5487 2453 5555 positas
2478 5484 2530 5538 in
2559 5483 2677 5539 loro
2705 5484 2895 5549 fuisse,
2927 5494 2984 5539 ut
3011 5485 3242 5541 curiosis
3279 5487 3615 5556 emptoribus
3642 5487 3851 5543 distra-

2248 5580 2527 5636 herentur.

2332 5675 2456 5728 llzec
2485 5687 2700 5743 quoque
2724 5673 2784 5728 1).
2817 5674 3050 5730 Zenonis
3075 5675 3238 5730 verba
3271 5692 3285 5729 :
3322 5674 3369 5728 0
3396 5693 3549 5744 quam
3582 5677 3857 5749 indefensa

2259 5764 2465 5835 (Fides)
2494 5780 2608 5833 quae
2630 5781 2826 5833 regum,
2850 5768 3087 5836 iudicum
3106 5806 3124 5833 ,
3157 5768 3388 5833 dii-itum,
3419 5770 3692 5837 aliquoties
3710 5761 3860 5837 quod
