4198 6160
280 237 388 294 675

1675 315 1679 318 ν
1739 232 2221 290 DISSERTATIO.

3570 251 3675 310 674

284 356 435 425 pejus
488 360 556 405 est
603 351 836 423 gentium
862 351 1125 408 desiderat
1158 361 1256 418 per
1307 358 1583 402 momenta
1629 349 1941 420 patrocinia.
1976 348 2027 410 A
2129 348 2366 419 Tempus
2386 351 2575 416 etiam,
2609 367 2718 425 quo
2749 354 2839 411 hic
2870 356 2933 410 Β.
2962 357 3204 415 Zenonis
3226 360 3514 420 Tractatus
3542 368 3680 422 seri-

287 448 365 501 De
401 446 697 516 patrocinio
724 463 836 502 sum
882 449 1122 517 ipsorum
1178 448 1362 494 secta:
1409 457 1440 495 a
1472 440 1844 505 Constantio,
1889 450 1946 495 et

287 537 552 605 Valente,
582 539 995 608 imperatoribus
1022 539 1088 592 ab
1110 532 1350 591 Arianis
1377 540 1607 603 captato
1625 548 1942 602 exponere,

290 652 414 707 qua:
441 636 580 690 ratio
610 635 724 690 est?
747 635 877 690 Nam
907 646 959 692 et
986 647 1104 707 post
1132 630 1391 705 primum
1442 631 1724 687 Ecclesia:
1768 647 1946 686 sarcu-

290 731 405 785 lum
434 728 875 799 imperatoribus,
897 745 958 786 ac
984 730 1238 784 Romano
1263 725 1495 779 senatui
1526 725 1765 779 oblatas
1786 724 1949 779 Chri-

291 824 598 878 stianorum
628 819 973 877 defensiones
1000 820 1165 876 fuisse
1197 823 1470 881 constat;
1502 827 1560 871 et
1609 830 1642 868 a
1694 817 1756 872 S.
1801 816 1949 883 Qua-

296 916 466 973 drato
520 912 854 968 Athenarum
903 916 1188 984 episcopo,
1236 918 1411 978 atque
1459 908 1757 974 Aristide,
1792 906 1951 964 Chri-

294 1006 850 1076 stianoPhilosopho,
877 1006 1135 1062 Hadriano
1155 1004 1493 1072 imperatori
1524 1022 1539 1057 :
1572 1018 1602 1055 a
1629 1003 1695 1059 S.
1732 1004 1948 1061 Justino

307 1116 554 1175 martyre
584 1103 820 1173 primum
854 1100 1118 1157 Antonino
1139 1102 1265 1164 Pio,
1300 1108 1423 1153 tum
1459 1099 1655 1153 Marco
1687 1100 1911 1154 Aurelio
1932 1141 1945 1165 ,

297 1206 359 1255 et
384 1198 556 1253 Lucio
584 1196 730 1252 Vero
757 1195 1192 1264 imperatoribus,
1224 1206 1287 1246 ac
1310 1191 1539 1246 senatui
1564 1189 1861 1256 Romano;
1892 1200 1949 1246 et

299 1310 330 1347 a
367 1293 630 1348 .llelitone
655 1290 918 1358 episcopo
941 1286 1191 1342 Sardensi
1227 1285 1279 1339 in
1309 1284 1467 1348 Asia,
1500 1282 1698 1337 Marco
1722 1285 1947 1339 Aurelio

300 1384 629 1455 imperatori
662 1394 863 1449 :atque
886 1380 954 1434 ab
977 1380 1123 1446 aliis,
1148 1390 1348 1447 nempe
1384 1375 1452 1429 ab
1472 1375 1793 1442 Apollinari
1826 1376 1947 1439 epi-

298 1492 477 1548 scopo
510 1475 944 1546 Herapolitano,
1006 1490 1034 1525 a
1084 1471 1317 1541 Miltiade
1363 1468 1657 1537 thrologo,
1703 1479 1757 1524 et
1801 1470 1945 1543 aliis.

297 1554 654 1625 Christianos
683 1583 818 1622 vero
852 1581 976 1622 esse
1018 1581 1115 1621 eos
1144 1607 1156 1628 ,
1192 1565 1284 1634 qui
1321 1578 1510 1633 regum
1546 1564 1778 1618 nomine
1809 1581 1945 1617 unn-

302 1670 602 1732 cupantnr,
636 1661 948 1728 excogitata
976 1656 1356 1727 interpretatio
1381 1663 1494 1721 est,
1534 1655 1685 1709 nulla
1726 1658 1808 1711 vel
1841 1657 1943 1712 levi

2054 450 2175 509 plus
2202 441 2393 509 fuerit,
2423 445 2702 514 conjicere
2742 448 2846 503 sibi
2888 465 3048 518 posse
3094 453 3356 512 videntur
3383 458 3673 516 clarissimi

2050 531 2325 588 Ballerinii
2360 535 2526 605 (Adn.
2569 535 2700 623 5S):
2733 540 2888 604 Quod
2928 542 2973 595 si
3009 543 3093 596 cui
3125 546 3407 616 probetur,
3440 553 3558 623 jam
3592 550 3678 605 hic

2051 629 2251 696 primus
2278 627 2554 685 Tractatus
2577 631 2881 688 Iucubratus
2905 635 3090 706 fuisset
3116 648 3238 707 post
3268 640 3406 695 diem
3436 653 3676 713 quartam

2052 717 2179 773 Kal.
2211 720 2405 788 Aprilis
2440 737 2582 775 anno
2613 723 2754 788 564,
2784 742 2888 796 quo
2928 724 3115 782 Valens
3147 747 3371 802 regnare
3394 735 3565 802 coepit.
3596 735 3674 793 Ita

2051 811 2174 881 ipsi.
2197 810 2331 866 Cum
2365 828 2500 868 vero
2530 815 2772 871 alienam
2805 834 2996 874 eorum
3022 820 3326 881 viderimus
3349 826 3674 899 interpreta-

2052 905 2277 971 tionem,
2311 906 2513 960 excidit
2539 912 2859 980 conjectura
2886 914 3172 982 temporis.

2120 999 2176 1056 Si
2207 1015 2339 1055 vero
2367 1000 2712 1070 conjecturis
2743 1005 3023 1076 indulgere
3063 1008 3228 1066 liceat
3252 1054 3265 1077 ,
3321 1014 3518 1084 potiori
3545 1016 3670 1085 jure

2050 1103 2176 1147 ante
2217 1108 2421 1147 annum
2462 1094 2531 1149 (Σ.
2562 1096 2696 1159 254,
2728 1115 2835 1169 quo
2862 1098 3128 1168 Origenes
3157 1105 3363 1161 obiisse
3392 1108 3666 1177 creditur,

2050 1184 2135 1240 vel
2164 1194 2285 1254 post
2308 1184 2479 1253 ipsius
2508 1189 2761 1259 Urigenis
2786 1191 3015 1257 obitum,
3049 1202 3340 1252 tractatum
3365 1199 3506 1254 hunc
3532 1203 3669 1256 scri-

2052 1287 2200 1345 ptum
2226 1276 2392 1331 fuisse
2413 1277 2711 1337 dicendum
2728 1283 2847 1338 erit.
2877 1280 3221 1354 Conjeeturae
3243 1288 3407 1360 hujus
3427 1294 3666 1351 rationes

2049 1368 2482 1425 consideremus.

2124 1464 2301 1518 Prima
2328 1464 2469 1520 ratio
2501 1477 2620 1532 est,
2654 1469 2797 1539 quod
2843 1469 2930 1525 hic
2971 1471 3260 1529 Tractatus
3291 1477 3519 1544 epistola
3561 1494 3658 1548 po-

2048 1554 2153 1609 tius
2179 1554 2345 1610 l‘uisse
2374 1557 2615 1627 videtur,
2649 1578 2808 1631 quam
2843 1562 3034 1618 concio
3060 1565 3128 1620 ad
3154 1566 3422 1636 Populum
3450 1568 3655 1625 habita.

2045 1649 2120 1704 Ita
2142 1650 2402 1705 adnotant
2431 1652 2657 1721 ipsimet
2691 1657 3076 1726 sapientiSsimi
3103 1659 3383 1716 Balleriuii
3426 1682 3440 1717 :
3479 1662 3656 1719 Unum

300 1754 631 1823 conjectura
665 1750 910 1806 suffulta.
963 1749 1171 1805 Sensus
1202 1748 1402 1816 quippe
1446 1748 1701 1815 proprius
1745 1749 1938 1804 allato-
1972 1734 2016 1794 Β
2044 1743 2179 1797 illud
2200 1746 2461 1808 movebat,
2495 1764 2559 1800 ne
2580 1748 2719 1803 hunc
2740 1751 2965 1819 primum
2991 1751 3307 1809 Zenonianis
3328 1754 3656 1812 Tractatibus

303 1864 432 1901 rum
467 1846 767 1899 verborum
799 1851 904 1899 est.
939 1843 1230 1898 Tractatus
1258 1839 1406 1893 Fidei
1432 1855 1587 1893 suum
1616 1842 1848 1909 pondus,
1883 1852 1938 1897 ct

303 1940 464 1996 vices
492 1937 848 1992 cmendicare
876 1952 906 1990 a
935 1935 1180 2005 regibus,
1206 1950 1237 1986 a
1262 1932 1556 2001 judicibus,
1591 1948 1619 1987 a
1653 1935 1934 2003 divitibus,

310 2046 369 2088 et
398 2031 545 2103 quod
578 2031 755 2103 magis
784 2039 963 2100 urget,
990 2030 1058 2082 ab
1107 2029 1220 2098 ipsa
1253 2027 1532 2096 gentilium
1558 2027 1894 2098 philosophia
1915 2074 1930 2097 ,

317 2142 492 2199 atque
515 2125 714 2181 fabulis
745 2134 1063 2194 poetarum;
1118 2120 1263 2191 quod
1307 2119 1504 2174 factum
1560 2119 1724 2175 fuisse
1766 2122 1817 2176 in
1853 2139 1938 2176 re-

318 2222 558 2278 censitis
604 2234 704 2289 pro
739 2214 1056 2273 cbristianis
1105 2212 1372 2283 apologiis
1418 2212 1474 2266 in
1523 2211 1773 2268 confesso
1831 2224 1934 2271 est.

310 2315 443 2385 ipse
472 2328 710 2383 namque
737 2310 794 2367 S.
822 2309 1070 2364 Justinus
1109 2313 1315 2377 martyr
1336 2346 1350 2369 ,
1381 2305 1561 2359 aiente
1596 2304 1828 2359 EllSl.‘ili0
1859 2308 1932 2379 (ι.

312 2424 367 2461 iv
403 2404 550 2460 Hist.
588 2421 634 2458 c.
673 2402 788 2474 18),
823 2399 1203 2456 defensionem
1230 2412 1329 2467 pro
1351 2394 1679 2451 Christianis
1701 2444 1713 2459 ,
1750 2397 1840 2452 ubi
1867 2398 1936 2453 de

307 2497 635 2553 Christiana
668 2493 804 2549 Fide
835 2492 1029 2563 agitur,
1068 2489 1189 2543 Non
1219 2488 1387 2543 solum
1409 2488 1627 2547 nostris.
1658 2488 1714 2541 id
1743 2498 1816 2542 est
1843 2489 1938 2542 Di-

308 2593 473 2650 v'nis.
506 2590 599 2644 sed
624 2589 779 2643 etiam
810 2585 1084 2658 gentilium
1132 2583 1336 2653 scriptis
1364 2582 1769 2649 confirmaverit.
1811 2580 1939 2637 Haec

312 2685 377 2740 S.
406 2682 652 2737 Zenonis
685 2681 737 2734 iu
767 2678 943 2733 allatis
971 2677 1154 2731 verbis
1187 2675 1562 2744 interpretatio
1603 2673 1772 2743 ipsius
1809 2689 1939 2729 con-

316 2776 496 2833 textui
529 2782 838 2840 consonat,
861 2787 986 2828 cum
1021 2769 1124 2823 hoc
1155 2769 1206 2822 in
1232 2768 1422 2823 eodem
1455 2781 1686 2820 numero
1716 2765 1783 2820 de
1810 2766 1939 2821 doc-

318 2872 473 2926 trina
504 2877 662 2939 agat,
696 2882 803 2921 non
849 2866 918 2920 de
951 2864 1002 2919 vi
1050 2879 1145 2933 per
1173 2862 1530 2931 imperatores
1552 2901 1566 2925 ,
1616 2858 1901 2926 praefectos
1922 2901 1936 2924 ,

316 2954 408 3018 vel
433 2961 651 3030 judices
670 2958 973 3014 Catliolicis
1001 2955 1186 3009 inlata.
1225 2953 1383 3008 Nunc
1410 2952 1540 3007 scire
1562 2953 1744 3019 capio,
1777 2951 1939 3006 Fides

319 3073 388 3110 ea:
419 3054 659 3107 doctrina
682 3059 910 3118 constet,
937 3066 1005 3102 an
1033 3065 1095 3103 ea:
1118 3045 1422 3101 credulitate
1444 3086 1457 3109 ,
1487 3061 1551 3097 an
1592 3060 1656 3097 ex
1681 3054 1893 3115 utroque
1912 3046 1938 3098 Ρ

2042 1855 2448 1906 accenseremus,
2478 1843 2619 1911 quod
2650 1844 2867 1914 epistola
2893 1845 3067 1912 potius
3087 1846 3157 1900 ad
3178 1850 3471 1917 quemdam.
3504 1867 3655 1922 quem

2042 1932 2280 1989 Fratrem
2304 1936 2563 2006 appellat,
2591 1939 2783 1993 tradita
2801 1981 2815 2004 ,
2843 1954 3000 2008 quam
3025 1949 3274 1995 tractatus
3299 1945 3367 1996 ad
3390 1941 3656 2013 Populum

2045 2026 2251 2080 habitus
2276 2027 2551 2096 uideatur;
2581 2046 2701 2084 eum
2730 2030 2866 2084 enim
2897 2040 3144 2099 perpetuo
3184 2033 3490 2102 alloquitur,
3517 2034 3655 2087 ntul-

2040 2121 2206 2189 tisque
2228 2124 2548 2192 argumentis
2578 2124 2642 2177 ab
2666 2114 2926 2196 ejusmodi
2951 2122 3292 2180 Tractatuum
3327 2128 3609 2196 scriptione
3631 2169 3646 2191 ,

2044 2228 2159 2280 qua:
2188 2211 2343 2281 plena
2370 2224 2479 2267 erat
2507 2215 2755 2284 periculi,
2784 2215 3065 2278 deterrere,
3080 2226 3129 2269 et
3159 2233 3394 2272 amovere
3413 2229 3649 2273 conatur.

2039 2303 2282 2366 Accedit,
2322 2307 2465 2374 quod
2497 2305 2686 2360 Petrus
2728 2304 2855 2360 Calo
2881 2347 2896 2372 ,
2932 2300 3158 2361 Ordinis
3198 2308 3608 2365 Prwdicatorum
3630 2349 3649 2376 ,

2039 2398 2128 2466 qui
2156 2398 2282 2451 vixit
2309 2399 2520 2453 ineunte
2542 2398 2732 2453 saeculo
2750 2386 2850 2452 XIV
2872 2438 2887 2463 ,
2912 2399 2966 2452 in
3002 2416 3127 2454 mss.
3161 2402 3484 2467 collectaneis
3507 2404 3651 2473 apud

2042 2488 2434 2543 Henschenium
2461 2502 2584 2545 tom.
2613 2506 2669 2555 tt,
2713 2490 2912 2559 Aprilis
2939 2508 3060 2559 pag.
3096 2492 3197 2558 76,
3228 2510 3387 2561 opera
3426 2509 3649 2548 comme-

2041 2598 2249 2635 morans
2274 2580 2337 2636 S.
2384 2581 2644 2648 Zenonis,
2676 2598 2791 2653 qua:
2831 2599 2886 2637 se
2909 2583 3098 2639 vidisse
3134 2586 3207 2638 ait
3248 2603 3268 2637 ι
3316 2587 3369 2639 in
3399 2601 3503 2641 ms.
3537 2584 3652 2640 Mo-

2042 2673 2266 2727 nasterii
2298 2673 2358 2729 S.
2404 2673 2646 2730 Zenonis
2676 2674 2745 2730 de
2782 2674 2993 2730 Verona
3034 2695 3053 2728 ι
3094 2692 3195 2730 non
3240 2694 3259 2729 α
3298 2676 3584 2733 Tramatus
3623 2695 3643 2730 ι

2041 2767 2209 2821 solum
2244 2785 2263 2818 ‹
2305 2771 2612 2839 octoginta,
2656 2787 2675 2821 ›
2711 2769 2801 2823 sed
2831 2780 2877 2823 et
2910 2788 2932 2820 ι
2964 2770 3228 2839 epistolas
3256 2790 3275 2823 ι
3308 2788 3362 2826 se
3404 2772 3460 2827 in
3485 2789 3542 2828 eo
3573 2773 3649 2827 le-

2042 2861 2176 2931 gisse
2203 2862 2443 2931 affirmat.
2477 2863 2623 2919 Inter
2656 2864 2826 2934 Opera
2850 2864 3056 2921 vero-8.
3075 2864 3296 2920 Zenonis
3318 2866 3450 2921 nulli
3466 2867 3650 2922 melius

2041 2955 2273 3023 epistola:
2296 2972 2482 3010 nomen
2505 2998 2519 3020 ,
2549 2974 2705 3027 quam
2734 2959 2855 3011 huic
2896 2960 3142 3014 tractatui
3165 2960 3435 3015 convenire
3460 2970 3644 3032 potest.

2042 3045 2099 3101 Si
2131 3063 2259 3115 ergo
2306 3048 2393 3103 hic
2438 3049 2724 3106 Tractalus
2764 3052 2994 3121 epistola
3026 3053 3254 3109 dicenda
3286 3064 3402 3119 est,
3433 3056 3579 3126 quod
3616 3071 3649 3112 a

320 3150 427 3203 Sin
456 3162 577 3199 vero
602 3161 665 3198 ea:
686 3154 899 3213 utroque
919 3138 1350 3196 Putriarchurum
1389 3152 1620 3191 semensa
1652 3135 1811 3190 Fides
1834 3148 1930 3203 est,
1964 3125 2009 3188 C
2040 3138 2334 3193 verosimili
2387 3155 2494 3194 non
2528 3141 2810 3204 abhorret.
2867 3142 2990 3198 dico
3032 3143 3170 3199 lianc
3209 3125 3492 3214 epistolam
3528 3162 3558 3201 a
3587 3145 3646 3203 S.

320 3256 388 3292 ac
422 3254 515 3304 per
554 3236 653 3289 hoc
685 3235 790 3289 illis
835 3232 1214 3288 constitutionis
1254 3239 1443 3285 nostra:
1479 3229 1783 3282 decernendi
1824 3238 1939 3281 sunt

327 3332 477 3393 libri,
503 3340 557 3382 ut
574 3328 773 3399 possint
794 3339 903 3381 esse
924 3326 1160 3397 perfecti.
1185 3322 1228 3377 Ο
1249 3339 1401 3393 quam
1432 3322 1619 3375 misera
1645 3331 1721 3375 est
1753 3319 1935 3385 Fides,

326 3439 494 3494 quam
522 3421 672 3475 verba
698 3417 1045 3473 concinnant!
1084 3414 1128 3469 Ο
1158 3432 1315 3484 quam
1359 3411 1540 3466 debilis
1561 3455 1576 3477 ,
1623 3414 1774 3477 cuius
1813 3428 1943 3480 quo-

328 3519 463 3574 tidie
491 3515 815 3586 dissipantur
859 3513 1015 3566 variis
1044 3504 1861 3583 argumentationibusmembra!
1894 3504 1937 3558 Ο

328 3628 495 3680 quam
520 3608 817 3676 indefensa,
840 3621 954 3677 qua:
983 3620 1183 3676 regum,
1208 3610 1314 3657 etc.
1350 3600 1655 3654 Doctrinam
1687 3641 1701 3664 ,
1732 3598 1899 3653 libros
1924 3640 1939 3665 ,

326 3704 544 3767 verba,
591 3698 1087 3769 argumentationes
1141 3694 1231 3748 bic
1268 3692 1541 3748 enuntiari
1603 3690 1786 3755 vides,
1835 3705 1941 3743 non

330 3815 386 3853 at
407 3811 496 3850 ina
518 3835 534 3859 ,
571 3809 676 3847 non
723 3791 916 3847 milites
938 3829 953 3853 ,
982 3789 1117 3844 utin
1149 3786 1247 3843 SS.
1289 3786 1506 3841 Patrum
1538 3783 1858 3841 testimoniis
1891 3784 1942 3838 in

326 3887 692 3945 adnotatione
716 3884 960 3939 adductis
996 3881 1316 3952 inspicitur,
1342 3878 1400 3935 S.
1431 3877 1707 3933 Ambrosii
1744 3896 1757 3930 :
1797 3877 1945 3933 Pone

334 3996 483 4038 nunc
514 3988 634 4033 ante
659 3986 980 4049 conspectum
1008 3972 1340 4030 saecularibus
1381 3971 1600 4025 Arianos
1643 3969 1833 4025 studiis
1858 3970 1945 4023 in-

331 4084 544 4138 tentos,
586 4070 671 4138 qui
712 4068 1019 4124 Societatem
1059 4065 1294 4133 potentia:
1330 4063 1539 4135 Regalis
1569 4062 1853 4131 alfectant,
1893 4070 1946 4115 ut

332 4165 504 4221 armis
525 4161 827 4216 militaribus
847 4160 1146 4230 impugnent
1175 4156 1423 4211 Ecclesia:
1445 4156 1727 4220 veritatem;
1756 4153 1813 4208 S.
1850 4152 1942 4207 lli-

340 4260 475 4316 larii
507 4275 521 4312 :
556 4256 733 4326 Neque
770 4265 945 4325 postea
987 4260 1336 4323 praesumant,
1382 4258 1531 4319 atque
1577 4256 1866 4318 usurpant,
1900 4256 1949 4301 et

343 4360 533 4425 putent
578 4367 632 4405 se
673 4341 943 4404 consensus
968 4361 1273 4417 cognoscere
1301 4341 1653 4410 Clericorum,
1707 4351 1755 4396 et
1800 4342 1948 4395 inno-

339 4460 517 4506 centes
543 4446 771 4501 homines
800 4445 956 4500 variis
978 4441 1429 4515 afﬂictationibus,
1458 4438 1632 4507 minis,
1665 4436 1948 4501 violentiis,

342 4542 630 4598 terroribus
657 4541 913 4611 frangere,
943 4549 1096 4606 atque
1124 4549 1327 4590 vexare.

426 4636 486 4691 Si
511 4648 637 4689 vero
661 4630 1059 4703 penitussaneii
1084 4628 1317 4684 Zenonis
1337 4641 1555 4681 sensum
1576 4623 1948 4696 inspiciamus,

344 4747 465 4789 non
498 4736 724 4800 possunt
755 4726 922 4797 ipsius
960 4725 1120 4782 verba
1150 4722 1269 4777 sine
1307 4720 1590 4776 manifesta
1639 4717 1952 4775 extorsiOue

347 4830 426 4885 de
460 4827 840 4894 imperatorum
866 4820 1188 4876 Arianorum
1215 4816 1555 4886 protectione
1577 4812 1692 4869 Arii
1727 4809 1951 4867 asseclis

348 4920 600 4995 prmstita
644 4916 891 4986 intelligi.
941 4914 1045 4985 Ipsi
1088 4926 1319 4981 namque
1369 4911 1723 4978 imperatores
1762 4905 1950 4960 Fidem

350 5011 747 5083 Oppugnabant
774 5026 789 5075 ;
823 5023 884 5063 ac
925 5007 994 5062 de
1022 5021 1089 5062 eo
1115 5006 1168 5059 in
1199 5002 1426 5057 laudatis
1454 5000 1696 5056 textibus
1724 4998 1954 5053 Ambro-

350 5107 509 5167 sius,
557 5112 611 5157 et
641 5102 871 5157 Hilarius
908 5107 1333 5170 conqueruntur.
1376 5096 1433 5151 S.
1476 5102 1656 5149 autem
1674 5091 1857 5180 ’Zeno
1884 5091 1954 5147 de

351 5193 667 5270 patrocinio
694 5194 762 5249 ab
811 5190 1223 5256 imperatoribus
1265 5186 1570 5257 przestando
1613 5186 1761 5255 agit,
1808 5184 1953 5253 quod

354 5290 673 5362 significant
694 5288 784 5342 illa
813 5287 977 5341 verba
1009 5302 1024 5339 :
1058 5283 1360 5338 Desiderant
1382 5298 1470 5353 per
1496 5288 1752 5334 momenta
1773 5287 1951 5348 patro-

352 5384 520 5442 cinia.
554 5381 606 5437 [tl
630 5382 689 5436 S.
711 5380 1038 5448 Quadratus,
1079 5378 1139 5434 S.
1170 5376 1413 5432 Justinus
1440 5374 1643 5436 aliique
1670 5371 1953 5441 apologis-

354 5496 484 5539 rum
524 5477 828 5547 Scriptores
869 5474 938 5531 ab
975 5470 1425 5542 imperatoribus,
1456 5477 1512 5524 et
1547 5467 1748 5524 Senatu
1792 5479 1958 5532 expe-

356 5576 583 5635 tebant,
616 5578 675 5625 ut
706 5585 736 5624 a
788 5565 1163 5639 persecutione
1201 5567 1514 5625 cessarent,
1553 5568 1609 5614 et
1639 5564 1958 5628 persecuto-

358 5668 511 5725 ribus
550 5662 857 5735 judicibus,
905 5656 1264 5730 praesidibus,
1316 5653 1577 5709 ministris
1614 5649 1957 5708 Christianos

361 5763 568 5827 liberos
599 5770 723 5815 esse
750 5754 1025 5826 juberent.
1698 5754 1707 5764 π

2042 3230 2257 3285 Zenone
2285 3230 2507 3300 Origeni
2540 3232 2705 3289 fuisse
2728 3234 2911 3289 datam
2942 3248 3064 3303 post
3090 3253 3290 3293 annum
3312 3238 3514 3294 Christi
3537 3240 3650 3295 252

2044 3322 2259 3390 quando
2285 3321 2519 3392 degente
2545 3324 2887 3382 Alexandria:
2904 3326 3149 3397 Origene
3190 3332 3357 3386 tantis
3387 3330 3488 3387 fuit
3515 3348 3649 3388 exa-

2042 3414 2241 3482 gitatus
2283 3413 2663 3471 vexationibus
2710 3430 2933 3487 pr0pter
2985 3437 3238 3488 errores.
3285 3424 3484 3493 quibus
3530 3425 3652 3495 ejus

2045 3504 2327 3559 scatebant
2354 3506 2556 3576 scripta
2576 3548 2592 3573 ,
2621 3510 2891 3579 praecipue
2929 3526 3071 3582 opus
3102 3513 3234 3568 illud
3263 3515 3407 3584 quod
3436 3515 3651 3572 Periar—

2046 3594 2186 3650 chon
2236 3596 2583 3663 inscribitur,
2616 3613 2711 3654 seu
2758 3600 2825 3655 de
2874 3601 3164 3673 Principiis
3208 3622 3224 3660 :
3265 3620 3371 3676 quo
3413 3607 3466 3661 in
3511 3607 3650 3664 libro

2046 3690 2215 3743 multa
2245 3704 2273 3741 a
2302 3688 2654 3760 Philosophis
2702 3691 2951 3750 Ethnicis
3001 3696 3305 3761 inutuavit,
3357 3698 3652 3770 multisque

2046 3784 2276 3839 refertus
2302 3784 2582 3839 erroribus
2612 3800 2640 3839 a
2691 3784 2752 3840 S.
2790 3784 3128 3860 Hieronymo
3157 3797 3393 3846 notatur.
3435 3790 3490 3848 Si
3524 3807 3654 3849 vero

2050 3885 2170 3946 post
2190 3875 2441 3946 Origenis
2469 3889 2699 3931 mortem
2720 3878 2981 3947 scriptam
3008 3880 3176 3938 fuisse
3208 3882 3497 3952 epistolam
3527 3884 3651 3955 quis

2048 3968 2380 4037 opinaretur,
2410 3966 2574 4023 alicui
2602 3969 2854 4041 Origenis
2880 3973 3144 4029 sectatori
3185 3974 3406 4030 missam
3441 3976 3608 4033 luisse
3634 4018 3649 4042 ,

2048 4060 2337 4116 dicendum
2367 4060 2492 4116 erit.
2518 4060 2593 4116 Ea
2619 4063 2765 4118 enim
2798 4064 2980 4119 omnia
3012 4082 3133 4135 quae
3161 4076 3352 4122 contra
3378 4068 3480 4124 hos
3510 4080 3653 4126 trac-

2050 4163 2192 4210 tatus
2216 4157 2460 4226 congerit
2507 4155 2566 4211 S.
2599 4157 2803 4215 Doctor
2826 4159 2897 4213 in
2948 4159 3147 4215 librum
3194 4162 3523 4219 Periarcbon
3553 4180 3652 4234 op-

2051 4252 2180 4305 time
2209 4259 2466 4319 congesta
2504 4250 2790 4318 videntur,
2823 4252 2966 4323 quod
3004 4252 3108 4309 hac
3144 4255 3385 4312 secunda
3430 4259 3641 4315 ratione

2051 4344 2430 4400 conﬁrmatur.

2122 4436 2328 4506 Nempe
2351 4445 2463 4492 toto
2495 4437 2549 4492 in
2580 4438 2774 4495 eodem
2807 4448 3037 4496 tractatu
3056 4482 3071 4508 ,
3100 4456 3199 4498 seu
3229 4442 3474 4511 Epistula
3520 4443 3653 4501 nihil

1970 4524 2025 4585 D
2049 4532 2118 4587 de
2158 4530 2430 4586 haereticis
2479 4532 2800 4587 nominatim
2851 4534 3102 4589 meminit
3141 4534 3199 4591 S.
3231 4534 3418 4602 Zeno,
3473 4553 3652 4608 neque

2030 4640 2279 4697 usquam
2309 4635 2498 4681 contra
2541 4625 2760 4681 eosdem
2808 4626 3016 4683 invehit
3048 4644 3062 4681 :
3096 4608 3266 4697 quare
3293 4626 3508 4683 videtur
3551 4644 3652 4698 po-

2056 4716 2161 4772 tius
2187 4719 2238 4773 in
2273 4732 2339 4773 eo
2365 4760 2379 4784 ,
2414 4732 2571 4787 quem
2596 4717 2890 4790 alloquitur
2916 4717 3084 4774 fratre
3124 4716 3531 4789 reprehendere
3558 4735 3657 4776 cu-

2055 4810 2352 4866 riositatem
2392 4810 2723 4880 nimiamque
2750 4810 3104 4866 subtilitatem
3146 4808 3202 4864 in
3249 4808 3415 4865 rebus
3459 4809 3653 4878 Fidei,

2056 4904 2596 4976 philosophieamque
2629 4904 2893 4961 rationem
2917 4905 3069 4975 sequi
3100 4906 3165 4960 iis
3200 4902 3258 4959 in
3285 4904 3648 4974 explicandis.

2060 4998 2173 5053 lloc
2217 5012 2283 5051 ex
2311 4997 2432 5062 his,
2460 5012 2586 5066 quae
2628 4997 2878 5067 superius
2922 4996 3099 5052 allatae
3137 5005 3265 5052 sunt
3302 4997 3371 5051 D.
3418 4996 3656 5056 Zenonis

2061 5090 2345 5147 sententiis
2366 5091 2711 5146 manifestum
2742 5100 2860 5158 est,
2890 5099 3055 5160 atque
3079 5096 3193 5146 toto
3217 5105 3287 5146 ex
3307 5089 3471 5162 hujus
3493 5091 3661 5148 Trac-

2065 5194 2206 5242 tatus
2235 5192 2493 5241 contextu
2534 5184 2837 5240 evidentius
2881 5194 3050 5256 patet.
3098 5185 3156 5241 S.
3209 5186 3411 5242 etenim
3460 5188 3662 5244 Doctor

2063 5288 2209 5333 totus
2238 5279 2289 5333 in
2316 5294 2385 5334 eo
2413 5286 2528 5345 est,
2564 5285 2626 5334 ut
2661 5279 2914 5334 ostendat
2940 5279 3145 5355 _Fideni
3190 5294 3297 5336 non
3340 5280 3558 5348 addici,
3604 5290 3665 5337 ut

2058 5380 2273 5428 caetera:
2293 5370 2621 5437 disciplinae,
2654 5370 2885 5443 ideoque
2910 5371 3180 5427 internam
3207 5372 3340 5428 dicit
3369 5372 3524 5427 initio
3554 5373 3665 5430 illis

2060 5462 2114 5518 in
2143 5462 2327 5519 verbis
2354 5481 2365 5516 :
2398 5460 2709 5518 Christiana:
2748 5460 3048 5519 Fidelitatis
3073 5463 3298 5534 felicitas
3328 5463 3557 5518 maxima
3590 5475 3670 5520 est

2060 5555 2214 5610 Fidei
2239 5572 2387 5611 nosse
2414 5564 2676 5622 naturam,
2699 5572 2816 5629 qua
2836 5555 2956 5611 talis
2974 5595 2989 5620 ,
3032 5571 3092 5609 ac
3129 5564 3275 5609 tanta
3304 5562 3412 5619 est,
3441 5564 3498 5608 ut
3541 5554 3670 5606 uni-

2061 5656 2244 5724 cuique
2269 5652 2467 5708 homini
2520 5670 2621 5709 non
2657 5653 2719 5708 ab
2758 5653 2866 5709 alio
2905 5649 3295 5713 commodatur,
3339 5648 3434 5701 sed
3461 5663 3525 5702 ea:
3550 5646 3677 5712 ejus

2063 5745 2320 5802 voluntate
2343 5755 2608 5800 nascatur.
2638 5744 2823 5814 Neque
2853 5742 2946 5799 illo
2968 5737 3138 5793 verbo
3157 5738 3419 5794 voluntate
3437 5734 3691 5808 gratiam
