4198 6160
536 222 643 282 6'13

1650 222 1739 277 DE
1792 218 2038 278 SANCTI
2084 216 2378 279 ZENUNIS
2417 221 2690 279 EPlCliA

3722 223 3832 276 (ςἹέῖ

532 340 770 396 excludit
804 337 896 412 (ut
917 345 1225 408 opportune
1276 335 1539 391 adnotant
1568 336 1914 391 celeberrimi
1955 335 2132 391 Baiie-
2163 340 2207 397 Α
2240 345 2358 391 sunt
2387 337 2681 391 contenti...
2707 335 2807 407 ipsi
2836 350 3037 407 quoque
3054 335 3369 417 conveniunt
3394 344 3440 389 et
3470 336 3532 389 de
3563 334 3692 390 Fide
3719 353 3798 392 δία
3818 370 3831 378 ο

530 434 652 487 rinii
675 430 694 503 )
720 431 882 504 (adn.
908 431 963 493 3,
996 428 1089 483 Tr.
1123 426 1199 499 l).
1236 427 1389 493 Quod
1418 444 1534 481 cum
1559 427 1621 483 S.
1647 426 1786 483 Zeno
1807 428 1938 481 dixit
1961 467 1975 492 ,
1997 426 2130 480 illud

530 539 692 578 unum
720 523 773 577 in
799 524 972 577 animo
1007 521 1220 587 habuit,
1260 537 1361 574 non
1389 529 1443 573 ut
1465 519 1687 589 gratiam
1723 518 2035 583 excluderet,
2069 517 2133 571 de

529 634 633 684 qua
687 627 795 672 tum
849 633 951 671 non
998 617 1284 687 agebatur,
1340 631 1593 685 quantque
1649 624 1697 668 et
1761 613 1920 685 paulo
1979 622 2091 683 post
2112 652 2127 678 ,

529 723 576 765 et
626 710 750 765 alibi
789 711 913 765 satis
962 710 1249 767 luculenter
1285 708 1551 772 adstruit,
1602 706 1693 761 sed
1741 715 1800 760 ut
1845 721 1930 759 eos
1975 703 2137 774 refel-

531 803 683 865 leret,
714 804 804 874 qui
846 803 1193 873 argumentis,
1235 810 1282 854 et
1326 798 1624 853 tractatibus
1654 795 1842 853 Fidem
1877 810 2133 867 exponere

529 894 847 949 conabantur
870 934 886 960 ,
924 911 983 948 ac
1030 896 1074 948 si
1114 892 1367 967 ejusmodi
1404 891 1661 945 industria
1690 887 1847 943 Fides
1886 886 2132 942 cordibus

529 988 815 1054 inseretur;
843 986 1239 1057 Glossetuaque
1270 985 1399 1041 illud
1432 986 1600 1039 textui
1637 984 1699 1037 1).
1734 981 1971 1036 Zenonis
1995 995 2131 1034 con-

531 1086 614 1134 tra
643 1094 745 1134 ms.
783 1082 1068 1134 veritatem
1100 1079 1368 1132 introsum
1401 1078 1599 1131 merito
1640 1075 1985 1129 abraseruut.
2020 1069 2135 1124 Ho—

531 1173 657 1226 mini
693 1189 797 1226 non
825 1173 889 1226 ab
925 1171 1030 1226 alio
1052 1212 1066 1235 ,
1092 1171 1183 1226 sed
1210 1173 1326 1243 ejus
1365 1187 1429 1225 ea:
1467 1170 1766 1235 voluntate,
1798 1166 2137 1236 praeueniente

534 1265 768 1334 Spiritus
799 1264 978 1319 Sancti
1004 1264 1363 1332 inspiratione,
1402 1272 1556 1331 atque
1586 1261 1699 1332 ejus
1726 1258 1989 1329 adjutorio
2012 1271 2134 1308 nas-

533 1370 701 1413 catur.
731 1358 1004 1414 Iuternam
1037 1358 1219 1428 itaque
1246 1357 1306 1412 S.
1339 1355 1489 1410 Zeno
1519 1370 1641 1409 esse
1668 1352 1855 1407 Fidem
1873 1350 2129 1412 affirmat,

532 1468 652 1522 qua:
699 1469 806 1506 non
829 1450 1144 1505 addiscitur
1164 1490 1179 1515 ,
1214 1448 1308 1505 sed
1338 1447 1680 1503 illuminante
1706 1444 1851 1509 Deo,
1883 1458 1946 1497 ac
1971 1455 2133 1496 reve-

532 1543 677 1598 lante
705 1543 1041 1612 concipitur;
1076 1558 1245 1612 quare
1272 1546 1554 1613 sequitur:
1582 1540 1835 1595 Craterum
1861 1538 1927 1591 sit
1948 1545 1998 1588 ut
2019 1534 2133 1604 qui-

532 1636 654 1689 dam
686 1645 907 1705 putant,
933 1635 1165 1690 docentis
1188 1637 1373 1706 pendet
1405 1649 1470 1691 ea:
1504 1649 1615 1698 ore,
1647 1631 1827 1699 procul
1856 1628 2016 1683 dubio
2049 1642 2136 1681 co-

2234 440 2373 484 luere
2400 428 2670 483 simulant.
2700 429 3175 483 Commemoratur
3213 428 3428 484 Nica'na
3471 431 3710 499 synodus
3732 472 3745 496 ,
3774 439 3837 485 et

2238 525 2564 578 Arianorum
2597 522 3046 593 pseudosynodus
3099 525 3148 576 in
3196 523 3434 577 scentnlo
3480 523 3717 593 ejusdem
3767 525 3829 580 S.

2232 614 2518 669 Athanasii
2561 623 2730 668 textu.
2774 613 3231 684 Disceptuntesque
3269 615 3516 669 adversus
3570 615 3839 671 Nicenam

2236 705 2528 776 Synodnm,
2558 706 2745 760 multas
2766 714 2813 760 et
2840 706 2943 772 ipsi
2971 704 3211 776 Synodos
3231 706 3568 761 celebrarunt.
3595 705 3659 761 Et
3691 708 3743 761 itt
3771 708 3835 763 S.

2235 798 2425 855 Hilarii
2456 807 2603 855 textu
2630 800 2698 855 de
2724 800 2936 855 Nicaeus
2984 801 3205 871 Synodo
3254 802 3457 857 mentio
3491 801 3582 867 lit,
3615 811 3668 857 et
3700 803 3841 857 lato-

2236 908 2353 947 runt
2385 894 2438 948 itt
2470 893 2705 965 Synodis
2734 893 3160 948 anathematnm.
3195 892 3400 949 Conscii
3426 895 3561 948 enim
3587 895 3731 949 nobis
3754 897 3841 948 itt-

2232 988 2392 1041 uicem
2411 1004 2619 1053 sumus,
2656 997 2770 1057 post
2809 986 3012 1041 Nirteni
3050 997 3328 1041 conventus
3370 987 3628 1058 synodum
3652 1030 3665 1053 ,
3699 988 3841 1042 nihil

2236 1082 2383 1137 aliud
2401 1123 2412 1139 .
2442 1099 2596 1153 quam
2629 1081 2813 1136 Fidem
2840 1082 3093 1136 scribi....
3125 1092 3418 1135 monstruas
3446 1083 3510 1136 de
3537 1081 3644 1136 Deo
3674 1082 3841 1136 Fides

2236 1175 2579 1239 decernimus,
2631 1176 2847 1229 decretis
2889 1176 3212 1244 ptenitemus,
3261 1176 3559 1244 ptenitentes
3602 1176 3842 1246 defendi-

2236 1284 2371 1329 mus,
2415 1267 2655 1337 defensos
2681 1268 3196 1321 anathematizamus.
3246 1267 3496 1322 Profecto
3537 1268 3588 1322 in
3636 1269 3738 1322 hoc
3774 1268 3837 1323 S.

2236 1362 2475 1416 Zenonis
2506 1372 2734 1417 tractatu
2766 1362 3073 1432 bujusmodi
3118 1376 3207 1417 res
3237 1378 3304 1418 ne
3329 1362 3416 1417 Vel
3444 1378 3538 1432 per
3563 1364 3837 1417 somnium

2236 1454 2456 1521 quidem
2504 1455 2626 1523 quis
2658 1456 2820 1525 leget.
2874 1456 3014 1509 Nihil
3070 1456 3135 1509 tie
3186 1457 3336 1521 Ario,
3368 1471 3529 1526 quem
3576 1472 3839 1524 nusquam

2237 1550 2350 1601 suis
2382 1547 2434 1601 in
2465 1547 2809 1601 'l‘ractatibus
2853 1547 2938 1602 vel
2987 1548 3247 1617 implicito
3291 1549 3558 1602 nominat.
3595 1548 3734 1603 Nihil
3770 1550 3842 1603 de

2238 1640 2456 1694 Nictuna
2502 1641 2754 1711 Synodo;
2804 1640 2946 1695 Nihil
2977 1642 3045 1695 de
3087 1640 3415 1694 Arianorum
3463 1640 3730 1712 Synodis,
3767 1641 3843 1696 de

532 1729 648 1782 dem
675 1739 763 1782 αυτ
793 1740 1048 1793 “mm”,
1079 1738 1168 1781 at“
1194 1728 1347 1780 αιίεεν
1367 1726 1579 1779 άοοεηιε
1597 1724 1939 1779 consumit!"-
1986 1721 2130 1775 Pt'il"
2164 1726 2212 1786 Β
2239 1732 2671 1787 anathetnatihus
2696 1732 2851 1786 nihil.
2881 1735 2994 1799 Qua
3024 1748 3155 1803 ergo
3182 1733 3494 1803 conjectura
3520 1735 3577 1790 S.
3603 1732 3844 1787 Zenonis

533 1824 724 1890 cipuus
756 1823 939 1891 itaque
967 1822 1140 1877 sancti
1176 1822 1419 1873 Doctoris
1442 1832 1639 1887 scopus
1663 1828 1786 1877 est,
1843 1812 2136 1867 ostendere

534 1929 643 1968 non
706 1912 941 1968 humana
1009 1926 1128 1968 arte
1196 1928 1370 1981 neque
1436 1910 1717 1964 hominum
1791 1905 2132 1960 eruditorum

533 2006 797 2073 scientia,
835 2023 900 2063 ac
924 2010 1115 2077 peritia
1143 2047 1156 2071 ,
1204 2005 1365 2063 ﬁdem
1397 2004 1579 2059 haberi
1603 2043 1619 2068 ,
1650 2017 1772 2057 cum
1813 1998 1989 2054 errori
2035 1999 2136 2051 bu-

534 2115 695 2156 tnaua
728 2115 883 2156 mens
925 2101 997 2154 sit
1023 2099 1254 2154 obnoxia
1278 2137 1295 2165 ,
1320 2106 1416 2151 aut
1449 2097 1599 2151 aliter
1639 2096 1868 2148 docente.
1902 2090 2021 2146 Non
2051 2105 2137 2144 re-

534 2199 726 2268 probat
756 2195 974 2266 quidem
1005 2194 1308 2249 doctrinam
1335 2209 1347 2244 :
1382 2190 1488 2246 Sed
1527 2206 1629 2243 non
1657 2205 1719 2242 eo
1760 2189 1876 2241 dico
1896 2228 1914 2255 ,
1958 2198 2012 2239 ut
2051 2189 2132 2238 itt-

533 2302 741 2364 gratunt
760 2290 952 2361 faciam
972 2288 1220 2343 doctrina:
1246 2287 1566 2357 beneﬁcium.
1597 2284 1688 2339 sed
1728 2293 1782 2337 ut
1811 2283 1941 2336 sciat
1977 2296 2137 2333 unus-

516 2385 771 2451 -quisauo,
798 2383 944 2437 aliud
966 2398 1075 2436 esse
1096 2379 1302 2447 Fidem,
1335 2379 1483 2433 aliud
1509 2393 1615 2432 esse
1645 2374 1968 2430 Tractatum.
1998 2370 2133 2425 Nam

537 2476 699 2531 ﬁdem
732 2490 897 2544 supra
940 2484 1184 2529 naturam
1215 2488 1339 2528 esse
1367 2483 1558 2541 aperte
1588 2471 1770 2524 docet.
1816 2467 1988 2537 Igitur
2015 2481 2136 2520 cum

534 2567 891 2641 possibilitatis
914 2569 1151 2621 humanas
1172 2582 1276 2619 non
1301 2565 1366 2619 sit
1407 2563 1556 2617 Fidei
1582 2562 1754 2615 videre
1778 2569 1973 2613 secreta
1998 2597 2014 2624 ,
2038 2572 2137 2611 suo

536 2671 715 2719 tamen
744 2679 962 2731 semper
1010 2668 1337 2731 argumento
1379 2659 1653 2713 inhaerens
1676 2695 1692 2720 ,
1739 2653 2091 2708 Tractatuutu
2120 2690 2136 2715 ,

534 2758 650 2810 sive
677 2755 1105 2825 disputationum
1150 2755 1294 2807 circa
1337 2750 1522 2806 Fidem
1562 2750 1749 2803 vitium
1795 2747 2001 2815 optime
2047 2760 2138 2798 ar-

535 2852 681 2920 guit;
725 2847 943 2919 quando
989 2847 1238 2901 videlicet
1285 2840 1855 2915 argumentationibus
1898 2836 2140 2907 philoso-

537 2942 749 3012 phicis,
800 2951 855 2995 et
882 2940 1133 3001 humanis
1172 2937 1474 2991 rationibus
1496 2934 1618 3001 quis
1657 2931 1818 2986 nimis
1851 2928 2137 2998 indulget,

538 3037 869 3104 modumque
898 3034 964 3089 de
993 3031 1126 3087 Fide
1154 3029 1418 3086 tractandi
1451 3028 1600 3082 fratri
1623 3042 1780 3097 quem
1808 3024 2137 3093 alloquitur,

2241 1840 2524 1880 sermones
2552 1824 2879 1879 Arianorum
2929 1828 3266 1895 temporibus
3306 1826 3619 1881 conformes
3658 1837 3847 1882 osten-

2243 1920 2374 1974 dere
2419 1922 2542 1990 qnis
2588 1920 2823 1989 poterit?
2872 1920 3279 1975 Evidentissimo
3325 1920 3591 1991 siquidem
3638 1931 3718 1975 est
3760 1920 3849 1975 di-

2242 2029 2402 2068 versa
2430 2013 2700 2069 scribendi
2730 2015 2868 2070 ratio
2891 2015 3033 2070 inter
3056 2018 3114 2069 S.
3144 2015 3381 2070 Zenonis
3411 2015 3722 2079 Sermones,
3748 2015 3849 2069 ad-

2243 2106 2544 2175 ductosque
2570 2104 2887 2169 Athanasii,
2914 2116 2971 2161 et
3001 2107 3191 2161 Hilarii
3224 2119 3436 2170 textus,
3470 2122 3632 2176 quam
3660 2114 3715 2161 et
3745 2108 3849 2160 ob-

2242 2198 2435 2252 lcvatis
2460 2200 2631 2252 oculis
2652 2198 2880 2267 quisque
2908 2200 3224 2267 conspicere
3252 2207 3449 2265 potest.
3487 2197 3744 2252 Fatentur
3762 2198 3852 2266 ip-

2244 2289 2407 2345 sitnet
2437 2289 2782 2345 Veronenses
2811 2290 3268 2361 perspicacissimi
3303 2292 3649 2345 adnotatorcs
3678 2290 3847 2363 (Adn.

2244 2380 2337 2446 '56,
2368 2378 2432 2434 In
2463 2382 2579 2435 eod.
2617 2380 2705 2435 Tr.
2744 2398 2797 2447 ι,
2829 2382 2918 2435 lib.
2953 2383 3027 2451 t),
3061 2381 3118 2437 S.
3153 2381 3431 2437 Zenonem
3463 2390 3715 2435 tractatus
3748 2397 3853 2436 no-

2246 2475 2391 2529 mine
2440 2490 2543 2528 non
2595 2475 2872 2543 accepisse
2918 2475 3066 2529 Fidei
3118 2474 3799 2545 formulas,scttsymbola
3829 2518 3849 2542 ,

2244 2568 2333 2621 sed
2364 2571 2585 2639 fusiores
2625 2570 2969 2637 expositiones
3002 2567 3151 2623 Fidei
3170 2613 3179 2631 ,
3227 2570 3282 2622 in
3314 2568 3497 2639 quibus
3514 2584 3672 2639 'suam
3699 2569 3852 2637 quis-

2244 2676 2344 2728 que
2395 2659 2549 2713 Fidei
2592 2664 2893 2715 sententiam
2940 2662 3275 2730 argumentis,
3329 2669 3376 2715 et
3422 2660 3703 2714 rationibus
3748 2660 3856 2713 ad.

2244 2761 2441 2804 struere
2465 2763 2700 2815 conatur,
2729 2762 2786 2805 ut
2826 2769 2889 2807 ea:
2916 2761 3153 2807 contextu
3192 2753 3513 2822 exploratum
3542 2760 3633 2805 est.
3662 2751 3724 2805 lli
3756 2750 3858 2805 Fi-

2246 2844 2334 2897 dei
2388 2854 2679 2905 traetatns,
2716 2859 2813 2899 seu
2855 2844 3253 2913 disputationes
3296 2844 3366 2897 ab
3409 2859 3524 2897 arvo
3572 2844 3857 2897 nascentis

2246 2936 2510 2991 Ecclesiae
2539 2938 2589 2991 in
2620 2951 2716 2991 usu
2749 2936 2929 3002 fuere;
2961 2937 3086 3007 quid
3116 2952 3246 3007 ergo
3272 2937 3327 2992 S.
3357 2936 3587 2991 Zenonis
3615 2945 3853 2990 senten~

2247 3030 2335 3084 tiae
2362 3031 2427 3084 ad
2477 3032 2622 3086 Soles
2665 3032 2988 3086 Arianorum
3021 3030 3286 3085 formulas
3314 3029 3648 3085 roarctandte
3674 3039 3806 3082 sunt
3836 3071 3854 3095 ,

539 3128 861 3201 praescribit.
916 3126 1052 3183 Vide
1102 3123 1354 3180 eumdem
1407 3121 1724 3176 Tractatum
1784 3116 1928 3171 circa
1977 3117 2140 3170 linem
2169 3120 2215 3185 C
2248 3136 2369 3175 cum
2401 3122 2564 3176 nullae
2594 3123 2644 3175 in
2674 3122 2739 3176 iis
2785 3124 3108 3176 Arianorum
3140 3130 3446 3189 temporum
3492 3123 3861 3176 circumstan-

537 3241 688 3280 num.
716 3225 752 3280 ὕ
780 3236 832 3277 et
857 3223 910 3276 6.
938 3222 1069 3288 ρυλε
1100 3218 1280 3273 omnia
1308 3232 1432 3274 cum
1468 3215 1792 3269 tractatibus
1817 3220 2100 3267 auctorum
2122 3252 2138 3277 ,

538 3333 677 3389 quos
700 3331 860 3386 supra
893 3312 1314 3370 memoravimus
1338 3308 1597 3373 secundo,
1620 3314 1677 3361 et
1703 3305 1862 3359 tertio
1887 3302 2141 3357 Ecclesiae

541 3411 745 3467 stocqu
780 3408 1015 3463 exaratis
1042 3405 1365 3460 conveniant
1387 3443 1400 3467 ,
1442 3402 1586 3454 nulla
1618 3399 1756 3453 ratio
1785 3405 1870 3452 est
1900 3396 2040 3449 hunc
2074 3395 2138 3450 D.

541 3503 776 3558 Zenonis
827 3500 1149 3555 Sermonem
1200 3495 1265 3550 ad
1318 3493 1469 3547 Fidei
1509 3489 1768 3545 formulas
1809 3489 1877 3544 ab
1927 3487 2143 3541 Arionis

541 3596 718 3653 editas
757 3592 1067 3647 amandare.
1096 3590 1234 3656 Quin
1267 3588 1435 3640 satius
1464 3586 1674 3640 videtur
1700 3582 1848 3637 illum
1890 3582 2143 3650 Origenis

547 3697 797 3756 tempore
826 3684 1089 3751 scriptum
1125 3678 1282 3735 fateri
1305 3720 1319 3745 ,
1355 3681 1435 3733 vel
1471 3678 1570 3747 ipsi
1610 3674 1827 3747 Origeni
1871 3671 2145 3728 transmis-

545 3796 666 3834 sum
688 3820 703 3844 ,
736 3778 826 3847 qui
859 3788 1079 3845 propter
1109 3774 1331 3830 ulmimn
1371 3769 1730 3843 pltiiosotihiaa
1771 3768 2032 3830 studium,
2065 3772 2147 3819 tot

546 3870 823 3927 erroribus
867 3883 967 3922 sua
1009 3866 1267 3936 respersit
1297 3880 1484 3934 opera.
1538 3863 1745 3926 l‘otnit,
1777 3870 1830 3915 et
1882 3871 2002 3929 post
2031 3860 2146 3912 Ori-

547 3963 703 4034 genis
746 3969 973 4017 mortem
1023 3959 1182 4013 alicui
1227 3957 1568 4027 Origeniaote
1616 3953 1877 4009 doctrinm
1926 3952 2144 4007 addicto

547 4056 712 4113 scribi
748 4055 816 4109 ad
847 4054 992 4109 illius
1013 4054 1451 4108 instructionem.

619 4150 850 4205 Accedit
876 4148 1033 4203 tertia
1057 4186 1073 4213 ,
1100 4155 1155 4201 et
1195 4145 1386 4199 ultima
1418 4142 1558 4197 ratio
1610 4158 1623 4195 :
1671 4139 1884 4195 Nullam
1938 4137 2149 4193 scilicet

546 4240 1010 4299 circumstantiam
1039 4240 1093 4294 in
1123 4237 1225 4292 hoc
1257 4237 1314 4292 S.
1344 4234 1581 4292 Zenonis
1613 4242 1842 4290 tractato
1876 4231 2141 4299 reperiri,

546 4353 720 4409 neque
744 4336 799 4391 in
829 4335 1035 4400 aliis,ut
1060 4338 1113 4387 in
1141 4332 1227 4393 iis.
1261 4347 1380 4400 qua:
1402 4329 1662 4400 prolatnri
1684 4341 1894 4392 sumus,
1919 4326 2144 4397 patebit,

545 4447 667 4501 quae
731 4430 1044 4485 necessario
1091 4427 1262 4497 aptari
1300 4424 1501 4481 debeat
1566 4420 1895 4477 Arianorum
1941 4428 2148 4489 tempo-

547 4525 863 4688 Πὺὲἓῇτὶτὶ
892 4623 1084 4687 putant
1104 4652 1118 4673 ,
1148 4621 1205 4665 et
1230 4610 1450 4682 quidem
1480 4603 2155 4676 irrefragabiiesoAdnotaa

548 4729 698 4772 tores
722 4709 1068 4767 solertissimi
1097 4707 1446 4763 Veronenses
1471 4701 1631 4772 (Adn.
1662 4701 1755 4762 55,
1802 4700 1917 4753 eod.
1956 4697 2043 4751 Tr.
2080 4712 2147 4761 ll,

550 4810 586 4863 l.
623 4808 686 4878 ι).
727 4805 795 4860 Ut
841 4812 1013 4857 autem
1057 4799 1413 4870 intelligantur
1439 4810 1555 4861 quis
1597 4793 1661 4848 de
1688 4810 1816 4865 uago
1860 4793 2154 4861 incertoque

551 4899 707 4954 Fidei
757 4897 1072 4949 Arianorum
1134 4900 1272 4945 statu
1322 4891 1379 4943 id
1427 4888 1525 4943 loci
1566 4889 1861 4952 traduntur,
1901 4885 2155 4954 sitnatque

550 4990 885 5058 conﬁrmetur
908 4984 1137 5040 dilucide
1163 4983 1315 5038 hasce
1340 4981 1401 5038 S.
1436 4980 1660 5037 Zenonis
1680 4980 1956 5036 sententias
1978 5019 1992 5043 ,
2035 4993 2150 5030 cum

553 5086 711 5160 hujus
733 5078 977 5154 temporis
1002 5078 1219 5134 historia
1248 5074 1408 5148 probe
1435 5090 1745 5148 congruere,
1783 5071 1912 5127 adeo
1941 5080 1995 5124 ut
2021 5068 2152 5122 nihil

550 5175 720 5233 simile
748 5174 1102 5248 superioribus
1131 5170 1358 5235 saeculis,
1391 5165 1576 5238 quibus
1605 5168 1755 5223 illum
1796 5166 1983 5220 vixisse
2016 5177 2152 5215 non-

549 5270 685 5325 nulli
713 5269 1039 5334 existimant,
1069 5263 1248 5331 aﬁerri
1275 5271 1458 5333 queat,
1499 5262 1582 5314 cui
1624 5260 1733 5314 illa
1773 5272 2004 5328 peraeque
2047 5271 2155 5309 res-

550 5363 811 5438 pendeant
831 5402 846 5427 ,
877 5358 1147 5416 recitanda
1171 5367 1415 5428 putamus
1444 5354 1641 5423 aliquot
1681 5353 1906 5423 insignia
1932 5349 2153 5404 Patrum

551 5461 665 5514 loca
684 5501 696 5520 ,
728 5471 847 5527 quia
874 5472 987 5509 cum
1018 5451 1258 5522 prorsenti
1285 5447 1509 5517 miriﬁce
1552 5445 1828 5499 concinunt
1883 5444 2019 5497 Tum
2044 5442 2154 5497 duo

548 5552 788 5620 allegant
833 5545 890 5600 S.
921 5541 1209 5602 Athanasii
1240 5550 1445 5605 textus,
1491 5547 1546 5592 et
1568 5538 1626 5592 S.
1661 5535 1850 5591 Hilarii
1877 5549 2064 5589 unum.
2096 5534 2151 5589 lu

540 5639 597 5694 8.
632 5635 911 5696 Athanasii
933 5634 1181 5695 adducto
1211 5640 1359 5689 textu
1388 5636 1888 5687 commemorantur
1913 5627 2151 5693 decreto,

526 5742 584 5789 et
613 5735 912 5793 conventus
938 5740 984 5795 Α
995 5729 1311 5786 riauorutn.
1350 5725 1462 5783 Nec
1490 5734 1657 5781 tamen
1678 5723 1789 5778 suis
1817 5721 2033 5777 decretis
2053 5721 2155 5792 ipsi

2249 3219 2337 3269 tite
2367 3216 2593 3271 inveniri
2640 3215 2883 3286 possint?
2920 3218 3029 3271 lloc
3078 3217 3197 3271 sine
3242 3225 3429 3286 aperta
3471 3216 3525 3271 vi
3572 3215 3685 3269 fieri
3736 3232 3858 3271 noti

2249 3323 2409 3376 posse
2437 3310 2638 3364 dicam.
2666 3308 3085 3364 Circumstantia
3114 3324 3345 3379 namque
3390 3309 3479 3363 illa
3507 3308 3573 3363 de
3600 3308 3863 3362 multitu-

2249 3402 2376 3456 dine
2404 3401 2758 3457 formularum
2792 3403 2983 3469 Fidei,
3025 3418 3327 3472 eorumque
3355 3403 3738 3456 contrarietate
3767 3402 3862 3454 in—

2251 3503 2333 3549 ter
2360 3496 2473 3550 Arii
2498 3507 2797 3550 sectatores
2827 3496 2900 3550 nil
2929 3494 3143 3565 quidem
3176 3496 3399 3551 revelat.
3444 3496 3577 3550 Cum
3605 3494 3662 3548 S.
3696 3492 3864 3549 Zeno

2250 3586 2384 3653 ipsis
2409 3586 2757 3653 opinantibus
2789 3587 3028 3641 Dominis
3060 3586 3365 3641 Balleriniis
3402 3601 3511 3640 non
3543 3586 3611 3639 de
3636 3585 3867 3639 brevio-

2250 3680 2400 3733 ribus
2445 3681 2690 3733 formulis
2731 3681 2798 3733 ad
2843 3681 3013 3733 instar
3046 3679 3317 3750 symboli,
3363 3680 3523 3734 sicuti
3554 3688 3708 3732 erant
3740 3679 3862 3730 ior-

2251 3772 2413 3826 molte
2438 3771 2795 3836 Arianorum,
2826 3775 2923 3829 sed
2970 3773 3266 3829 fusioribns
3312 3771 3462 3828 Fidei
3491 3772 3857 3842 expositioni-

2252 3863 2351 3916 bus
2378 3873 2519 3933 agat.
2551 3863 2757 3918 Horum
2795 3881 2925 3921 vero
2956 3875 3285 3920 tractatuum
3316 3867 3458 3919 circa
3492 3864 3675 3919 Fidem
3706 3866 3861 3919 tnnl-

2252 3955 2536 4010 titudinem
2587 3971 2719 4012 sane
2751 3960 3012 4027 majorem
3063 3957 3205 4012 inter
3249 3957 3540 4013 Gnosticos
3577 3956 3763 4021 fuisse,
3797 3966 3865 4012 et

2254 4046 2662 4104 Valentinianus
2694 4050 3074 4105 Ecclesiastica
3126 4050 3356 4104 llistoria
3407 4058 3676 4104 recenset.
3705 4048 3865 4103 Satis

2254 4143 2434 4211 itaque
2475 4158 2750 4213 superque
2790 4145 3093 4200 ostendisse
3133 4146 3480 4209 arbitramur,
3537 4142 3735 4196 nullam
3765 4141 3866 4196 itt-

2252 4235 2511 4290 cumbere
2534 4237 2913 4292 necessitatem
2934 4238 2993 4294 S.
3017 4236 3256 4292 Zenonis
3283 4238 3580 4293 sententias
3601 4237 3667 4291 ad
3698 4239 3867 4290 Aria-

2254 4343 2446 4383 norum
2480 4336 2725 4398 tempora
2752 4332 3015 4400 rejicere:
3045 4332 3184 4400 Quin
3215 4347 3336 4388 cum
3367 4329 3617 4399 Origenis
3645 4343 3864 4400 tempo-

2254 4422 2403 4478 ribus
2433 4424 2677 4493 apprime
2704 4428 3071 4489 conveniant,
3116 4426 3333 4496 Origeni
3369 4425 3547 4495 potius
3584 4424 3863 4480 directum

2179 4516 2235 4577 D
2262 4514 2404 4569 hunc
2438 4517 2670 4585 primum
2708 4518 2777 4571 de
2806 4517 2940 4573 Fide
2971 4518 3279 4572 Tractatum
3312 4518 3512 4572 saniori
3560 4516 3864 4587 utiqueju-

2256 4606 2399 4662 dicio
2447 4608 2824 4663 aflirmandnm
2871 4620 2974 4665 est.
3024 4610 3120 4665 (ini
3173 4610 3302 4664 nihil
3346 4610 3402 4664 in
3453 4609 3556 4665 hoc
3599 4609 3861 4664 Tractatu

2257 4701 2611 4765 discordans;
2650 4701 2778 4771 quin
2822 4703 2929 4757 imo
2970 4701 3167 4758 mirum
3204 4703 3259 4759 in
3296 4704 3516 4758 modum
3541 4703 3865 4759 consentire

2255 4795 2435 4847 omnia
2465 4810 2533 4849 ex
2560 4796 2622 4847 iis
2643 4835 2658 4861 ,
2691 4812 2811 4865 qtttc
2838 4796 2980 4850 dicta
3009 4807 3152 4859 sunt,
3180 4796 3337 4851 facile
3363 4807 3445 4851 est
3472 4796 3708 4867 Opinari.

2329 4888 2446 4938 Alia
2479 4888 2643 4940 multa
2679 4890 2923 4957 proferto
2946 4899 3102 4955 sunt,
3148 4905 3268 4959 qua:
3306 4901 3416 4943 tttm
3468 4892 3520 4943 in
3564 4890 3697 4955 hoc,
3741 4897 3863 4947 tum

2258 4976 2311 5031 in
2338 4978 2560 5048 reliquis
2589 4977 2647 5035 S.
2682 4978 2923 5036 Zenonis
2958 4981 3302 5036 Tractatibus
3338 4981 3626 5036 clarissimi
3674 4982 3867 5036 Adno-

2260 5080 2466 5125 tatorcs
2492 5071 2558 5125 ad
2592 5073 2822 5128 Arianos
2850 5076 3086 5136 trahunt,
3116 5080 3175 5129 et
3193 5076 3436 5129 secundo
3472 5076 3666 5128 horutu
3692 5075 3860 5130 Trac-

2252 5171 2459 5220 tatnutn
2488 5167 2630 5222 libro
2669 5168 2883 5222 titulum
2915 5209 2929 5232 ,
2965 5167 3157 5222 Contra
3188 5169 3430 5233 Arianos,
3480 5167 3586 5238 ipsi
3636 5170 3865 5223 confine

2254 5267 2408 5327 gout.
2458 5261 2528 5313 At
2574 5259 2624 5313 itt
2681 5261 2746 5314 iis
2786 5260 3045 5315 onmihus
3071 5260 3433 5316 eruditionem
3462 5261 3682 5330 quidem
3727 5262 3865 5317 satis

2258 5350 2617 5421 prmcipnatn;
2650 5352 2699 5405 in
2728 5353 3266 5423 interpretationibus
3290 5369 3453 5420 vero,
3483 5369 3603 5424 qua:
3634 5354 3748 5408 Arii
3773 5371 3867 5410 er-

2258 5460 2447 5512 rores,
2501 5461 2565 5500 ac
2615 5456 2857 5516 tempora
2903 5460 3239 5503 concentum
3287 5449 3571 5504 arbitrium
3630 5448 3815 5520 potius
3846 5490 3864 5517 ,

2257 5552 2416 5607 quam
2447 5538 2740 5608 genuinum
2772 5540 2838 5594 D.
2869 5537 3110 5595 Zenonis
3135 5555 3350 5595 sensum
3373 5542 3751 5611 deprehendet
3780 5553 3870 5599 at-

2258 5640 2434 5685 tentus
2467 5632 2652 5687 lector.

2260 5724 2286 5793 ἓ
2316 5723 2480 5779 XXII.
2513 5722 2591 5778 De
2616 5724 2841 5783 Zenonis
2866 5727 3126 5797 doctrina,
3160 5730 3308 5799 quasi
3338 5728 3689 5783 Arianismutn
3720 5733 3871 5789 olens
