4198 6160
564 234 670 294 679

1684 236 1772 292 DE
1811 236 2060 294 SANCTI
2096 236 2391 297 ZENONIS
2430 238 2700 298 EPOCIIA

3761 255 3853 312 680

580 350 722 405 deret
743 391 757 414 ,
790 351 957 438 sedgut
984 351 1210 405 duorum
1237 367 1398 406 unam
1426 350 1721 409 Divinitatis
1742 396 1756 419 ,
1789 355 2170 427 Potestatisgue
2197 360 2249 419 Α
2275 360 2638 419 disductinnis
2675 377 2837 420 causa
2879 363 3077 420 iterum
3109 364 3305 422 alierre
3331 376 3694 438 opportunum
3724 374 3857 430 vide-

580 461 690 499 esse
737 432 1175 512 Omnipotentiam
1206 461 1298 498 nos
1321 445 1543 501 doceret.
1590 446 1695 518 (S.
1728 447 1889 504 Zeno.
1922 450 1977 502 d.
2022 450 2061 504 l.
2105 466 2175 514 tt,

580 534 674 591 Tr.
705 551 798 600 vn,
828 552 973 589 num.
995 534 1081 606 2.)
1109 535 1379 591 Personas
1399 541 1645 609 agnoscit
1668 520 1827 609 datis,
1853 539 2095 607 Patrem,
2125 550 2181 595 et

584 632 776 688 Filium
811 633 867 687 itt
897 645 1004 687 una
1036 632 1321 706 Originalis
1342 632 1697 709 perpetuitatis
1722 655 1782 692 ac
1809 636 2031 693 Deitatis
2056 639 2183 693 sub-

580 726 792 781 stantia.
820 724 1153 797 Originalem
1184 727 1368 799 itaque
1398 733 1817 801 perpetuitatem
1851 741 1958 787 tam
1990 733 2041 787 in
2070 732 2183 788 dis-

582 820 842 876 tinctione
874 820 1232 878 Personarum
1256 864 1272 890 ,
1305 839 1467 895 quam
1510 825 1564 879 in
1610 826 1818 883 unitate
1861 828 2181 883 substantia:

579 912 780 969 fatetur
807 913 873 969 D.
904 912 1075 969 Zeno.

650 1010 721 1062 At
763 1007 895 1063 illud
928 1009 1199 1078 prtecipue
1226 1009 1292 1063 ad
1323 1009 1378 1068 S.
1413 1009 1650 1067 Zenonis
1679 1011 1747 1066 de
1790 1011 1889 1068 SS.
1918 1012 2182 1067 Trinitate

579 1102 846 1157 sinceram
876 1103 1292 1160 discernendam
1324 1104 1629 1161 doctrinam
1676 1115 1763 1163 est
1803 1107 2136 1163 atl‘erendum
2163 1147 2179 1171 ,

578 1194 720 1265 quod
758 1194 967 1263 profert
1002 1205 1230 1251 tractatu
1268 1196 1446 1265 primo
1488 1198 1733 1266 ejusdem
1783 1198 2008 1253 secundi
2054 1196 2181 1251 libri

577 1285 647 1341 de
677 1287 987 1357 aequalitate
1016 1288 1193 1343 Patris
1214 1330 1227 1354 ,
1260 1288 1384 1343 Filii
1411 1330 1425 1353 ,
1455 1298 1510 1344 et
1540 1289 1777 1359 Spiritus
1806 1291 2013 1346 Sancti.
2041 1288 2183 1344 Inte-

578 1395 734 1451 grum
790 1380 1174 1437 exscribimus.
1232 1383 1507 1453 Agnoscat
1557 1383 1730 1438 lector
1780 1384 1969 1453 primis
2016 1384 2179 1439 etiam

581 1472 844 1529 Ecclesite
874 1475 1209 1543 temporibus
1231 1474 1530 1544 perfectam
1554 1475 1623 1532 de
1650 1476 1909 1548 Mysterio
1933 1474 2028 1531 SS.
2056 1474 2181 1530 Tri-

581 1567 766 1623 nitatis
794 1565 1044 1623 ﬂoruisse
1087 1568 1355 1623 notitiam.
1412 1567 1653 1623 Carnalis
1692 1569 1875 1623 mentis
1909 1568 2139 1623 homines
2164 1609 2179 1634 ,

580 1664 769 1733 fratres
805 1659 1160 1726 dilectissimi,
1210 1660 1516 1715 scandalum
1552 1660 1842 1733 patiuntur,
1877 1676 1981 1713 non
2009 1660 2181 1713 studio

2284 462 2387 508 tur.
2423 453 2771 523 Principiunt,
2801 455 3035 521 Fratres,
3068 457 3325 515 Dominus
3363 473 3536 517 noster
3563 463 3856 523 incontanter

2280 556 2351 598 est
2374 543 2609 602 Christus
2640 564 2659 602 :
2688 564 2835 619 quem
2858 559 2977 604 ante
3006 551 3181 605 omnia
3199 552 3391 607 stecula
3416 551 3574 608 Pater
3597 556 3754 612 adhuc
3775 569 3854 613 ut-

2282 651 2499 703 cumque
2538 638 2591 691 in
2622 640 2893 711 semetipso
2924 638 3064 695 Deus
3083 683 3097 706 ,
3133 640 3310 698 Beata:
3336 647 3685 714 perpetuitatis
3709 649 3857 705 indis-

2283 738 2421 782 creta
2457 728 2690 799 Spiritus
2730 731 3080 800 plenitudine,
3119 736 3291 789 nescio
3325 753 3425 807 qua
3451 754 3547 791 sua
3573 741 3860 797 conscientia

2283 820 2525 887 velatum,
2554 819 2684 877 Filii
2715 839 2815 877 non
2836 825 2946 879 sine
2970 823 3183 893 alfectu,
3215 827 3304 883 sed
3327 829 3437 884 sine
3455 829 3742 888 discrimine
3759 850 3859 888 ant-

2284 912 2615 981 plectebatur.
2661 914 2769 969 Sed
2798 918 3232 988 excogitatarum,
3264 931 3318 974 ut
3346 922 3579 978 ordinem
3610 925 3862 983 instrueret

2282 1022 2493 1069 rerum,
2548 1007 2823 1075 ine/rabilis
2863 1011 2957 1066 illa
2991 1011 3171 1068 Virtus
3196 1056 3209 1079 ,
3260 1015 3863 1091 incomprehensibilisque

2284 1097 2566 1153 substantia
2604 1115 2632 1154 e
2670 1102 2878 1173 regione
2915 1104 3085 1159 cordis
3123 1115 3319 1161 eructat
3359 1106 3599 1163 Verbum.
3629 1108 3860 1184 Omnipo-

2285 1192 2443 1246 tentia
2462 1208 2516 1245 se
2543 1204 2813 1266 propagat.
2849 1193 2925 1250 De
2945 1193 3053 1250 Deo
3073 1199 3304 1252 nascitur
3326 1198 3488 1267 Deus,
3517 1211 3677 1256 totunt
3699 1202 3861 1259 Patris

2284 1282 2507 1347 habens,
2548 1284 2680 1340 nihil
2719 1288 2977 1361 der0gans
3028 1288 3213 1357 Patri,
3256 1302 3362 1347 etc.
3407 1292 3675 1359 Quomodo
3710 1307 3864 1351 autent

2284 1394 2562 1456 generatus
2586 1386 2673 1451 sit,
2697 1387 2784 1457 qui
2807 1389 3075 1452 processit,
3101 1389 3349 1444 dementis
3368 1402 3445 1447 est
3463 1393 3684 1459 opinari.
3713 1392 3761 1447 Ν
3765 1410 3865 1447 ant-

2285 1491 2381 1545 que
2408 1485 2656 1548 temperat
2678 1494 2730 1531 se
2752 1489 2961 1551 propter
2989 1496 3159 1533 rerum
3186 1492 3427 1537 naturam
3456 1481 3650 1547 Filius,
3687 1502 3748 1539 ne
3770 1484 3866 1540 ᾹΣ-

2287 1576 2445 1622 ternte
2468 1568 2758 1644 .llajestatis
2780 1570 3061 1626 Dominum
3085 1589 3183 1627 non
3206 1574 3364 1643 possit
3392 1575 3573 1630 mundi
3601 1576 3742 1631 istius
3768 1593 3868 1631 me-

2286 1659 2533 1715 diocritas
2574 1664 2848 1719 sustinere.
2890 1662 3018 1718 Cunt
3072 1667 3293 1736 imperat
3329 1665 3491 1723 Pater
3527 1668 3697 1724 orbem
3734 1669 3866 1739 ﬁeri,

578 1751 869 1819 noscendae,
902 1750 992 1805 sed
1032 1751 1348 1819 frustrandis
1381 1753 1629 1816 reritatis,
1669 1752 1867 1820 quoties
1902 1750 2042 1806 Deus
2080 1749 2182 1805 Dei
2215 1741 2259 1802 Β
2287 1770 2418 1825 opus
2449 1771 2564 1808 cum
2595 1756 2732 1811 dicto
2759 1758 3045 1828 completur
3069 1776 3102 1812 a
3124 1756 3287 1815 Filio.

582 1844 786 1912 Filius,
823 1846 913 1917 qui
942 1844 1120 1902 Patris
1148 1850 1379 1901 maxima
1412 1857 1486 1904 est
1515 1849 1702 1921 gloria,
1739 1847 1952 1917 aqualis
1979 1845 2182 1901 Patria

581 1938 862 1995 Catholicis
888 1981 903 2007 ,
942 1941 1277 2011 prtvdicatur.
1315 1940 1549 2012 Denique
1589 1942 1707 1995 inde
1741 1951 1836 2008 est,
1876 1941 2015 2011 quod
2057 1940 2182 2013 legis

578 2035 918 2105 fundamenta
946 2044 1256 2103 temnentes,
1296 2044 1496 2089 versuta
1534 2035 1919 2104 disputatione,
1966 2045 2185 2103 printer-

580 2128 735 2183 misso
764 2126 875 2182 Deo
903 2127 967 2180 de
1002 2126 1116 2182 Deo
1140 2136 1362 2182 exeunte
1384 2167 1402 2194 ,
1430 2127 1498 2181 ad
1528 2128 1821 2181 communia
1849 2127 2185 2182 humanitatis

552 2209 812 2286 -nomina,
838 2237 955 2290 qua:
976 2230 1188 2291 possunt
1213 2219 1529 2295 argumentis
1557 2220 1739 2294 attingi
1770 2219 1943 2274 Patris
1974 2230 2019 2274 et
2055 2218 2183 2273 Filii

582 2316 848 2388 festinant,
878 2332 971 2370 nec
992 2315 1309 2389 intelligunt,
1332 2316 1454 2384 quia
1478 2315 1534 2369 in
1555 2314 1768 2369 exordio
1798 2314 2042 2369 carminis
2074 2312 2180 2369 Sa-

581 2408 677 2475 cri,
708 2405 847 2462 Deus
869 2408 933 2462 de
959 2405 1070 2461 Deo
1100 2424 1195 2461 sua
1222 2406 1319 2461 sibi
1341 2416 1386 2462 et
1411 2405 1714 2473 Divinitate,
1738 2416 1785 2460 et
1812 2407 2017 2461 nomine
2039 2422 2179 2460 coms

580 2510 793 2574 paratus
820 2543 835 2569 ,
870 2517 1045 2557 omnes
1082 2499 1297 2555 humani
1338 2517 1517 2556 sensus
1558 2501 1881 2570 cpittationes
1915 2500 2181 2565 excludit,

580 2598 772 2669 quippe
793 2612 910 2651 cum
936 2595 1109 2651 dicat:
1136 2613 1155 2646 ι
1180 2594 1466 2650 Faciamus
1494 2594 1768 2650 hominem
1794 2594 1860 2649 ad
1892 2595 2184 2665 imaginem

582 2701 637 2744 et
665 2689 1076 2745 similitudinem
1097 2699 1399 2755 nostram,»
1437 2706 1539 2743 non
1559 2689 1749 2759 inquit,
1777 2685 1891 2742 Fac
1918 2690 1985 2742 ad
2016 2698 2181 2753 luant,

580 2781 671 2836 sed
693 2782 767 2835 ait
803 2800 822 2834 t
858 2780 1149 2836 Faciamus
1178 2778 1243 2833 ad
1268 2788 1530 2847 nostram,
1569 2800 1589 2832 ι
1624 2796 1687 2834 ne
1708 2796 1861 2850 quant
1889 2777 2060 2835 Filius
2087 2780 2182 2834 lto-

582 2876 771 2930 minem
797 2876 1075 2930 induturus
1115 2873 1224 2941 pati
1250 2874 1512 2927 videretur
1559 2874 1809 2944 injuriam
1836 2912 1849 2926 .
1883 2871 2148 2927 Videtisne
2167 2913 2181 2938 ,

584 2967 800 3024 Fratres
823 2968 1176 3035 dilectissimi,
1203 2968 1328 3039 quia
1358 2968 1534 3022 nullus
1562 2977 1734 3022 exerte
1760 2969 1844 3021 hic
1863 2968 2017 3022 alteri
2037 2968 2186 3045 jubet

580 3063 633 3116 in
669 3077 854 3133 opere,
885 3062 1062 3118 nullus
1104 3062 1299 3117 otiosus
1338 3070 1432 3116 est.
1469 3061 1514 3115 0
1552 3061 1747 3117 Sancta
1786 3061 2083 3128 inqualitas,
2122 3076 2183 3114 ac

2356 1846 2637 1903 Secundus
2663 1858 2843 1904 textus
2870 1865 2899 1903 a
2920 1850 3143 1906 Patavio
3173 1862 3408 1908 notatus.
3440 1852 3608 1922 Quem
3637 1853 3868 1925 (Filium)

2283 1949 2402 1993 ante
2444 1942 2619 1995 omnia
2654 1943 2844 1995 saecula
2878 1941 3033 1997 Pater
3062 1943 3116 1997 in
3150 1944 3408 2014 profundo
3437 1961 3549 1999 sua:
3585 1946 3759 2002 mentis
3790 1959 3870 1997 ar-

2284 2048 2412 2087 cano
2437 2033 2796 2105 insuspicabili
2833 2052 2895 2089 ac
2931 2036 3026 2090 sibi
3067 2037 3164 2090 soli
3201 2046 3321 2090 nota
3361 2038 3712 2104 conscientia,
3752 2036 3869 2092 Filii

2285 2138 2387 2176 non
2426 2112 2536 2177 sine
2568 2123 2777 2190 a/fectu,
2817 2127 2910 2181 sed
2953 2126 3068 2181 sine
3107 2128 3415 2183 revelamine
3453 2128 3866 2202 amplectebatur.

2286 2211 2458 2284 Igitur
2512 2213 2793 2283 ineﬂ'abilis
2819 2218 2920 2271 illa
2943 2218 3595 2292 incomprehensibilisque
3620 2221 3872 2294 Sapientia

2288 2305 2631 2379 Sapientiam,
2668 2308 3052 2381 Ontnipotentia
3108 2310 3557 2380 Omnipotentiam
3588 2322 3828 2385 propagat
3855 2328 3871 2366 :

2290 2397 2368 2452 De
2401 2398 2514 2453 Deo
2549 2402 2779 2455 nascitur
2806 2400 2991 2469 Deus;
3035 2403 3110 2457 De
3148 2402 3391 2475 lngenito
3428 2405 3771 2478 Unigenitus;
3807 2405 3872 2460 De

2284 2492 2396 2546 solo
2432 2493 2607 2558 solus;
2639 2492 2714 2547 De
2740 2502 2846 2549 toto
2876 2504 3045 2561 totus;
3079 2494 3159 2550 De
3193 2513 3310 2551 vero
3329 2513 3520 2561 uerus;
3555 2496 3631 2553 De
3664 2500 3872 2568 perfecto

2288 2589 2543 2654 perfectus
2576 2601 2594 2639 :
2626 2584 2816 2639 Totum
2853 2585 3031 2641 Patris
3065 2588 3287 2653 habens,
3322 2589 3458 2643 nihil
3486 2589 3743 2661 derogans
3779 2587 3874 2643 Pa-

2286 2678 2375 2740 tri,
2405 2678 2632 2749 procedit
2663 2678 2715 2731 in
2740 2679 3075 2743 natiuitatem,
3106 2679 3194 2748 qui
3214 2689 3324 2734 erat
3345 2689 3628 2749 antequam
3657 2694 3872 2735 nascere.

2288 2778 2372 2823 tur
2400 2770 2455 2823 in
2483 2768 2659 2823 Patre.
2685 2770 2892 2839 Quibus
2920 2771 3100 2826 verbis
3136 2771 3409 2828 subinfert
3436 2774 3687 2829 Petavius
3710 2789 3721 2825 :
3747 2770 3872 2841 Ergo

2287 2859 2485 2916 Filium
2515 2872 2791 2934 antequam
2811 2881 2843 2917 a
2862 2862 3022 2917 Patre
3045 2864 3364 2937 gigneretur,
3394 2867 3451 2920 in
3481 2865 3647 2921 Patre
3665 2864 3875 2921 extitisse

2284 2955 2543 3027 signi/icat
2564 2971 2582 3008 :
2614 2957 2876 3027 generatio
2903 2972 3041 3021 vero,
3074 2965 3124 3011 et
3144 2958 3387 3013 nativitas
3417 2959 3518 3029 fuit
3549 2976 3663 3015 cum
3686 2974 3761 3013 res
3781 2972 3872 3011 out-

2289 3064 2375 3102 nes
2404 3064 2676 3117 procreare
2702 3050 2879 3116 voluit,
2915 3050 3052 3120 quod
3080 3051 3136 3104 in
3174 3052 3403 3105 secundo
3443 3069 3684 3109 sermone
3716 3051 3874 3104 decla-

579 3154 678 3209 sibi
703 3124 803 3210 soli
831 3124 1138 3230 dignissima
1166 3154 1449 3208 individua:
1480 3152 1742 3209 Deitatis!
1770 3124 1917 3209 Unus
1944 3153 2094 3207 homo
2118 3153 2186 3206 ad
2212 3124 2259 3187 Ο
2291 3152 2371 3196 ναι
2399 3158 2416 3197 -'
2446 3161 2464 3195 ι
2487 3142 2654 3213 Cujus
2690 3160 2756 3198 ex
2783 3158 2900 3210 ore,
2932 3154 2991 3199 ιιι
3021 3160 3206 3201 rerum
3237 3145 3463 3215 Natura,
3485 3164 3615 3217 qua:
3643 3163 3745 3203 non
3774 3151 3879 3200 erat

580 3249 800 3304 duorum
821 3250 1122 3323 imaginem,
1143 3257 1190 3302 et
1212 3247 1604 3302 similitudinem
1632 3248 1868 3320 ﬁngitur,
1900 3263 1991 3301 nec
2016 3255 2185 3300 tamen

579 3339 633 3394 in
658 3340 840 3408 ecquid
861 3342 1012 3412 cujus
1034 3341 1098 3395 sit
1118 3340 1485 3395 invenitur.'Si
1505 3340 1664 3413 igitur
1686 3341 1737 3392 in
1766 3354 1920 3409 opere
1943 3346 2186 3392 extraneo

583 3433 780 3503 paritas
810 3448 959 3485 sacra
982 3432 1230 3503 distingui
1248 3448 1351 3486 non
1380 3441 1569 3499 potest,
1602 3431 1741 3486 Deus
1768 3430 1822 3482 in
1848 3430 1954 3483 alio
1975 3445 2029 3483 se
2052 3430 2188 3499 infe-

582 3528 691 3581 rior
716 3542 826 3581 esse
849 3524 1281 3597 quemadmodum
1314 3524 1518 3595 potest?
1551 3523 1817 3590 Quidquid
1843 3524 1977 3577 enim
2008 3523 2096 3576 uni
2126 3539 2189 3577 ea:

581 3619 781 3675 duobus
807 3618 1085 3673 indiscrete
1108 3618 1163 3671 in
1189 3616 1425 3671 omnibus
1452 3615 1652 3672 sibimet
1689 3614 2054 3671 simulantibus
2092 3615 2186 3670 de-

580 3710 819 3774 traxeris,
852 3709 937 3764 cui
966 3709 1254 3764 detraxeris
1281 3707 1467 3763 nescis.

654 3801 723 3857 At
776 3801 867 3856 ille
921 3803 1004 3857 cui
1048 3803 1283 3875 jubetur,
1337 3809 1430 3866 est,
1480 3802 1673 3872 inquis,
1746 3802 1982 3873 inferior.
2043 3801 2186 3869 Quid

579 3895 720 3968 quod
747 3894 867 3950 inde
890 3912 994 3949 non
1012 3912 1121 3951 esse
1144 3894 1463 3966 approbatur
1483 3895 1721 3967 inferior,
1753 3896 1877 3965 quia
1904 3893 2042 3948 unde
2068 3911 2187 3965 pro-

579 3988 731 4043 cessit
785 3985 997 4043 Paterni
1043 3988 1215 4043 cordis
1261 3998 1335 4044 est
1385 3997 1667 4053 executor;
1699 4004 1803 4042 non
1843 3987 1975 4042 enim
2019 3987 2188 4042 minus

580 4091 657 4139 est
684 4085 854 4153 facere
884 4098 1071 4155 magna
1093 4122 1110 4148 ,
1139 4098 1296 4153 quam
1324 4082 1516 4139 dicere.
1555 4081 1820 4150 Quamvis,
1849 4090 1895 4135 et
1916 4080 2053 4151 quod
2078 4079 2188 4134 dic-

581 4183 691 4230 tum
734 4184 808 4229 est
829 4174 1073 4244 aPatre,
1116 4177 1195 4231 vel
1221 4176 1325 4230 dici
1352 4186 1553 4248 potest,
1584 4183 1633 4229 et
1656 4173 1796 4246 quod
1833 4175 2027 4245 factum
2053 4183 2127 4228 est
2157 4192 2189 4228 a

579 4263 745 4332 Filio,
789 4268 870 4323 vel
893 4268 1010 4336 ﬁeri
1035 4277 1201 4339 potest
1228 4269 1339 4323 sine
1365 4268 1663 4342 dignatione
1693 4264 1923 4322 Paterna
1960 4284 2063 4323 non
2092 4277 2187 4335 est,

580 4365 702 4436 quia
729 4361 906 4418 Filius
928 4365 1038 4419 sine
1069 4362 1234 4418 Patre
1260 4380 1362 4419 non
1393 4373 1466 4418 est
1496 4364 1609 4436 ipso
1639 4363 1962 4418 dicente.....
1988 4363 2045 4418 Si
2078 4378 2187 4417 non

578 4457 721 4513 facio
754 4458 889 4514 facta
924 4458 1100 4515 Patris
1131 4457 1259 4522 mei,
1294 4458 1464 4515 nolite
1512 4458 1643 4513 mibi
1673 4458 1900 4513 credere
1945 4475 1959 4511 :
2006 4456 2100 4512 sed
2140 4455 2185 4511 si

2294 3234 2606 3306 fingeretur,
2636 3236 2871 3306 prodirit
2902 3236 3224 3309 Unigenitus
3250 3238 3420 3295 Filius
3445 3242 3634 3297 cordis
3658 3240 3769 3311 ejus
3797 3252 3879 3293 no-

2291 3328 2415 3383 bilis
2447 3329 2742 3399 inquilinus
2764 3372 2780 3397 ,
2824 3346 2889 3385 ex
2935 3330 3063 3387 inde
3090 3331 3320 3388 visibilis
3358 3333 3617 3403 eﬂ'ectus,
3645 3334 3765 3406 quia
3790 3330 3879 3385 lut-

2292 3436 2507 3475 ntauutn
2535 3437 2707 3493 genus
2731 3422 3047 3479 risitaturus
3073 3435 3212 3492 erat,
3244 3436 3388 3482 etc.s

2365 3515 2616 3571 Petavius
2640 3516 2821 3586 itaque
2842 3517 2977 3574 duas
3005 3518 3056 3573 in
3078 3518 3296 3574 Christo
3325 3520 3563 3579 Domino
3582 3520 3877 3578 Nativitates

2294 3608 2351 3665 S.
2384 3608 2658 3665 Zenonem
2689 3612 2979 3681 agnovisse
3009 3612 3209 3669 fatetur
3241 3631 3254 3667 :
3294 3614 3530 3684 primam
3559 3614 3798 3672 eumdem
3825 3610 3877 3667 S.

2294 3708 2580 3764 Ductorem
2623 3710 2936 3779 assignasse
2968 3720 3118 3781 putat
3147 3727 3253 3766 non
3293 3721 3566 3769 a-ternam
3588 3754 3603 3777 ,
3644 3713 3736 3768 sed
3768 3722 3876 3766 cum

2292 3818 2380 3859 res
2407 3819 2597 3859 omnes
2626 3819 2918 3873 procreare
2948 3807 3117 3861 voluit
3149 3825 3161 3858 :
3198 3807 3388 3878 sicque
3414 3807 3616 3865 Filium
3652 3824 3717 3864 ex
3757 3805 3881 3860 omni

2290 3880 2574 3953 a’tcrnitdte
2618 3898 2671 3951 in
2710 3897 2886 3953 Patris
2915 3900 3032 3953 sinu
3054 3941 3069 3966 ,
3104 3908 3152 3953 et
3179 3902 3402 3954 essentia
3442 3904 3604 3958 veluti
3642 3899 3876 3955 indiscre-

2292 3999 2420 4054 tum,
2454 4000 2500 4045 et
2526 3990 2747 4061 afﬁxam
2775 3992 2984 4047 hasisse
3014 4010 3031 4046 :
3062 3992 3419 4049 lndiscretunt
3454 3995 3715 4051 videlicet
3736 4009 3763 4048 a
3791 3991 3880 4045 Pa.

2291 4085 2387 4139 tris
2412 4084 2651 4140 Persona
2679 4100 2784 4141 non
2808 4085 3141 4150 distinctum,
3175 4102 3353 4159 neque
3382 4090 3661 4161 propriam
3689 4086 3877 4159 hypos-

2289 4175 2447 4231 tasim
2486 4175 2737 4233 habuisse
2777 4186 2903 4233 ante
2926 4193 3108 4234 rerum
3154 4179 3517 4237 creationem.
3552 4182 3625 4237 At
3661 4179 3717 4236 S.
3746 4176 3881 4231 Zeno

2291 4270 2372 4343 (ut
2396 4270 2600 4338 optime
2631 4280 2899 4340 reponunt
2925 4270 3110 4326 eximii
3134 4269 3446 4340 Ballerinii)
3473 4273 3705 4345 primam
3737 4265 3878 4323 Verbi

2290 4363 2627 4419 nativitatem
2654 4374 2912 4419 aeternam
2945 4365 3162 4431 asserit,
3195 4365 3341 4436 quod
3373 4381 3443 4421 ex
3477 4366 3653 4437 ipsius
3680 4373 3883 4420 senten-

2290 4456 2363 4511 tia
2409 4455 2713 4511 luculenter
2755 4457 3081 4512 ostenditur.
3127 4456 3207 4512 En
3258 4456 3316 4513 S.
3372 4458 3628 4515 Doetoris
3673 4455 3826 4511 verba
3864 4466 3877 4502 :

580 4548 713 4605 mihi
737 4549 963 4606 credere
990 4567 1097 4607 non
1123 4551 1308 4619 vultis,
1339 4550 1495 4606 factis
1517 4550 1745 4615 credite,
1772 4558 1828 4605 et
1849 4551 2183 4619 cognoscite,
2209 4518 2264 4578 D
2293 4548 2619 4619 Quapropter
2644 4548 2775 4602 duas
2812 4565 2920 4603 esse
2962 4550 3250 4604 nativitates
3280 4549 3495 4607 Domini
3540 4550 3726 4606 Nostri
3762 4545 3879 4600 Iesu

580 4644 703 4715 quia
738 4643 790 4698 in
821 4659 908 4701 me
935 4653 1023 4700 est
1060 4644 1243 4708 Pater,
1273 4653 1328 4699 et
1350 4659 1452 4715 ego
1490 4644 1545 4698 in
1575 4644 1788 4697 illo.....
1823 4641 2037 4695 Constat
2063 4658 2184 4715 ergo

579 4736 831 4809 aequalem
852 4754 981 4802 esse,
1006 4738 1148 4809 quod
1172 4737 1387 4792 inuicem
1407 4754 1462 4791 se
1481 4736 1624 4805 capit
1652 4736 1705 4789 in
1734 4735 1939 4804 Spiritu
1967 4734 2180 4790 Sancto.

651 4828 827 4883 Tanto
855 4828 1129 4883 rationum
1156 4828 1421 4895 pondere,
1449 4842 1513 4882 ac
1538 4826 1835 4895 Scriptura:
1860 4825 2182 4883 auctoritate

579 4922 945 4993 tequalitatem
970 4921 1022 4977 in
1056 4919 1240 4987 Patre,
1270 4928 1325 4975 et
1352 4918 1490 4975 Filio
1514 4917 1851 4974 demonstrat
1884 4918 2031 4975 Zeno
2066 4936 2078 4973 :
2109 4935 2177 4975 ex

578 5014 681 5070 hac
711 5013 1022 5085 aequalitate
1048 5012 1444 5080 demonstrata,
1478 5021 1534 5068 et
1563 5013 1933 5079 enmternitas,
1963 5022 2020 5069 et
2048 5014 2175 5068 sub-

577 5108 795 5163 stantia:
821 5105 1032 5172 Unitas,
1061 5121 1274 5163 necnon
1304 5116 1360 5163 et
1388 5106 1749 5163 Personarum
1778 5106 2052 5161 distinctio
2082 5120 2179 5160 ne-

577 5201 820 5258 cessario
856 5200 1106 5273 emergit.
1151 5200 1324 5258 Nemo
1362 5202 1508 5257 enim
1543 5200 1647 5256 sibi
1676 5199 1901 5273 aequalis
1926 5209 2012 5257 est
2034 5241 2050 5270 ,
2084 5197 2180 5255 sed

579 5293 759 5349 alteri.

651 5387 934 5459 Esplicata
960 5388 1149 5459 itaque
1181 5388 1244 5442 D.
1278 5388 1512 5443 Zenonis
1556 5396 1739 5442 mente
1766 5386 1910 5442 circa
1942 5387 2183 5444 Sanctis-

576 5480 729 5537 simae
775 5480 1059 5537 Trinitatis
1104 5479 1454 5554 Mysterium,
1506 5478 1738 5550 Filiique
1788 5479 2131 5535 Divinitatem
2161 5521 2176 5547 ,

574 5590 721 5631 nunc
752 5574 819 5631 ad
860 5590 1095 5633 examen
1126 5576 1166 5631 ii
1196 5582 1326 5629 sunt
1350 5572 1640 5629 revocandi
1665 5580 1863 5639 textus,
1898 5573 2093 5643 quibus
2115 5572 2173 5630 S.

571 5668 732 5737 hujus
781 5667 1027 5725 Doctaris
1076 5666 1354 5726 sententia
1402 5666 1591 5724 Arium
1641 5680 1834 5738 sapere
1873 5665 2171 5721 dubitatur.

573 5758 741 5816 Unum
781 5759 1031 5834 superius
1070 5759 1367 5822 attulimus
1391 5802 1405 5831 ,
1447 5772 1501 5819 at
1534 5760 1783 5821 eumdem
1827 5759 1914 5816 hic
1947 5758 2170 5829 majoris

2291 4641 2489 4697 Christi
2519 4644 2804 4698 necessario
2833 4644 2965 4698 scire
2999 4644 3144 4699 debet
3185 4641 3426 4715 Populus
3456 4644 3804 4703 Christianus,
3825 4651 3881 4691 ne.

2287 4751 2437 4804 quem
2468 4736 2694 4803 patiatur
2718 4751 2943 4790 errorem
2977 4751 2997 4791 :
3028 4753 3185 4791 unam
3210 4753 3312 4807 qua
3340 4747 3495 4792 natus
3522 4746 3600 4792 est
3619 4778 3635 4802 ,
3677 4738 3879 4789 alterum

2286 4845 2388 4897 qua
2408 4840 2617 4883 renatus
2648 4845 2667 4883 :
2686 4829 2775 4883 sed
2795 4831 2928 4884 sicut
2950 4841 3021 4885 est
3047 4830 3352 4900 Spiritualis
3378 4831 3552 4901 prima
3570 4831 3685 4885 sine
3708 4835 3876 4888 matre,

2285 4921 2358 4974 ita
2387 4921 2499 4975 sine
2529 4920 2691 4976 Patre
2728 4924 2959 4978 secunda
2995 4923 3219 4978 carnalis
3247 4939 3265 4977 :
3295 4923 3406 4978 htec
3446 4923 3726 4987 miranda,
3781 4920 3881 4972 inc-

2285 5012 2566 5067 narrabilis
2601 5015 2734 5080 illa,
2785 5013 3047 5087 Propheta
3087 5015 3290 5069 dicente
3334 5031 3353 5070 :
3398 5014 3738 5071 Natiuitatem
3777 5012 3879 5084 ejus

2285 5107 2401 5175 quis
2429 5107 2727 5161 enarrabit?
2772 5106 2879 5161 Cur
2904 5117 3078 5162 autent
3109 5109 3175 5162 sit
3209 5108 3582 5164 inenarrabilis
3609 5105 3772 5162 Patre
3802 5103 3877 5158 l0-

2284 5207 2468 5270 quente
2505 5215 2800 5255 noscamus.
2848 5199 3102 5256 Dominus
3140 5204 3249 5272 ipse
3288 5217 3382 5256 nos
3413 5200 3588 5256 docet.
3623 5194 3879 5254 Eructasit

2285 5308 2375 5346 cor
2414 5309 2583 5348 meum
2632 5292 2851 5348 Verbum
2886 5294 3110 5361 bonum,
3138 5305 3246 5350 etc.
3282 5304 3330 5350 et
3369 5295 3515 5367 apud
3552 5291 3877 5351 Salomoneut

2285 5385 2530 5440 hactenus
2576 5386 2750 5440 dicens
2786 5403 2799 5439 :
2846 5385 2955 5459 Ego
2996 5403 3061 5442 etc
3097 5402 3186 5441 ore
3225 5385 3484 5441 Altissimi
3526 5382 3734 5457 prodiet'
3771 5386 3878 5433 ante

2289 5494 2488 5532 omnem
2528 5485 2839 5532 creaturam.
2882 5477 3235 5549 Prosequitur
3282 5478 3337 5534 S.
3389 5476 3541 5531 Zeno
3586 5476 3658 5532 de
3697 5470 3875 5530 eadem

2287 5573 2459 5642 prima
2481 5569 2852 5641 generatione,
2882 5584 2979 5626 seu
3007 5569 3288 5626 nativitate
3306 5568 3590 5625 disserens
3615 5568 3671 5623 in
3695 5565 3873 5619 eodem

2284 5662 2571 5721 Tractatu':
2589 5662 2924 5718 Admirabilis
2950 5664 3136 5735 gratia,
3167 5660 3383 5718 Fratres
3412 5657 3735 5723 cltarissinti,
3763 5667 3878 5708 con-

2280 5759 2474 5830 spicua:
2503 5757 2758 5825 veritatis,
2789 5772 2904 5827 qua:
2930 5755 3053 5811 dum
3087 5757 3283 5813 secerni
3324 5763 3517 5828 potest,
3561 5762 3731 5806 tamen
3762 5740 3876 5800 sibi-
