4198 6160
391 447 445 493 et
473 436 622 493 Deus
649 450 726 494 est
763 436 1028 507 Verbum,
1060 450 1108 496 et
1135 442 1237 497 hoc
1278 455 1352 499 est
1378 448 1433 502 in
1471 466 1574 520 quo
1605 465 1715 520 est,
1746 457 1887 525 quod
1913 459 2051 513 illud

389 540 495 599 est,
524 530 618 601 qui
644 532 803 596 inest,
833 530 1036 601 duplex
1065 550 1317 605 persona,
1350 540 1553 613 dvplex
1579 548 1922 614 vocabulum,
1957 552 2053 606 sed

388 626 673 702 originalis
696 627 1083 700 perpetuitatis,
1120 646 1183 683 ac
1210 628 1432 688 Deitatis
1467 646 1545 690 est
1573 653 1681 693 una
1710 644 2018 698 substantia
2035 685 2053 709 ,

1133 721 1248 791 Ego
1292 733 1346 779 et
1394 725 1561 783 Pater
1603 745 1778 787 unum
1833 749 2054 789 sumus.

389 810 555 878 Quod
592 827 700 865 non
740 811 917 881 utique
977 810 1056 866 sic
1113 811 1225 877 ait,
1281 824 1338 867 ut
1375 814 1430 868 in
1485 833 1647 871 unum
1700 820 1847 876 duos
1913 824 2061 878 redi-

382 901 563 976 gendo
606 901 990 974 confunderet,
1041 902 1135 957 sed
1187 912 1244 956 ut
1282 903 1511 960 duorum
1540 921 1707 961 unam
1743 910 2067 969 Divinitatis

384 719 627 774 Domino
654 720 771 790 ipso
817 720 1021 775 dicente
1063 737 1083 774 :

385 995 773 1068 potestatisque
805 996 1240 1068 omnipotentiam
1262 1015 1357 1054 nos
1386 1000 1612 1053 doceret.

465 1085 543 1142 De
568 1086 783 1142 duabus
804 1086 956 1143 hisce
986 1087 1378 1145 nativitatibus
1408 1089 1521 1161 agit
1543 1089 1599 1144 S.
1633 1091 1879 1174 Doctor
1902 1096 2070 1153 etiam

384 1178 574 1234 Tract.
611 1193 727 1244 vm,
765 1195 914 1234 num.
944 1181 970 1236 1
1007 1198 1020 1234 :
1052 1178 1231 1253 Igitur
1257 1182 1399 1236 duas
1442 1184 1753 1236 nativitates
1792 1199 1923 1240 esse
1958 1188 2071 1245 Do-

383 1272 516 1327 mini
541 1270 599 1326 J.
623 1269 683 1326 C.
712 1272 888 1341 rudis,
913 1284 1003 1329 aut
1028 1275 1298 1346 negligens
1324 1276 1480 1331 disce
1499 1275 1845 1343 Christiane,
1873 1297 1939 1337 ne
1966 1299 2068 1352 quo

384 1364 671 1434 decipiaris
710 1380 904 1419 errore.
943 1364 1112 1421 Unam
1142 1383 1304 1438 quam
1347 1368 1452 1423 tibi
1483 1385 1585 1423 non
1619 1369 1748 1425 licet
1775 1385 2019 1440 quwrere
2043 1419 2059 1444 ,

383 1456 608 1512 alteram
636 1473 794 1525 quam
839 1458 1065 1531 legitime
1102 1461 1147 1514 si
1192 1462 1379 1529 possis
1401 1503 1419 1527 ,
1452 1463 1775 1532 permitteris
1824 1468 2050 1525 edoceri.

390 1549 579 1604 Prima
625 1550 803 1620 itaque
842 1550 1123 1604 nativitatis
1162 1549 1397 1608 Domini
1428 1553 1617 1612 Nostri
1645 1558 1701 1612 in
1731 1555 1923 1617 Patris
1946 1606 1963 1633 ,
1998 1575 2050 1619 et
2151 1570 2313 1639 fectu,

387 1638 526 1695 Filii
557 1649 758 1695 tantum
778 1641 1090 1696 conscientia
1111 1653 1313 1709 manet,
1338 1661 1442 1701 nec
1464 1648 1748 1718 quidquam
1779 1652 1936 1709 liabet
1961 1655 2044 1710 in-

388 1737 686 1808 terjectum,
714 1749 881 1803 neque
900 1734 1182 1802 conscium,
1210 1738 1361 1807 quod
1386 1754 1459 1792 ex
1479 1736 1822 1799 Paternitatis
1842 1745 2037 1814 a/feclu
2067 1763 2113 1824 Β

390 1827 647 1898 processit
676 1842 782 1883 uno
806 1842 1074 1881 consensu.
1105 1825 1364 1882 Secunda
1396 1845 1522 1885 vero
1548 1836 1772 1891 carnalis
1790 1839 2032 1908 prodita,

393 1922 471 1976 ita
496 1919 789 1975 invenimus
815 1934 926 1974 esse
944 1918 1284 1991 completam.

474 2014 621 2070 Duas
644 2014 838 2084 itaque
878 2027 1135 2084 personas
1159 2011 1222 2068 S.
1262 2012 1422 2069 Zeno
1460 2013 1516 2069 in
1543 2015 1643 2071 hac
1676 2019 1848 2088 prima
1888 2023 2032 2078 nati-

399 2109 575 2167 vitate
601 2108 840 2165 fatetur:
870 2107 933 2163 Si
970 2108 1103 2162 enim
1135 2104 1367 2163 Verbum
1397 2108 1456 2162 in
1482 2125 1583 2179 quo
1610 2121 1707 2177 est,
1739 2116 1875 2184 quod
1900 2115 2034 2172 illud

399 2210 505 2267 est,
531 2201 622 2272 qui
646 2200 785 2256 inest
831 2198 1029 2268 duplex
1071 2215 1328 2268 persona,
1359 2199 1562 2269 duplex
1604 2206 1905 2261 vocabulum
1932 2225 1952 2275 ;
1979 2219 2034 2266 et

402 2293 545 2351 duas
575 2295 742 2349 hasce
768 2304 1038 2363 personas
1062 2291 1115 2346 in
1138 2305 1247 2345 una
1279 2290 1590 2348 substantia
1615 2295 1890 2366 originalis
1910 2312 2033 2357 esse

408 2384 799 2458 perpetuitatis
827 2381 1177 2455 apertissime
1218 2384 1417 2455 asserit
1445 2403 1459 2439 :
1485 2382 1594 2440 Sed
1617 2387 1885 2457 originalis
1911 2406 2031 2460 per-

406 2478 679 2551 petuitatis
700 2519 716 2545 ,
746 2492 811 2531 ac
852 2474 1073 2530 Deitatis
1099 2486 1176 2530 est
1203 2492 1309 2531 una
1349 2477 1671 2547 substantia;
1691 2494 1891 2552 easque
1921 2498 2029 2539 non

406 2570 672 2628 confusas
711 2568 970 2625 absolute
997 2567 1159 2636 dicit,
1203 2568 1548 2640 prosequitur
1595 2570 1793 2644 quippe
1835 2573 2031 2631 imme-

406 2666 560 2723 diate
589 2684 603 2697 ο
637 2665 872 2721 Domino
896 2665 1012 2735 ipso
1038 2663 1237 2719 dicente
1262 2706 1276 2730 ,
1313 2664 1429 2736 Ego
1455 2672 1511 2721 et
1536 2664 1701 2722 Pater
1743 2684 1907 2725 unum
1934 2686 2029 2727 su-

407 2774 559 2825 mus;
586 2758 729 2831 quod
757 2773 867 2813 non
896 2756 1075 2825 utique
1113 2757 1189 2811 sic
1216 2756 1322 2825 ait,
1353 2765 1411 2811 ut
1450 2758 1505 2811 in
1533 2774 1693 2813 unum
1722 2762 1854 2817 duos
1889 2765 2030 2819 redi-

411 2853 584 2924 genda
628 2850 1018 2924 confunderet,
1049 2849 1142 2905 sed
1187 2861 1244 2905 ut
1278 2851 1498 2906 duorum
1528 2868 1685 2908 unant
1734 2854 2033 2916 Divinitatis

410 2911 787 3017 potestatisque
833 2960 947 2999 esse
998 2911 1421 3014 omnipotentiam
1473 2961 1568 3000 nos
1613 2947 1833 3004 doceret.
1891 2950 2032 3021 Quid

409 3040 619 3096 clarius
647 3038 759 3096 dici
797 3046 984 3111 potest
1014 3036 1083 3092 ad
1124 3037 1532 3110 exprimendam
1563 3048 1822 3099 tuternam
1855 3048 2032 3103 unita-

412 3142 527 3188 tem
557 3132 765 3188 Divinte
809 3129 1169 3196 substantias;
1210 3130 1717 3206 distinctionemque
1757 3153 2015 3209 persona-
2052 3150 2099 3215 ο
2130 3142 2261 3201 Filii
2275 3158 2476 3209 tantum
2499 3129 3021 3230 conscientiarmanet.’
3037 3178 3058 3231 l

408 3241 558 3282 rum.
598 3224 960 3282 Coaeternitas
998 3222 1200 3279 etenim
1241 3222 1491 3281 diSIincte
1535 3228 1856 3299 exprimitur
1899 3248 2022 3290 cum

408 3316 546 3374 dicit
577 3335 593 3372 :
625 3317 733 3374 Sed
760 3317 1037 3390 originalis
1065 3319 1416 3387 perpetuitatis
1435 3362 1450 3386 ,
1482 3336 1543 3374 ac
1574 3319 1791 3378 Deitatis
1816 3335 1893 3379 est
1918 3344 2024 3383 una

407 3409 721 3465 substantia.
752 3408 848 3464 Ha:
892 3409 1076 3479 itaque
1111 3408 1171 3463 ι).
1214 3409 1447 3469 Zenonis
1491 3415 1775 3471 sententia:
1807 3418 2022 3488 penitus

407 3499 713 3557 excludunt
739 3499 950 3555 Petavii
982 3499 1519 3573 interpretationem,
1552 3521 1657 3577 qua
1688 3508 1801 3564 vult
1826 3509 1883 3564 S.
1911 3513 2021 3570 An-

410 3591 642 3648 tistitem
692 3590 1068 3649 Veronensem
1124 3594 1421 3652 asseruisse
1469 3613 1483 3650 :
1539 3597 1760 3654 Verbum
1805 3600 1904 3657 Dei
1957 3621 2020 3660 ex

406 3685 556 3741 omni
580 3686 863 3741 wternitate
906 3687 962 3741 in
991 3684 1169 3742 Patris
1202 3689 1320 3742 sinu
1343 3732 1358 3757 ,
1383 3699 1431 3745 et
1456 3694 1676 3748 essentia
1700 3695 1834 3749 velut
1855 3697 2018 3754 indis-

404 3791 608 3836 cretum
652 3781 744 3852 (in
788 3796 1027 3854 persona
1051 3781 1072 3853 )
1095 3790 1143 3835 et
1173 3783 1383 3853 affixam
1409 3786 1614 3843 laesisse
1636 3829 1650 3853 ,
1675 3799 1849 3860 postea
1900 3808 2016 3849 vero

404 3890 535 3929 cum
560 3873 879 3946 designatum
903 3891 937 3929 a
956 3891 1014 3929 se
1041 3890 1215 3929 rerum
1243 3877 1618 3936 universitatem
1644 3884 1814 3938 moliri
1834 3885 2011 3955 vellet,

406 3983 533 4025 eum
558 3969 725 4039 ipsum
752 3984 817 4024 ex
839 3985 948 4025 sese
976 3984 1296 4041 propagasse
1316 4013 1331 4035 ,
1355 3989 1416 4027 ac
1442 3976 1696 4047 genuisse.
1721 3975 1838 4033 Non
1866 3980 2011 4037 enim

407 4068 563 4116 esset
602 4060 848 4117 absolute
873 4077 1091 4128 verum,
1119 4062 1264 4133 quod
1303 4063 1447 4121 idem
1487 4066 1545 4123 S.
1598 4067 1798 4125 Doctor
1838 4074 2014 4129 mani-

406 4152 559 4209 festo
583 4152 776 4211 docet:
809 4155 961 4224 Quod
987 4171 1092 4210 non
1123 4157 1294 4228 utique
1317 4160 1393 4213 sic
1419 4162 1514 4229 ait,
1530 4171 1586 4216 ut
1614 4162 1669 4215 in
1698 4178 1855 4219 unum
1882 4167 2013 4225 duos

406 4246 719 4317 redigenda,
747 4248 1106 4317 confunderet.
1139 4248 1347 4321 Quippe
1373 4251 1419 4307 si
1455 4262 1746 4324 antequam
1773 4255 2014 4330 designa-

406 4351 524 4396 eam
562 4357 593 4395 a
628 4358 681 4398 se
713 4358 890 4398 revera
944 4343 1323 4398 universitatem
1364 4345 1532 4399 moliri
1572 4346 1717 4401 vellet
1746 4390 1762 4413 ,
1788 4349 1907 4404 licet
1950 4368 2013 4407 ex

406 4434 560 4489 omni
589 4434 868 4491 a'ternitate
887 4436 941 4489 in
972 4434 1148 4491 Patris
1176 4435 1317 4504 sinu,
1348 4447 1397 4492 et
1424 4439 1642 4493 essentia
1669 4438 1806 4495 velut
1849 4442 2013 4501 indis-

408 4536 611 4581 cretum
636 4527 711 4600 (iu
744 4531 997 4600 persona)
1020 4539 1065 4584 et
1093 4530 1302 4601 aﬁixum
1328 4529 1524 4586 Filium
1547 4532 1777 4602 laesisse,
1808 4535 2007 4593 intelli-

406 4633 630 4691 gamus,
660 4623 845 4692 utique
868 4621 975 4677 duo
1005 4623 1135 4694 (eos
1167 4623 1217 4677 in
1248 4639 1411 4679 unum
1443 4625 1736 4697 redigendo
1755 4628 1775 4699 ἱ
1796 4630 2007 4689 confusi

408 4715 670 4783 fuissent,
700 4715 888 4772 saltem
911 4724 1198 4789 antequam
1228 4718 1545 4792 designatum
1565 4737 1597 4775 a
1617 4736 1671 4775 se
1691 4736 1862 4778 rerum
1883 4725 2004 4780 uni-

408 4807 703 4863 versitatem
738 4807 943 4880 (Pater)
987 4810 1158 4865 moliri
1194 4810 1363 4867 vellet.
1395 4813 1513 4879 Quo
1543 4812 1677 4869 nihil
1717 4816 1887 4888 magis
1912 4818 2005 4874 ab-

406 4915 612 4958 sonum
634 4917 663 4957 a
683 4901 916 4959 Zenonis
947 4904 1215 4959 sententia
1237 4904 1408 4961 asseri
1437 4914 1637 4976 potest.

492 4991 587 5047 Illa
613 5008 825 5065 quoque
856 4995 913 5049 D.
940 4993 1174 5051 Zenonis
1202 4996 1469 5053 sententia
1500 4998 1568 5054 de
1610 4998 1800 5057 eadem
1831 5002 2004 5073 prima

409 5085 698 5143 nativitate
723 5086 923 5143 Christi
951 5087 1190 5153 Domini,
1223 5087 1428 5145 Petavii
1457 5107 1677 5148 sensum
1724 5110 1829 5151 non
1859 5096 2002 5167 pati-

412 5190 530 5237 tur.
577 5177 755 5235 Prima
783 5180 952 5251 itaque
986 5181 1225 5235 nativitas
1257 5181 1464 5238 Domini
1493 5182 1678 5264 Νεανὶ
1704 5187 1758 5241 in
1786 5185 1961 5244 Patris
1984 5230 2002 5258 ,

408 5281 471 5331 et
491 5270 619 5326 Filii
642 5282 837 5328 tantum
860 5274 1164 5329 conscientia
1190 5285 1357 5330 manet
1379 5317 1395 5341 ,
1424 5292 1516 5331 nec
1553 5277 1830 5349 quidquam
1853 5279 2002 5337 habet

406 5365 736 5437 interjectum
758 5405 773 5429 ,
801 5382 960 5438 neque
983 5367 1240 5421 conscium
1262 5408 1276 5433 ,
1300 5368 1437 5438 quod
1475 5383 1539 5423 ex
1564 5367 1778 5425 Palerni
1797 5373 1902 5427 oris
1925 5377 2004 5446 af-

408 5460 560 5529 fectu
592 5458 829 5527 processit
857 5474 961 5513 uno
988 5474 1258 5514 consensu.
1288 5458 1470 5515 Prima
1512 5463 1761 5519 nativitas
1790 5464 2004 5521 Domini

410 5551 594 5609 nostri
619 5552 663 5607 si
693 5551 825 5608 nihil
869 5552 1029 5609 habet
1063 5551 1435 5622 interjectum,
1458 5569 1589 5625 ergo
1636 5571 1810 5629 neque
1837 5559 2003 5615 inter-

406 5646 578 5706 cedet
604 5647 749 5717 prius
770 5692 783 5717 ,
828 5662 925 5704 nec
950 5656 1067 5718 post
1101 5664 1115 5701 :
1147 5644 1375 5703 Eterna
1413 5648 1593 5720 itaque
1618 5660 1720 5706 est.
1761 5650 1834 5706 At
1876 5653 2003 5724 quid

407 5740 816 5803 immorandum
845 5741 895 5796 in
940 5752 1043 5794 lam
1082 5739 1228 5795 clara
1276 5739 1343 5796 de
1371 5749 1574 5802 acterna
1615 5742 1733 5803 Filii
1772 5759 2002 5817 genera-

895 5835 1171 5897 Pnnon.
1240 5833 1351 5895 XI.

1837 246 2327 311 DISSERTA'I'IU.

2167 742 2226 843 ut
2271 737 2418 792 salvo
2455 748 2609 810 quod
2642 763 2759 821 est,
2793 762 2959 824 possit
2985 781 3094 822 esse
3122 788 3154 843 q

3157 779 3264 831 uad
3306 799 3413 843 non
3461 805 3555 853 est.
3607 800 3710 859 llic
3751 779 3827 865 esi

2170 823 2320 882 Deus
2353 842 2532 889 noster

2540 878 2558 904 ,
2592 851 2787 903 veterni
2812 849 2916 908 Dei
2944 871 3232 924 coaeternus
3264 872 3462 940 Filius.

2208 918 2371 1024 .lpose
2394 923 2587 1028 itaque
2621 949 2751 997 sese
2779 946 3018 1016 explicat
3043 952 3101 1010 S.
3133 957 3304 1035 Zeno,
3362 918 3494 1044 quid
3541 982 3823 1053 intellexe-

2209 1017 2249 1053 II.
2297 1027 2348 1053 ιη
2382 1014 2625 1053 ηιιιοηοιο
2673 1045 2696 1053 ..
2735 1030 2859 1053 δην
2912 1038 2924 1050 .
3002 1051 3008 1053 Α
3116 1048 3149 1053 -_

2208 1012 2219 1020 .
2296 1012 2308 1024 .
2457 1015 2470 1028 .
2579 1023 2592 1035 ,
2853 1012 2866 1016 -
3162 1012 3304 1035 «nu,
3362 1012 3493 1044 qu-u
3541 1012 3817 1053 mteucxe-

2176 1017 2250 1062 rit
2297 1027 2349 1066 tn
2382 1014 2627 1086 οιηεοιιε
2670 1045 2700 1082 a
2735 1030 2961 1093 Petavii;
2996 1048 3235 1109 textibus
3332 1078 3460 1121 cum
3501 1072 3631 1133 dicit
3782 1088 3817 1142 (Ι

2184 1099 2343 1152 Pater
2380 1108 2674 1152 indigi-ron.
2723 1123 2947 1152 c..:_..-.--_
3019 1137 3032 1152 ι
3102 1141 3113 1151 .
3199 1147 3229 1152 --
3256 1097 3270 1122 ’
3672 1099 3779 1152 quo

2386 1108 2397 1119 .
2482 1112 2494 1123 .
2806 1128 2816 1138 ,
3096 1099 3270 1122 ’τυ-ν
3332 1099 3460 1121 w-u
3501 1099 3631 1133 utut
3672 1099 3816 1152 quoa

2184 1099 2349 1210 Pater.
2380 1112 2675 1175 indiscreta
2715 1123 2949 1195 Spiritus
2973 1137 3293 1206 plenitudine
3325 1195 3338 1218 ,
3370 1164 3544 1218 nescio
3571 1185 3676 1236 qua
3721 1194 3817 1231 sua

2184 1203 2489 1236 t?nn£rrml;n
2516 1211 2747 1236 ....1-.-_--_
2814 1220 2826 1232 ι
2958 1226 2989 1236 ..
3084 1232 3094 1236 -

2338 1198 2349 1210 .
2973 1198 2982 1206 .
3213 1198 3288 1205 η--
3325 1198 3338 1218 ,
3370 1198 3544 1218 "sum

2176 1203 2489 1337 ξθηδεζθπὲξα
2516 1211 2753 1271 velatum
2780 1220 2891 1282 sine
2932 1226 3235 1292 discrimine
3262 1198 3676 1315 amplecteba‘ii‘t:
3697 1198 3811 1337 (Et:

2194 1303 2302 1337 Iun]
2356 1332 2368 1337 -
2440 1304 2478 1337 ,ι
2521 1298 2580 1337 in
2617 1303 2876 1337 φηηηιιιι..
2929 1333 2985 1337 _-_
3034 1320 3087 1337 lu
3282 1334 3301 1337 Α
3766 1312 3782 1322 ⁸

2197 1286 2208 1297 ⁸
3151 1285 3231 1292 _---
3262 1285 3671 1315 .-.ημιιιιτυαιιιν
3722 1285 3809 1322 [‘1‘

2172 1285 2369 1413 humi).
2397 1293 2479 1413 Et
2518 1298 2580 1355 in
2617 1303 2877 1369 Tractatu
2926 1333 2985 1372 tu
3030 1320 3124 1379 lib.
3157 1344 3198 1383 ιι
3223 1348 3236 1383 :
3264 1334 3431 1402 Quem
3474 1359 3594 1403 ante
3635 1285 3809 1413 oninia

2165 1383 2356 1438 saecula
2386 1384 2559 1446 Pater
2591 1397 2646 1452 in
2677 1406 2941 1475 profundo
2978 1430 3097 1482 sate,
3125 1383 3285 1478 menti

2159 1473 2337 1543 cabilz,
2362 1495 2424 1532 ac
2451 1484 2563 1539 soli
2608 1491 2711 1546 sibi
2749 1509 2875 1553 nota
2906 1507 3220 1568 conscientia
3257 1516 3395 1568 Filii

2144 1763 2287 1821 tem,
2319 1768 2396 1865 ct.
2422 1769 2795 1838 temporalem
2847 1779 3094 1848 ejusdem
3140 1788 3265 1848 Filii
3317 1763 3789 1871 Deiiiieariiatio-

2143 1863 2292 1918 nem,
2323 1851 2642 1917 mirabilem
2674 1863 2818 1923 hanc
2839 1880 2963 1927 esse
2987 1874 3178 1935 dicens
3205 1901 3220 1938 :
3253 1851 3783 1964 itiiperscrutabilem

2143 1943 2281 1964 mm
2421 1947 2457 1961 ..
2561 1955 2574 1964 .
2743 1960 2753 1964 -

2139 1943 2286 1999 illam
2320 1947 2490 2006 variis
2522 1955 3114 2029 circumlocutionibus
3158 1943 3437 2041 asserens.
3463 1988 3614 2050 Duas
3656 1943 3777 2074 (εὖιῖ

2139 2040 2431 2074 ηηιὶιιὶιηοο.
2477 2062 2589 2074 Α---
2637 2051 2785 2074 nu“,-
2829 2059 2841 2069 -
2898 2059 2942 2074 ιι
3016 2072 3022 2074 Α
3061 2065 3074 2074 .
3110 2065 3128 2074 -
3208 2070 3234 2074 _

2137 2040 2431 2161 ηῗιίυίιαιῗε
2472 2062 2590 2106 esse
2624 2051 2841 2111 Domini
2886 2059 3074 2117 Nostri
3093 2065 3151 2123 J.
3192 2070 3328 2129 6....
3387 2094 3580 2154 unam,

2139 2130 2178 2161 οἱ
2212 2130 2230 2161 .'
2258 2148 2359 2161 κη..
2407 2135 2508 2161 ι,,,
2854 2148 2885 2161 .7

3653 2129 3769 2148 ...ιη

2137 2129 2230 2185 tibi
2258 2148 2361 2187 non
2386 2134 2508 2191 licet
2533 2159 2787 2215 quaerere,
2811 2148 3054 2224 alteram,
3087 2175 3243 2229 quam
3273 2167 3499 2239 legitime
3519 2129 3769 2250 sipiissis,

2135 2225 2446 2293 permitteris
2473 2234 2714 2294 edocere.
2745 2240 3104 2315 Prosequitur
3126 2225 3345 2314 iisdem.
3356 2262 3471 2321 fere
3500 2225 3680 2329 verbis
3705 2228 3771 2332 at;

2136 2317 2190 2373 in
2233 2320 2466 2424 objectis
2513 2334 2758 2390 textibus
2787 2354 2802 2392 :
2830 2336 3016 2398 Prima
3050 2346 3227 2418 itaque
3269 2360 3511 2419 nativitas
3555 2368 3768 2428 Domini

2134 2412 2299 2466 nostri
2326 2413 2380 2468 in
2403 2414 2611 2488 Patris,
2643 2437 2696 2479 et
2724 2426 2855 2483 Filii
2882 2441 3085 2492 tantum
3121 2448 3438 2507 conscientia
3463 2473 3670 2530 manet,
3699 2479 3764 2520 ac

2134 2501 2360 2530 ἣ-Αἷηλιι
2389 2506 2555 2530 2..--μν
2588 2515 2657 2530 .,.
2682 2514 2715 2530 ο.
3000 2526 3011 2530 -

2133 2501 2363 2619 ξζοίηάθ
2388 2506 2807 2573 inscrutahilem
2830 2526 3083 2591 superius
3111 2532 3268 2590 dixit.
3308 2538 3500 2601 Nescio
3522 2566 3624 2619 qua
3654 2504 3760 2610 ,sua

2205 2595 2359 2619 .ts..!-\
2410 2617 2451 2619 μί
2568 2607 2580 2619 ⁸
2676 2609 2688 2619 ⁵
2816 2613 2828 2619 ⁸

2134 2588 2362 2669 (Patris)
2396 2607 2719 2663 conscientia
2749 2613 2986 2675 velatum.
3033 2622 3135 2680 Hic
3182 2626 3236 2682 in
3285 2631 3463 2693 Patris
3485 2682 3501 2707 ,
3522 2588 3764 2706 vetuli:

2133 2693 2333 2743 tantum
2367 2699 2689 2756 conscientia
2727 2718 2918 2778 manet,
2968 2716 3113 2782 quod
3145 2719 3198 2775 iu
3242 2722 3388 2783 idem
3433 2693 3646 2808 recidit,

2135 2781 2488 2808 ηνη-ἕ-ν-Α-Ᾰ-
2799 2800 2831 2808 ⁵⁸
2978 2804 2993 2808 ’

2133 2781 2555 2901 θὶρῖἰωεηάευη
2590 2800 2833 2868 mysterii
2866 2804 3293 2874 profunditatem
3335 2781 3760 2901 incomprelien-

2134 2869 2589 2952 sibilitatemqne.
2610 2885 2728 2944 Non
2752 2869 2993 2955 excludit
3015 2869 3746 2997 tamen

2138 2966 2439 2997 ηο-σιίῖΛ-ιζι.
2470 2977 2649 2997 ..-ιμμ
2690 2996 2697 2997 ,
2916 2990 2926 2997 .

2135 2966 2441 3087 gerationis
2468 2977 2657 3033 notitia
2677 2996 2798 3038 cum
2823 2990 3060 3061 utrique,
3082 3005 3138 3051 et
3160 2998 3321 3058 Pater
3341 3016 3395 3062 et
3420 3009 3590 3069 Filius
3606 2966 3751 3087 61ῖέ-

2946 3051 2965 3061 _
3048 3051 3059 3061 ,
3161 3051 3181 3053 _
3206 3051 3309 3058 η---
3343 3051 3395 3062 ν.
3420 3051 3446 3064 -
3470 3051 3637 3071 ..ιι-συ
3664 3051 3749 3075 υθ-

2278 3067 2676 3138 generationis,
2700 3084 2758 3130 ut
2778 3075 2896 3146 ipse
2915 3083 3021 3153 ait,
3049 3087 3160 3144 sint
3176 3097 3378 3153 conscii
3404 3102 3459 3156 in
3479 3051 3678 3174 Patrii,
3701 3124 3749 3168 et

3063 3179 3174 3237 llud
3192 3198 3339 3256 vero,
3359 3208 3454 3246 nec
3467 3198 3746 3271 quidquam

2128 3236 2277 3294 habet
2292 3241 2644 3351 interfectum,
2682 3256 2824 3315 idem
2854 3263 3128 3337 signiﬁcat
3156 3290 3221 3332 ac
3250 3236 3353 3335 alia
3384 3236 3748 3351 verba

2125 3342 2262 3431 creta
2284 3332 2521 3444 Spiritus
2544 3344 2875 3412 plenitudine.
2898 3332 3031 3416 (ium
3060 3362 3233 3425 Filius
3260 3387 3361 3428 una
3389 3377 3462 3433 sit
3490 3332 3747 3444 subs'taii-

2125 3419 2197 3475 tia
2226 3437 2347 3531 cum
2377 3426 2574 3503 Patre,
2604 3452 2667 3492 ea
2699 3444 2900 3501 etenim
2928 3448 3106 3509 Verba
3134 3419 3361 3531 Spiritus

2315 3469 2347 3531 ζ.
2377 3469 2399 3482 .
2421 3469 2574 3503 ...ιη
2604 3469 2667 3492 εει
2699 3469 2900 3501 ctenim
2933 3469 3106 3509 verna
3134 3469 3361 3531 opiritus
3392 3469 3737 3547 plenitudine,

2124 3527 2419 3576 essentiam
2467 3540 2564 3582 seu

2601 3531 2959 3597 substantiam
2988 3543 3237 3607 Divinam
3265 3531 3591 3629 exprimunt.
3638 3531 3741 3628 Eo:

3373 3607 3387 3614 -
3400 3607 3591 3620 --........
3639 3607 3739 3628 μυ-

2121 3607 2244 3713 dem
2262 3626 2424 3716 sensu
2447 3618 2857 3696 intelligendum
2879 3646 2963 3691 est
2981 3639 3139 3711 illud,
3158 3607 3468 3725 Nesciorqua
3486 3676 3582 3716 sua
3596 3681 3739 3722 cons-

3122 3700 3138 3711 ,
3217 3700 3343 3707 ---η
3398 3700 3466 3712 ....
3486 3700 3580 3716 -..κ
3596 3700 3731 3722 ,νηοε

2122 3700 2307 3757 cientia
2342 3708 2597 3811 velatum,
2653 3734 2850 3793 nempe
2889 3700 3389 3807 imperceptibileu:
3421 3764 3544 3809 esse
3569 3754 3731 3813 Verbi

2119 3798 2547 3897 generationem.
2599 3807 2676 3864 Ea
2711 3828 2843 3871 vero
2880 3834 3002 3890 quae
3033 3840 3355 3905 sequuntur,
3389 3840 3519 3898 Sine
3547 3847 3732 3902 discri-

2118 3885 2253 3990 mine
2274 3894 2617 3996 nequidquam
2658 3903 2807 3962 habet
2834 3885 3158 3987 interjectuin
3181 3967 3195 3992 ,
3232 3885 3494 3991 uniiatem
3537 3954 3727 3998 essen-

2959 3976 2980 3987 υ
3181 3976 3195 3992 1
3238 3976 3494 3991 “’“’“’““ν⁶⁸⁸
3537 3976 3722 3998 vanu"-

2120 3976 2207 4102 :ia:
2227 3985 2561 4054 exprimunt.
2586 3992 2717 4083 Hzcc.
2735 4014 2926 4061 contra
2953 4008 3218 4072 Valentini
3245 4020 3452 4082 Eunus
3478 4034 3722 4102 apprime

2117 4076 2349 4150 faciunt,
2380 4086 2576 4155 quibus
2606 4078 2866 4162 perverse
2894 4104 3030 4161 adeo
3058 4119 3315 4171 aeternam
3348 4076 3721 4198 Verbiﬂgeneu

2116 4170 2380 4230 rationem
2405 4180 2742 4261 confundere
2768 4192 2991 4250 molitus
3016 4200 3313 4275 estimpius
3333 4170 3715 4278 ltmresiali'clta.

2188 4263 2390 4372 Eo‘dem
2415 4286 2577 4328 sensu
2611 4276 2669 4332 S.
2693 4278 2838 4335 Zeno
2860 4283 3112 4344 Tractatu
3158 4263 3227 4350 vit
3251 4297 3372 4355 libri
3400 4318 3460 4372 ιι,
3489 4307 3559 4365 de
3580 4312 3714 4368 dua-

2113 4352 2213 4410 bus
2240 4354 2441 4425 Cbristi
2472 4364 2847 4428 nativitatibus
2877 4390 3076 4447 agens,
3106 4352 3371 4446 attentam
3410 4352 3707 4475 Verbiugg.

2114 4451 2450 4510 nerationem
2502 4458 2897 4521 inenarrabilem
2939 4470 3112 4541 dicit,
3168 4485 3522 4551 temporalem
3578 4451 3709 4554 v2",

2032 4536 2086 4597 D
2112 4541 2417 4600 mirabilem.
2441 4547 2565 4605 Haec
2588 4552 2841 4612 mirabilis
2866 4559 3199 4633 (temporalis
3226 4536 3477 4651 scilicet),
3506 4585 3713 4644 inenar-

2107 4636 2761 4753 rabilislill'aLProplteta.
2780 4650 2979 4708 dicente
3003 4671 3022 4709 :
3073 4656 3408 4723 Nativitatem

2108 4730 2406 4786 enarrabit?
2436 4734 2615 4804 anue
2660 4738 2873 4798 ratione
2909 4744 3330 4813 inenarrabilem
3375 4730 3526 4829 dicit,
3561 4730 3707 4841 qiiod

2107 4834 2204 4877 cor
2230 4823 2471 4882 divinum
2502 4833 2834 4889 eructaverit
2867 4839 3092 4895 verbum
3119 4842 3319 4903 bonum
3343 4893 3358 4919 ,
3390 4866 3443 4911 et
3472 4823 3595 4918 οέ-οἶ
3615 4866 3707 4921 ΑΙ-

2108 4913 2303 4970 tissimi
2352 4919 2615 4987 prodierit
2635 4933 2901 4983 aeternum
2933 4928 3203 5003 Verbum;
3232 4913 3462 5014 nempe,
3491 4960 3550 5006 ut
3575 4958 3702 5015 alibi

2106 5007 2216 5076 ait,
2246 5010 2388 5079 quod
2403 5017 2685 5084 generatio
2717 5017 2882 5078 Verbi
2928 5024 2984 5080 in
3015 5025 3190 5086 Patris
3214 5073 3228 5098 ,
3261 5043 3317 5091 et
3342 5007 3467 5096 Pilii
3495 5007 3701 5108 tantum

2106 5102 2436 5160 c0nscientia
2467 5121 2713 5177 maneat,
2746 5128 2840 5170 sua
2877 5121 3207 5180 conscientia
3246 5129 3504 5191 velatum.
3554 5138 3701 5208 Qua-

2105 5202 2328 5264 propter
2346 5207 2534 5255 contra
2561 5200 2767 5260 Divina:
2788 5206 3082 5279 Maiestatis
3103 5227 3382 5279 scrutores
3408 5200 3704 5288 vehemen-

2105 5283 2211 5340 tius
2237 5285 2442 5345 invehit
2475 5308 2488 5345 :
2517 5290 2801 5353 Dementia
2828 5317 2990 5372 genus
3014 5315 3087 5361 est
3109 5308 3381 5371 invisibilis
3413 5318 3705 5393 incompre-

2105 5374 2464 5452 hensibilisque
2484 5384 2610 5441 velle
2625 5390 2828 5460 opinari
2848 5406 3117 5464 secretum,
3146 5407 3356 5478 ejusque
3379 5374 3704 5471 internodia-

2106 5480 2294 5539 calere,
2333 5477 2485 5547 cujus
2511 5475 2974 5556 extraria'nequeat
3000 5475 3280 5562 suspicari.
3299 5499 3373 5552 lta
3407 5501 3460 5557 in
3505 5506 3701 5564 eodem

2107 5562 2358 5625 Tractatu
2385 5586 2487 5639 vn,
2518 5572 2698 5647 ibique
2724 5578 2791 5634 ad
2815 5580 2957 5638 idem
2985 5597 3361 5654 argumentum
3388 5595 3563 5660 plura.
3589 5562 3708 5655 Cit;

2104 5662 2266 5713 terum
2295 5663 2607 5733 providentis
2638 5665 2736 5724 Dei
2764 5670 2827 5726 de
2871 5670 2984 5727 Deo
3011 5680 3540 5745 argumentationibus
3563 5693 3711 5749 vanis

2104 5749 2310 5821 opinari
2346 5754 2475 5812 velle
2520 5758 2824 5834 dispositum
2874 5780 2977 5821 non
3013 5769 3255 5835 colentis,
3312 5770 3398 5825 sed
3442 5780 3714 5845 dementis.

3121 5862 3245 5924 Ξῖ
