4198 6160
433 255 538 312 685

1559 241 1647 299 DE
1702 189 1951 298 SANDTI
1991 229 2284 308 ZENONIS
2314 235 2588 297 EPOCHA

3629 233 3734 293 68-5

432 373 561 426 llzt'c
608 375 660 424 ct
702 366 828 433 alia,
875 365 944 420 de
989 361 1177 418 eadem
1223 368 1424 415 {eterna
1474 357 1639 414 Verbi
1684 355 2035 428 generatione
2064 357 2110 417 Α
2141 357 2262 410 bum
2289 355 2598 411 immediate
2642 354 2809 412 dicit:
2851 351 3144 422 Ine/{abitis
3181 351 3276 408 illa
3307 351 3510 417 Virtus,
3543 350 3740 406 incom-

431 466 613 522 Tract.
647 478 757 525 vnt,
782 474 928 514 num.
967 457 988 511 l
1019 500 1032 522 ,
1060 455 1254 526 quibus
1284 469 1404 508 cum
1441 451 1677 508 Verbum
1711 451 1949 506 velatum
1983 451 2038 505 in

433 560 590 624 sinu,
624 556 708 610 vel
735 550 1068 608 conscientia
1097 548 1278 603 Patris
1307 547 1503 602 dicitur
1531 561 1560 599 a
1598 544 1654 600 S.
1690 544 1929 609 Zenone,
1963 543 2038 597 nil

434 647 754 721 exprimitur
774 643 942 711 aliud,
968 657 1127 714 quam
1154 638 1738 710 incomprehensibilis,
1765 647 1818 693 et
1840 650 2038 694 arcana

434 737 640 800 {Eterni
668 741 828 796 Verbi
860 725 1156 809 generatio.
1193 735 1430 790 Verbum
1461 750 1490 788 a
1523 733 1681 790 Patre
1713 733 1767 785 in
1798 743 2036 801 persona

435 837 750 894 distinctum
781 847 902 889 esse
929 833 980 886 in
1003 831 1180 886 allatis
1211 844 1373 900 supra
1395 827 1440 886 D
1486 826 1723 881 Zenonis
1753 822 2042 882 sententiis

439 925 878 984 manifestissime
904 932 1068 994 patet.
1101 919 1338 976 Verbum
1368 916 1546 973 autem
1579 916 1954 982 indiscretum,
1986 921 2040 968 et

438 1023 556 1078 sine
585 1018 896 1075 discrimine
932 1017 987 1070 in
1020 1015 1140 1069 sinu
1180 1012 1352 1068 Patris
1395 1011 1719 1066 delitescens
1760 1021 2036 1072 asserere,

439 1114 581 1169 idem
615 1121 699 1168 est
726 1127 787 1165 ac
817 1125 976 1164 unam
1001 1106 1356 1163 substantiam
1390 1107 1442 1160 in
1470 1105 1628 1159 Patre
1651 1145 1664 1170 ,
1701 1112 1754 1158 et
1795 1101 1932 1156 Filio
1965 1099 2043 1156 la-

443 1206 566 1269 teri,
600 1200 1316 1273 incomprebensibilemque
1341 1197 1583 1268 ejusdem
1612 1195 1774 1252 Verbi
1813 1208 2045 1267 genera-

445 1298 671 1354 tionem.

521 1389 744 1460 Reliqua
772 1403 901 1443 vero
930 1387 1094 1443 verba
1121 1394 1248 1441 sunt
1275 1429 1297 1450 ,.
1317 1400 1437 1456 qua:
1469 1384 1728 1454 majorem
1760 1381 2049 1436 difﬁculta-

447 1491 554 1538 tem
577 1483 820 1553 pariunt:
843 1481 948 1536 Sed
971 1482 1392 1550 excogitatarum,
1419 1487 1472 1531 ut
1494 1476 1725 1529 ordinem
1746 1475 2013 1528 instrueret
2034 1514 2048 1539 ,

449 1591 628 1630 rerum
648 1572 927 1640 ine/fabilis
959 1573 1053 1627 illa
1090 1571 1290 1636 Virtus,
1323 1569 1945 1639 incomprehensibilisque
1967 1583 2052 1619 sa-

449 1669 642 1739 pientia
674 1685 699 1722 e
729 1669 936 1741 regione
972 1665 1141 1720 cordis
1169 1651 1359 1718 eructat
1384 1665 1586 1717 verbum
1623 1680 1640 1718 :
1666 1661 2051 1731 Omnipotentia

2141 445 2596 517 prehensibilisque
2641 447 2893 514 sapientia
2932 462 2958 499 e
2985 446 3191 515 regione
3215 443 3387 500 cordis
3415 451 3606 502 eructat
3631 457 3742 498 tier-

2143 539 2284 603 bum,
2325 537 2528 594 addens
2562 556 2573 591 :
2611 537 2796 594 Totum
2848 537 3020 598 Patris
3055 538 3248 605 habens
3271 579 3286 603 ,
3330 536 3463 598 nihil
3488 536 3744 606 derogans

2144 628 2319 695 Patri,
2347 639 2402 686 ut
2424 630 2759 700 signiﬁcaret
2784 647 2851 694 ex
2882 631 3058 700 plena,
3085 645 3148 694 ac
3177 628 3418 700 perlecta
3446 627 3632 688 Patris
3652 641 3746 688 co.-

2143 724 2388 795 gnitione
2415 732 2525 780 tum
2557 725 2760 780 Divina;
2790 723 3107 780 substantiae
3129 765 3144 790 ,
3179 737 3244 778 ac
3283 722 3596 787 Divinarum
3619 721 3748 778 Per-

2146 833 2425 884 sonarum,
2453 834 2612 890 quam
2655 827 3026 876 creaturarum
3055 817 3321 880 omnium,
3345 825 3402 873 et
3440 813 3628 886 quoad
3655 829 3750 870 na-

2147 919 2343 977 turam,
2376 919 2430 966 et
2455 911 2633 980 quoad
2673 911 3017 978 existentiam
3056 910 3118 964 D.
3151 908 3316 972 Verbi
3340 906 3754 980 generationem

2148 1003 2498 1072 processisse.
2543 1003 2749 1060 Eodem
2802 1019 2972 1068 sensu
3021 1001 3156 1058 dixit
3201 1001 3332 1062 alibi
3386 999 3499 1072 (lib.
3553 1015 3591 1054 ιι
3651 996 3746 1053 Tr.

2147 1091 2263 1164 tv):
2293 1093 2442 1149 Sicut
2484 1111 2631 1154 sacra
2658 1095 2932 1164 Scriptura
2975 1102 3226 1159 testatur,
3271 1100 3380 1146 erat
3419 1100 3540 1145 ante
3578 1089 3752 1144 omnia

2148 1200 2380 1252 manens,
2409 1202 2540 1240 unus
2571 1197 2617 1240 et
2656 1187 2793 1240 idem
2821 1185 2950 1240 alter
2975 1185 3124 1257 (nota
3149 1181 3552 1238 distinctionem
3593 1188 3754 1237 teter-

2150 1293 2273 1332 nam
2302 1293 2658 1348 personarum
2689 1279 2887 1345 Patris,
2920 1288 2974 1334 et
3013 1277 3161 1349 Filii)
3186 1293 3249 1332 ea:
3291 1275 3638 1347 semetipsum
3666 1291 3755 1330 se-

2151 1372 2420 1444 metipsum
2448 1371 2612 1439 Deus,
2635 1374 2816 1428 secreti
2829 1372 2908 1426 sui
2929 1372 3069 1426 solus
3091 1371 3347 1437 conscius,
3370 1373 3520 1442 cujus
3540 1384 3602 1424 ea:
3628 1383 3718 1421 ore
3736 1408 3758 1434 ,

2153 1473 2208 1517 ut
2229 1481 2400 1519 rerum
2421 1475 2627 1531 natura,
2651 1481 2766 1536 qua:
2785 1482 2887 1520 non
2907 1475 3035 1532 erat,
3059 1467 3356 1536 ﬁngeretur,
3385 1463 3606 1534 prouidit
3627 1460 3764 1516 Uni-t

2152 1558 2354 1629 genitus
2387 1557 2581 1623 Filius,
2605 1559 2773 1616 cordis
2813 1562 2926 1627 eius
2964 1559 3162 1616 nobilis
3199 1557 3484 1628 inquilinus
3505 1597 3519 1622 ,
3549 1573 3611 1612 ea;
3637 1556 3761 1610 inde

2155 1650 2366 1706 visibilis
2397 1653 2685 1706 necessario
2711 1650 2922 1719 elfectus
2943 1693 2956 1717 ,
2990 1652 3112 1721 quia
3136 1650 3309 1708 orbem
3339 1659 3490 1705 terra:
3517 1658 3625 1704 erat
3650 1651 3762 1720 ipse

448 1777 502 1813 se
527 1773 814 1832 propagat;
858 1759 920 1812 de
967 1757 1075 1812 Deo
1105 1757 1331 1811 nascitur
1370 1756 1551 1821 Deus;
1579 1764 1736 1808 totum
1762 1752 1934 1808 Patris
1961 1750 2053 1804 ha—
2082 1747 2132 1808 B
2159 1745 2421 1814 tacturus,
2449 1742 3148 1816 humanumque.visitaturus
3174 1759 3334 1813 genus
3352 1785 3364 1807 ,
3383 1743 3518 1806 alias
3543 1743 3771 1812 aqualis-

449 1856 568 1908 bens
592 1895 606 1920 ,
633 1852 763 1907 nihil
791 1853 1044 1923 derogans
1094 1851 1241 1903 Patri
1265 1858 1369 1926 εις.
1404 1848 1670 1914 Quomodo
1712 1856 1877 1900 autem
1903 1861 2055 1915 gene-

448 1955 590 1998 ratus
617 1946 703 2012 sit,
733 1945 822 2014 qui
867 1943 1142 2015 processit,
1176 1951 1250 1995 est
1289 1941 1534 1994 dementis
1559 1941 1785 2008 apinari.
1819 1937 2056 2007 Namque

447 2045 698 2108 temperat
721 2053 777 2091 se
809 2045 1014 2106 propter
1054 2051 1222 2088 rerttm
1268 2043 1504 2087 naturam
1532 2029 1704 2085 Filius
1725 2072 1737 2094 ,
1763 2045 1826 2083 ne
1852 2039 2056 2083 (eterna:

453 2130 742 2201 Majestutis
776 2128 1056 2181 Dominum
1085 2143 1187 2180 non
1218 2126 1377 2195 possit
1403 2123 1582 2176 mundi
1605 2123 1757 2194 hujus
1785 2120 2056 2174 mediocri-

451 2233 529 2277 tas
574 2221 847 2276 sustinere.
889 2218 1020 2275 Cum
1074 2219 1290 2285 imperat
1341 2216 1496 2271 Pater
1548 2216 1716 2270 orbem
1761 2215 1895 2283 fieri,
1929 2229 2056 2284 aptis

452 2331 569 2370 cum
608 2315 745 2369 dicto
788 2315 1071 2384 completur
1103 2332 1133 2366 α
1164 2311 1324 2366 Filio.
1357 2311 1425 2365 Et
1465 2311 1718 2364 Tractatu
1752 2325 1811 2364 ιιι
1849 2309 1940 2363 lib.
1977 2324 2052 2362 tt:

452 2407 625 2481 Igitur
671 2406 954 2474 inelfabilis
994 2406 1107 2469 illa,
1134 2403 1760 2476 incomprehensibilisque
1790 2402 2060 2474 Sapientia

455 2500 824 2572 Sapientiam,
871 2498 1254 2570 Ottmipotetttia
1301 2495 1740 2568 Omnipotentiam
1781 2504 2052 2565 propagat.

455 2594 534 2649 De
565 2592 678 2647 Deo
720 2593 949 2647 nascitur
997 2592 1172 2656 Deus;
1206 2593 1267 2645 de
1312 2589 1550 2662 Ingenito
1608 2589 1954 2661 Unigenitus;
1997 2589 2060 2643 de

459 2688 569 2742 solo
614 2687 790 2751 solus;
840 2687 902 2740 de
956 2696 1059 2740 toto
1090 2695 1266 2749 totus;
1320 2684 1382 2738 de
1429 2701 1545 2737 vero
1596 2700 1782 2749 verus;
1832 2683 1893 2737 de
1939 2698 2058 2754 per-

454 2783 586 2849 fecto
631 2779 929 2850 perfectus;
964 2788 1122 2832 totum
1148 2777 1326 2831 Patris
1358 2777 1550 2830 habens
1577 2793 1592 2842 ;
1630 2775 1781 2830 Nihil
1808 2776 2059 2847 derogans

456 2869 648 2925 Patri:
707 2870 935 2939 procedit
960 2870 1014 2923 in
1038 2869 1350 2937 nativitatem
1385 2870 1472 2938 qui
1499 2878 1608 2922 erat
1633 2869 1908 2939 antequam
1941 2883 2062 2921 nas-

464 2975 679 3020 ceretur.
717 2964 940 3018 Demum
989 2963 1243 3017 'l‘ractatu
1278 2977 1329 3017 tv
1360 2961 1602 3031 ejusdem
1633 2961 1754 3016 libri
1793 2977 1831 3015 tt
1858 2979 1869 3013 :
1901 2960 2061 3030 Cujus

455 3073 519 3111 ea:
547 3073 650 3122 ore,
680 3065 734 3109 ut
757 3071 930 3110 rerum
951 3064 1158 3122 natura,
1190 3070 1305 3125 qua:
1330 3070 1431 3108 non
1458 3063 1585 3119 erat,
1615 3054 1915 3124 ﬁngeretur,
1947 3067 2065 3121 pi'O-

2156 1837 2209 1887 in
2238 1836 2472 1890 omnibus
2496 1834 2667 1890 Patri.
2698 1835 2793 1892 illa
2821 1836 2988 1898 verba
3031 1836 3268 1894 notanda
3294 1843 3422 1894 sunt
3441 1876 3456 1900 ,
3483 1852 3545 1890 ea
3581 1845 3766 1890 tentet-

2156 1928 2270 1997 ipso
2297 1927 2351 1980 in
2379 1929 2704 1993 semetipsum
2730 1927 2894 1995 Deus,
2923 1943 3046 1999 quae
3072 1929 3485 1999 promissionem
3511 1926 3672 1984 Verbi
3694 1943 3770 1984 ex.

2157 2022 2470 2091 cognitione
2518 2021 2725 2078 Divina:
2774 2023 3023 2084 essentia:
3071 2021 3397 2093 signiﬁcant.
3448 2021 3582 2078 Tum
3613 2021 3761 2077 alia:

2159 2112 2326 2184 Cujus
2357 2131 2419 2168 ea:
2435 2131 2522 2170 ore
2545 2125 2601 2170 ut
2623 2132 2795 2171 rerum
2818 2128 3023 2181 natura,
3043 2132 3157 2187 quat
3177 2133 3278 2176 non
3304 2126 3438 2185 erat,
3461 2116 3761 2187 ﬁngeretur,

2161 2206 2384 2275 pradivit
2411 2206 2716 2280 Unigenitus
2736 2206 2929 2276 Filius,
2946 2217 3050 2266 etc.
3067 2225 3187 2278 quae
3206 2209 3610 2278 processionem
3621 2208 3772 2278 ejus-a.

2163 2299 2287 2365 dem
2318 2298 2480 2356 Verbi
2515 2317 2578 2358 ex
2609 2302 2797 2364 Divina
2820 2303 3126 2374 cognitione
3161 2313 3534 2364 creaturarum
3563 2303 3772 2373 pariter

2164 2392 2504 2463 signiﬁcant,
2535 2396 2702 2452 unico
2728 2396 2936 2457 Divina:
2959 2398 3158 2456 mentis
3202 2409 3328 2454 acu:
3362 2414 3470 2454 non
3499 2405 3610 2452 tum
3640 2411 3768 2456 eum

2165 2495 2365 2540 creata:
2395 2495 2560 2553 sunt,
2591 2487 2688 2544 sed
2714 2488 2783 2550 ab
2807 2492 3142 2557 aeternitate;
3173 2506 3356 2546 rerum
3382 2491 3578 2546 etenim
3611 2499 3769 2545 nauta

2166 2591 2280 2631 ram
2325 2579 2562 2650 nondum
2587 2595 2744 2645 esse,
2793 2580 3133 2652 futuramque
3173 2585 3506 2638 creationem
3546 2582 3766 2636 asserit.

2170 2667 2238 2722 Ut
2267 2687 2435 2724 rerum
2481 2683 2703 2740 natura,
2756 2689 2873 2743 quia
2919 2690 3022 2738 non
3061 2685 3169 2732 erat
3219 2676 3515 2746 ﬁngeretur.
3577 2673 3770 2728 Orbem

2167 2769 2317 2816 terra;
2342 2773 2451 2817 erat
2480 2765 2589 2834 ipse
2623 2764 2872 2834 facturus.
2915 2767 3045 2834 Qua:
3066 2768 3248 2830 0min
3275 2768 3454 2826 verbis
3483 2768 3590 2824 illis
3627 2783 3770 2823 con-t

2166 2853 2484 2909 cluduntur:
2522 2856 2664 2912 Alias
2693 2858 2912 2927 wqualis
2934 2860 2989 2918 in
3013 2860 3248 2922 omnibus
3278 2859 3446 2918 Patri.
3482 2861 3538 2918 Si
3562 2861 3624 2916 in
3647 2875 3772 2916 om—.

2169 2944 2326 2998 nibus
2349 2947 2590 3024 aequalis,
2615 2964 2743 3020 ergo
2771 2959 2830 3008 et.
2847 2952 2910 3016 in
2930 2952 3253 3017 aeternitate.

2241 3037 2388 3092 Hanc
2407 3041 2816 3109 generationem
2837 3042 3176 3111 ittell'abilem,
3191 3045 3475 3114 praedicat:
3496 3043 3764 3112 Quomodo

457 3147 588 3202 cedit
617 3146 948 3220 Uttigenitus,
979 3145 1148 3200 Filius
1171 3146 1340 3200 cordis
1383 3148 1493 3220 ejus
1523 3145 1707 3199 nobilis
1742 3144 2023 3215 inquilinus
2045 3182 2061 3210 ,
2089 3127 2136 3191 C
2167 3139 2334 3184 autem
2359 3133 2562 3203 genitus
2593 3134 2690 3200 sit,
2721 3136 2812 3203 qui
2842 3137 3089 3204 processit
3113 3178 3138 3204 ,,
3161 3136 3406 3203 demi;
3433 3146 3516 3195 ett.
3536 3136 3772 3207 opinati.

457 3239 642 3295 exinde
669 3240 884 3295 visibilis
923 3238 1154 3307 eﬂ’ectus,
1175 3239 1297 3310 quia
1328 3239 1613 3292 humanum
1643 3254 1802 3307 genus
1831 3238 2064 3290 visitatu-

463 3347 553 3385 rus
581 3342 710 3386 εται.

531 3425 648 3494 Hae,
686 3427 926 3496 inquam,
959 3425 1016 3480 S.
1048 3423 1286 3480 Zenonis
1330 3425 1614 3481 sententiae
1645 3423 1779 3479 nihil
1820 3420 1966 3479 aliud
1993 3422 2065 3478 si-

456 3518 734 3587 gniﬁcant,
769 3519 871 3572 nisi
905 3516 1110 3571 [Eterni
1136 3517 1294 3574 Verbi
1322 3517 1732 3588 productionem
1771 3516 2066 3587 procedere

457 3626 566 3665 non
593 3618 798 3663 tantum
828 3623 894 3663 ex
941 3609 1250 3680 cognitione
1277 3609 1485 3664 Divina:
1515 3611 1801 3676 essentia},
1828 3624 1892 3663 ac
1923 3608 2067 3662 Divi-

459 3719 649 3758 narum
680 3685 1040 3773 personarum
1059 3744 1074 3768 ,
1104 3702 1200 3757 sed
1226 3705 1389 3757 etiam
1417 3719 1483 3758 ex
1511 3703 1822 3775 cognitione
1852 3712 2068 3758 creatu-

460 3812 663 3862 rarum,
683 3806 794 3850 tum
819 3795 995 3866 quoad
1019 3797 1332 3863 essentiam,
1359 3807 1469 3852 tum
1492 3798 1666 3867 quoad
1695 3796 2064 3864 cxistentiam,

461 3894 563 3945 nec
601 3905 708 3944 non
738 3904 802 3943 ex
849 3889 1158 3958 cognitione
1191 3907 1368 3945 rerum
1419 3891 1762 3964 possibilium
1787 3932 1800 3955 ,
1833 3905 2068 3960 quorum

461 3981 705 4036 omnium
756 3997 860 4036 una
901 3982 1134 4053 cognitio
1175 3983 1227 4036 in
1257 3983 1418 4037 Patre
1448 3994 1550 4037 est.
1611 3981 1750 4036 Deus
1782 3981 1940 4036 Pater
1966 3999 2068 4036 non

460 4073 670 4146 integre,
719 4074 1033 4145 perfectoque
1062 4075 1283 4145 seipsum
1326 4076 1570 4138 dixisset,
1615 4075 1660 4128 si
1700 4074 1898 4143 aliquid
1939 4083 2068 4130 esset

462 4170 636 4223 minus
654 4168 708 4221 in
741 4166 923 4229 Verbo,
949 4185 1101 4238 quant
1121 4169 1244 4222 inse
1271 4168 1382 4239 ipso
1401 4210 1416 4232 ,
1449 4177 1505 4222 ut
1530 4169 1586 4222 S.
1614 4169 1948 4238 Augustinus
1970 4168 2068 4224 do-

461 4272 566 4316 cet.
592 4261 677 4332 (S.
712 4260 846 4332 Aug.
875 4262 913 4316 ι.
957 4277 1023 4315 xv
1056 4262 1117 4314 de
1144 4259 1293 4315 Trin.
1320 4278 1365 4314 c.
1400 4261 1513 4333 14.)
1537 4261 1683 4318 Idem
1729 4264 2068 4332 apertissime

464 4358 771 4422 exprimunt
824 4355 914 4407 illa
959 4355 1019 4408 Ι).
1079 4353 1316 4409 Zenonis
1363 4355 1522 4410 verba
1584 4354 1743 4426 (Zeno
1793 4355 1962 4411 'l‘ract.
1999 4373 2065 4425 ν,

464 4444 553 4496 lib.
581 4444 679 4518 1|):
715 4445 821 4499 Sed
847 4447 1251 4516 excogitatarum
1275 4487 1288 4512 ,
1315 4457 1368 4500 ttt
1405 4448 1639 4502 ordinem
1668 4449 1956 4515 instrueret,
1988 4467 2068 4514 re,-

2168 3225 2331 3295 Cujus
2360 3224 2647 3286 inell‘abilis
2671 3230 3044 3297 generationis
3070 3244 3328 3290 arcanum
3362 3231 3760 3294 absconditum,

2168 3326 2226 3372 ut
2255 3320 2466 3391 probet,
2499 3321 2682 3378 subdit
2708 3338 2720 3375 :
2739 3320 2980 3394 Namque
2999 3332 3258 3395 temperat,
3276 3341 3342 3384 se,
3360 3335 3567 3395 propter
3593 3339 3766 3380 rerum

2167 3422 2408 3467 naturam
2451 3411 2626 3474 Filius
2649 3457 2664 3480 ,
2707 3433 2770 3470 ne
2796 3426 3002 3482 (sternte
3034 3417 3328 3491 Majestatis
3354 3416 3645 3478 Dominum.
3661 3434 3767 3472 non

2169 3507 2329 3574 possit
2355 3507 2534 3561 mundi
2564 3509 2711 3564 istius
2735 3509 3062 3574 mediocritas
3081 3511 3358 3569 sustinere.
3387 3511 3767 3580 Sitnulohjec-

2173 3599 2375 3653 tionem
2408 3599 2552 3656 illam
2596 3611 2932 3670 praevertens
2954 3645 2968 3670 ,
2998 3603 3140 3674 quod
3172 3618 3242 3662 ex
3281 3602 3381 3662 bis.
3405 3602 3668 3660 amatoris
3707 3602 3766 3657 in

2181 3691 2281 3746 Dei
2312 3693 2676 3763 cognitionem
2700 3696 3019 3758 ascendere.
3048 3695 3180 3752 Nam
3210 3695 3339 3756 licet
3363 3712 3434 3756 ex
3457 3695 3770 3766 cognitione

2169 3783 2344 3839 Divini
2370 3785 2676 3844 intellectus
2696 3788 2841 3850 circa
2873 3804 2964 3845 res
2987 3799 3199 3852 creatas
3220 3788 3456 3848 Verbum
3486 3803 3770 3858 processe-

2168 3876 2242 3930 rit
2273 3917 2288 3943 ,
2322 3884 2560 3936 attamen
2589 3893 2712 3934 cum
2741 3879 2824 3935 ita:
2853 3880 3028 3944 ﬁnita;
3049 3881 3178 3947 sint,
3211 3895 3318 3942 non
3343 3881 3556 3950 plcitant
3581 3878 3766 3934 Virmn

2171 3977 2279 4025 tem
2317 3968 2413 4042 (ut
2441 3986 2540 4040 pro
2567 3984 2729 4042 captu
2756 3985 2947 4030 nostro
2980 3975 3318 4044 loquamur).
3337 3974 3570 4036 Verbum
3593 3971 3782 4030 exerit.

2170 4079 2324 4117 suam
2357 4063 2474 4118 iilas
2498 4066 2757 4132 creando,
2783 4068 2872 4122 sed
2894 4077 3140 4139 temperat
3168 4083 3222 4130 se
3243 4077 3452 4137 propter:
3471 4081 3642 4124 ration
3671 4081 3772 4123 nae-

2173 4165 2340 4208 turam
2377 4155 2619 4229 (linilutn
2649 4159 2895 4230 scilicet)
2926 4157 3128 4226 Filius;
3161 4159 3233 4214 ita
3265 4168 3324 4215 ut
3369 4158 3772 4229 nonpossimus

2171 4263 2236 4302 ex
2267 4248 2455 4303 barum
2492 4266 2674 4306 rerum
2715 4253 3026 4326 cognitione
3074 4260 3342 4314 aeternam
3381 4251 3554 4313 Divini
3603 4250 3770 4306 Verbi

2170 4344 2574 4412 generationem
2601 4344 2887 4420 attingere.
2916 4348 3259 4418 Quapropter
3287 4360 3412 4402 cum
3461 4343 3590 4402 alibi
3629 4343 3778 4400 dixit

2172 4434 2230 4489 S.
2261 4436 2406 4491 Zeno
2433 4454 2443 4488 :
2478 4437 2720 4498 Procedit
2757 4439 2814 4491 in
2837 4439 3154 4502 nativitatem
3177 4479 3192 4505 ,
3226 4441 3322 4510 qui.
3350 4449 3456 4500 erat
3498 4447 3771 4507 antequam

460 4552 576 4589 rum
615 4513 891 4603 itte/rabilis
933 4513 1026 4592 illa
1078 4539 1251 4592 Virtus
1271 4582 1285 4604 ,
1315 4513 1950 4612 incompreltensibilisque
1983 4513 2066 4596 διέ-
2092 4513 2146 4573 D
2174 4540 2470 4584 ηαδεενείυν
2495 4528 2514 4602 (
2542 4529 2629 4584 ΤΥ·
2658 4546 2717 4584 ΠΙ
2737 4572 2752 4597 ι
2785 4530 2875 4584 “b-
2903 4547 2980 4602 us,
3004 4531 3140 4590 Αάιιο
3173 4531 3227 4597 7,
3253 4532 3328 4594 ad.
3346 4533 3519 4592 eadem
3546 4530 3698 4586 uerba
3721 4532 3764 4601 )ν

461 4629 653 4696 pietttia
683 4631 936 4700 eregione
981 4632 1148 4684 cordis
1193 4642 1385 4685 eructat
1412 4636 1637 4687 verbum.
1684 4633 2066 4703 Omnipotetttia

462 4737 514 4774 se
542 4730 813 4792 prapaqat,
846 4723 908 4774 de
952 4722 1058 4774 Deo
1101 4723 1326 4775 nascitur
1347 4722 1485 4776 Deus
1511 4765 1526 4789 ,
1560 4733 1717 4776 totum
1771 4721 1940 4778 Patris
1972 4726 2066 4777 ha-

462 4811 604 4877 bens,
635 4813 763 4867 nihil
791 4815 1044 4883 derogans
1071 4813 1236 4877 Patri,
1260 4825 1365 4867 etc.
1404 4815 1674 4882 Quomodo
1701 4826 1868 4869 autem
1912 4836 2064 4888 gene-

460 4915 602 4958 ratus
632 4905 716 4968 sit,
745 4905 829 4972 qui
853 4906 1121 4974 processit,
1153 4905 1397 4960 dementis
1443 4917 1512 4961 est
1541 4911 1747 4975 opinari
1781 4927 1793 4963 :
1825 4909 2065 4984 Namque

462 5004 711 5065 temperat
737 5012 790 5048 se
813 5007 1018 5064 prOpter
1044 5013 1211 5048 rerum
1243 5008 1492 5056 naturam
1519 4998 1692 5054 Fili-us
1719 5044 1733 5067 ,
1775 5019 1835 5056 ne
1859 5013 2065 5064 ceterum

463 5088 754 5161 Majestatis
785 5087 1059 5142 Dominum
1091 5107 1192 5144 non
1217 5092 1377 5162 possit
1403 5095 1581 5148 mundi
1613 5096 1760 5149 istius
1791 5098 2065 5152 mediocri-

462 5188 540 5233 tas
565 5181 830 5236 sustinere.
859 5180 1286 5250 Ere-agitatorum
1321 5202 1497 5241 rerum
1521 5189 1768 5244 ordinem
1811 5190 1964 5255 dixit,
2007 5201 2066 5254 ut

461 5281 718 5326 aeternam
750 5272 924 5327 Patris
953 5276 1312 5344 cognitionem
1340 5279 1709 5349 signiﬁcaret,
1742 5292 1850 5338 tum
1875 5283 2059 5348 addit:

465 5363 843 5434 Omnipotentiu
881 5383 934 5418 se
964 5379 1240 5439 propagat,
1293 5379 1349 5424 Ill
1384 5387 1562 5426 rerum
1607 5383 1759 5428 extra
1812 5375 2059 5432 Divinam

455 5457 746 5510 essentiam
775 5457 1108 5513 creationem
1148 5459 1382 5514 futuram
1410 5462 1760 5532 signiﬁcaret.
1803 5466 2062 5535 Umnipos

454 5549 622 5602 tentia
673 5549 940 5620 siquidem
989 5552 1179 5606 Divina
1221 5565 1371 5608 extra
1431 5571 1491 5610 se
1545 5555 1716 5628 ipsam
1764 5572 1850 5610 res
1902 5557 2061 5627 hujus

446 5640 637 5696 ιηιωάὶ
670 5656 862 5696 creatis
894 5652 1176 5708 operatur.
1215 5644 1322 5699 llac
1346 5647 1654 5718 cognitione
1683 5664 1879 5718 nempe
1905 5665 2050 5716 ecco-

433 5733 739 5804 gt’taturtmt,
775 5743 830 5788 ut
858 5732 1084 5790 ordinem
1135 5735 1405 5792 instrueret
1432 5755 1600 5795 rerum
1633 5783 1646 5810 ,
1681 5741 1896 5814 produci
1934 5742 2055 5797 Ver—

2171 4621 2287 4676 baec
2317 4623 2566 4678 nativitas
2608 4637 2716 4678 non
2752 4621 2823 4688 de
2863 4634 3062 4680 :eterna
3105 4625 3458 4695 generatione
3505 4623 3666 4687 Filii,
3709 4632 3772 4679 ut

2176 4713 2518 4784 Veronenses
2545 4715 2908 4773 Adnotatores
2937 4717 3246 4789 explicant,
3283 4717 3378 4774 sed
3425 4716 3492 4780 de
3529 4716 3769 4776 secunda

2169 4810 2487 4876 nativitate,
2537 4824 2634 4872 seu
2682 4809 3057 4874 lncarnatione
3096 4820 3229 4874 sunt.
3266 4809 3649 4880 intelligenda,
3700 4825 3772 4866 ne

2171 4905 2388 4958 tertiam
2430 4904 2614 4960 Divini
2651 4905 2818 4962 Verbi
2844 4905 3178 4972 nativitatem
3209 4913 3402 4960 contra
3429 4905 3486 4962 S.
3521 4903 3772 4962 vectoris

2170 5009 2406 5060 mentem
2429 5038 2444 5063 ,
2476 5007 2534 5052 ut
2578 5013 2737 5068 supra
2786 4999 3216 5056 demonstratum
3242 5007 3356 5064 est,
3385 5011 3636 5076 cogamus
3667 4995 3768 5057 ad-

2171 5089 2406 5150 mittere.
2442 5090 2834 5148 Scltolasticam
2872 5108 3104 5163 namque
3154 5091 3299 5148 illam
3331 5090 3769 5153 distinctionem,

2169 5184 2380 5239 scilicet
2405 5185 2461 5240 S.
2489 5184 2765 5244 Zenonem
2792 5187 3127 5251 intellexisse
3156 5186 3347 5248 Filium
3376 5198 3500 5241 esse
3525 5183 3769 5253 genitura

2173 5290 2203 5328 a
2230 5276 2410 5345 Patre,
2446 5286 2734 5348 antequam
2761 5277 3041 5342 decretum
3070 5274 3496 5342 ferratoroaodi;
3516 5275 3656 5335 bam:
3681 5288 3772 5335 re-

2173 5385 2290 5424 rum
2311 5372 2738 5435 universitatem,
2760 5388 2862 5427 non
2883 5371 3151 5442 priotjitate
3175 5370 3440 5440 temporis.
3465 5369 3780 5438 ιεὼῃτὼῡίεη

2169 5473 2273 5518 tate
2301 5465 2518 5519 rationis
2553 5464 2944 5534 exsul‘tlandaqt
2975 5479 3210 5528 censeo,
3244 5472 3442 5532 utpote.
3458 5461 3794 5522 unanimo.

2171 5559 2403 5628 tempori
2436 5558 2660 5614 minimc
2686 5559 3124 5625 convenientem.
3158 5555 3422 5624 Quanta-ia
3445 5555 3604 5613 enim.
3622 5555 3676 5610 in
3703 5569 3774 5612 eo

2167 5666 2418 5710 sermone
2461 5652 2516 5707 S.
2568 5651 2768 5718 Doctor
2815 5649 2884 5708 de
2938 5661 3141 5719 attenta
3185 5649 3362 5710 Verbi.
3415 5651 3788 5721 generatione.

2171 5746 2540 5824 principaliter
2591 5756 2750 5817 agat;
2786 5746 2860 5812 nil
2906 5745 3112 5813 ofﬁcit,
3161 5746 3304 5818 quod
3352 5747 3654 5806 incidonter
3699 5745 3776 5804 de
