4198 6160
377 343 480 399 685
1811 319 2335 382 DISSER'I'A'I‘IO.
3643 349 3749 406 686

381 457 749 514 incarnatione
797 471 963 526 pauca
994 456 1088 512 illa
1140 454 1309 510 verba
1336 451 1580 513 inserat,
1611 443 1833 516 quibus
1871 447 2049 494 aeter-
2076 439 2134 500 Α
2163 461 2182 494 ι
2234 443 2443 509 metiri,
2477 459 2538 501 ac
2565 446 2871 504 discernere
2897 459 3056 518 posse
3081 457 3386 521 praesumis.
3418 475 3440 510 ι
3474 457 3542 513 Et
3568 474 3757 522 contra

384 569 504 608 nam
526 559 926 624 generationem
954 567 984 606 a
1029 547 1323 620 temporali
1356 542 1660 599 nativitate
1683 535 2045 603 distinguat.
2156 533 2250 588 hos
2277 533 2504 604 Spiritus
2517 540 2682 592 sancti
2713 541 2994 611 mqualitati
3015 547 3421 616 prtejttdicantes
3441 548 3619 607 Troct.
3648 555 3739 620 15,

385 645 498 699 lloc
535 646 770 715 genuino
791 645 854 699 D.
885 641 1121 699 Zenonis
1145 639 1446 696 verborum
1477 645 1666 690 sensu
1692 625 1903 682 omnis
1933 638 2049 678 a—m-
2153 643 2295 682 num.
2332 629 2380 693 l,
2406 629 2493 683 lib.
2528 645 2566 684 ll
2589 672 2605 698 ,
2649 633 2954 701 prterlaram
2991 636 3142 691 illam
3181 643 3557 714 professionem
3583 647 3752 704 edidit

388 739 620 810 biguitas
641 780 657 805 ,
688 739 1053 808 Ariauicaeque
1082 736 1254 808 pestis
1275 731 1590 802 imaginata
1637 718 1918 793 suspicio
1944 731 2016 774 ex

2149 718 2385 789 Spiritus
2422 732 2736 781 sanctus...
2771 728 2978 784 habens
3007 743 3169 786 unam
3203 735 3598 804 substantiam,
3627 743 3746 797 vir-

386 831 621 886 cludimr
649 832 878 899 penum.
2147 823 2339 880 tutem,
2366 815 2642 884 deitatem,
2675 819 3040 890 maiestatem,
3068 827 3514 900 voluntatemque
3540 831 3745 901 Patris,

462 922 876 979 Coucedendunt
930 931 1105 977 tamen
1161 914 1387 974 Petavio
1415 919 1537 976 est,
1608 907 1684 963 S.
1746 907 2039 961 Zenonem

393 1015 460 1070 in
481 1015 672 1070 ultimo
712 1014 894 1069 relatis
922 1011 1205 1068 sententiis
1251 1023 1360 1064 non
1403 1006 1484 1060 ita
1530 1000 1810 1055 distincte
1866 995 2036 1054 fuisse

393 1111 634 1164 locutum
696 1117 913 1178 promer
962 1107 1075 1162 Arii
1135 1116 1383 1162 errorem
1425 1115 1440 1152 :
1497 1094 1764 1148 Verbum
1816 1092 2033 1149 scilicet

393 1204 568 1258 solum
601 1218 634 1257 a
659 1201 820 1257 Patre
845 1208 967 1255 ante
1014 1199 1192 1253 omnia
1231 1193 1430 1251 saecula
1491 1197 1757 1244 creatum
1779 1231 1792 1255 ,
1837 1199 2032 1246 omnes

393 1296 534 1364 alias
568 1309 656 1350 res
697 1295 870 1364 ipsum
904 1291 1141 1347 Verbum
1164 1299 1400 1345 creasse.
1437 1282 1506 1339 lsi
1541 1289 1599 1336 et
1632 1282 1742 1351 ipsi
1776 1281 2026 1336 latebun-

399 1363 1120 1444 turOdoctissimiDail-erinii
1161 1381 1252 1456 qui
1276 1388 1430 1436 tanto
1454 1374 1685 1440 smdio,
1718 1376 2027 1432 eruditione

398 1489 580 1545 tanta,
602 1494 664 1536 ac
685 1477 927 1535 doctrina
957 1479 1016 1535 S.
1040 1477 1317 1532 Zenonem
1349 1473 1423 1527 ab
1442 1467 1662 1528 eodem
1689 1485 1878 1526 errore
1906 1469 2027 1524 vino

399 1577 584 1632 dieare
613 1575 858 1629 nituntur
890 1581 1004 1629 toto
1045 1572 1160 1627 lere
1187 1568 1364 1638 capite
1395 1565 1590 1637 primo
1609 1563 1871 1620 secunda:
1912 1564 2025 1618 dis-

399 1665 730 1723 sertationis.
760 1665 984 1720 Patavio
1009 1673 1188 1718 tamen
1219 1674 1325 1715 non
1357 1656 1774 1713 assentiendum
1797 1695 1812 1720 ,
1844 1655 1935 1725 qui
1963 1668 2024 1710 re

401 1777 510 1817 non
529 1759 770 1814 discussa
803 1773 936 1814 cum
951 1758 1156 1814 sentire
1185 1755 1253 1811 iis
1269 1752 1501 1818 videtur,
1526 1751 1620 1821 qui
1646 1752 1710 1805 Ι).
1738 1749 2021 1805 Zenonem

2141 915 2196 960 et
2222 904 2367 962 Filii.
2405 909 2505 976 Qui
2532 920 2701 967 autent
2730 929 2800 968 ea:
2819 916 3201 986 antiquioribus
3231 921 3486 978 haa'eticis
3515 924 3748 994 Spiritui

2137 1012 2318 1056 sancto
2356 1003 2720 1072 detraherent,
2759 1016 2910 1077 atque
2935 1011 3268 1082 decerperent
3291 1029 3393 1070 una
3413 1033 3530 1071 eam
3560 1017 3703 1076 Filio
3726 1065 3742 1088 ,

2137 1103 2196 1146 ut
2225 1096 2452 1149 auctoris
2477 1106 2644 1152 terr-tus
2670 1101 2800 1168 fert,
2837 1116 2985 1154 neuio
3008 1119 3146 1158 unus
3170 1117 3247 1160 est
3269 1109 3517 1162 omnium.
3554 1108 3748 1165 Poste-

2132 1187 2299 1242 riores
2335 1191 2503 1244 solum
2533 1189 2750 1257 Ariani,
2791 1209 2883 1249 seu
2911 1197 3084 1266 potius
3112 1195 3432 1255 Semiariani
3473 1199 3533 1256 id
3554 1207 3752 1261 erroris

2130 1281 2391 1338 invexere.
2431 1284 2542 1340 Hoc
2585 1285 2869 1342 Sozomeni
2897 1293 3231 1349 auctoritate
3259 1296 3591 1353 conﬁrmant
3615 1298 3747 1371 (So-

2130 1387 2267 1428 zam.
2303 1374 2338 1430 ι.
2375 1392 2451 1444 νι,
2484 1394 2530 1431 c.
2562 1378 2690 1451 25).
2727 1379 2942 1449 Utrique
2973 1381 3306 1455 (Anomia‘n‘i
3352 1387 3600 1454 scilicet,
3646 1405 3750 1446 seu

2131 1467 2254 1536 puri
2279 1468 2467 1524 Ariani
2495 1513 2508 1536 ,
2541 1481 2597 1526 et
2644 1472 3000 1545 Semiaria‘ni)
3042 1479 3180 1530 enim
3207 1477 3467 1550 Spiritum
3501 1493 3742 1537 sanctum

2130 1559 2424 1614 ministrum
2472 1579 2612 1630 esse,
2647 1575 2696 1618 et
2725 1566 2905 1620 ordine
2931 1609 2945 1633 ,
2999 1580 3155 1639 atque
3199 1571 3391 1627 honore
3431 1574 3657 1644 tertiam,
3691 1585 3744 1632 et

2127 1655 2417 1710 substantia
2446 1658 2665 1713 similem
2695 1662 3079 1718 asseverabant.

2200 1747 2260 1802 lu
2289 1749 2471 1805 allatis
2505 1753 2686 1808 verbis
2715 1754 2772 1809 S.
2800 1749 3040 1812 Zenonis
3072 1757 3256 1815 Tract.
3283 1761 3460 1829 primo
3492 1775 3641 1820 num.
3669 1763 3703 1819 5
3725 1807 3741 1830 ,

413 1855 634 1911 Niceno
683 1853 918 1908 concilio
959 1852 1322 1924 posteriorem
1355 1847 1564 1902 volunt.
1599 1847 1681 1901 Ex
1717 1863 1790 1902 ρο·
1814 1846 2018 1924 quippe
2048 1831 2096 1899 Β
2127 1839 2223 1894 lib.
2258 1843 2455 1911 primo,
2479 1845 2612 1900 nihil
2637 1847 2706 1901 de
2733 1846 2941 1917 Spiritu
2963 1860 3154 1907 sancto
3179 1851 3305 1923 lego
3321 1855 3388 1910 ad
3414 1857 3742 1928 impugnan-

405 1945 692 2003 evidenter
719 1929 1162 2010 constatfmulto
1190 1951 1320 1996 ante
1348 1939 1491 1995 idem
1523 1938 1813 1993 concilium
1841 1936 2018 2006 scrip-

405 2040 549 2095 sisse
574 2080 588 2104 ,
635 2037 776 2108 quod
807 2051 926 2092 non.
951 2037 1018 2090 ita
1050 2036 1307 2091 distincte
1354 2040 1544 2088 contra
1576 2030 1852 2100 proprium
1901 2029 2016 2083 Arii

410 2147 652 2187 errorem
682 2129 961 2193 disseruit,
989 2138 1173 2200 utpote
1193 2128 1297 2184 sibi
1329 2126 1606 2196 ignotum,
1630 2135 1806 2193 neque
1837 2121 2017 2176 adhuc

407 2229 701 2282 inventum.
727 2226 785 2282 Si
807 2225 1007 2280 ctenim
1037 2237 1319 2280 sermones
1344 2227 1473 2291 post
1512 2216 1698 2272 Arium
1737 2225 2018 2272 exorasset

409 2335 542 2376 suos
565 2362 578 2385 ,
612 2335 766 2390 quam
797 2317 1104 2373 luculenter
1133 2317 1393 2388 profecto
1414 2310 1531 2367 Arii
1567 2310 1762 2380 impios
1791 2323 2014 2365 errores

413 2419 731 2485 evertisset,
760 2417 854 2488 qui
914 2424 1062 2470 tanta
1087 2417 1135 2470 vi
1178 2424 1230 2470 et
1258 2408 1574 2480 eloquentia
1607 2406 1742 2461 alios
1787 2407 1854 2460 ab
1881 2403 2014 2458 Ario

409 2512 689 2582 adornatos
716 2525 935 2566 errores
953 2551 966 2575 ,
998 2518 1051 2563 et
1079 2517 1203 2564 ante
1234 2507 1413 2577 ipsum
1440 2501 1688 2568 vulgatos
1711 2498 2012 2566 disiecerit,

407 2620 472 2658 ac
519 2601 908 2674 proﬁigaveris.
965 2600 1090 2656 Hinc
1139 2614 1271 2656 sane
1322 2593 1548 2667 propria
1601 2599 1685 2645 est
1729 2588 2012 2644 catholicae

409 2699 466 2754 S.
504 2695 736 2751 Zenonis
785 2693 1044 2748 doctrinae
1092 2686 1504 2763 prepngnandae
1549 2683 1706 2737 ratio.
1736 2681 1867 2736 Nam
1893 2696 2014 2751 qua:

407 2789 672 2844 hactenus
693 2784 1105 2856 disputavimus,
1138 2781 1460 2840 ostendunt,
1499 2773 1701 2873 nullum
1737 2771 1849 2826 Arii
1881 2785 2012 2873 pro-

411 2881 588 2952 prium
614 2891 855 2933 errorem
888 2891 916 2929 a
946 2875 1008 2929 D.
1043 2876 1262 2931 Zenone
1293 2868 1600 2942 impetitntn
1631 2864 1826 2919 fuisse:
1859 2864 2016 2967 quin:-

409 2975 582 3029 immo
604 2971 772 3046 (quod
803 2978 858 3026 et
897 2969 1014 3023 aliis
1052 2966 1406 3024 antenicaenis
1449 2959 1699 3016 Patrihus
1727 2956 2011 3028 contingit)

409 3066 656 3139 qnmdam
703 3065 754 3118 in
807 3061 976 3133 ipsius
1013 3061 1353 3117 sermonibus
1376 3052 1642 3125 reperiri,
1667 3065 1787 3119 qua:
1812 3050 2010 3104 verbo-

410 3173 536 3214 rum
555 3158 761 3213 cortice
781 3171 878 3224 pro
900 3153 1028 3208 Ario
1050 3156 1225 3208 facere
1248 3151 1568 3210 vidcantur;
1599 3159 1719 3198 eum
1742 3141 1865 3196 aliis
1882 3155 2013 3196 vero

2121 1935 2250 1990 dum
2279 1951 2475 1994 eorum"
2498 1955 2770 2009 errorem,
2801 1944 2892 2013 qui
2915 1943 3164 2002 dicerent
3186 1947 3450 2017 Spiritum
3488 1961 3738 2008 sanetum

2119 2029 2442 2085 ministrum
2474 2045 2596 2088 esse
2622 2033 2815 2090 ordine
2835 2077 2851 2104 ,
2879 2045 2934 2092 et
2959 2036 3171 2094 honore
3200 2043 3453 2110 tertium,
3487 2058 3552 2098 ac
3577 2045 3736 2099 subs-

2121 2125 2292 2178 tantia
2320 2141 2349 2179 a
2380 2125 2543 2182 Patre
2564 2169 2578 2193 ,
2609 2137 2664 2182 et
2693 2127 2833 2183 Filio
2863 2129 3209 2187 dissimilem.
3241 2131 3354 2189 Eos
3378 2136 3736 2205 reprehendit

2119 2216 2178 2271 S.
2211 2215 2444 2286 Doctor,
2477 2221 2567 2290 qui
2603 2222 3002 2292 philosophicis
3025 2229 3360 2295 argumentis
3386 2227 3731 2284 divinitatem

2118 2307 2262 2373 Filii,
2295 2320 2354 2365 et
2381 2311 2620 2380 Spiritus
2643 2313 2826 2368 Sancti
2859 2318 3187 2383 perscrutari
3221 2329 3579 2388 praesumunt.
3613 2321 3730 2376 Sate

2117 2401 2311 2455 caloris
2341 2419 2521 2458 amore
2545 2404 2642 2475 (ita
2675 2405 2734 2460 S.
2761 2403 2935 2476 Zeno)
2951 2410 3226 2477 jactantite
3241 2425 3488 2466 accensus
3519 2427 3734 2467 nasoen»

2119 2496 2183 2547 tis
2207 2493 2304 2548 Dei
2331 2496 2396 2550 de
2418 2495 2554 2563 Deo,
2581 2497 2914 2568 Spiritusque
2945 2502 3111 2554 sancti
3137 2502 3548 2557 intestimabilem
3580 2499 3730 2557 Divi~

2116 2585 2291 2639 nitatis
2319 2588 2713 2656 perpetuitatem
2733 2591 2858 2660 jure
2883 2589 3025 2658 ipso,
3059 2605 3166 2661 quo
3190 2605 3255 2646 ea:
3284 2608 3390 2647 sese
3417 2605 3492 2648 est
3512 2635 3528 2661 ,
3558 2607 3721 2664 argu-

2117 2677 2300 2729 mentis
2324 2686 2374 2730 te
2395 2693 2579 2750 cogere
2602 2720 2615 2742 ,
2647 2681 2962 2746 examinare,
2983 2684 3170 2750 metiri,
3196 2700 3256 2737 ac
3274 2684 3559 2740 discernere
3581 2700 3732 2755 posse

2121 2772 2424 2839 prtesumis?
2455 2771 2621 2826 Verba
2635 2773 2782 2840 illa,t
2809 2775 2932 2843 jure
2954 2777 3088 2845 ipso,
3113 2794 3212 2846 quo
3237 2793 3300 2833 ea:
3312 2795 3422 2834 sese
3435 2790 3528 2846 est,
3545 2799 3564 2834 ι
3588 2781 3730 2836 Peri

2118 2879 2307 2918 narum
2348 2865 2759 2923 distinctionem
2792 2884 2899 2924 non
2950 2873 3251 2943 recipiunt,
3300 2889 3400 2930 nec
3432 2877 3729 2932 relationes

2117 2957 2260 3012 inter
2286 2957 2516 3014 easdem
2547 2958 2815 3015 Personas
2842 2972 3090 3019 naturam
3122 2965 3358 3022 divinam
3383 2970 3734 3039 exprimunt,

2119 3068 2240 3124 quae
2271 3070 2334 3108 ea:
2363 3072 2479 3111 sese
2516 3066 2608 3112 est.
2637 3059 2874 3114 Persona
2897 3076 3028 3116 vero
3065 3063 3191 3118 Filii
3213 3075 3242 3118 a
3274 3063 3433 3121 Patre
3463 3066 3729 3136 procedit,

2121 3156 2176 3200 et
2197 3143 2436 3215 Spiritus
2462 3151 2636 3204 sancti
2671 3166 2900 3220 persona
2928 3169 2956 3206 a
2991 3155 3172 3221 Patre,
3197 3163 3260 3212 et'
3275 3156 3434 3212 Filio.
3455 3160 3737 3216 Scrutato-

413 3252 587 3322 ipsius
616 3247 900 3304 sententiis
931 3246 1119 3300 collata
1138 3289 1151 3313 ,
1184 3243 1510 3300 catholicam
1533 3238 1859 3293 sententiam
1887 3249 2018 3289 con-
2051 3223 2095 3285 C
2128 3253 2216 3293 res
2245 3250 2377 3309 ergo
2399 3239 2607 3296 divina:
2635 3246 2909 3312 essentia),
2931 3262 2999 3302 ac
3020 3248 3319 3320 Majestatis
3349 3255 3527 3324 arguit
3553 3255 3610 3310 S,
3634 3254 3736 3312 ze-

418 3347 596 3400 sinere
625 3349 1010 3413 agnoscuntur.
1050 3341 1111 3394 ld
1131 3338 1355 3410 perinde
1382 3343 1466 3391 est
1497 3348 1560 3387 ac
1589 3330 1828 3385 funditus
1861 3345 2020 3385 ever-

421 3453 542 3492 sam
578 3451 768 3492 eorum
800 3434 1106 3502 Opinionem
1137 3430 1447 3492 ostendere,
1475 3426 1562 3496 qui
1591 3439 1656 3478 ex
1687 3435 2022 3507 commemo-

423 3530 558 3585 ratis
584 3571 599 3597 ,
646 3539 701 3584 et
729 3525 1018 3582 confutatis
1052 3541 1082 3579 a
1122 3524 1180 3579 S.
1213 3523 1433 3578 Zenone
1477 3517 1592 3573 Arii
1619 3514 1897 3571 erroribus
1920 3555 1933 3578 ,
1964 3522 2028 3568 ut

414 3625 564 3679 laiso
584 3630 855 3688 astrnunt,
882 3620 938 3675 S.
967 3619 1215 3676 eumdem
1240 3619 1518 3672 doctorem
1559 3629 1587 3666 a
1620 3609 1781 3666 tertio
1808 3608 2018 3664 smculo

415 3718 786 3774 amovendum
814 3757 830 3784 ,
861 3715 1002 3771 et‘ad
1031 3723 1280 3786 quartum
1316 3709 1660 3768 referendum
1695 3707 1843 3762 inani
1871 3713 2022 3763 certe

415 3823 628 3869 conatu
645 3810 999 3868 contendunt.

1049 3919 1282 3978 CAPUT
1320 3919 1386 3974 ll.

416 4057 594 4098 PLURA
621 4057 653 4095 Ε
674 4053 1001 4095 SEBIONIBUS
1022 4052 1062 4091 S.
1089 4050 1308 4092 ZENONIS
1326 4047 1643 4089 ARGUMEN’I‘A
1667 4044 1870 4085 PETUNT
1889 4043 2013 4083 DOC‘

494 4151 686 4192 TlSSlHI
734 4149 1073 4201 BALLERINII,
1109 4147 1178 4186 UT
1227 4144 1460 4185 EIUSDEM
1510 4141 1755 4181 EPOCIIAM
1809 4136 2020 4188 QUARTO

493 4243 714 4286 δεουιο
735 4242 1041 4284 ASTRUANTZ
1072 4240 1304 4280 POTIORA
1326 4237 1482 4278 (ΗΒΕΑ
1513 4233 1816 4274 ABIANORUM
1847 4231 2016 4269 ERRO-

493 4341 595 4380 RES
634 4339 793 4380 PRIMO
831 4337 1024 4378 CAPITE
1052 4330 1544 4379 CONSIDERAVIMUS,
1589 4329 1706 4366 ΜΛΔ
1736 4324 1980 4364 RESTANT
2004 4349 2016 4372 ,

495 4433 626 4483 0,υῶ
651 4429 1106 4479 ευθςερυεδτιηυε
1149 4423 1515 4467 PABAGRAPIIIS
1556 4422 1622 4460 AD
1653 4412 1862 4460 LANCEM
1905 4416 2020 4456 SUS-

497 4527 760 4568 PENDIIIUS
788 4524 1156 4566 PONDERANDA.

2122 3345 2223 3395 no,
2258 3343 2437 3401 neque
2459 3332 2528 3388 de
2555 3337 2863 3404 aequalitate
2890 3339 3091 3407 Patris,
3125 3349 3180 3397 et
3219 3335 3377 3411 Filii,
3405 3355 3460 3401 et
3491 3345 3728 3415 Spiritus

2123 3424 2294 3477 sancti
2337 3425 2490 3492 agit,
2533 3440 2697 3495 quam
2723 3426 3047 3484 Semiariani
3077 3432 3485 3504 impugnabant.
3522 3433 3734 3494 Hic'est

2123 3514 2282 3584 hujus
2333 3525 2597 3573 tractatus
2644 3520 2698 3575 S.
2736 3520 2973 3577 Zenonis
3005 3535 3240 3597 seopus,
3275 3539 3531 3601 totusque
3562 3535 3616 3588 in
3653 3551 3722 3589 eo

2122 3617 2207 3662 cst
2253 3617 2308 3661 ut
2339 3609 2598 3665 ostendat
2620 3626 2682 3668 ea
2706 3655 2721 3679 ,
2754 3629 2878 3684 qua:
2906 3617 3032 3672 ﬁdei
3065 3629 3227 3686 sunt,
3260 3620 3512 3680 humanis
3559 3627 3728 3682 ratio-

2124 3701 2281 3756 nibus
2329 3716 2438 3757 non
2487 3719 2611 3760 esse
2670 3707 3034 3778 inquirenda,
3083 3722 3145 3768 ut
3191 3715 3386 3785 legenti
3441 3728 3729 3776 tractatum

2127 3795 2271 3850 hunc
2315 3793 2595 3854 evidenter
2635 3810 2823 3869 patet,
2867 3821 3100 3862 numero
3149 3811 3336 3879 quinto
3390 3815 3732 3884 potissimum

2124 3888 2178 3941 in
2223 3888 2329 3942 illis
2357 3891 2584 3947 verbis:
2629 3892 2735 3948 Cur
2765 3897 2928 3966 legem
2966 3901 3077 3970 lege
3123 3902 3434 3976 distringis?
3484 3907 3587 3963 Cur
3631 3913 3727 3965 sub

2121 3981 2346 4052 imagine
2395 3983 2550 4048 ﬁdei,
2615 3987 2769 4054 ﬁdem
2826 3990 3082 4059 deponis?
3149 3993 3255 4050 Cur
3318 3999 3490 4070 ipsum
3533 4003 3725 4072 fontem

2122 4069 2422 4126 Divinitatis
2445 4075 2816 4148 philosophicis
2845 4087 3164 4152 argumentis
3196 4089 3467 4144 exhaurire
3491 4095 3734 4148 conaris?

2201 4170 2337 4225 Aliis
2378 4171 2430 4226 in
2465 4175 2650 4229 verbis
2681 4185 2942 4234 tractatus
2990 4196 3082 4236 xui
3128 4183 3223 4238 lib.
3267 4201 3326 4250 ll,
3377 4203 3531 4241 num.
3557 4190 3610 4257 l,
3637 4206 3726 4246 su-

2125 4276 2222 4333 pra
2273 4263 2460 4318 relatis
2508 4265 2566 4319 S.
2617 4266 2766 4322 Zeno
2813 4269 2974 4325 ﬁdem
3032 4287 3138 4328 non
3177 4278 3502 4347 proﬁtetur,
3550 4297 3728 4352 neque

2124 4364 2312 4408 contra
2346 4356 2581 4412 haereses
2609 4359 2750 4428 agit;
2781 4361 3020 4429 explicat
3039 4374 3219 4420 autem
3243 4371 3562 4439 mysterium
3588 4390 3732 4430 som-

2128 4445 2199 4498 nii
2233 4445 2424 4513 Jacob,
2469 4450 2512 4502 is
2562 4451 2704 4504 enim
2739 4460 2822 4506 est
2861 4457 3133 4510 sermonis
3165 4459 3351 4514 titulus
3381 4477 3392 4513 :
3425 4462 3500 4517 De
3528 4468 3727 4523 somnio

2128 4533 2290 4591 Jacob
2320 4555 2337 4592 :
2391 4539 2456 4594 de
2482 4556 2589 4612 quo
2626 4543 2696 4596 ita
2729 4544 2785 4599 S.
2816 4543 2964 4600 Zeno
2998 4542 3197 4603 :Jacob
3246 4550 3397 4606 habet
3448 4557 3726 4629 imaginem

423 4627 474 4698 ᾗ.
500 4625 540 4680 l.
587 4623 665 4680 De
684 4623 799 4678 aliis
829 4622 1115 4679 lueresibus-
1136 4627 1316 4691 quarto
1345 4613 1532 4671 saeculo
1557 4612 1742 4668 exortis
1772 4626 1874 4664 non
1918 4607 2024 4678 agit

2132 4628 2326 4685 Christi
2351 4674 2366 4699 ,
2393 4634 2482 4687 sed
2504 4643 2548 4687 et
2568 4633 2700 4704 lapis
2722 4635 2853 4706 ipse,
2879 4653 3028 4707 quem
3054 4641 3122 4693 ad
3143 4653 3297 4712 caput
3323 4662 3474 4700 suum
3497 4607 3728 4718 poisuisse

1098 4715 1160 4770 S.
1189 4712 1351 4768 Zeno.

502 4833 774 4901 Quasdam
815 4832 1054 4888 haereses
1104 4836 1296 4899 quarto
1349 4825 1674 4880 deeurrente
1717 4817 1919 4875 saeculo
1972 4817 2024 4870 in

427 4928 694 4983 Ecclesia:
740 4938 867 4998 agro
914 4923 1186 4980 veneﬁcas
1237 4919 1404 4975 veluti
1460 4917 1654 4973 herbas
1705 4920 2027 4971 enascentes

2134 4727 2459 4799 cognoscitur
2487 4743 2504 4780 :
2530 4729 2770 4798 quoniam
2805 4740 2958 4799 caput
2982 4732 3078 4784 viri
3107 4732 3342 4789 Christus
3368 4778 3382 4803 ,
3413 4741 3501 4808 qui
3527 4743 3729 4812 aliquo-

2135 4824 2227 4877 ties
2275 4822 2406 4894 lapis
2441 4832 2512 4875 est
2556 4830 2903 4890 nuncupatus.
2940 4821 3097 4878 Scala
3120 4838 3287 4881 autem
3310 4829 3412 4884 duo
3434 4842 3733 4891 testamenta

2133 4917 2392 4988 signiﬁcat
2409 4958 2423 4982 ,
2444 4931 2556 4986 qua:
2576 4924 2621 4969 et
2652 4916 2979 4988 Evangelicis
3001 4919 3200 4974 intexta
3228 4927 3496 4995 pra’ceptis
3521 4930 3736 4984 creden-

431 5018 496 5074 S-.
521 5017 797 5076 Zenonem
828 5016 1091 5072 radicitus
1123 5014 1234 5069 suis
1261 5011 1536 5066 eradicare
1571 5006 1914 5062 sermonibus
1941 5017 2035 5057 vo-

440 5113 613 5168 luisse
635 5119 888 5168 asserunt
905 5109 1090 5184 eximii
1113 5105 1385 5161 Ballerinii
1408 5101 1649 5175 (Dissert.
1678 5119 1714 5158 t.
1739 5117 1789 5154 e.
1812 5101 1868 5163 2,
1895 5097 1922 5169 ᾗ
1959 5098 2033 5162 5);

444 5228 465 5261 ι
499 5207 736 5261 Primum
759 5205 996 5269 Tracti,
1030 5219 1170 5256 num.
1198 5202 1252 5266 5,
1281 5198 1405 5255 lilm
1435 5205 1623 5269 prteter
1651 5211 1734 5250 eos
1755 5195 1843 5264 qui
1866 5195 1917 5244 in
1942 5189 2037 5243 Dei

437 5302 639 5358 Filium
695 5316 892 5354 errores
941 5304 1239 5369 sparserunt
1269 5336 1283 5360 ,
1329 5293 1448 5347 illos
1509 5293 1661 5344 etiam
1710 5283 2036 5358 reprehendit

435 5397 538 5466 (St.
571 5395 739 5459 Zeno,
767 5395 950 5463 tit-ipsi
985 5388 1213 5462 putant)
1240 5388 1406 5459 qui-in
1446 5384 1672 5456 Spiritus
1704 5381 1866 5437 sancti
1892 5379 2036 5432 Divi-

437 5493 654 5546 nitatem
697 5489 940 5544 subtilius-
980 5485 1340 5541 ratiocinantes
1383 5478 1728 5554 peccabant...
1765 5475 1865 5531 sub
1897 5488 2032 5528 sono

441 5585 590 5655 legis
619 5603 635 5636 ι
686 5565 848 5652 inquit
880 5597 906 5632 ‹·
930 5593 991 5634 ac
1019 5577 1170 5634 Fidei
1201 5573 1473 5631 saecularis
1523 5581 1709 5625 amore
1754 5565 2036 5672 jactautize.

448 5700 469 5732 ι
515 5689 798 5743 accensus,
828 5672 1098 5730 nascentis
1125 5671 1216 5725 Dei
1239 5670 1305 5725 de
1325 5669 1459 5734 Deo,
1488 5665 1827 5736 Spiritusque
1869 5665 2039 5715 sancti

447 5792 468 5825 ‹
518 5768 948 5826 inaestimabilem
972 5764 1278 5820 Divinitatis
1297 5760 1730 5833 perpetuitatem,
1742 5755 1865 5826 jure
1893 5755 2036 5824 ipso,

451 5887 474 5914 α
519 5878 627 5933 quo
649 5877 714 5917 ex
750 5874 868 5916 sese
898 5866 1001 5924 est,
1030 5855 1359 5926 argumentis
1383 5864 1436 5909 te
1466 5867 1682 5922 cogere,
1711 5847 2043 5915 examinare,

2137 5021 2207 5064 tes
2241 5011 2470 5064 homines
2497 5051 2510 5073 ,
2544 5011 2955 5080 voluntatemque
2999 5012 3096 5067 Dei
3144 5016 3426 5087 facientes;
3467 5026 3613 5093 quasi
3645 5042 3736 5096 per

2137 5102 2386 5172 quosdam
2411 5102 2744 5156 observantia!
2774 5105 2968 5173 gradus
3006 5106 3059 5159 in
3101 5107 3286 5163 caelum
3319 5113 3490 5169 levare
3513 5133 3735 5174 consue-

2141 5203 2336 5249 verunt.
2376 5192 2529 5247 Hanc
2555 5194 2612 5246 in
2643 5193 2961 5265 Apocalypsi
3002 5196 3232 5256 Joannes
3262 5203 3338 5258 bis
3377 5219 3583 5263 acutum
3624 5213 3736 5282 gla-

2141 5290 2282 5344 dium
2308 5306 2422 5342 cum
2455 5305 2556 5343 uno
2587 5292 2774 5360 capulo
2802 5296 3145 5364 nuncupavit,
3169 5313 3320 5365 quem
3349 5317 3412 5354 ea:
3439 5320 3524 5358 ore
3552 5295 3737 5358 Dom-5-

2143 5382 2194 5434 ni
2238 5381 2447 5450 prodire
2492 5381 2782 5451 descripsit.
2823 5378 3040 5439 Gladius
3091 5389 3222 5442 enim
3268 5391 3496 5462 Spiritus
3533 5408 3741 5451 sanctus

2139 5486 2212 5530 est
2256 5493 2411 5529 unum
2446 5475 2690 5545 capulum
2741 5475 2931 5530 habens
2956 5521 2969 5543 ,
3003 5480 3057 5532 id
3081 5491 3153 5534 est
3183 5499 3338 5537 unam
3366 5488 3735 5556 substantiam,

2139 5569 2375 5624 virtutem
2398 5611 2412 5631 ,
2469 5567 2741 5634 deitatem,
2790 5571 3148 5640 majestatem,
3190 5575 3599 5649 voluntatemque
3630 5577 3740 5633 Ραέ

2144 5662 2256 5727 tris,
2281 5669 2326 5715 et
2345 5655 2498 5723 Filii,
2542 5669 2833 5715 contestans
2881 5661 3010 5715 duas
3040 5663 3197 5730 acies,
3221 5665 3279 5717 id
3299 5677 3392 5731 est,
3438 5669 3544 5722 duo
3588 5677 3740 5725 testa-

2148 5761 2317 5809 menta
2341 5768 2542 5826 gerens,
2566 5770 2780 5823 quorttm
2811 5750 3066 5822 regalibus
3097 5755 3324 5823 monitis,
3351 5765 3396 5807 et
3419 5760 3635 5825 creduli,
3661 5764 3751 5819 de.

2161 5849 2362 5919 votique
2395 5855 2684 5914 servantur,
2713 5853 2758 5900 ct
2787 5841 3035 5899 increduli
3057 5843 3444 5916 desertoresque
3468 5841 3755 5922 puniuntur
