  <div class='ocr_page' id='page_1' title='image "/cluster/home/n/w/nwhite01/storage/ocr_20150623/11/hvd.32044096580402/361.png"; bbox 0 0 4198 6160; ppageno 0'>
   <div class='ocr_carea' id='block_1_1' title="bbox 441 314 543 370">
    <p class='ocr_par' dir='ltr' id='par_1_1' title="bbox 441 314 543 370">
     <span class='ocr_line' id='line_1_1' title="bbox 441 314 543 370; baseline -0.02 0"><span class='ocrx_word' id='word_1_1' title='bbox 441 314 543 370; x_wconf 79' lang='lat'><strong><em>687</em></strong></span> 
     </span>
    </p>
   </div>
   <div class='ocr_carea' id='block_1_2' title="bbox 1629 288 2656 377">
    <p class='ocr_par' dir='ltr' id='par_1_2' title="bbox 1629 288 2656 377">
     <span class='ocr_line' id='line_1_2' title="bbox 1629 288 2656 377; baseline -0.007 -28"><span class='ocrx_word' id='word_1_2' title='bbox 1629 294 1719 348; x_wconf 74' lang='lat' dir='ltr'><strong><em>nt:</em></strong></span> <span class='ocrx_word' id='word_1_3' title='bbox 1753 288 2010 377; x_wconf 63' lang='grc' dir='ltr'><strong><em>⁸εηιιιιιιιι</em></strong></span> <span class='ocrx_word' id='word_1_4' title='bbox 2047 290 2342 348; x_wconf 80' lang='lat' dir='ltr'><strong><em>ZENONIS</em></strong></span> <span class='ocrx_word' id='word_1_5' title='bbox 2380 288 2656 345; x_wconf 63' lang='lat' dir='ltr'><strong><em>specus</em></strong></span> 
     </span>
    </p>
   </div>
   <div class='ocr_carea' id='block_1_3' title="bbox 3632 277 3735 334">
    <p class='ocr_par' dir='ltr' id='par_1_3' title="bbox 3632 277 3735 334">
     <span class='ocr_line' id='line_1_3' title="bbox 3632 277 3735 334; baseline 0.01 -1"><span class='ocrx_word' id='word_1_6' title='bbox 3632 277 3735 334; x_wconf 71' lang='lat'><strong><em>088</em></strong></span> 
     </span>
    </p>
   </div>
   <div class='ocr_carea' id='block_1_4' title="bbox 441 395 3740 488">
    <p class='ocr_par' dir='ltr' id='par_1_4' title="bbox 441 395 3740 488">
     <span class='ocr_line' id='line_1_4' title="bbox 441 395 3740 488; baseline -0.017 0"><span class='ocrx_word' id='word_1_7' title='bbox 441 432 616 488; x_wconf 89' lang='lat' dir='ltr'><strong><em>Verba</em></strong></span> <span class='ocrx_word' id='word_1_8' title='bbox 659 427 748 484; x_wconf 90' lang='lat' dir='ltr'><strong><em>illa</em></strong></span> <span class='ocrx_word' id='word_1_9' title='bbox 783 443 796 479; x_wconf 92' lang='lat'>:</span> <span class='ocrx_word' id='word_1_10' title='bbox 851 424 1021 480; x_wconf 85' lang='lat' dir='ltr'><strong><em>Unam</em></strong></span> <span class='ocrx_word' id='word_1_11' title='bbox 1050 418 1388 476; x_wconf 85' lang='lat' dir='ltr'><strong><em>substantiam</em></strong></span> <span class='ocrx_word' id='word_1_12' title='bbox 1408 455 1425 481; x_wconf 94' lang='lat'><strong><em>,</em></strong></span> <span class='ocrx_word' id='word_1_13' title='bbox 1456 414 1726 477; x_wconf 73' lang='lat' dir='ltr'><strong><em>virtutem,</em></strong></span> <span class='ocrx_word' id='word_1_14' title='bbox 1757 412 2037 478; x_wconf 88' lang='lat' dir='ltr'><strong><em>deitatem,</em></strong></span> <span class='ocrx_word' id='word_1_15' title='bbox 2069 420 2120 482; x_wconf 75' lang='grc' dir='ltr'>Α</span> <span class='ocrx_word' id='word_1_16' title='bbox 2148 409 2321 468; x_wconf 85' lang='lat' dir='ltr'><strong><em>sateni</em></strong></span> <span class='ocrx_word' id='word_1_17' title='bbox 2358 408 2561 464; x_wconf 63' lang='lat' dir='ltr'><strong><em>saeculo</em></strong></span> <span class='ocrx_word' id='word_1_18' title='bbox 2593 405 2754 462; x_wconf 86' lang='lat' dir='ltr'><strong><em>tertio</em></strong></span> <span class='ocrx_word' id='word_1_19' title='bbox 2783 401 3134 460; x_wconf 73' lang='lat' dir='ltr'><strong><em>scribentium</em></strong></span> <span class='ocrx_word' id='word_1_20' title='bbox 3168 396 3402 466; x_wconf 84' lang='lat' dir='ltr'><strong><em>potuerit</em></strong></span> <span class='ocrx_word' id='word_1_21' title='bbox 3431 395 3595 450; x_wconf 85' lang='lat' dir='ltr'><strong><em>etiam</em></strong></span> <span class='ocrx_word' id='word_1_22' title='bbox 3628 407 3740 446; x_wconf 86' lang='lat' dir='ltr'><strong><em>ma-</em></strong></span> 
     </span>
    </p>
   </div>
   <div class='ocr_carea' id='block_1_5' title="bbox 442 504 2046 595">
    <p class='ocr_par' dir='ltr' id='par_1_5' title="bbox 442 504 2046 595">
     <span class='ocr_line' id='line_1_5' title="bbox 442 504 2046 595; baseline -0.014 -14"><span class='ocrx_word' id='word_1_23' title='bbox 442 527 758 595; x_wconf 74' lang='lat' dir='ltr'><strong><em>maiestatem</em></strong></span> <span class='ocrx_word' id='word_1_24' title='bbox 780 562 794 587; x_wconf 94' lang='lat'><strong><em>,</em></strong></span> <span class='ocrx_word' id='word_1_25' title='bbox 833 519 1242 584; x_wconf 75' lang='lat' dir='ltr'><strong><em>voluntatemque</em></strong></span> <span class='ocrx_word' id='word_1_26' title='bbox 1270 509 1445 565; x_wconf 79' lang='lat' dir='ltr'><strong><em>Patris</em></strong></span> <span class='ocrx_word' id='word_1_27' title='bbox 1488 517 1536 562; x_wconf 92' lang='lat' dir='ltr'><strong><em>et</em></strong></span> <span class='ocrx_word' id='word_1_28' title='bbox 1566 504 1715 573; x_wconf 80' lang='lat' dir='ltr'><strong><em>Filii,</em></strong></span> <span class='ocrx_word' id='word_1_29' title='bbox 1769 504 2046 575; x_wconf 78' lang='lat' dir='ltr'><strong><em>explicant</em></strong></span> 
     </span>
    </p>
   </div>
   <div class='ocr_carea' id='block_1_6' title="bbox 450 596 2045 690">
    <p class='ocr_par' dir='ltr' id='par_1_6' title="bbox 450 596 2045 690">
     <span class='ocr_line' id='line_1_6' title="bbox 450 596 2045 690; baseline -0.015 -17"><span class='ocrx_word' id='word_1_30' title='bbox 450 617 613 690; x_wconf 81' lang='lat' dir='ltr'><strong><em>gladii</em></strong></span> <span class='ocrx_word' id='word_1_31' title='bbox 650 609 1100 673; x_wconf 87' lang='lat' dir='ltr'><strong><em>similitudinem;</em></strong></span> <span class='ocrx_word' id='word_1_32' title='bbox 1124 618 1292 676; x_wconf 88' lang='lat' dir='ltr'><strong><em>quare</em></strong></span> <span class='ocrx_word' id='word_1_33' title='bbox 1318 599 1581 673; x_wconf 68' lang='lat' dir='ltr'><strong><em>prmmisit</em></strong></span> <span class='ocrx_word' id='word_1_34' title='bbox 1604 598 1665 655; x_wconf 90' lang='lat' dir='ltr'><strong><em>S.</em></strong></span> <span class='ocrx_word' id='word_1_35' title='bbox 1695 597 1845 654; x_wconf 85' lang='lat' dir='ltr'><strong><em>Zeno</em></strong></span> <span class='ocrx_word' id='word_1_36' title='bbox 1872 615 1884 649; x_wconf 89' lang='lat'>:</span> <span class='ocrx_word' id='word_1_37' title='bbox 1916 596 2045 651; x_wconf 83' lang='lat' dir='ltr'><strong><em>Clu-</em></strong></span> 
     </span>
    </p>
   </div>
   <div class='ocr_carea' id='block_1_7' title="bbox 445 687 2043 775">
    <p class='ocr_par' dir='ltr' id='par_1_7' title="bbox 445 687 2043 775">
     <span class='ocr_line' id='line_1_7' title="bbox 445 687 2043 775; baseline -0.014 -12"><span class='ocrx_word' id='word_1_38' title='bbox 445 687 561 763; x_wconf 82' lang='lat' dir='ltr'><strong><em>dius</em></strong></span> <span class='ocrx_word' id='word_1_39' title='bbox 581 706 715 762; x_wconf 88' lang='lat' dir='ltr'><strong><em>enim</em></strong></span> <span class='ocrx_word' id='word_1_40' title='bbox 744 702 975 775; x_wconf 78' lang='lat' dir='ltr'><strong><em>Spiritus</em></strong></span> <span class='ocrx_word' id='word_1_41' title='bbox 1005 705 1213 753; x_wconf 88' lang='lat' dir='ltr'><strong><em>sanctus</em></strong></span> <span class='ocrx_word' id='word_1_42' title='bbox 1254 705 1351 758; x_wconf 89' lang='lat' dir='ltr'><strong><em>est,</em></strong></span> <span class='ocrx_word' id='word_1_43' title='bbox 1370 708 1531 746; x_wconf 88' lang='lat' dir='ltr'><strong><em>unum</em></strong></span> <span class='ocrx_word' id='word_1_44' title='bbox 1554 690 1800 761; x_wconf 89' lang='lat' dir='ltr'><strong><em>capulum</em></strong></span> <span class='ocrx_word' id='word_1_45' title='bbox 1826 687 2043 752; x_wconf 84' lang='lat' dir='ltr'><strong><em>habens,</em></strong></span> 
     </span>
    </p>
   </div>
   <div class='ocr_carea' id='block_1_8' title="bbox 445 779 2044 857">
    <p class='ocr_par' dir='ltr' id='par_1_8' title="bbox 445 779 2044 857">
     <span class='ocr_line' id='line_1_8' title="bbox 445 779 2044 857; baseline -0.016 -1"><span class='ocrx_word' id='word_1_46' title='bbox 445 801 500 855; x_wconf 91' lang='lat' dir='ltr'><strong><em>id</em></strong></span> <span class='ocrx_word' id='word_1_47' title='bbox 529 808 602 855; x_wconf 88' lang='lat' dir='ltr'><strong><em>est</em></strong></span> <span class='ocrx_word' id='word_1_48' title='bbox 625 812 779 852; x_wconf 90' lang='lat' dir='ltr'><strong><em>unam</em></strong></span> <span class='ocrx_word' id='word_1_49' title='bbox 805 790 1285 857; x_wconf 84' lang='lat' dir='ltr'><strong><em>substantiam,ete.</em></strong></span> <span class='ocrx_word' id='word_1_50' title='bbox 1316 786 1429 852; x_wconf 86' lang='lat' dir='ltr'><strong><em>Qua</em></strong></span> <span class='ocrx_word' id='word_1_51' title='bbox 1451 782 1758 846; x_wconf 81' lang='lat' dir='ltr'><strong><em>occasione,</em></strong></span> <span class='ocrx_word' id='word_1_52' title='bbox 1784 788 1841 836; x_wconf 92' lang='lat' dir='ltr'><strong><em>et</em></strong></span> <span class='ocrx_word' id='word_1_53' title='bbox 1860 779 2044 833; x_wconf 60' lang='lat' dir='ltr'><strong><em>since.</em></strong></span> 
     </span>
    </p>
   </div>
   <div class='ocr_carea' id='block_1_9' title="bbox 452 872 2044 954">
    <p class='ocr_par' dir='ltr' id='par_1_9' title="bbox 452 872 2044 954">
     <span class='ocr_line' id='line_1_9' title="bbox 452 872 2044 954; baseline -0.018 -5"><span class='ocrx_word' id='word_1_54' title='bbox 452 906 635 949; x_wconf 87' lang='lat' dir='ltr'><strong><em>ceram</em></strong></span> <span class='ocrx_word' id='word_1_55' title='bbox 687 885 1119 954; x_wconf 86' lang='lat' dir='ltr'><strong><em>catholicamque</em></strong></span> <span class='ocrx_word' id='word_1_56' title='bbox 1156 878 1456 935; x_wconf 83' lang='lat' dir='ltr'><strong><em>doctrinam</em></strong></span> <span class='ocrx_word' id='word_1_57' title='bbox 1507 874 1576 931; x_wconf 89' lang='lat' dir='ltr'><strong><em>de</em></strong></span> <span class='ocrx_word' id='word_1_58' title='bbox 1603 872 1814 943; x_wconf 90' lang='lat' dir='ltr'><strong><em>Spiritu</em></strong></span> <span class='ocrx_word' id='word_1_59' title='bbox 1852 876 2044 926; x_wconf 90' lang='lat' dir='ltr'><strong><em>sancto</em></strong></span> 
     </span>
    </p>
   </div>
   <div class='ocr_carea' id='block_1_10' title="bbox 455 959 2045 1040">
    <p class='ocr_par' dir='ltr' id='par_1_10' title="bbox 455 959 2045 1040">
     <span class='ocr_line' id='line_1_10' title="bbox 455 959 2045 1040; baseline -0.016 -1"><span class='ocrx_word' id='word_1_60' title='bbox 455 983 640 1040; x_wconf 79' lang='lat' dir='ltr'><strong><em>tradit.</em></strong></span> <span class='ocrx_word' id='word_1_61' title='bbox 698 978 831 1034; x_wconf 86' lang='lat' dir='ltr'><strong><em>Nam</em></strong></span> <span class='ocrx_word' id='word_1_62' title='bbox 861 985 917 1033; x_wconf 90' lang='lat' dir='ltr'><strong><em>et</em></strong></span> <span class='ocrx_word' id='word_1_63' title='bbox 944 984 1071 1030; x_wconf 90' lang='lat' dir='ltr'><strong><em>ante</em></strong></span> <span class='ocrx_word' id='word_1_64' title='bbox 1091 969 1460 1029; x_wconf 84' lang='lat' dir='ltr'><strong><em>Semiarianos</em></strong></span> <span class='ocrx_word' id='word_1_65' title='bbox 1486 965 1720 1036; x_wconf 85' lang='lat' dir='ltr'><strong><em>Spiritus</em></strong></span> <span class='ocrx_word' id='word_1_66' title='bbox 1754 961 1929 1019; x_wconf 81' lang='lat' dir='ltr'><strong><em>sancti</em></strong></span> <span class='ocrx_word' id='word_1_67' title='bbox 1958 959 2045 1016; x_wconf 85' lang='lat' dir='ltr'><strong><em>di-</em></strong></span> 
     </span>
    </p>
   </div>
   <div class='ocr_carea' id='block_1_11' title="bbox 451 1060 2042 1142">
    <p class='ocr_par' dir='ltr' id='par_1_11' title="bbox 451 1060 2042 1142">
     <span class='ocr_line' id='line_1_11' title="bbox 451 1060 2042 1142; baseline -0.019 -8"><span class='ocrx_word' id='word_1_68' title='bbox 451 1078 653 1133; x_wconf 88' lang='lat' dir='ltr'><strong><em>vinitas</em></strong></span> <span class='ocrx_word' id='word_1_69' title='bbox 676 1118 691 1142; x_wconf 91' lang='lat'><strong><em>,</em></strong></span> <span class='ocrx_word' id='word_1_70' title='bbox 718 1083 773 1129; x_wconf 91' lang='lat' dir='ltr'><strong><em>et</em></strong></span> <span class='ocrx_word' id='word_1_71' title='bbox 815 1086 938 1128; x_wconf 90' lang='lat' dir='ltr'><strong><em>cum</em></strong></span> <span class='ocrx_word' id='word_1_72' title='bbox 966 1070 1158 1133; x_wconf 89' lang='lat' dir='ltr'><strong><em>Patre,</em></strong></span> <span class='ocrx_word' id='word_1_73' title='bbox 1187 1073 1242 1121; x_wconf 92' lang='lat' dir='ltr'><strong><em>et</em></strong></span> <span class='ocrx_word' id='word_1_74' title='bbox 1270 1062 1411 1118; x_wconf 89' lang='lat' dir='ltr'><strong><em>Filio</em></strong></span> <span class='ocrx_word' id='word_1_75' title='bbox 1437 1060 1721 1131; x_wconf 65' lang='lat' dir='ltr'><strong><em>mqualitas</em></strong></span> <span class='ocrx_word' id='word_1_76' title='bbox 1751 1067 1875 1112; x_wconf 89' lang='lat' dir='ltr'><strong><em>nota</em></strong></span> <span class='ocrx_word' id='word_1_77' title='bbox 1901 1060 2042 1111; x_wconf 90' lang='lat' dir='ltr'><strong><em>erat.</em></strong></span> 
     </span>
    </p>
   </div>
   <div class='ocr_carea' id='block_1_12' title="bbox 452 1144 2049 1238">
    <p class='ocr_par' dir='ltr' id='par_1_12' title="bbox 452 1144 2049 1238">
     <span class='ocr_line' id='line_1_12' title="bbox 452 1144 2049 1238; baseline -0.018 -11"><span class='ocrx_word' id='word_1_78' title='bbox 452 1172 645 1228; x_wconf 84' lang='lat' dir='ltr'><strong><em>Mirum</em></strong></span> <span class='ocrx_word' id='word_1_79' title='bbox 659 1169 839 1238; x_wconf 86' lang='lat' dir='ltr'><strong><em>itaque</em></strong></span> <span class='ocrx_word' id='word_1_80' title='bbox 857 1179 963 1220; x_wconf 89' lang='lat' dir='ltr'><strong><em>non</em></strong></span> <span class='ocrx_word' id='word_1_81' title='bbox 981 1169 1084 1229; x_wconf 86' lang='lat' dir='ltr'><strong><em>est,</em></strong></span> <span class='ocrx_word' id='word_1_82' title='bbox 1108 1166 1352 1214; x_wconf 89' lang='lat' dir='ltr'><strong><em>sanctum</em></strong></span> <span class='ocrx_word' id='word_1_83' title='bbox 1368 1154 1641 1209; x_wconf 86' lang='lat' dir='ltr'><strong><em>Zenonem</em></strong></span> <span class='ocrx_word' id='word_1_84' title='bbox 1660 1151 1715 1205; x_wconf 89' lang='lat' dir='ltr'><strong><em>in</em></strong></span> <span class='ocrx_word' id='word_1_85' title='bbox 1728 1144 2049 1218; x_wconf 85' lang='lat' dir='ltr'><strong><em>explicando</em></strong></span> 
     </span>
    </p>
   </div>
   <div class='ocr_carea' id='block_1_13' title="bbox 455 1240 2051 1327">
    <p class='ocr_par' dir='ltr' id='par_1_13' title="bbox 455 1240 2051 1327">
     <span class='ocr_line' id='line_1_13' title="bbox 455 1240 2051 1327; baseline -0.018 -6"><span class='ocrx_word' id='word_1_86' title='bbox 455 1262 671 1322; x_wconf 90' lang='lat' dir='ltr'><strong><em>somnio</em></strong></span> <span class='ocrx_word' id='word_1_87' title='bbox 693 1259 884 1324; x_wconf 86' lang='lat' dir='ltr'><strong><em>Jacob,</em></strong></span> <span class='ocrx_word' id='word_1_88' title='bbox 909 1254 1170 1327; x_wconf 65' lang='lat' dir='ltr'><strong><em>praedicta</em></strong></span> <span class='ocrx_word' id='word_1_89' title='bbox 1197 1251 1267 1307; x_wconf 89' lang='lat' dir='ltr'><strong><em>de</em></strong></span> <span class='ocrx_word' id='word_1_90' title='bbox 1296 1247 1532 1321; x_wconf 86' lang='lat' dir='ltr'><strong><em>Spiritus</em></strong></span> <span class='ocrx_word' id='word_1_91' title='bbox 1567 1244 1742 1300; x_wconf 81' lang='lat' dir='ltr'><strong><em>sancti</em></strong></span> <span class='ocrx_word' id='word_1_92' title='bbox 1767 1240 2051 1298; x_wconf 83' lang='lat' dir='ltr'><strong><em>divinitate</em></strong></span> 
     </span>
    </p>
   </div>
   <div class='ocr_carea' id='block_1_14' title="bbox 457 1329 2052 1424">
    <p class='ocr_par' dir='ltr' id='par_1_14' title="bbox 457 1329 2052 1424">
     <span class='ocr_line' id='line_1_14' title="bbox 457 1329 2052 1424; baseline -0.019 -10"><span class='ocrx_word' id='word_1_93' title='bbox 457 1355 768 1424; x_wconf 87' lang='lat' dir='ltr'><strong><em>scripsisse,</em></strong></span> <span class='ocrx_word' id='word_1_94' title='bbox 796 1365 916 1422; x_wconf 74' lang='lat' dir='ltr'><strong><em>qua:</em></strong></span> <span class='ocrx_word' id='word_1_95' title='bbox 941 1341 1434 1404; x_wconf 88' lang='lat' dir='ltr'><strong><em>licetSemiarianis</em></strong></span> <span class='ocrx_word' id='word_1_96' title='bbox 1453 1340 1832 1400; x_wconf 79' lang='lat' dir='ltr'><strong><em>adversentur,</em></strong></span> <span class='ocrx_word' id='word_1_97' title='bbox 1863 1333 1920 1389; x_wconf 98' lang='grc'><strong><em>8.</em></strong></span> <span class='ocrx_word' id='word_1_98' title='bbox 1949 1329 2052 1385; x_wconf 89' lang='lat' dir='ltr'><strong><em>Ze-</em></strong></span> 
     </span>
    </p>
   </div>
   <div class='ocr_carea' id='block_1_15' title="bbox 460 1426 2053 1510">
    <p class='ocr_par' dir='ltr' id='par_1_15' title="bbox 460 1426 2053 1510">
     <span class='ocr_line' id='line_1_15' title="bbox 460 1426 2053 1510; baseline -0.018 -2"><span class='ocrx_word' id='word_1_99' title='bbox 460 1466 660 1509; x_wconf 87' lang='lat' dir='ltr'><strong><em>nonem</em></strong></span> <span class='ocrx_word' id='word_1_100' title='bbox 686 1447 772 1504; x_wconf 86' lang='lat' dir='ltr'><strong><em>vel</em></strong></span> <span class='ocrx_word' id='word_1_101' title='bbox 800 1458 1065 1506; x_wconf 66' lang='lat' dir='ltr'><strong><em>coatvum,</em></strong></span> <span class='ocrx_word' id='word_1_102' title='bbox 1087 1441 1172 1496; x_wconf 89' lang='lat' dir='ltr'><strong><em>vel</em></strong></span> <span class='ocrx_word' id='word_1_103' title='bbox 1200 1436 1553 1510; x_wconf 87' lang='lat' dir='ltr'><strong><em>posteriorem</em></strong></span> <span class='ocrx_word' id='word_1_104' title='bbox 1572 1426 1922 1487; x_wconf 85' lang='lat' dir='ltr'><strong><em>Semiarianis</em></strong></span> <span class='ocrx_word' id='word_1_105' title='bbox 1944 1440 2053 1480; x_wconf 89' lang='lat' dir='ltr'><strong><em>non</em></strong></span> 
     </span>
    </p>
   </div>
   <div class='ocr_carea' id='block_1_16' title="bbox 460 1520 2054 1612">
    <p class='ocr_par' dir='ltr' id='par_1_16' title="bbox 460 1520 2054 1612">
     <span class='ocr_line' id='line_1_16' title="bbox 460 1520 2054 1612; baseline -0.018 -11"><span class='ocrx_word' id='word_1_106' title='bbox 460 1546 687 1602; x_wconf 83' lang='lat' dir='ltr'><strong><em>faciunt.</em></strong></span> <span class='ocrx_word' id='word_1_107' title='bbox 739 1542 919 1612; x_wconf 91' lang='lat' dir='ltr'><strong><em>Lege,</em></strong></span> <span class='ocrx_word' id='word_1_108' title='bbox 953 1552 1073 1608; x_wconf 74' lang='lat' dir='ltr'><strong><em>qua:</em></strong></span> <span class='ocrx_word' id='word_1_109' title='bbox 1113 1532 1367 1590; x_wconf 87' lang='lat' dir='ltr'><strong><em>Petavius</em></strong></span> <span class='ocrx_word' id='word_1_110' title='bbox 1413 1526 1660 1598; x_wconf 78' lang='lat' dir='ltr'><strong><em>congerit</em></strong></span> <span class='ocrx_word' id='word_1_111' title='bbox 1698 1523 1796 1579; x_wconf 88' lang='lat' dir='ltr'><strong><em>SS.</em></strong></span> <span class='ocrx_word' id='word_1_112' title='bbox 1831 1520 2054 1574; x_wconf 85' lang='lat' dir='ltr'><strong><em>Patrum</em></strong></span> 
     </span>
    </p>
   </div>
   <div class='ocr_carea' id='block_1_17' title="bbox 457 1609 2056 1693">
    <p class='ocr_par' dir='ltr' id='par_1_17' title="bbox 457 1609 2056 1693">
     <span class='ocr_line' id='line_1_17' title="bbox 457 1609 2056 1693; baseline -0.017 0"><span class='ocrx_word' id='word_1_113' title='bbox 457 1635 755 1693; x_wconf 86' lang='lat' dir='ltr'><strong><em>sententias</em></strong></span> <span class='ocrx_word' id='word_1_114' title='bbox 804 1639 995 1688; x_wconf 90' lang='lat' dir='ltr'><strong><em>contra</em></strong></span> <span class='ocrx_word' id='word_1_115' title='bbox 1036 1640 1252 1683; x_wconf 89' lang='lat' dir='ltr'><strong><em>errores</em></strong></span> <span class='ocrx_word' id='word_1_116' title='bbox 1296 1624 1350 1678; x_wconf 90' lang='lat' dir='ltr'><strong><em>in</em></strong></span> <span class='ocrx_word' id='word_1_117' title='bbox 1395 1619 1657 1692; x_wconf 82' lang='lat' dir='ltr'><strong><em>Spiritum</em></strong></span> <span class='ocrx_word' id='word_1_118' title='bbox 1695 1624 1944 1671; x_wconf 88' lang='lat' dir='ltr'><strong><em>sanctqu</em></strong></span> <span class='ocrx_word' id='word_1_119' title='bbox 1988 1609 2056 1666; x_wconf 92' lang='lat' dir='ltr'><strong><em>ab</em></strong></span> 
     </span>
    </p>
   </div>
   <div class='ocr_carea' id='block_1_18' title="bbox 460 1705 2050 1795">
    <p class='ocr_par' dir='ltr' id='par_1_18' title="bbox 460 1705 2050 1795">
     <span class='ocr_line' id='line_1_18' title="bbox 460 1705 2050 1795; baseline -0.018 -9"><span class='ocrx_word' id='word_1_120' title='bbox 460 1728 732 1785; x_wconf 71' lang='lat' dir='ltr'><strong><em>haereticis</em></strong></span> <span class='ocrx_word' id='word_1_121' title='bbox 763 1721 1156 1795; x_wconf 87' lang='lat' dir='ltr'><strong><em>posterioribus</em></strong></span> <span class='ocrx_word' id='word_1_122' title='bbox 1187 1717 1429 1789; x_wconf 89' lang='lat' dir='ltr'><strong><em>prolatos</em></strong></span> <span class='ocrx_word' id='word_1_123' title='bbox 1454 1712 1639 1769; x_wconf 81' lang='lat' dir='ltr'><strong><em>Tract.</em></strong></span> <span class='ocrx_word' id='word_1_124' title='bbox 1703 1725 1739 1764; x_wconf 90' lang='grc' dir='ltr'><strong><em>ιι</em></strong></span> <span class='ocrx_word' id='word_1_125' title='bbox 1785 1705 2050 1774; x_wconf 85' lang='lat' dir='ltr'><strong><em>Theolog.</em></strong></span> 
     </span>
    </p>
   </div>
   <div class='ocr_carea' id='block_1_19' title="bbox 465 1789 1991 1895">
    <p class='ocr_par' dir='ltr' id='par_1_19' title="bbox 465 1789 1991 1895">
     <span class='ocr_line' id='line_1_19' title="bbox 465 1789 1991 1895; baseline -0.019 -14"><span class='ocrx_word' id='word_1_126' title='bbox 465 1826 658 1895; x_wconf 88' lang='lat' dir='ltr'><strong><em>Dogm.</em></strong></span> <span class='ocrx_word' id='word_1_127' title='bbox 691 1789 785 1876; x_wconf 30' lang='lat' dir='ltr'><strong><em>libi.</em></strong></span> <span class='ocrx_word' id='word_1_128' title='bbox 813 1833 911 1884; x_wconf 86' lang='lat' dir='ltr'><strong><em>vn,</em></strong></span> <span class='ocrx_word' id='word_1_129' title='bbox 941 1831 1062 1887; x_wconf 86' lang='lat' dir='ltr'><strong><em>cap.</em></strong></span> <span class='ocrx_word' id='word_1_130' title='bbox 1093 1813 1149 1868; x_wconf 93' lang='lat'><strong><em>8.</em></strong></span> <span class='ocrx_word' id='word_1_131' title='bbox 1989 1789 1991 1792; x_wconf 29' lang='grc'><em>⁴</em></span> 
     </span>
    </p>
   </div>
   <div class='ocr_carea' id='block_1_20' title="bbox 538 1889 2057 1969">
    <p class='ocr_par' dir='ltr' id='par_1_20' title="bbox 538 1889 2057 1969">
     <span class='ocr_line' id='line_1_20' title="bbox 538 1889 2057 1969; baseline -0.018 1"><span class='ocrx_word' id='word_1_132' title='bbox 538 1919 603 1969; x_wconf 78' lang='lat' dir='ltr'><strong><em>At</em></strong></span> <span class='ocrx_word' id='word_1_133' title='bbox 631 1913 777 1968; x_wconf 90' lang='lat' dir='ltr'><strong><em>enim</em></strong></span> <span class='ocrx_word' id='word_1_134' title='bbox 805 1924 933 1965; x_wconf 84' lang='lat' dir='ltr'><strong><em>vero</em></strong></span> <span class='ocrx_word' id='word_1_135' title='bbox 961 1921 1068 1961; x_wconf 92' lang='lat' dir='ltr'><strong><em>non</em></strong></span> <span class='ocrx_word' id='word_1_136' title='bbox 1096 1904 1195 1959; x_wconf 90' lang='lat' dir='ltr'><strong><em>soli</em></strong></span> <span class='ocrx_word' id='word_1_137' title='bbox 1225 1900 1412 1959; x_wconf 85' lang='lat' dir='ltr'><strong><em>Ariani</em></strong></span> <span class='ocrx_word' id='word_1_138' title='bbox 1444 1912 1661 1954; x_wconf 85' lang='lat' dir='ltr'><strong><em>errores</em></strong></span> <span class='ocrx_word' id='word_1_139' title='bbox 1683 1905 1873 1950; x_wconf 86' lang='lat' dir='ltr'><strong><em>contra</em></strong></span> <span class='ocrx_word' id='word_1_140' title='bbox 1928 1889 2057 1961; x_wconf 89' lang='lat' dir='ltr'><strong><em>Spi-</em></strong></span> 
     </span>
    </p>
   </div>
   <div class='ocr_carea' id='block_1_21' title="bbox 466 1986 2054 2070">
    <p class='ocr_par' dir='ltr' id='par_1_21' title="bbox 466 1986 2054 2070">
     <span class='ocr_line' id='line_1_21' title="bbox 466 1986 2054 2070; baseline -0.018 -6"><span class='ocrx_word' id='word_1_141' title='bbox 466 2008 631 2063; x_wconf 86' lang='lat' dir='ltr'><strong><em>ritum</em></strong></span> <span class='ocrx_word' id='word_1_142' title='bbox 658 2013 905 2059; x_wconf 85' lang='lat' dir='ltr'><strong><em>sanctnm</em></strong></span> <span class='ocrx_word' id='word_1_143' title='bbox 940 1998 1249 2070; x_wconf 90' lang='lat' dir='ltr'><strong><em>vulgarunt.</em></strong></span> <span class='ocrx_word' id='word_1_144' title='bbox 1277 1994 1516 2049; x_wconf 88' lang='lat' dir='ltr'><strong><em>Primum</em></strong></span> <span class='ocrx_word' id='word_1_145' title='bbox 1546 1989 1712 2044; x_wconf 84' lang='lat' dir='ltr'><strong><em>fuisse</em></strong></span> <span class='ocrx_word' id='word_1_146' title='bbox 1739 1986 2054 2067; x_wconf 79' lang='lat' dir='ltr'><strong><em>Origenem,</em></strong></span> 
     </span>
    </p>
   </div>
   <div class='ocr_carea' id='block_1_22' title="bbox 465 2077 2059 2171">
    <p class='ocr_par' dir='ltr' id='par_1_22' title="bbox 465 2077 2059 2171">
     <span class='ocr_line' id='line_1_22' title="bbox 465 2077 2059 2171; baseline -0.018 -14"><span class='ocrx_word' id='word_1_147' title='bbox 465 2103 557 2171; x_wconf 83' lang='lat' dir='ltr'><strong><em>qui</em></strong></span> <span class='ocrx_word' id='word_1_148' title='bbox 585 2105 777 2154; x_wconf 90' lang='lat' dir='ltr'><strong><em>contra</em></strong></span> <span class='ocrx_word' id='word_1_149' title='bbox 804 2094 1040 2164; x_wconf 89' lang='lat' dir='ltr'><strong><em>Spiritus</em></strong></span> <span class='ocrx_word' id='word_1_150' title='bbox 1061 2088 1235 2145; x_wconf 87' lang='lat' dir='ltr'><strong><em>sancti</em></strong></span> <span class='ocrx_word' id='word_1_151' title='bbox 1263 2085 1628 2156; x_wconf 74' lang='lat' dir='ltr'><strong><em>tequalitatem</em></strong></span> <span class='ocrx_word' id='word_1_152' title='bbox 1647 2095 1770 2135; x_wconf 92' lang='lat' dir='ltr'><strong><em>cum</em></strong></span> <span class='ocrx_word' id='word_1_153' title='bbox 1797 2077 1979 2137; x_wconf 88' lang='lat' dir='ltr'><strong><em>Patre,</em></strong></span> <span class='ocrx_word' id='word_1_154' title='bbox 2003 2080 2059 2129; x_wconf 89' lang='lat' dir='ltr'><strong><em>ct</em></strong></span> 
     </span>
    </p>
   </div>
   <div class='ocr_carea' id='block_1_23' title="bbox 465 2166 2054 2260">
    <p class='ocr_par' dir='ltr' id='par_1_23' title="bbox 465 2166 2054 2260">
     <span class='ocr_line' id='line_1_23' title="bbox 465 2166 2054 2260; baseline -0.02 -10"><span class='ocrx_word' id='word_1_155' title='bbox 465 2166 603 2251; x_wconf 63' lang='lat' dir='ltr'><strong><em>Pilio</em></strong></span> <span class='ocrx_word' id='word_1_156' title='bbox 627 2180 1278 2260; x_wconf 90' lang='lat' dir='ltr'><strong><em>obloquereturPetavius</em></strong></span> <span class='ocrx_word' id='word_1_157' title='bbox 1302 2177 1633 2233; x_wconf 85' lang='lat' dir='ltr'><strong><em>demonstrat</em></strong></span> <span class='ocrx_word' id='word_1_158' title='bbox 1661 2171 1756 2227; x_wconf 90' lang='lat' dir='ltr'><strong><em>lib.</em></strong></span> <span class='ocrx_word' id='word_1_159' title='bbox 1778 2186 1794 2224; x_wconf 95' lang='grc' dir='ltr'><strong><em>ι</em></strong></span> <span class='ocrx_word' id='word_1_160' title='bbox 1816 2168 1885 2225; x_wconf 87' lang='lat' dir='ltr'><strong><em>de</em></strong></span> <span class='ocrx_word' id='word_1_161' title='bbox 1903 2166 2054 2222; x_wconf 89' lang='lat' dir='ltr'><strong><em>Trin.</em></strong></span> 
     </span>
    </p>
   </div>
   <div class='ocr_carea' id='block_1_24' title="bbox 463 2262 2059 2356">
    <p class='ocr_par' dir='ltr' id='par_1_24' title="bbox 463 2262 2059 2356">
     <span class='ocr_line' id='line_1_24' title="bbox 463 2262 2059 2356; baseline -0.019 -12"><span class='ocrx_word' id='word_1_162' title='bbox 463 2302 585 2356; x_wconf 88' lang='lat' dir='ltr'><strong><em>cap.</em></strong></span> <span class='ocrx_word' id='word_1_163' title='bbox 618 2284 704 2349; x_wconf 75' lang='grc'><strong><em>14,</em></strong></span> <span class='ocrx_word' id='word_1_164' title='bbox 724 2281 907 2337; x_wconf 88' lang='lat' dir='ltr'><strong><em>Tract.</em></strong></span> <span class='ocrx_word' id='word_1_165' title='bbox 927 2295 964 2333; x_wconf 88' lang='grc' dir='ltr'>ιι</span> <span class='ocrx_word' id='word_1_166' title='bbox 985 2276 1248 2345; x_wconf 86' lang='lat' dir='ltr'><strong><em>Theolog.</em></strong></span> <span class='ocrx_word' id='word_1_167' title='bbox 1276 2273 1489 2341; x_wconf 88' lang='lat' dir='ltr'><strong><em>Dogm.,</em></strong></span> <span class='ocrx_word' id='word_1_168' title='bbox 1515 2282 1662 2322; x_wconf 77' lang='lat' dir='ltr'><strong><em>nunt.</em></strong></span> <span class='ocrx_word' id='word_1_169' title='bbox 1688 2266 1740 2321; x_wconf 90' lang='lat'><strong><em>8.</em></strong></span> <span class='ocrx_word' id='word_1_170' title='bbox 1765 2262 2059 2333; x_wconf 80' lang='lat' dir='ltr'><strong><em>Ell‘ugium-</em></strong></span> 
     </span>
    </p>
   </div>
   <div class='ocr_carea' id='block_1_25' title="bbox 466 2354 2057 2450">
    <p class='ocr_par' dir='ltr' id='par_1_25' title="bbox 466 2354 2057 2450">
     <span class='ocr_line' id='line_1_25' title="bbox 466 2354 2057 2450; baseline -0.017 -17"><span class='ocrx_word' id='word_1_171' title='bbox 466 2354 573 2450; x_wconf 82' lang='lat' dir='ltr'><strong><em>que</em></strong></span> <span class='ocrx_word' id='word_1_172' title='bbox 628 2374 760 2430; x_wconf 88' lang='lat' dir='ltr'><strong><em>illud</em></strong></span> <span class='ocrx_word' id='word_1_173' title='bbox 805 2369 1188 2427; x_wconf 87' lang='lat' dir='ltr'><strong><em>nonnullorum</em></strong></span> <span class='ocrx_word' id='word_1_174' title='bbox 1237 2363 1529 2434; x_wconf 87' lang='lat' dir='ltr'><strong><em>Origenem</em></strong></span> <span class='ocrx_word' id='word_1_175' title='bbox 1577 2354 2057 2429; x_wconf 89' lang='lat' dir='ltr'><strong><em>patrocinantium,</em></strong></span> 
     </span>
    </p>
   </div>
   <div class='ocr_carea' id='block_1_26' title="bbox 463 2446 2060 2544">
    <p class='ocr_par' dir='ltr' id='par_1_26' title="bbox 463 2446 2060 2544">
     <span class='ocr_line' id='line_1_26' title="bbox 463 2446 2060 2544; baseline -0.018 -16"><span class='ocrx_word' id='word_1_176' title='bbox 463 2446 610 2544; x_wconf 79' lang='lat' dir='ltr'><strong><em>quod</em></strong></span> <span class='ocrx_word' id='word_1_177' title='bbox 634 2469 702 2525; x_wconf 90' lang='lat' dir='ltr'><strong><em>ab</em></strong></span> <span class='ocrx_word' id='word_1_178' title='bbox 724 2465 943 2524; x_wconf 83' lang='lat' dir='ltr'><strong><em>Arianis</em></strong></span> <span class='ocrx_word' id='word_1_179' title='bbox 971 2470 1220 2530; x_wconf 88' lang='lat' dir='ltr'><strong><em>corrupta</em></strong></span> <span class='ocrx_word' id='word_1_180' title='bbox 1245 2456 1446 2513; x_wconf 82' lang='lat' dir='ltr'><strong><em>l‘uerint</em></strong></span> <span class='ocrx_word' id='word_1_181' title='bbox 1469 2453 1587 2524; x_wconf 81' lang='lat' dir='ltr'><strong><em>ejus</em></strong></span> <span class='ocrx_word' id='word_1_182' title='bbox 1613 2452 1815 2520; x_wconf 90' lang='lat' dir='ltr'><strong><em>scripta</em></strong></span> <span class='ocrx_word' id='word_1_183' title='bbox 1836 2446 2060 2504; x_wconf 86' lang='lat' dir='ltr'><strong><em>eviden-</em></strong></span> 
     </span>
    </p>
   </div>
   <div class='ocr_carea' id='block_1_27' title="bbox 467 2537 2061 2623">
    <p class='ocr_par' dir='ltr' id='par_1_27' title="bbox 467 2537 2061 2623">
     <span class='ocr_line' id='line_1_27' title="bbox 467 2537 2061 2623; baseline -0.018 -3"><span class='ocrx_word' id='word_1_184' title='bbox 467 2537 549 2619; x_wconf 72' lang='lat' dir='ltr'><strong><em>ter</em></strong></span> <span class='ocrx_word' id='word_1_185' title='bbox 577 2558 830 2617; x_wconf 90' lang='lat' dir='ltr'><strong><em>revincit.</em></strong></span> <span class='ocrx_word' id='word_1_186' title='bbox 856 2556 965 2612; x_wconf 87' lang='lat' dir='ltr'><strong><em>Nos</em></strong></span> <span class='ocrx_word' id='word_1_187' title='bbox 984 2551 1236 2623; x_wconf 89' lang='lat' dir='ltr'><strong><em>Origenis</em></strong></span> <span class='ocrx_word' id='word_1_188' title='bbox 1257 2556 1486 2611; x_wconf 80' lang='lat' dir='ltr'><strong><em>textum,</em></strong></span> <span class='ocrx_word' id='word_1_189' title='bbox 1517 2546 1571 2599; x_wconf 88' lang='lat' dir='ltr'><strong><em>in</em></strong></span> <span class='ocrx_word' id='word_1_190' title='bbox 1592 2558 1701 2612; x_wconf 88' lang='lat' dir='ltr'><strong><em>quo</em></strong></span> <span class='ocrx_word' id='word_1_191' title='bbox 1726 2551 1913 2597; x_wconf 90' lang='lat' dir='ltr'><strong><em>contra</em></strong></span> <span class='ocrx_word' id='word_1_192' title='bbox 1938 2537 2061 2607; x_wconf 86' lang='lat' dir='ltr'><strong><em>Spi-</em></strong></span> 
     </span>
    </p>
   </div>
   <div class='ocr_carea' id='block_1_28' title="bbox 470 2630 2057 2721">
    <p class='ocr_par' dir='ltr' id='par_1_28' title="bbox 470 2630 2057 2721">
     <span class='ocr_line' id='line_1_28' title="bbox 470 2630 2057 2721; baseline -0.019 -6"><span class='ocrx_word' id='word_1_193' title='bbox 470 2660 634 2716; x_wconf 89' lang='lat' dir='ltr'><strong><em>ritum</em></strong></span> <span class='ocrx_word' id='word_1_194' title='bbox 674 2662 922 2712; x_wconf 89' lang='lat' dir='ltr'><strong><em>sanctum</em></strong></span> <span class='ocrx_word' id='word_1_195' title='bbox 975 2650 1120 2721; x_wconf 87' lang='lat' dir='ltr'><strong><em>agit,</em></strong></span> <span class='ocrx_word' id='word_1_196' title='bbox 1171 2660 1335 2716; x_wconf 84' lang='lat' dir='ltr'><strong><em>supra</em></strong></span> <span class='ocrx_word' id='word_1_197' title='bbox 1361 2640 1645 2697; x_wconf 84' lang='lat' dir='ltr'><strong><em>retulimus</em></strong></span> <span class='ocrx_word' id='word_1_198' title='bbox 1677 2635 1749 2709; x_wconf 87' lang='lat' dir='ltr'><strong><em>(c.</em></strong></span> <span class='ocrx_word' id='word_1_199' title='bbox 1802 2635 1857 2701; x_wconf 77' lang='grc'>1,</span> <span class='ocrx_word' id='word_1_200' title='bbox 1904 2632 1933 2704; x_wconf 87' lang='lat'>§</span> <span class='ocrx_word' id='word_1_201' title='bbox 1968 2630 2057 2698; x_wconf 85' lang='grc'><strong><em>18,</em></strong></span> 
     </span>
    </p>
   </div>
   <div class='ocr_carea' id='block_1_29' title="bbox 468 2726 2062 2823">
    <p class='ocr_par' dir='ltr' id='par_1_29' title="bbox 468 2726 2062 2823">
     <span class='ocr_line' id='line_1_29' title="bbox 468 2726 2062 2823; baseline -0.019 -15"><span class='ocrx_word' id='word_1_202' title='bbox 468 2750 642 2823; x_wconf 87' lang='lat' dir='ltr'><strong><em>Epist.</em></strong></span> <span class='ocrx_word' id='word_1_203' title='bbox 691 2750 791 2815; x_wconf 73' lang='grc'><strong><em>41,</em></strong></span> <span class='ocrx_word' id='word_1_204' title='bbox 836 2746 976 2815; x_wconf 87' lang='lat' dir='ltr'><strong><em>apud</em></strong></span> <span class='ocrx_word' id='word_1_205' title='bbox 1037 2741 1155 2796; x_wconf 87' lang='lat' dir='ltr'><strong><em>Pet.</em></strong></span> <span class='ocrx_word' id='word_1_206' title='bbox 1208 2754 1266 2794; x_wconf 81' lang='grc' dir='ltr'>ιι.</span> <span class='ocrx_word' id='word_1_207' title='bbox 1329 2734 1458 2806; x_wconf 81' lang='grc'>15).</span> <span class='ocrx_word' id='word_1_208' title='bbox 1527 2730 1786 2801; x_wconf 86' lang='lat' dir='ltr'><strong><em>Ejusdem</em></strong></span> <span class='ocrx_word' id='word_1_209' title='bbox 1858 2726 2062 2782; x_wconf 89' lang='lat' dir='ltr'><strong><em>erroris</em></strong></span> 
     </span>
    </p>
   </div>
   <div class='ocr_carea' id='block_1_30' title="bbox 477 2814 2061 2906">
    <p class='ocr_par' dir='ltr' id='par_1_30' title="bbox 477 2814 2061 2906">
     <span class='ocr_line' id='line_1_30' title="bbox 477 2814 2061 2906; baseline -0.018 -8"><span class='ocrx_word' id='word_1_210' title='bbox 477 2814 601 2898; x_wconf 75' lang='lat' dir='ltr'><strong><em>labe</em></strong></span> <span class='ocrx_word' id='word_1_211' title='bbox 648 2839 794 2894; x_wconf 87' lang='lat' dir='ltr'><strong><em>circa</em></strong></span> <span class='ocrx_word' id='word_1_212' title='bbox 845 2814 1079 2906; x_wconf 85' lang='lat' dir='ltr'><strong><em>Spiritus</em></strong></span> <span class='ocrx_word' id='word_1_213' title='bbox 1128 2828 1298 2885; x_wconf 89' lang='lat' dir='ltr'><strong><em>sancti</em></strong></span> <span class='ocrx_word' id='word_1_214' title='bbox 1356 2837 1642 2897; x_wconf 78' lang='lat' dir='ltr'><strong><em>personam</em></strong></span> <span class='ocrx_word' id='word_1_215' title='bbox 1702 2820 1761 2875; x_wconf 88' lang='lat' dir='ltr'><strong><em>S.</em></strong></span> <span class='ocrx_word' id='word_1_216' title='bbox 1818 2814 2061 2886; x_wconf 85' lang='lat' dir='ltr'><strong><em>Dionysii</em></strong></span> 
     </span>
    </p>
   </div>
   <div class='ocr_carea' id='block_1_31' title="bbox 465 2908 2059 2997">
    <p class='ocr_par' dir='ltr' id='par_1_31' title="bbox 465 2908 2059 2997">
     <span class='ocr_line' id='line_1_31' title="bbox 465 2908 2059 2997; baseline -0.019 -5"><span class='ocrx_word' id='word_1_217' title='bbox 465 2929 825 2994; x_wconf 76' lang='lat' dir='ltr'><strong><em>Alexandrini</em></strong></span> <span class='ocrx_word' id='word_1_218' title='bbox 850 2928 1049 2997; x_wconf 89' lang='lat' dir='ltr'><strong><em>scripta</em></strong></span> <span class='ocrx_word' id='word_1_219' title='bbox 1077 2923 1243 2978; x_wconf 81' lang='lat' dir='ltr'><strong><em>fuisse</em></strong></span> <span class='ocrx_word' id='word_1_220' title='bbox 1269 2930 1520 2988; x_wconf 86' lang='lat' dir='ltr'><strong><em>respersa</em></strong></span> <span class='ocrx_word' id='word_1_221' title='bbox 1549 2921 1701 2970; x_wconf 90' lang='lat' dir='ltr'><strong><em>notat</em></strong></span> <span class='ocrx_word' id='word_1_222' title='bbox 1726 2912 1785 2968; x_wconf 92' lang='lat' dir='ltr'><strong><em>S.</em></strong></span> <span class='ocrx_word' id='word_1_223' title='bbox 1809 2908 2059 2997; x_wconf 40' lang='lat' dir='ltr'><strong><em>&#39;Basilius.</em></strong></span> 
     </span>
    </p>
   </div>
   <div class='ocr_carea' id='block_1_32' title="bbox 467 2984 2064 3097">
    <p class='ocr_par' dir='ltr' id='par_1_32' title="bbox 467 2984 2064 3097">
     <span class='ocr_line' id='line_1_32' title="bbox 467 2984 2064 3097; baseline -0.02 -14"><span class='ocrx_word' id='word_1_224' title='bbox 467 3027 725 3097; x_wconf 85' lang='lat' dir='ltr'><strong><em>Quamvis</em></strong></span> <span class='ocrx_word' id='word_1_225' title='bbox 750 3024 936 3093; x_wconf 86' lang='lat' dir='ltr'><strong><em>itaque</em></strong></span> <span class='ocrx_word' id='word_1_226' title='bbox 968 3019 1029 3076; x_wconf 90' lang='lat' dir='ltr'><strong><em>S.</em></strong></span> <span class='ocrx_word' id='word_1_227' title='bbox 1054 3017 1200 3072; x_wconf 82' lang='lat' dir='ltr'><strong><em>Zeno</em></strong></span> <span class='ocrx_word' id='word_1_228' title='bbox 1229 3025 1487 3081; x_wconf 80' lang='lat' dir='ltr'><strong><em>expresse</em></strong></span> <span class='ocrx_word' id='word_1_229' title='bbox 1524 3015 1714 3063; x_wconf 87' lang='lat' dir='ltr'><strong><em>contra</em></strong></span> <span class='ocrx_word' id='word_1_230' title='bbox 1740 2984 2064 3072; x_wconf 80' lang='lat' dir='ltr'><strong><em>impugnan-</em></strong></span> 
     </span>
    </p>
   </div>
   <div class='ocr_carea' id='block_1_33' title="bbox 470 3095 2059 3189">
    <p class='ocr_par' dir='ltr' id='par_1_33' title="bbox 470 3095 2059 3189">
     <span class='ocr_line' id='line_1_33' title="bbox 470 3095 2059 3189; baseline -0.02 -12"><span class='ocrx_word' id='word_1_231' title='bbox 470 3095 554 3176; x_wconf 78' lang='lat' dir='ltr'><strong><em>tes</em></strong></span> <span class='ocrx_word' id='word_1_232' title='bbox 575 3121 633 3177; x_wconf 90' lang='grc'><strong><em>8.</em></strong></span> <span class='ocrx_word' id='word_1_233' title='bbox 660 3113 898 3189; x_wconf 88' lang='lat' dir='ltr'><strong><em>Spiritus</em></strong></span> <span class='ocrx_word' id='word_1_234' title='bbox 927 3109 1267 3168; x_wconf 87' lang='lat' dir='ltr'><strong><em>divinitatem</em></strong></span> <span class='ocrx_word' id='word_1_235' title='bbox 1291 3110 1599 3163; x_wconf 87' lang='lat' dir='ltr'><strong><em>tractasset,</em></strong></span> <span class='ocrx_word' id='word_1_236' title='bbox 1633 3098 1778 3152; x_wconf 92' lang='lat' dir='ltr'><strong><em>nulla</em></strong></span> <span class='ocrx_word' id='word_1_237' title='bbox 1805 3095 1931 3150; x_wconf 91' lang='lat' dir='ltr'><strong><em>inde</em></strong></span> <span class='ocrx_word' id='word_1_238' title='bbox 1968 3108 2059 3148; x_wconf 91' lang='lat' dir='ltr'><strong><em>ra-</em></strong></span> 
     </span>
    </p>
   </div>
   <div class='ocr_carea' id='block_1_34' title="bbox 2154 482 3740 569">
    <p class='ocr_par' dir='ltr' id='par_1_34' title="bbox 2154 482 3740 569">
     <span class='ocr_line' id='line_1_34' title="bbox 2154 482 3740 569; baseline -0.013 -7"><span class='ocrx_word' id='word_1_239' title='bbox 2154 505 2447 562; x_wconf 88' lang='lat' dir='ltr'><strong><em>thematico</em></strong></span> <span class='ocrx_word' id='word_1_240' title='bbox 2477 517 2637 558; x_wconf 91' lang='lat' dir='ltr'><strong><em>sensu</em></strong></span> <span class='ocrx_word' id='word_1_241' title='bbox 2660 508 2881 569; x_wconf 81' lang='lat' dir='ltr'><strong><em>accepto</em></strong></span> <span class='ocrx_word' id='word_1_242' title='bbox 2913 507 3155 566; x_wconf 90' lang='lat' dir='ltr'><strong><em>tempore</em></strong></span> <span class='ocrx_word' id='word_1_243' title='bbox 3180 492 3459 548; x_wconf 77' lang='lat' dir='ltr'><strong><em>afﬁrmare</em></strong></span> <span class='ocrx_word' id='word_1_244' title='bbox 3488 482 3547 548; x_wconf 84' lang='lat' dir='ltr'><strong><em>S.</em></strong></span> <span class='ocrx_word' id='word_1_245' title='bbox 3570 490 3740 555; x_wconf 87' lang='lat' dir='ltr'><strong><em>Zeno,</em></strong></span> 
     </span>
    </p>
   </div>
   <div class='ocr_carea' id='block_1_35' title="bbox 2149 582 3668 667">
    <p class='ocr_par' dir='ltr' id='par_1_35' title="bbox 2149 582 3668 667">
     <span class='ocr_line' id='line_1_35' title="bbox 2149 582 3668 667; baseline -0.009 -17"><span class='ocrx_word' id='word_1_246' title='bbox 2149 605 2204 650; x_wconf 91' lang='lat' dir='ltr'><strong><em>ut</em></strong></span> <span class='ocrx_word' id='word_1_247' title='bbox 2230 594 2441 667; x_wconf 88' lang='lat' dir='ltr'><strong><em>quidam</em></strong></span> <span class='ocrx_word' id='word_1_248' title='bbox 2471 602 2671 663; x_wconf 86' lang='lat' dir='ltr'><strong><em>putant.</em></strong></span> <span class='ocrx_word' id='word_1_249' title='bbox 2704 590 2839 646; x_wconf 87' lang='lat' dir='ltr'><strong><em>Vide</em></strong></span> <span class='ocrx_word' id='word_1_250' title='bbox 2866 604 2987 659; x_wconf 63' lang='lat' dir='ltr'><strong><em>qua:</em></strong></span> <span class='ocrx_word' id='word_1_251' title='bbox 3015 588 3250 644; x_wconf 80' lang='lat' dir='ltr'><strong><em>diximus</em></strong></span> <span class='ocrx_word' id='word_1_252' title='bbox 3281 600 3402 655; x_wconf 85' lang='lat' dir='ltr'><strong><em>cap.</em></strong></span> <span class='ocrx_word' id='word_1_253' title='bbox 3435 584 3489 649; x_wconf 76' lang='lat' dir='ltr'><strong><em>i,</em></strong></span> <span class='ocrx_word' id='word_1_254' title='bbox 3526 584 3556 655; x_wconf 86' lang='lat'>§</span> <span class='ocrx_word' id='word_1_255' title='bbox 3584 582 3668 637; x_wconf 78' lang='grc'><strong><em>15.</em></strong></span> 
     </span>
    </p>
   </div>
   <div class='ocr_carea' id='block_1_36' title="bbox 2222 675 3748 752">
    <p class='ocr_par' dir='ltr' id='par_1_36' title="bbox 2222 675 3748 752">
     <span class='ocr_line' id='line_1_36' title="bbox 2222 675 3748 752; baseline -0.011 -7"><span class='ocrx_word' id='word_1_256' title='bbox 2222 687 2454 745; x_wconf 84' lang='lat' dir='ltr'><strong><em>Audiam</em></strong></span> <span class='ocrx_word' id='word_1_257' title='bbox 2478 702 2632 752; x_wconf 90' lang='lat' dir='ltr'><strong><em>vero,</em></strong></span> <span class='ocrx_word' id='word_1_258' title='bbox 2654 685 2738 740; x_wconf 90' lang='lat' dir='ltr'><strong><em>vel</em></strong></span> <span class='ocrx_word' id='word_1_259' title='bbox 2760 682 3022 745; x_wconf 64' lang='lat' dir='ltr'><strong><em>Andaaum</em></strong></span> <span class='ocrx_word' id='word_1_260' title='bbox 3061 696 3089 735; x_wconf 80' lang='grc' dir='ltr'><strong><em>ιι</em></strong></span> <span class='ocrx_word' id='word_1_261' title='bbox 3117 695 3224 752; x_wconf 92' lang='lat' dir='ltr'><strong><em>quo</em></strong></span> <span class='ocrx_word' id='word_1_262' title='bbox 3254 675 3748 748; x_wconf 80' lang='lat' dir='ltr'><strong><em>Antropophormi-</em></strong></span> 
     </span>
    </p>
   </div>
   <div class='ocr_carea' id='block_1_37' title="bbox 2153 767 3749 847">
    <p class='ocr_par' dir='ltr' id='par_1_37' title="bbox 2153 767 3749 847">
     <span class='ocr_line' id='line_1_37' title="bbox 2153 767 3749 847; baseline -0.009 -11"><span class='ocrx_word' id='word_1_263' title='bbox 2153 790 2325 836; x_wconf 89' lang='lat' dir='ltr'><strong><em>tarum</em></strong></span> <span class='ocrx_word' id='word_1_264' title='bbox 2356 779 2579 834; x_wconf 81' lang='lat' dir='ltr'><strong><em>haeresis</em></strong></span> <span class='ocrx_word' id='word_1_265' title='bbox 2605 777 2783 847; x_wconf 87' lang='lat' dir='ltr'><strong><em>erupit</em></strong></span> <span class='ocrx_word' id='word_1_266' title='bbox 2824 775 2880 832; x_wconf 92' lang='lat' dir='ltr'><strong><em>S.</em></strong></span> <span class='ocrx_word' id='word_1_267' title='bbox 2919 774 3199 830; x_wconf 87' lang='lat' dir='ltr'><strong><em>Zenonem</em></strong></span> <span class='ocrx_word' id='word_1_268' title='bbox 3242 768 3552 826; x_wconf 82' lang='lat' dir='ltr'><strong><em>conlutasse</em></strong></span> <span class='ocrx_word' id='word_1_269' title='bbox 3602 767 3749 823; x_wconf 89' lang='lat' dir='ltr'><strong><em>nulla</em></strong></span> 
     </span>
    </p>
   </div>
   <div class='ocr_carea' id='block_1_38' title="bbox 2152 856 3795 936">
    <p class='ocr_par' dir='ltr' id='par_1_38' title="bbox 2152 856 3795 936">
     <span class='ocr_line' id='line_1_38' title="bbox 2152 856 3795 936; baseline -0.009 -8"><span class='ocrx_word' id='word_1_270' title='bbox 2152 873 2367 928; x_wconf 84' lang='lat' dir='ltr'><strong><em>ratione</em></strong></span> <span class='ocrx_word' id='word_1_271' title='bbox 2410 879 2643 928; x_wconf 86' lang='lat' dir='ltr'><strong><em>constat.</em></strong></span> <span class='ocrx_word' id='word_1_272' title='bbox 2678 868 2736 924; x_wconf 91' lang='lat' dir='ltr'><strong><em>ln</em></strong></span> <span class='ocrx_word' id='word_1_273' title='bbox 2779 868 2996 923; x_wconf 85' lang='lat' dir='ltr'><strong><em>laudato</em></strong></span> <span class='ocrx_word' id='word_1_274' title='bbox 3036 864 3240 936; x_wconf 89' lang='lat' dir='ltr'><strong><em>quippe</em></strong></span> <span class='ocrx_word' id='word_1_275' title='bbox 3278 869 3508 918; x_wconf 85' lang='lat' dir='ltr'><strong><em>tractatu</em></strong></span> <span class='ocrx_word' id='word_1_276' title='bbox 3542 876 3665 927; x_wconf 71' lang='lat' dir='ltr'><strong><em>xu,</em></strong></span> <span class='ocrx_word' id='word_1_277' title='bbox 3696 866 3752 914; x_wconf 89' lang='lat' dir='ltr'><strong><em>et</em></strong></span> <span class='ocrx_word' id='word_1_278' title='bbox 3782 856 3795 863; x_wconf 83' lang='grc'><strong>’</strong></span> 
     </span>
    </p>
   </div>
   <div class='ocr_carea' id='block_1_39' title="bbox 2154 952 3751 1029">
    <p class='ocr_par' dir='ltr' id='par_1_39' title="bbox 2154 952 3751 1029">
     <span class='ocr_line' id='line_1_39' title="bbox 2154 952 3751 1029; baseline -0.009 -9"><span class='ocrx_word' id='word_1_279' title='bbox 2154 964 2207 1020; x_wconf 90' lang='lat' dir='ltr'><strong><em>in</em></strong></span> <span class='ocrx_word' id='word_1_280' title='bbox 2240 974 2471 1020; x_wconf 88' lang='lat' dir='ltr'><strong><em>tractatu</em></strong></span> <span class='ocrx_word' id='word_1_281' title='bbox 2500 978 2571 1018; x_wconf 80' lang='lat' dir='ltr'><strong>xx</strong></span> <span class='ocrx_word' id='word_1_282' title='bbox 2607 962 2703 1017; x_wconf 88' lang='lat' dir='ltr'><strong><em>lib.</em></strong></span> <span class='ocrx_word' id='word_1_283' title='bbox 2753 977 2822 1026; x_wconf 91' lang='grc' dir='ltr'><strong><em>ιι,</em></strong></span> <span class='ocrx_word' id='word_1_284' title='bbox 2857 958 3093 1029; x_wconf 79' lang='lat' dir='ltr'><strong><em>explicat</em></strong></span> <span class='ocrx_word' id='word_1_285' title='bbox 3132 956 3223 1011; x_wconf 89' lang='lat' dir='ltr'><strong><em>illa</em></strong></span> <span class='ocrx_word' id='word_1_286' title='bbox 3273 952 3751 1010; x_wconf 63' lang='lat' dir='ltr'><strong><em>verbaGenesis:</em></strong></span> 
     </span>
    </p>
   </div>
   <div class='ocr_carea' id='block_1_40' title="bbox 2154 1044 3752 1121">
    <p class='ocr_par' dir='ltr' id='par_1_40' title="bbox 2154 1044 3752 1121">
     <span class='ocr_line' id='line_1_40' title="bbox 2154 1044 3752 1121; baseline -0.011 -7"><span class='ocrx_word' id='word_1_287' title='bbox 2154 1060 2435 1116; x_wconf 79' lang='lat' dir='ltr'><strong><em>Faciamus</em></strong></span> <span class='ocrx_word' id='word_1_288' title='bbox 2456 1057 2713 1113; x_wconf 84' lang='lat' dir='ltr'><strong><em>hominem</em></strong></span> <span class='ocrx_word' id='word_1_289' title='bbox 2729 1053 2799 1107; x_wconf 86' lang='lat' dir='ltr'><strong><em>ad</em></strong></span> <span class='ocrx_word' id='word_1_290' title='bbox 2819 1049 3117 1121; x_wconf 88' lang='lat' dir='ltr'><strong><em>imaginent,</em></strong></span> <span class='ocrx_word' id='word_1_291' title='bbox 3143 1057 3188 1102; x_wconf 88' lang='lat' dir='ltr'><strong><em>et</em></strong></span> <span class='ocrx_word' id='word_1_292' title='bbox 3212 1044 3604 1102; x_wconf 75' lang='lat' dir='ltr'><strong><em>similitudinem</em></strong></span> <span class='ocrx_word' id='word_1_293' title='bbox 3632 1051 3752 1097; x_wconf 62' lang='lat' dir='ltr'><strong><em>nos.</em></strong></span> 
     </span>
    </p>
   </div>
   <div class='ocr_carea' id='block_1_41' title="bbox 2156 1136 3753 1217">
    <p class='ocr_par' dir='ltr' id='par_1_41' title="bbox 2156 1136 3753 1217">
     <span class='ocr_line' id='line_1_41' title="bbox 2156 1136 3753 1217; baseline -0.011 -10"><span class='ocrx_word' id='word_1_294' title='bbox 2156 1163 2308 1207; x_wconf 89' lang='lat' dir='ltr'><strong><em>tram.</em></strong></span> <span class='ocrx_word' id='word_1_295' title='bbox 2338 1151 2409 1206; x_wconf 90' lang='lat' dir='ltr'><strong><em>Et</em></strong></span> <span class='ocrx_word' id='word_1_296' title='bbox 2464 1148 2604 1203; x_wconf 90' lang='lat' dir='ltr'><strong><em>hanc</em></strong></span> <span class='ocrx_word' id='word_1_297' title='bbox 2634 1147 2923 1217; x_wconf 85' lang='lat' dir='ltr'><strong><em>imaginem</em></strong></span> <span class='ocrx_word' id='word_1_298' title='bbox 2963 1156 3070 1196; x_wconf 90' lang='lat' dir='ltr'><strong><em>non</em></strong></span> <span class='ocrx_word' id='word_1_299' title='bbox 3110 1142 3162 1194; x_wconf 93' lang='lat' dir='ltr'><strong><em>in</em></strong></span> <span class='ocrx_word' id='word_1_300' title='bbox 3198 1152 3432 1209; x_wconf 90' lang='lat' dir='ltr'><strong><em>corpore</em></strong></span> <span class='ocrx_word' id='word_1_301' title='bbox 3458 1136 3753 1192; x_wconf 81' lang='lat' dir='ltr'><strong><em>consistere</em></strong></span> 
     </span>
    </p>
   </div>
   <div class='ocr_carea' id='block_1_42' title="bbox 2155 1229 3757 1313">
    <p class='ocr_par' dir='ltr' id='par_1_42' title="bbox 2155 1229 3757 1313">
     <span class='ocr_line' id='line_1_42' title="bbox 2155 1229 3757 1313; baseline -0.009 -17"><span class='ocrx_word' id='word_1_302' title='bbox 2155 1244 2351 1300; x_wconf 85' lang='lat' dir='ltr'><strong><em>asserit</em></strong></span> <span class='ocrx_word' id='word_1_303' title='bbox 2393 1259 2407 1295; x_wconf 88' lang='lat'><strong>:</strong></span> <span class='ocrx_word' id='word_1_304' title='bbox 2451 1239 2574 1295; x_wconf 87' lang='lat' dir='ltr'><strong><em>Non</em></strong></span> <span class='ocrx_word' id='word_1_305' title='bbox 2607 1256 2728 1313; x_wconf 87' lang='lat' dir='ltr'><strong><em>ergo</em></strong></span> <span class='ocrx_word' id='word_1_306' title='bbox 2763 1235 2975 1291; x_wconf 81' lang='lat' dir='ltr'><strong><em>carnale</em></strong></span> <span class='ocrx_word' id='word_1_307' title='bbox 3000 1234 3097 1288; x_wconf 90' lang='lat' dir='ltr'><strong><em>hoc</em></strong></span> <span class='ocrx_word' id='word_1_308' title='bbox 3121 1230 3444 1287; x_wconf 84' lang='lat' dir='ltr'><strong><em>domicilium</em></strong></span> <span class='ocrx_word' id='word_1_309' title='bbox 3484 1229 3757 1302; x_wconf 85' lang='lat' dir='ltr'><strong><em>imaginem</em></strong></span> 
     </span>
    </p>
   </div>
   <div class='ocr_carea' id='block_1_43' title="bbox 2157 1320 3754 1401">
    <p class='ocr_par' dir='ltr' id='par_1_43' title="bbox 2157 1320 3754 1401">
     <span class='ocr_line' id='line_1_43' title="bbox 2157 1320 3754 1401; baseline -0.009 -11"><span class='ocrx_word' id='word_1_310' title='bbox 2157 1334 2256 1390; x_wconf 85' lang='lat' dir='ltr'><strong><em>Dei</em></strong></span> <span class='ocrx_word' id='word_1_311' title='bbox 2280 1334 2517 1390; x_wconf 84' lang='lat' dir='ltr'><strong><em>debemus</em></strong></span> <span class='ocrx_word' id='word_1_312' title='bbox 2544 1332 2796 1401; x_wconf 87' lang='lat' dir='ltr'><strong><em>accipere,</em></strong></span> <span class='ocrx_word' id='word_1_313' title='bbox 2820 1328 2910 1384; x_wconf 90' lang='lat' dir='ltr'><strong><em>sed</em></strong></span> <span class='ocrx_word' id='word_1_314' title='bbox 2932 1327 3152 1382; x_wconf 68' lang='lat' dir='ltr'><strong><em>caelestis</em></strong></span> <span class='ocrx_word' id='word_1_315' title='bbox 3175 1322 3397 1378; x_wconf 89' lang='lat' dir='ltr'><strong><em>hominis</em></strong></span> <span class='ocrx_word' id='word_1_316' title='bbox 3425 1320 3712 1392; x_wconf 81' lang='lat' dir='ltr'><strong><em>spiritalem</em></strong></span> <span class='ocrx_word' id='word_1_317' title='bbox 3737 1361 3754 1388; x_wconf 90' lang='lat'><strong><em>,</em></strong></span> 
     </span>
    </p>
   </div>
   <div class='ocr_carea' id='block_1_44' title="bbox 2157 1415 3759 1502">
    <p class='ocr_par' dir='ltr' id='par_1_44' title="bbox 2157 1415 3759 1502">
     <span class='ocr_line' id='line_1_44' title="bbox 2157 1415 3759 1502; baseline -0.01 -19"><span class='ocrx_word' id='word_1_318' title='bbox 2157 1444 2312 1502; x_wconf 90' lang='lat' dir='ltr'><strong><em>quam</em></strong></span> <span class='ocrx_word' id='word_1_319' title='bbox 2327 1428 2381 1481; x_wconf 88' lang='lat' dir='ltr'><strong><em>in</em></strong></span> <span class='ocrx_word' id='word_1_320' title='bbox 2408 1442 2463 1480; x_wconf 88' lang='lat' dir='ltr'><strong><em>se</em></strong></span> <span class='ocrx_word' id='word_1_321' title='bbox 2488 1423 2813 1479; x_wconf 84' lang='lat' dir='ltr'><strong><em>credentibus</em></strong></span> <span class='ocrx_word' id='word_1_322' title='bbox 2842 1419 3097 1475; x_wconf 85' lang='lat' dir='ltr'><strong><em>Dominus</em></strong></span> <span class='ocrx_word' id='word_1_323' title='bbox 3122 1416 3343 1472; x_wconf 77' lang='lat' dir='ltr'><strong><em>wtherea</em></strong></span> <span class='ocrx_word' id='word_1_324' title='bbox 3371 1415 3637 1469; x_wconf 80' lang='lat' dir='ltr'><strong><em>natiuitate</em></strong></span> <span class='ocrx_word' id='word_1_325' title='bbox 3673 1431 3759 1468; x_wconf 86' lang='lat' dir='ltr'><strong><em>re-</em></strong></span> 
     </span>
    </p>
   </div>
   <div class='ocr_carea' id='block_1_45' title="bbox 2159 1505 3758 1591">
    <p class='ocr_par' dir='ltr' id='par_1_45' title="bbox 2159 1505 3758 1591">
     <span class='ocr_line' id='line_1_45' title="bbox 2159 1505 3758 1591; baseline -0.01 -13"><span class='ocrx_word' id='word_1_326' title='bbox 2159 1522 2376 1585; x_wconf 84' lang='lat' dir='ltr'><strong><em>novatis,</em></strong></span> <span class='ocrx_word' id='word_1_327' title='bbox 2402 1516 2739 1591; x_wconf 88' lang='lat' dir='ltr'><strong><em>plenitudinis</em></strong></span> <span class='ocrx_word' id='word_1_328' title='bbox 2770 1532 2880 1570; x_wconf 72' lang='lat' dir='ltr'><strong><em>sua:</em></strong></span> <span class='ocrx_word' id='word_1_329' title='bbox 2904 1514 2992 1584; x_wconf 89' lang='lat' dir='ltr'><strong><em>pio</em></strong></span> <span class='ocrx_word' id='word_1_330' title='bbox 3013 1512 3077 1567; x_wconf 91' lang='lat' dir='ltr'><strong><em>de</em></strong></span> <span class='ocrx_word' id='word_1_331' title='bbox 3098 1516 3239 1583; x_wconf 76' lang='lat' dir='ltr'><strong><em>{ante</em></strong></span> <span class='ocrx_word' id='word_1_332' title='bbox 3281 1509 3518 1581; x_wconf 86' lang='lat' dir='ltr'><strong><em>largitur.</em></strong></span> <span class='ocrx_word' id='word_1_333' title='bbox 3538 1505 3758 1562; x_wconf 86' lang='lat' dir='ltr'><strong><em>Nullum</em></strong></span> 
     </span>
    </p>
   </div>
   <div class='ocr_carea' id='block_1_46' title="bbox 2157 1602 3761 1673">
    <p class='ocr_par' dir='ltr' id='par_1_46' title="bbox 2157 1602 3761 1673">
     <span class='ocr_line' id='line_1_46' title="bbox 2157 1602 3761 1673; baseline -0.009 -1"><span class='ocrx_word' id='word_1_334' title='bbox 2157 1614 2417 1673; x_wconf 89' lang='lat' dir='ltr'><strong><em>contrarii</em></strong></span> <span class='ocrx_word' id='word_1_335' title='bbox 2463 1611 2666 1667; x_wconf 90' lang='lat' dir='ltr'><strong><em>erroris</em></strong></span> <span class='ocrx_word' id='word_1_336' title='bbox 2711 1617 3042 1665; x_wconf 85' lang='lat' dir='ltr'><strong><em>assertorem</em></strong></span> <span class='ocrx_word' id='word_1_337' title='bbox 3081 1604 3307 1669; x_wconf 88' lang='lat' dir='ltr'><strong><em>iudicat,</em></strong></span> <span class='ocrx_word' id='word_1_338' title='bbox 3337 1602 3540 1658; x_wconf 91' lang='lat' dir='ltr'><strong><em>nullum</em></strong></span> <span class='ocrx_word' id='word_1_339' title='bbox 3572 1616 3761 1673; x_wconf 88' lang='lat' dir='ltr'><strong><em>repre-</em></strong></span> 
     </span>
    </p>
   </div>
   <div class='ocr_carea' id='block_1_47' title="bbox 2161 1693 3759 1765">
    <p class='ocr_par' dir='ltr' id='par_1_47' title="bbox 2161 1693 3759 1765">
     <span class='ocr_line' id='line_1_47' title="bbox 2161 1693 3759 1765; baseline -0.009 -3"><span class='ocrx_word' id='word_1_340' title='bbox 2161 1708 2365 1765; x_wconf 89' lang='lat' dir='ltr'><strong><em>hendit.</em></strong></span> <span class='ocrx_word' id='word_1_341' title='bbox 2396 1704 2453 1761; x_wconf 89' lang='lat' dir='ltr'><strong><em>Si</em></strong></span> <span class='ocrx_word' id='word_1_342' title='bbox 2478 1719 2608 1760; x_wconf 89' lang='lat' dir='ltr'><strong><em>vero</em></strong></span> <span class='ocrx_word' id='word_1_343' title='bbox 2638 1703 2799 1758; x_wconf 90' lang='lat' dir='ltr'><strong><em>tacite</em></strong></span> <span class='ocrx_word' id='word_1_344' title='bbox 2828 1700 3056 1757; x_wconf 87' lang='lat' dir='ltr'><strong><em>velimus</em></strong></span> <span class='ocrx_word' id='word_1_345' title='bbox 3096 1698 3153 1753; x_wconf 89' lang='grc'><strong><em>8.</em></strong></span> <span class='ocrx_word' id='word_1_346' title='bbox 3194 1696 3484 1751; x_wconf 90' lang='lat' dir='ltr'><strong><em>Doctorem</em></strong></span> <span class='ocrx_word' id='word_1_347' title='bbox 3526 1693 3759 1763; x_wconf 83' lang='lat' dir='ltr'><strong><em>aliquem</em></strong></span> 
     </span>
    </p>
   </div>
   <div class='ocr_carea' id='block_1_48' title="bbox 2086 1787 3763 1873">
    <p class='ocr_par' dir='ltr' id='par_1_48' title="bbox 2086 1787 3763 1873">
     <span class='ocr_line' id='line_1_48' title="bbox 2086 1787 3763 1873; baseline -0.011 -15"><span class='ocrx_word' id='word_1_348' title='bbox 2086 1812 2133 1873; x_wconf 82' lang='grc' dir='ltr'><strong>Β</strong></span> <span class='ocrx_word' id='word_1_349' title='bbox 2160 1815 2400 1859; x_wconf 84' lang='lat' dir='ltr'><strong><em>errorem</em></strong></span> <span class='ocrx_word' id='word_1_350' title='bbox 2456 1796 2804 1868; x_wconf 89' lang='lat' dir='ltr'><strong><em>coarguisse,</em></strong></span> <span class='ocrx_word' id='word_1_351' title='bbox 2861 1789 3183 1849; x_wconf 87' lang='lat' dir='ltr'><strong><em>Tertulliani</em></strong></span> <span class='ocrx_word' id='word_1_352' title='bbox 3225 1787 3522 1845; x_wconf 87' lang='lat' dir='ltr'><strong><em>sententias</em></strong></span> <span class='ocrx_word' id='word_1_353' title='bbox 3569 1793 3763 1840; x_wconf 86' lang='lat' dir='ltr'><strong><em>notare</em></strong></span> 
     </span>
    </p>
   </div>
   <div class='ocr_carea' id='block_1_49' title="bbox 2164 1882 3762 1965">
    <p class='ocr_par' dir='ltr' id='par_1_49' title="bbox 2164 1882 3762 1965">
     <span class='ocr_line' id='line_1_49' title="bbox 2164 1882 3762 1965; baseline -0.011 -16"><span class='ocrx_word' id='word_1_354' title='bbox 2164 1893 2359 1965; x_wconf 88' lang='lat' dir='ltr'><strong><em>potuit,</em></strong></span> <span class='ocrx_word' id='word_1_355' title='bbox 2383 1891 2474 1962; x_wconf 88' lang='lat' dir='ltr'><strong><em>qui</em></strong></span> <span class='ocrx_word' id='word_1_356' title='bbox 2505 1890 2796 1961; x_wconf 84' lang='lat' dir='ltr'><strong><em>imaginem</em></strong></span> <span class='ocrx_word' id='word_1_357' title='bbox 2830 1886 2926 1942; x_wconf 90' lang='lat' dir='ltr'><strong><em>Dei</em></strong></span> <span class='ocrx_word' id='word_1_358' title='bbox 2956 1886 3012 1942; x_wconf 88' lang='lat' dir='ltr'><strong><em>in</em></strong></span> <span class='ocrx_word' id='word_1_359' title='bbox 3051 1882 3289 1940; x_wconf 87' lang='lat' dir='ltr'><strong><em>hominis</em></strong></span> <span class='ocrx_word' id='word_1_360' title='bbox 3343 1894 3570 1950; x_wconf 82' lang='lat' dir='ltr'><strong><em>corpore</em></strong></span> <span class='ocrx_word' id='word_1_361' title='bbox 3601 1894 3762 1946; x_wconf 85' lang='lat' dir='ltr'><strong><em>repo-</em></strong></span> 
     </span>
    </p>
   </div>
   <div class='ocr_carea' id='block_1_50' title="bbox 2163 1971 3758 2056">
    <p class='ocr_par' dir='ltr' id='par_1_50' title="bbox 2163 1971 3758 2056">
     <span class='ocr_line' id='line_1_50' title="bbox 2163 1971 3758 2056; baseline -0.011 -13"><span class='ocrx_word' id='word_1_362' title='bbox 2163 1989 2325 2043; x_wconf 81' lang='lat' dir='ltr'><strong><em>nebat</em></strong></span> <span class='ocrx_word' id='word_1_363' title='bbox 2346 1995 2542 2056; x_wconf 82' lang='lat' dir='ltr'><strong><em>putans</em></strong></span> <span class='ocrx_word' id='word_1_364' title='bbox 2569 1983 2842 2039; x_wconf 90' lang='lat' dir='ltr'><strong><em>hominem</em></strong></span> <span class='ocrx_word' id='word_1_365' title='bbox 2864 1988 3107 2035; x_wconf 86' lang='lat' dir='ltr'><strong><em>creatum</em></strong></span> <span class='ocrx_word' id='word_1_366' title='bbox 3127 1975 3193 2031; x_wconf 90' lang='lat' dir='ltr'><strong><em>ad</em></strong></span> <span class='ocrx_word' id='word_1_367' title='bbox 3222 1975 3511 2045; x_wconf 88' lang='lat' dir='ltr'><strong><em>imaginem</em></strong></span> <span class='ocrx_word' id='word_1_368' title='bbox 3533 1971 3758 2027; x_wconf 88' lang='lat' dir='ltr'><strong><em>Christi.</em></strong></span> 
     </span>
    </p>
   </div>
   <div class='ocr_carea' id='block_1_51' title="bbox 2162 2064 3759 2150">
    <p class='ocr_par' dir='ltr' id='par_1_51' title="bbox 2162 2064 3759 2150">
     <span class='ocr_line' id='line_1_51' title="bbox 2162 2064 3759 2150; baseline -0.011 -15"><span class='ocrx_word' id='word_1_369' title='bbox 2162 2080 2342 2135; x_wconf 85' lang='lat' dir='ltr'><strong><em>Limus</em></strong></span> <span class='ocrx_word' id='word_1_370' title='bbox 2364 2078 2452 2133; x_wconf 89' lang='lat' dir='ltr'><strong><em>ille</em></strong></span> <span class='ocrx_word' id='word_1_371' title='bbox 2469 2079 2582 2150; x_wconf 88' lang='lat' dir='ltr'><strong><em>jam</em></strong></span> <span class='ocrx_word' id='word_1_372' title='bbox 2598 2084 2719 2131; x_wconf 84' lang='lat' dir='ltr'><strong><em>tunc</em></strong></span> <span class='ocrx_word' id='word_1_373' title='bbox 2753 2073 3028 2143; x_wconf 80' lang='lat' dir='ltr'><strong><em>imaginem</em></strong></span> <span class='ocrx_word' id='word_1_374' title='bbox 3056 2070 3271 2125; x_wconf 83' lang='lat' dir='ltr'><strong><em>indutus</em></strong></span> <span class='ocrx_word' id='word_1_375' title='bbox 3300 2066 3495 2123; x_wconf 83' lang='lat' dir='ltr'><strong><em>Christi</em></strong></span> <span class='ocrx_word' id='word_1_376' title='bbox 3517 2064 3759 2136; x_wconf 86' lang='lat' dir='ltr'><strong><em>(Tertull.</em></strong></span> 
     </span>
    </p>
   </div>
   <div class='ocr_carea' id='block_1_52' title="bbox 2164 2156 3762 2235">
    <p class='ocr_par' dir='ltr' id='par_1_52' title="bbox 2164 2156 3762 2235">
     <span class='ocr_line' id='line_1_52' title="bbox 2164 2156 3762 2235; baseline -0.012 -6"><span class='ocrx_word' id='word_1_377' title='bbox 2164 2174 2254 2229; x_wconf 84' lang='lat' dir='ltr'><strong><em>lib.</em></strong></span> <span class='ocrx_word' id='word_1_378' title='bbox 2291 2174 2356 2227; x_wconf 89' lang='lat' dir='ltr'><strong><em>de</em></strong></span> <span class='ocrx_word' id='word_1_379' title='bbox 2382 2186 2548 2227; x_wconf 87' lang='lat' dir='ltr'><strong><em>resur.</em></strong></span> <span class='ocrx_word' id='word_1_380' title='bbox 2574 2169 2758 2224; x_wconf 87' lang='lat' dir='ltr'><strong><em>Carnis</em></strong></span> <span class='ocrx_word' id='word_1_381' title='bbox 2797 2183 2911 2234; x_wconf 87' lang='lat' dir='ltr'><strong><em>cap.</em></strong></span> <span class='ocrx_word' id='word_1_382' title='bbox 2944 2166 2977 2220; x_wconf 85' lang='lat'><em>6</em></span> <span class='ocrx_word' id='word_1_383' title='bbox 3010 2167 3049 2235; x_wconf 93' lang='lat'><strong><em>).</em></strong></span> <span class='ocrx_word' id='word_1_384' title='bbox 3087 2161 3241 2229; x_wconf 87' lang='lat' dir='ltr'><strong><em>Quod</em></strong></span> <span class='ocrx_word' id='word_1_385' title='bbox 3286 2160 3422 2217; x_wconf 88' lang='lat' dir='ltr'><strong><em>etin</em></strong></span> <span class='ocrx_word' id='word_1_386' title='bbox 3468 2159 3522 2214; x_wconf 93' lang='lat' dir='ltr'><strong><em>S.</em></strong></span> <span class='ocrx_word' id='word_1_387' title='bbox 3553 2156 3762 2213; x_wconf 77' lang='lat' dir='ltr'><strong><em>Irenaeo</em></strong></span> 
     </span>
    </p>
   </div>
   <div class='ocr_carea' id='block_1_53' title="bbox 2166 2249 3762 2337">
    <p class='ocr_par' dir='ltr' id='par_1_53' title="bbox 2166 2249 3762 2337">
     <span class='ocr_line' id='line_1_53' title="bbox 2166 2249 3762 2337; baseline -0.012 -16"><span class='ocrx_word' id='word_1_388' title='bbox 2166 2275 2404 2330; x_wconf 89' lang='lat' dir='ltr'><strong><em>notatur,</em></strong></span> <span class='ocrx_word' id='word_1_389' title='bbox 2445 2264 2597 2337; x_wconf 89' lang='lat' dir='ltr'><strong><em>quasi</em></strong></span> <span class='ocrx_word' id='word_1_390' title='bbox 2623 2261 2912 2331; x_wconf 85' lang='lat' dir='ltr'><strong><em>imaginem</em></strong></span> <span class='ocrx_word' id='word_1_391' title='bbox 2943 2258 3036 2313; x_wconf 92' lang='lat' dir='ltr'><strong><em>Dei</em></strong></span> <span class='ocrx_word' id='word_1_392' title='bbox 3066 2256 3117 2310; x_wconf 93' lang='lat' dir='ltr'><strong><em>in</em></strong></span> <span class='ocrx_word' id='word_1_393' title='bbox 3144 2268 3374 2325; x_wconf 90' lang='lat' dir='ltr'><strong><em>corpore</em></strong></span> <span class='ocrx_word' id='word_1_394' title='bbox 3397 2249 3762 2307; x_wconf 89' lang='lat' dir='ltr'><strong><em>constituerit.</em></strong></span> 
     </span>
    </p>
   </div>
   <div class='ocr_carea' id='block_1_54' title="bbox 2166 2342 3763 2420">
    <p class='ocr_par' dir='ltr' id='par_1_54' title="bbox 2166 2342 3763 2420">
     <span class='ocr_line' id='line_1_54' title="bbox 2166 2342 3763 2420; baseline -0.013 -3"><span class='ocrx_word' id='word_1_395' title='bbox 2166 2361 2301 2417; x_wconf 86' lang='lat' dir='ltr'><strong><em>Vide</em></strong></span> <span class='ocrx_word' id='word_1_396' title='bbox 2321 2357 2597 2415; x_wconf 88' lang='lat' dir='ltr'><strong><em>Petavium</em></strong></span> <span class='ocrx_word' id='word_1_397' title='bbox 2621 2354 2801 2410; x_wconf 89' lang='lat' dir='ltr'><strong><em>Tract.</em></strong></span> <span class='ocrx_word' id='word_1_398' title='bbox 2830 2368 2910 2418; x_wconf 88' lang='grc' dir='ltr'>ιιι,</span> <span class='ocrx_word' id='word_1_399' title='bbox 2933 2349 3196 2420; x_wconf 85' lang='lat' dir='ltr'><strong><em>Theolog.</em></strong></span> <span class='ocrx_word' id='word_1_400' title='bbox 3226 2348 3416 2417; x_wconf 89' lang='lat' dir='ltr'><strong><em>Dogm.</em></strong></span> <span class='ocrx_word' id='word_1_401' title='bbox 3443 2344 3512 2401; x_wconf 91' lang='lat' dir='ltr'><strong><em>de</em></strong></span> <span class='ocrx_word' id='word_1_402' title='bbox 3535 2342 3763 2415; x_wconf 82' lang='lat' dir='ltr'><strong><em>Opiﬁcio</em></strong></span> 
     </span>
    </p>
   </div>
   <div class='ocr_carea' id='block_1_55' title="bbox 2166 2446 2992 2519">
    <p class='ocr_par' dir='ltr' id='par_1_55' title="bbox 2166 2446 2992 2519">
     <span class='ocr_line' id='line_1_55' title="bbox 2166 2446 2992 2519; baseline -0.011 -10"><span class='ocrx_word' id='word_1_403' title='bbox 2166 2453 2262 2509; x_wconf 90' lang='lat' dir='ltr'><strong><em>Dei</em></strong></span> <span class='ocrx_word' id='word_1_404' title='bbox 2296 2453 2390 2507; x_wconf 89' lang='lat' dir='ltr'><strong><em>lib.</em></strong></span> <span class='ocrx_word' id='word_1_405' title='bbox 2424 2467 2484 2516; x_wconf 91' lang='grc' dir='ltr'><strong><em>ιι,</em></strong></span> <span class='ocrx_word' id='word_1_406' title='bbox 2518 2465 2637 2519; x_wconf 85' lang='lat' dir='ltr'><strong><em>cap.</em></strong></span> <span class='ocrx_word' id='word_1_407' title='bbox 2668 2448 2725 2513; x_wconf 75' lang='lat'><strong><em>2,</em></strong></span> <span class='ocrx_word' id='word_1_408' title='bbox 2756 2462 2906 2502; x_wconf 91' lang='lat' dir='ltr'><strong><em>num.</em></strong></span> <span class='ocrx_word' id='word_1_409' title='bbox 2937 2446 2992 2501; x_wconf 78' lang='grc'>5.</span> 
     </span>
    </p>
   </div>
   <div class='ocr_carea' id='block_1_56' title="bbox 2239 2529 3764 2603">
    <p class='ocr_par' dir='ltr' id='par_1_56' title="bbox 2239 2529 3764 2603">
     <span class='ocr_line' id='line_1_56' title="bbox 2239 2529 3764 2603; baseline -0.011 -2"><span class='ocrx_word' id='word_1_410' title='bbox 2239 2546 2386 2601; x_wconf 87' lang='lat' dir='ltr'><strong><em>Idem</em></strong></span> <span class='ocrx_word' id='word_1_411' title='bbox 2432 2540 2717 2597; x_wconf 88' lang='lat' dir='ltr'><strong><em>dicendum</em></strong></span> <span class='ocrx_word' id='word_1_412' title='bbox 2758 2547 2843 2595; x_wconf 89' lang='lat' dir='ltr'><strong><em>est</em></strong></span> <span class='ocrx_word' id='word_1_413' title='bbox 2888 2538 2958 2593; x_wconf 89' lang='lat' dir='ltr'><strong><em>de</em></strong></span> <span class='ocrx_word' id='word_1_414' title='bbox 3002 2534 3247 2592; x_wconf 84' lang='lat' dir='ltr'><strong><em>formulis</em></strong></span> <span class='ocrx_word' id='word_1_415' title='bbox 3286 2533 3433 2601; x_wconf 89' lang='lat' dir='ltr'><strong><em>illis,</em></strong></span> <span class='ocrx_word' id='word_1_416' title='bbox 3473 2544 3606 2603; x_wconf 87' lang='lat' dir='ltr'><strong><em>quas</em></strong></span> <span class='ocrx_word' id='word_1_417' title='bbox 3645 2529 3764 2585; x_wconf 85' lang='lat' dir='ltr'><strong><em>cla-</em></strong></span> 
     </span>
    </p>
   </div>
   <div class='ocr_carea' id='block_1_57' title="bbox 2165 2632 3766 2705">
    <p class='ocr_par' dir='ltr' id='par_1_57' title="bbox 2165 2632 3766 2705">
     <span class='ocr_line' id='line_1_57' title="bbox 2165 2632 3766 2705; baseline -0.011 -11"><span class='ocrx_word' id='word_1_418' title='bbox 2165 2639 2365 2694; x_wconf 74' lang='lat' dir='ltr'><strong><em>rissimi</em></strong></span> <span class='ocrx_word' id='word_1_419' title='bbox 2421 2634 2691 2692; x_wconf 87' lang='lat' dir='ltr'><strong><em>Ballerinii</em></strong></span> <span class='ocrx_word' id='word_1_420' title='bbox 2750 2632 2995 2705; x_wconf 66' lang='lat' dir='ltr'><strong><em>precisas</em></strong></span> <span class='ocrx_word' id='word_1_421' title='bbox 3040 2639 3269 2693; x_wconf 81' lang='lat' dir='ltr'><strong><em>vocant;</em></strong></span> <span class='ocrx_word' id='word_1_422' title='bbox 3324 2642 3519 2697; x_wconf 84' lang='lat' dir='ltr'><strong><em>nempe</em></strong></span> <span class='ocrx_word' id='word_1_423' title='bbox 3567 2632 3766 2679; x_wconf 87' lang='lat' dir='ltr'><strong><em>tracta-</em></strong></span> 
     </span>
    </p>
   </div>
   <div class='ocr_carea' id='block_1_58' title="bbox 2170 2716 3762 2793">
    <p class='ocr_par' dir='ltr' id='par_1_58' title="bbox 2170 2716 3762 2793">
     <span class='ocr_line' id='line_1_58' title="bbox 2170 2716 3762 2793; baseline -0.01 -8"><span class='ocrx_word' id='word_1_424' title='bbox 2170 2740 2257 2785; x_wconf 89' lang='lat' dir='ltr'><strong><em>tus</em></strong></span> <span class='ocrx_word' id='word_1_425' title='bbox 2288 2746 2320 2784; x_wconf 91' lang='lat' dir='ltr'><strong><em>v</em></strong></span> <span class='ocrx_word' id='word_1_426' title='bbox 2369 2729 2460 2784; x_wconf 90' lang='lat' dir='ltr'><strong><em>lib.</em></strong></span> <span class='ocrx_word' id='word_1_427' title='bbox 2493 2745 2531 2793; x_wconf 91' lang='grc' dir='ltr'><strong><em>ι,</em></strong></span> <span class='ocrx_word' id='word_1_428' title='bbox 2557 2727 2642 2782; x_wconf 92' lang='lat' dir='ltr'><strong><em>ubi</em></strong></span> <span class='ocrx_word' id='word_1_429' title='bbox 2673 2727 2731 2781; x_wconf 86' lang='lat' dir='ltr'><strong><em>S.</em></strong></span> <span class='ocrx_word' id='word_1_430' title='bbox 2755 2724 2904 2779; x_wconf 89' lang='lat' dir='ltr'><strong><em>Zeno</em></strong></span> <span class='ocrx_word' id='word_1_431' title='bbox 2931 2724 3009 2779; x_wconf 93' lang='lat' dir='ltr'><strong><em>sic</em></strong></span> <span class='ocrx_word' id='word_1_432' title='bbox 3037 2723 3228 2778; x_wconf 89' lang='lat' dir='ltr'><strong><em>habet:</em></strong></span> <span class='ocrx_word' id='word_1_433' title='bbox 3260 2720 3369 2777; x_wconf 83' lang='lat' dir='ltr'><strong><em>Sed</em></strong></span> <span class='ocrx_word' id='word_1_434' title='bbox 3390 2720 3522 2773; x_wconf 85' lang='lat' dir='ltr'><strong><em>dicet</em></strong></span> <span class='ocrx_word' id='word_1_435' title='bbox 3548 2716 3762 2787; x_wconf 87' lang='lat' dir='ltr'><strong><em>aliquis,</em></strong></span> 
     </span>
    </p>
   </div>
   <div class='ocr_carea' id='block_1_59' title="bbox 2167 2809 3766 2889">
    <p class='ocr_par' dir='ltr' id='par_1_59' title="bbox 2167 2809 3766 2889">
     <span class='ocr_line' id='line_1_59' title="bbox 2167 2809 3766 2889; baseline -0.01 -11"><span class='ocrx_word' id='word_1_436' title='bbox 2167 2822 2337 2878; x_wconf 86' lang='lat' dir='ltr'><strong><em>Etiam</em></strong></span> <span class='ocrx_word' id='word_1_437' title='bbox 2368 2820 2539 2874; x_wconf 81' lang='lat' dir='ltr'><strong><em>Maria</em></strong></span> <span class='ocrx_word' id='word_1_438' title='bbox 2575 2818 2748 2889; x_wconf 87' lang='lat' dir='ltr'><strong><em>Virgo,</em></strong></span> <span class='ocrx_word' id='word_1_439' title='bbox 2800 2826 2847 2871; x_wconf 89' lang='lat' dir='ltr'><strong><em>et</em></strong></span> <span class='ocrx_word' id='word_1_440' title='bbox 2885 2816 3081 2887; x_wconf 88' lang='lat' dir='ltr'><strong><em>nupsit,</em></strong></span> <span class='ocrx_word' id='word_1_441' title='bbox 3118 2823 3168 2869; x_wconf 90' lang='lat' dir='ltr'><strong><em>et</em></strong></span> <span class='ocrx_word' id='word_1_442' title='bbox 3214 2813 3431 2885; x_wconf 87' lang='lat' dir='ltr'><strong><em>peperit.</em></strong></span> <span class='ocrx_word' id='word_1_443' title='bbox 3480 2810 3561 2866; x_wconf 85' lang='lat' dir='ltr'><strong><em>Sit</em></strong></span> <span class='ocrx_word' id='word_1_444' title='bbox 3590 2809 3766 2879; x_wconf 89' lang='lat' dir='ltr'><strong><em>aliqua</em></strong></span> 
     </span>
    </p>
   </div>
   <div class='ocr_carea' id='block_1_60' title="bbox 2168 2905 3760 2981">
    <p class='ocr_par' dir='ltr' id='par_1_60' title="bbox 2168 2905 3760 2981">
     <span class='ocr_line' id='line_1_60' title="bbox 2168 2905 3760 2981; baseline -0.008 -11"><span class='ocrx_word' id='word_1_445' title='bbox 2168 2917 2318 2978; x_wconf 88' lang='lat' dir='ltr'><strong><em>talis,</em></strong></span> <span class='ocrx_word' id='word_1_446' title='bbox 2350 2925 2398 2969; x_wconf 88' lang='lat' dir='ltr'><strong><em>et</em></strong></span> <span class='ocrx_word' id='word_1_447' title='bbox 2421 2913 2584 2976; x_wconf 84' lang='lat' dir='ltr'><strong><em>cedo;</em></strong></span> <span class='ocrx_word' id='word_1_448' title='bbox 2622 2922 2858 2967; x_wconf 76' lang='lat' dir='ltr'><strong><em>ueterum</em></strong></span> <span class='ocrx_word' id='word_1_449' title='bbox 2882 2910 2975 2964; x_wconf 88' lang='lat' dir='ltr'><strong><em>illa</em></strong></span> <span class='ocrx_word' id='word_1_450' title='bbox 3003 2909 3102 2979; x_wconf 80' lang='lat' dir='ltr'><strong><em>fuit</em></strong></span> <span class='ocrx_word' id='word_1_451' title='bbox 3128 2909 3270 2981; x_wconf 80' lang='lat' dir='ltr'><strong><em>virgo</em></strong></span> <span class='ocrx_word' id='word_1_452' title='bbox 3295 2915 3409 2979; x_wconf 85' lang='lat' dir='ltr'><strong><em>post</em></strong></span> <span class='ocrx_word' id='word_1_453' title='bbox 3432 2905 3760 2970; x_wconf 83' lang='lat' dir='ltr'><strong><em>connubium,</em></strong></span> 
     </span>
    </p>
   </div>
   <div class='ocr_carea' id='block_1_61' title="bbox 2165 2996 3769 3080">
    <p class='ocr_par' dir='ltr' id='par_1_61' title="bbox 2165 2996 3769 3080">
     <span class='ocr_line' id='line_1_61' title="bbox 2165 2996 3769 3080; baseline -0.006 -19"><span class='ocrx_word' id='word_1_454' title='bbox 2165 3008 2308 3080; x_wconf 81' lang='lat' dir='ltr'><strong><em>uirgo</em></strong></span> <span class='ocrx_word' id='word_1_455' title='bbox 2362 3014 2475 3077; x_wconf 87' lang='lat' dir='ltr'><strong><em>post</em></strong></span> <span class='ocrx_word' id='word_1_456' title='bbox 2503 3012 2825 3073; x_wconf 86' lang='lat' dir='ltr'><strong><em>conceptum,</em></strong></span> <span class='ocrx_word' id='word_1_457' title='bbox 2875 3002 3019 3073; x_wconf 81' lang='lat' dir='ltr'><strong><em>uirgo</em></strong></span> <span class='ocrx_word' id='word_1_458' title='bbox 3046 3010 3160 3071; x_wconf 87' lang='lat' dir='ltr'><strong><em>post</em></strong></span> <span class='ocrx_word' id='word_1_459' title='bbox 3188 2996 3407 3053; x_wconf 85' lang='lat' dir='ltr'><strong><em>Filium.</em></strong></span> <span class='ocrx_word' id='word_1_460' title='bbox 3448 2997 3514 3053; x_wconf 87' lang='lat' dir='ltr'><strong><em>Et</em></strong></span> <span class='ocrx_word' id='word_1_461' title='bbox 3543 2996 3769 3052; x_wconf 74' lang='lat' dir='ltr'><strong><em>Trama-</em></strong></span> 
     </span>
    </p>
   </div>
   <div class='ocr_carea' id='block_1_62' title="bbox 2171 3082 3769 3166">
    <p class='ocr_par' dir='ltr' id='par_1_62' title="bbox 2171 3082 3769 3166">
     <span class='ocr_line' id='line_1_62' title="bbox 2171 3082 3769 3166; baseline -0.009 -10"><span class='ocrx_word' id='word_1_462' title='bbox 2171 3110 2256 3156; x_wconf 89' lang='lat' dir='ltr'><strong><em>tus</em></strong></span> <span class='ocrx_word' id='word_1_463' title='bbox 2287 3115 2323 3154; x_wconf 92' lang='grc' dir='ltr'><strong><em>ιι</em></strong></span> <span class='ocrx_word' id='word_1_464' title='bbox 2368 3098 2463 3153; x_wconf 92' lang='lat' dir='ltr'><strong><em>lib.</em></strong></span> <span class='ocrx_word' id='word_1_465' title='bbox 2517 3082 2554 3153; x_wconf 79' lang='grc' dir='ltr'><strong><em>ιι</em></strong></span> <span class='ocrx_word' id='word_1_466' title='bbox 2589 3113 2603 3150; x_wconf 86' lang='lat'><strong>:</strong></span> <span class='ocrx_word' id='word_1_467' title='bbox 2635 3095 2808 3153; x_wconf 81' lang='lat' dir='ltr'><strong><em>Maria</em></strong></span> <span class='ocrx_word' id='word_1_468' title='bbox 2845 3095 2992 3166; x_wconf 84' lang='lat' dir='ltr'><strong><em>uirgo</em></strong></span> <span class='ocrx_word' id='word_1_469' title='bbox 3023 3094 3321 3163; x_wconf 85' lang='lat' dir='ltr'><strong><em>incorrupta</em></strong></span> <span class='ocrx_word' id='word_1_470' title='bbox 3359 3090 3611 3162; x_wconf 86' lang='lat' dir='ltr'><strong><em>concepit,</em></strong></span> <span class='ocrx_word' id='word_1_471' title='bbox 3652 3098 3769 3159; x_wconf 87' lang='lat' dir='ltr'><strong><em>post</em></strong></span> 
     </span>
    </p>
   </div>
   <div class='ocr_carea' id='block_1_63' title="bbox 469 3182 2062 3281">
    <p class='ocr_par' dir='ltr' id='par_1_63' title="bbox 469 3183 2059 3281">
     <span class='ocr_line' id='line_1_63' title="bbox 469 3183 2059 3281; baseline -0.018 -13"><span class='ocrx_word' id='word_1_472' title='bbox 469 3212 574 3279; x_wconf 90' lang='lat' dir='ltr'><strong><em>tio,</em></strong></span> <span class='ocrx_word' id='word_1_473' title='bbox 619 3211 795 3281; x_wconf 91' lang='lat' dir='ltr'><strong><em>ipsum</em></strong></span> <span class='ocrx_word' id='word_1_474' title='bbox 851 3203 1219 3262; x_wconf 84' lang='lat' dir='ltr'><strong><em>Semiarianos</em></strong></span> <span class='ocrx_word' id='word_1_475' title='bbox 1249 3194 1588 3266; x_wconf 78' lang='lat' dir='ltr'><strong><em>respexisse,</em></strong></span> <span class='ocrx_word' id='word_1_476' title='bbox 1620 3204 1743 3246; x_wconf 88' lang='lat' dir='ltr'><strong><em>cum</em></strong></span> <span class='ocrx_word' id='word_1_477' title='bbox 1774 3197 1831 3242; x_wconf 90' lang='lat' dir='ltr'><strong><em>et</em></strong></span> <span class='ocrx_word' id='word_1_478' title='bbox 1859 3183 2059 3242; x_wconf 69' lang='lat' dir='ltr'><strong><em>saeculo</em></strong></span> 
     </span>
    </p>
   </div>
   <div class='ocr_carea' id='block_1_64' title="bbox 2168 3182 3766 3281">
    <p class='ocr_par' dir='ltr' id='par_1_64' title="bbox 2168 3182 3766 3263">
     <span class='ocr_line' id='line_1_64' title="bbox 2168 3182 3766 3263; baseline -0.009 -14"><span class='ocrx_word' id='word_1_479' title='bbox 2168 3201 2462 3263; x_wconf 87' lang='lat' dir='ltr'><strong><em>conceptum</em></strong></span> <span class='ocrx_word' id='word_1_480' title='bbox 2501 3190 2642 3262; x_wconf 86' lang='lat' dir='ltr'><strong><em>virgo</em></strong></span> <span class='ocrx_word' id='word_1_481' title='bbox 2670 3189 2886 3259; x_wconf 85' lang='lat' dir='ltr'><strong><em>peperit,</em></strong></span> <span class='ocrx_word' id='word_1_482' title='bbox 2937 3195 3051 3258; x_wconf 88' lang='lat' dir='ltr'><strong><em>post</em></strong></span> <span class='ocrx_word' id='word_1_483' title='bbox 3078 3184 3442 3256; x_wconf 81' lang='lat' dir='ltr'><strong><em>partumvirgo</em></strong></span> <span class='ocrx_word' id='word_1_484' title='bbox 3461 3182 3766 3253; x_wconf 86' lang='lat' dir='ltr'><strong><em>permansit.</em></strong></span> 
     </span>
    </p>
   </div>
   <div class='ocr_carea' id='block_1_65' title="bbox 470 3281 2066 3370">
    <p class='ocr_par' dir='ltr' id='par_1_65' title="bbox 470 3281 2066 3370">
     <span class='ocr_line' id='line_1_65' title="bbox 470 3281 2066 3370; baseline -0.018 -9"><span class='ocrx_word' id='word_1_485' title='bbox 470 3304 632 3361; x_wconf 90' lang='lat' dir='ltr'><strong><em>tertio</em></strong></span> <span class='ocrx_word' id='word_1_486' title='bbox 663 3310 719 3357; x_wconf 90' lang='lat' dir='ltr'><strong><em>et</em></strong></span> <span class='ocrx_word' id='word_1_487' title='bbox 745 3300 1032 3370; x_wconf 85' lang='lat' dir='ltr'><strong><em>Origenes,</em></strong></span> <span class='ocrx_word' id='word_1_488' title='bbox 1063 3302 1119 3350; x_wconf 90' lang='lat' dir='ltr'><strong><em>et</em></strong></span> <span class='ocrx_word' id='word_1_489' title='bbox 1146 3291 1205 3348; x_wconf 90' lang='lat' dir='ltr'><strong><em>S.</em></strong></span> <span class='ocrx_word' id='word_1_490' title='bbox 1236 3287 1529 3362; x_wconf 79' lang='lat' dir='ltr'><strong><em>Dionysius</em></strong></span> <span class='ocrx_word' id='word_1_491' title='bbox 1568 3284 1670 3339; x_wconf 88' lang='lat' dir='ltr'><strong><em>hac</em></strong></span> <span class='ocrx_word' id='word_1_492' title='bbox 1696 3281 1817 3337; x_wconf 88' lang='lat' dir='ltr'><strong><em>labe</em></strong></span> <span class='ocrx_word' id='word_1_493' title='bbox 1846 3292 2066 3348; x_wconf 89' lang='lat' dir='ltr'><strong><em>compe-</em></strong></span> 
     </span>
    </p>
   </div>
   <div class='ocr_carea' id='block_1_66' title="bbox 474 3386 914 3451">
    <p class='ocr_par' dir='ltr' id='par_1_66' title="bbox 474 3386 914 3451">
     <span class='ocr_line' id='line_1_66' title="bbox 474 3386 914 3451; baseline -0.018 0"><span class='ocrx_word' id='word_1_494' title='bbox 474 3397 680 3451; x_wconf 85' lang='lat' dir='ltr'><strong><em>riantur</em></strong></span> <span class='ocrx_word' id='word_1_495' title='bbox 706 3386 889 3447; x_wconf 79' lang='lat' dir='ltr'><strong><em>infecti</em></strong></span> <span class='ocrx_word' id='word_1_496' title='bbox 901 3431 914 3444; x_wconf 96' lang='lat'><strong><em>.</em></strong></span> 
     </span>
    </p>
   </div>
   <div class='ocr_carea' id='block_1_67' title="bbox 540 3459 2066 3542">
    <p class='ocr_par' dir='ltr' id='par_1_67' title="bbox 540 3459 2066 3542">
     <span class='ocr_line' id='line_1_67' title="bbox 540 3459 2066 3542; baseline -0.019 0"><span class='ocrx_word' id='word_1_497' title='bbox 540 3485 598 3542; x_wconf 89' lang='lat' dir='ltr'><strong><em>S.</em></strong></span> <span class='ocrx_word' id='word_1_498' title='bbox 626 3485 914 3540; x_wconf 89' lang='lat' dir='ltr'><strong><em>Doctorem</em></strong></span> <span class='ocrx_word' id='word_1_499' title='bbox 951 3484 1198 3534; x_wconf 90' lang='lat' dir='ltr'><strong><em>nostrum</em></strong></span> <span class='ocrx_word' id='word_1_500' title='bbox 1239 3469 1593 3528; x_wconf 86' lang='lat' dir='ltr'><strong><em>Photiniauos</em></strong></span> <span class='ocrx_word' id='word_1_501' title='bbox 1637 3479 1747 3520; x_wconf 89' lang='lat' dir='ltr'><strong><em>non</em></strong></span> <span class='ocrx_word' id='word_1_502' title='bbox 1773 3459 2066 3535; x_wconf 65' lang='lat' dir='ltr'><strong><em>reprehen«</em></strong></span> 
     </span>
    </p>
   </div>
   <div class='ocr_carea' id='block_1_68' title="bbox 471 3553 2067 3638">
    <p class='ocr_par' dir='ltr' id='par_1_68' title="bbox 471 3553 2067 3638">
     <span class='ocr_line' id='line_1_68' title="bbox 471 3553 2067 3638; baseline -0.018 -3"><span class='ocrx_word' id='word_1_503' title='bbox 471 3579 622 3635; x_wconf 87' lang='lat' dir='ltr'><strong><em>disse</em></strong></span> <span class='ocrx_word' id='word_1_504' title='bbox 641 3577 898 3631; x_wconf 64' lang='lat' dir='ltr'><strong><em>&#39;I‘ractatu</em></strong></span> <span class='ocrx_word' id='word_1_505' title='bbox 928 3571 981 3638; x_wconf 88' lang='lat'><strong><em>7,</em></strong></span> <span class='ocrx_word' id='word_1_506' title='bbox 1036 3570 1075 3624; x_wconf 94' lang='lat' dir='ltr'><strong><em>l.</em></strong></span> <span class='ocrx_word' id='word_1_507' title='bbox 1118 3583 1179 3634; x_wconf 87' lang='grc' dir='ltr'>ιι,</span> <span class='ocrx_word' id='word_1_508' title='bbox 1208 3566 1274 3621; x_wconf 90' lang='lat' dir='ltr'><strong><em>iis</em></strong></span> <span class='ocrx_word' id='word_1_509' title='bbox 1316 3564 1370 3618; x_wconf 91' lang='lat' dir='ltr'><strong><em>in</em></strong></span> <span class='ocrx_word' id='word_1_510' title='bbox 1410 3559 1590 3616; x_wconf 78' lang='lat' dir='ltr'><strong><em>verbis</em></strong></span> <span class='ocrx_word' id='word_1_511' title='bbox 1640 3556 1805 3612; x_wconf 87' lang='lat' dir='ltr'><strong><em>:Una</em></strong></span> <span class='ocrx_word' id='word_1_512' title='bbox 1851 3553 2067 3622; x_wconf 82' lang='lat' dir='ltr'><strong><em>denique</em></strong></span> 
     </span>
    </p>
   </div>
   <div class='ocr_carea' id='block_1_69' title="bbox 467 3645 2069 3727">
    <p class='ocr_par' dir='ltr' id='par_1_69' title="bbox 467 3645 2069 3727">
     <span class='ocr_line' id='line_1_69' title="bbox 467 3645 2069 3727; baseline -0.019 1"><span class='ocrx_word' id='word_1_513' title='bbox 467 3671 653 3727; x_wconf 88' lang='lat' dir='ltr'><strong><em>asserit</em></strong></span> <span class='ocrx_word' id='word_1_514' title='bbox 721 3667 901 3722; x_wconf 70' lang='lat' dir='ltr'><strong><em>Iesum</em></strong></span> <span class='ocrx_word' id='word_1_515' title='bbox 956 3661 1222 3718; x_wconf 86' lang='lat' dir='ltr'><strong><em>Christum</em></strong></span> <span class='ocrx_word' id='word_1_516' title='bbox 1296 3657 1359 3711; x_wconf 88' lang='lat' dir='ltr'><strong><em>ab</em></strong></span> <span class='ocrx_word' id='word_1_517' title='bbox 1417 3663 1562 3708; x_wconf 83' lang='lat' dir='ltr'><strong><em>utero</em></strong></span> <span class='ocrx_word' id='word_1_518' title='bbox 1604 3649 1833 3721; x_wconf 83' lang='lat' dir='ltr'><strong><em>Virginis</em></strong></span> <span class='ocrx_word' id='word_1_519' title='bbox 1883 3645 2069 3700; x_wconf 66' lang='lat' dir='ltr'><strong><em>Mariis</em></strong></span> 
     </span>
    </p>
   </div>
   <div class='ocr_carea' id='block_1_70' title="bbox 467 3740 2069 3837">
    <p class='ocr_par' dir='ltr' id='par_1_70' title="bbox 467 3740 2069 3837">
     <span class='ocr_line' id='line_1_70' title="bbox 467 3740 2069 3837; baseline -0.019 -15"><span class='ocrx_word' id='word_1_520' title='bbox 467 3764 751 3837; x_wconf 86' lang='lat' dir='ltr'><strong><em>sumpsisse</em></strong></span> <span class='ocrx_word' id='word_1_521' title='bbox 805 3756 1135 3830; x_wconf 88' lang='lat' dir='ltr'><strong><em>principium,</em></strong></span> <span class='ocrx_word' id='word_1_522' title='bbox 1183 3751 1446 3820; x_wconf 87' lang='lat' dir='ltr'><strong><em>Deumque</em></strong></span> <span class='ocrx_word' id='word_1_523' title='bbox 1492 3745 1676 3802; x_wconf 73' lang='lat' dir='ltr'><strong><em>exinde</em></strong></span> <span class='ocrx_word' id='word_1_524' title='bbox 1717 3741 1777 3798; x_wconf 89' lang='lat' dir='ltr'><strong><em>ob</em></strong></span> <span class='ocrx_word' id='word_1_525' title='bbox 1814 3740 2069 3811; x_wconf 83' lang='lat' dir='ltr'><strong><em>iustitiam</em></strong></span> 
     </span>
    </p>
   </div>
   <div class='ocr_carea' id='block_1_71' title="bbox 474 3832 2067 3931">
    <p class='ocr_par' dir='ltr' id='par_1_71' title="bbox 474 3832 2067 3931">
     <span class='ocr_line' id='line_1_71' title="bbox 474 3832 2067 3931; baseline -0.019 -18"><span class='ocrx_word' id='word_1_526' title='bbox 474 3862 671 3931; x_wconf 75' lang='lat' dir='ltr'><strong><em>factum</em></strong></span> <span class='ocrx_word' id='word_1_527' title='bbox 693 3870 800 3909; x_wconf 87' lang='lat' dir='ltr'><strong><em>esse</em></strong></span> <span class='ocrx_word' id='word_1_528' title='bbox 820 3868 922 3905; x_wconf 91' lang='lat' dir='ltr'><strong><em>non</em></strong></span> <span class='ocrx_word' id='word_1_529' title='bbox 950 3861 1144 3912; x_wconf 89' lang='lat' dir='ltr'><strong><em>natum,</em></strong></span> <span class='ocrx_word' id='word_1_530' title='bbox 1173 3840 1667 3900; x_wconf 85' lang='lat' dir='ltr'><strong><em>demonstravimus</em></strong></span> <span class='ocrx_word' id='word_1_531' title='bbox 1688 3848 1851 3906; x_wconf 80' lang='lat' dir='ltr'><strong><em>supra</em></strong></span> <span class='ocrx_word' id='word_1_532' title='bbox 1892 3832 1980 3904; x_wconf 90' lang='lat' dir='ltr'><strong><em>(c.</em></strong></span> <span class='ocrx_word' id='word_1_533' title='bbox 2015 3833 2067 3896; x_wconf 83' lang='grc'>1,</span> 
     </span>
    </p>
   </div>
   <div class='ocr_carea' id='block_1_72' title="bbox 475 3922 2071 4021">
    <p class='ocr_par' dir='ltr' id='par_1_72' title="bbox 475 3922 2071 4021">
     <span class='ocr_line' id='line_1_72' title="bbox 475 3922 2071 4021; baseline -0.016 -16"><span class='ocrx_word' id='word_1_534' title='bbox 475 3922 505 4021; x_wconf 58' lang='grc' dir='ltr'>ξ</span> <span class='ocrx_word' id='word_1_535' title='bbox 533 3948 627 4004; x_wconf 71' lang='lat'><strong><em>25.</em></strong></span> <span class='ocrx_word' id='word_1_536' title='bbox 655 3950 713 4017; x_wconf 91' lang='lat'><strong><em>),</em></strong></span> <span class='ocrx_word' id='word_1_537' title='bbox 739 3944 828 4000; x_wconf 90' lang='lat' dir='ltr'><strong><em>ubi</em></strong></span> <span class='ocrx_word' id='word_1_538' title='bbox 854 3948 910 3999; x_wconf 87' lang='lat' dir='ltr'><strong><em>et</em></strong></span> <span class='ocrx_word' id='word_1_539' title='bbox 929 3938 1335 3997; x_wconf 84' lang='lat' dir='ltr'><strong><em>adnotationem</em></strong></span> <span class='ocrx_word' id='word_1_540' title='bbox 1365 3932 1573 3989; x_wconf 88' lang='lat' dir='ltr'><strong><em>tertiam</em></strong></span> <span class='ocrx_word' id='word_1_541' title='bbox 1606 3926 1984 3999; x_wconf 76' lang='lat' dir='ltr'><strong><em>expendimus,</em></strong></span> <span class='ocrx_word' id='word_1_542' title='bbox 2016 3922 2071 3979; x_wconf 91' lang='lat' dir='ltr'><strong><em>in</em></strong></span> 
     </span>
    </p>
   </div>
   <div class='ocr_carea' id='block_1_73' title="bbox 471 4014 2072 4113">
    <p class='ocr_par' dir='ltr' id='par_1_73' title="bbox 471 4014 2072 4113">
     <span class='ocr_line' id='line_1_73' title="bbox 471 4014 2072 4113; baseline -0.017 -17"><span class='ocrx_word' id='word_1_543' title='bbox 471 4014 579 4113; x_wconf 77' lang='lat' dir='ltr'><strong><em>qua</em></strong></span> <span class='ocrx_word' id='word_1_544' title='bbox 626 4014 789 4094; x_wconf 85' lang='lat' dir='ltr'><strong><em>iidem</em></strong></span> <span class='ocrx_word' id='word_1_545' title='bbox 829 4033 1014 4091; x_wconf 75' lang='lat' dir='ltr'><strong><em>eximii</em></strong></span> <span class='ocrx_word' id='word_1_546' title='bbox 1070 4029 1433 4087; x_wconf 85' lang='lat' dir='ltr'><strong><em>Adnotatores</em></strong></span> <span class='ocrx_word' id='word_1_547' title='bbox 1479 4019 1729 4093; x_wconf 87' lang='lat' dir='ltr'><strong><em>Origenis</em></strong></span> <span class='ocrx_word' id='word_1_548' title='bbox 1767 4027 1972 4074; x_wconf 81' lang='lat' dir='ltr'><strong><em>textum</em></strong></span> <span class='ocrx_word' id='word_1_549' title='bbox 1994 4014 2072 4070; x_wconf 89' lang='lat' dir='ltr'><strong><em>al-</em></strong></span> 
     </span>
    </p>
   </div>
   <div class='ocr_carea' id='block_1_74' title="bbox 475 4113 2069 4205">
    <p class='ocr_par' dir='ltr' id='par_1_74' title="bbox 475 4113 2069 4205">
     <span class='ocr_line' id='line_1_74' title="bbox 475 4113 2069 4205; baseline -0.017 -16"><span class='ocrx_word' id='word_1_550' title='bbox 475 4133 680 4205; x_wconf 83' lang='lat' dir='ltr'><strong><em>legant,</em></strong></span> <span class='ocrx_word' id='word_1_551' title='bbox 703 4144 812 4201; x_wconf 90' lang='lat' dir='ltr'><strong><em>quo</em></strong></span> <span class='ocrx_word' id='word_1_552' title='bbox 836 4137 892 4182; x_wconf 92' lang='lat' dir='ltr'><strong><em>et</em></strong></span> <span class='ocrx_word' id='word_1_553' title='bbox 916 4123 1121 4181; x_wconf 78' lang='lat' dir='ltr'><strong><em>saeculo</em></strong></span> <span class='ocrx_word' id='word_1_554' title='bbox 1148 4119 1308 4178; x_wconf 88' lang='lat' dir='ltr'><strong><em>tertio</em></strong></span> <span class='ocrx_word' id='word_1_555' title='bbox 1330 4118 1472 4173; x_wconf 90' lang='lat' dir='ltr'><strong><em>hunc</em></strong></span> <span class='ocrx_word' id='word_1_556' title='bbox 1502 4113 1798 4171; x_wconf 87' lang='lat' dir='ltr'><strong><em>invaluisse</em></strong></span> <span class='ocrx_word' id='word_1_557' title='bbox 1828 4124 2069 4166; x_wconf 87' lang='lat' dir='ltr'><strong><em>errorem</em></strong></span> 
     </span>
    </p>
   </div>
   <div class='ocr_carea' id='block_1_75' title="bbox 475 4200 2067 4298">
    <p class='ocr_par' dir='ltr' id='par_1_75' title="bbox 475 4200 2067 4298">
     <span class='ocr_line' id='line_1_75' title="bbox 475 4200 2067 4298; baseline -0.019 -16"><span class='ocrx_word' id='word_1_558' title='bbox 475 4200 740 4298; x_wconf 69' lang='lat' dir='ltr'><strong><em>probatur</em></strong></span> <span class='ocrx_word' id='word_1_559' title='bbox 780 4220 1019 4293; x_wconf 86' lang='lat' dir='ltr'><strong><em>(Buller.</em></strong></span> <span class='ocrx_word' id='word_1_560' title='bbox 1053 4217 1107 4270; x_wconf 89' lang='lat' dir='ltr'><strong><em>d.</em></strong></span> <span class='ocrx_word' id='word_1_561' title='bbox 1134 4214 1223 4269; x_wconf 90' lang='lat' dir='ltr'><strong><em>Tr.</em></strong></span> <span class='ocrx_word' id='word_1_562' title='bbox 1275 4228 1372 4279; x_wconf 86' lang='lat' dir='ltr'><strong><em>vn,</em></strong></span> <span class='ocrx_word' id='word_1_563' title='bbox 1404 4210 1441 4264; x_wconf 93' lang='lat' dir='ltr'><strong><em>l.</em></strong></span> <span class='ocrx_word' id='word_1_564' title='bbox 1494 4225 1553 4275; x_wconf 90' lang='lat' dir='ltr'><strong><em>tt,</em></strong></span> <span class='ocrx_word' id='word_1_565' title='bbox 1594 4207 1773 4260; x_wconf 87' lang='lat' dir='ltr'><strong><em>adnot.</em></strong></span> <span class='ocrx_word' id='word_1_566' title='bbox 1820 4203 1874 4271; x_wconf 79' lang='lat'><strong><em>5,</em></strong></span> <span class='ocrx_word' id='word_1_567' title='bbox 1920 4200 2067 4271; x_wconf 84' lang='lat' dir='ltr'><strong><em>Orig.</em></strong></span> 
     </span>
    </p>
   </div>
   <div class='ocr_carea' id='block_1_76' title="bbox 478 4295 2073 4388">
    <p class='ocr_par' dir='ltr' id='par_1_76' title="bbox 478 4295 2073 4388">
     <span class='ocr_line' id='line_1_76' title="bbox 478 4295 2073 4388; baseline -0.019 -14"><span class='ocrx_word' id='word_1_568' title='bbox 478 4320 517 4373; x_wconf 84' lang='grc' dir='ltr'>ι.</span> <span class='ocrx_word' id='word_1_569' title='bbox 551 4316 704 4388; x_wconf 80' lang='lat' dir='ltr'><strong><em>Vill).</em></strong></span> <span class='ocrx_word' id='word_1_570' title='bbox 745 4311 1003 4367; x_wconf 83' lang='lat' dir='ltr'><strong><em>Virtutum</em></strong></span> <span class='ocrx_word' id='word_1_571' title='bbox 1036 4322 1249 4364; x_wconf 89' lang='lat' dir='ltr'><strong><em>suarum</em></strong></span> <span class='ocrx_word' id='word_1_572' title='bbox 1292 4304 1471 4358; x_wconf 88' lang='lat' dir='ltr'><strong><em>merito</em></strong></span> <span class='ocrx_word' id='word_1_573' title='bbox 1518 4299 1693 4353; x_wconf 85' lang='lat' dir='ltr'><strong><em>anima</em></strong></span> <span class='ocrx_word' id='word_1_574' title='bbox 1722 4295 1915 4352; x_wconf 85' lang='lat' dir='ltr'><strong><em>Christi</em></strong></span> <span class='ocrx_word' id='word_1_575' title='bbox 1955 4308 2073 4347; x_wconf 90' lang='lat' dir='ltr'><strong><em>cum</em></strong></span> 
     </span>
    </p>
   </div>
   <div class='ocr_carea' id='block_1_77' title="bbox 483 4386 2068 4476">
    <p class='ocr_par' dir='ltr' id='par_1_77' title="bbox 483 4386 2068 4476">
     <span class='ocr_line' id='line_1_77' title="bbox 483 4386 2068 4476; baseline -0.018 -8"><span class='ocrx_word' id='word_1_576' title='bbox 483 4411 648 4467; x_wconf 88' lang='lat' dir='ltr'><strong><em>Verbo</em></strong></span> <span class='ocrx_word' id='word_1_577' title='bbox 667 4386 764 4463; x_wconf 86' lang='lat' dir='ltr'><strong><em>Dei</em></strong></span> <span class='ocrx_word' id='word_1_578' title='bbox 786 4422 943 4461; x_wconf 89' lang='lat' dir='ltr'><strong><em>unum</em></strong></span> <span class='ocrx_word' id='word_1_579' title='bbox 958 4403 1202 4476; x_wconf 77' lang='lat' dir='ltr'><strong><em>efﬁcitur.</em></strong></span> <span class='ocrx_word' id='word_1_580' title='bbox 1233 4398 1308 4452; x_wconf 88' lang='lat' dir='ltr'><strong><em>Ita</em></strong></span> <span class='ocrx_word' id='word_1_581' title='bbox 1329 4396 1589 4467; x_wconf 86' lang='lat' dir='ltr'><strong><em>Origenes</em></strong></span> <span class='ocrx_word' id='word_1_582' title='bbox 1618 4391 1817 4447; x_wconf 86' lang='lat' dir='ltr'><strong><em>ibidem</em></strong></span> <span class='ocrx_word' id='word_1_583' title='bbox 1846 4386 2068 4443; x_wconf 81' lang='lat' dir='ltr'><strong><em>relatus.</em></strong></span> 
     </span>
    </p>
   </div>
   <div class='ocr_carea' id='block_1_78' title="bbox 545 4482 2068 4570">
    <p class='ocr_par' dir='ltr' id='par_1_78' title="bbox 545 4482 2068 4570">
     <span class='ocr_line' id='line_1_78' title="bbox 545 4482 2068 4570; baseline -0.018 -9"><span class='ocrx_word' id='word_1_584' title='bbox 545 4503 733 4570; x_wconf 78' lang='lat' dir='ltr'><strong><em>Neque</em></strong></span> <span class='ocrx_word' id='word_1_585' title='bbox 771 4499 860 4555; x_wconf 86' lang='lat' dir='ltr'><strong><em>illa</em></strong></span> <span class='ocrx_word' id='word_1_586' title='bbox 890 4496 1052 4553; x_wconf 89' lang='lat' dir='ltr'><strong><em>verba</em></strong></span> <span class='ocrx_word' id='word_1_587' title='bbox 1094 4494 1379 4549; x_wconf 89' lang='lat' dir='ltr'><strong><em>Tractatus</em></strong></span> <span class='ocrx_word' id='word_1_588' title='bbox 1403 4504 1453 4544; x_wconf 84' lang='lat' dir='ltr'><strong><em>vt</em></strong></span> <span class='ocrx_word' id='word_1_589' title='bbox 1504 4485 1746 4557; x_wconf 85' lang='lat' dir='ltr'><strong><em>ejusdem</em></strong></span> <span class='ocrx_word' id='word_1_590' title='bbox 1789 4482 1906 4539; x_wconf 85' lang='lat' dir='ltr'><strong><em>libri</em></strong></span> <span class='ocrx_word' id='word_1_591' title='bbox 1937 4496 2029 4536; x_wconf 85' lang='lat' dir='ltr'><strong><em>vut</em></strong></span> <span class='ocrx_word' id='word_1_592' title='bbox 2053 4521 2068 4546; x_wconf 98' lang='lat'><strong><em>,</em></strong></span> 
     </span>
    </p>
   </div>
   <div class='ocr_carea' id='block_1_79' title="bbox 2167 3278 3772 3353">
    <p class='ocr_par' dir='ltr' id='par_1_79' title="bbox 2167 3278 3772 3353">
     <span class='ocr_line' id='line_1_79' title="bbox 2167 3278 3772 3353; baseline -0.009 -9"><span class='ocrx_word' id='word_1_593' title='bbox 2167 3288 2225 3344; x_wconf 84' lang='lat' dir='ltr'><strong><em>In</em></strong></span> <span class='ocrx_word' id='word_1_594' title='bbox 2258 3286 2339 3341; x_wconf 90' lang='lat' dir='ltr'><strong><em>his</em></strong></span> <span class='ocrx_word' id='word_1_595' title='bbox 2366 3284 2613 3342; x_wconf 78' lang='lat' dir='ltr'><strong><em>formulis</em></strong></span> <span class='ocrx_word' id='word_1_596' title='bbox 2637 3281 2861 3337; x_wconf 82' lang='lat' dir='ltr'><strong><em>Mariam</em></strong></span> <span class='ocrx_word' id='word_1_597' title='bbox 2888 3291 3004 3335; x_wconf 88' lang='lat' dir='ltr'><strong><em>ante</em></strong></span> <span class='ocrx_word' id='word_1_598' title='bbox 3032 3289 3258 3353; x_wconf 89' lang='lat' dir='ltr'><strong><em>partum,</em></strong></span> <span class='ocrx_word' id='word_1_599' title='bbox 3287 3278 3342 3331; x_wconf 88' lang='lat' dir='ltr'><strong><em>in</em></strong></span> <span class='ocrx_word' id='word_1_600' title='bbox 3372 3284 3546 3349; x_wconf 89' lang='lat' dir='ltr'><strong><em>partu,</em></strong></span> <span class='ocrx_word' id='word_1_601' title='bbox 3578 3285 3627 3329; x_wconf 90' lang='lat' dir='ltr'><strong><em>et</em></strong></span> <span class='ocrx_word' id='word_1_602' title='bbox 3653 3284 3772 3346; x_wconf 85' lang='lat' dir='ltr'><strong><em>post</em></strong></span> 
     </span>
    </p>
   </div>
   <div class='ocr_carea' id='block_1_80' title="bbox 2171 3368 3769 3450">
    <p class='ocr_par' dir='ltr' id='par_1_80' title="bbox 2171 3368 3769 3450">
     <span class='ocr_line' id='line_1_80' title="bbox 2171 3368 3769 3450; baseline -0.008 -15"><span class='ocrx_word' id='word_1_603' title='bbox 2171 3391 2372 3450; x_wconf 89' lang='lat' dir='ltr'><strong><em>partum</em></strong></span> <span class='ocrx_word' id='word_1_604' title='bbox 2419 3375 2816 3450; x_wconf 80' lang='lat' dir='ltr'><strong><em>virginemdici,</em></strong></span> <span class='ocrx_word' id='word_1_605' title='bbox 2850 3372 3012 3430; x_wconf 88' lang='lat' dir='ltr'><strong><em>iidem</em></strong></span> <span class='ocrx_word' id='word_1_606' title='bbox 3057 3372 3424 3428; x_wconf 87' lang='lat' dir='ltr'><strong><em>Adnotatores</em></strong></span> <span class='ocrx_word' id='word_1_607' title='bbox 3469 3370 3671 3441; x_wconf 86' lang='lat' dir='ltr'><strong><em>legunt.</em></strong></span> <span class='ocrx_word' id='word_1_608' title='bbox 3707 3368 3769 3424; x_wconf 86' lang='lat' dir='ltr'><strong><em>In</em></strong></span> 
     </span>
    </p>
   </div>
   <div class='ocr_carea' id='block_1_81' title="bbox 2170 3462 3768 3547">
    <p class='ocr_par' dir='ltr' id='par_1_81' title="bbox 2170 3462 3768 3547">
     <span class='ocr_line' id='line_1_81' title="bbox 2170 3462 3768 3547; baseline -0.009 -16"><span class='ocrx_word' id='word_1_609' title='bbox 2170 3475 2346 3547; x_wconf 88' lang='lat' dir='ltr'><strong><em>primo</em></strong></span> <span class='ocrx_word' id='word_1_610' title='bbox 2370 3473 2541 3529; x_wconf 79' lang='lat' dir='ltr'><strong><em>Textu</em></strong></span> <span class='ocrx_word' id='word_1_611' title='bbox 2569 3472 2629 3529; x_wconf 92' lang='lat' dir='ltr'><strong><em>S.</em></strong></span> <span class='ocrx_word' id='word_1_612' title='bbox 2659 3471 2804 3527; x_wconf 91' lang='lat' dir='ltr'><strong><em>Zeno</em></strong></span> <span class='ocrx_word' id='word_1_613' title='bbox 2825 3468 3188 3540; x_wconf 88' lang='lat' dir='ltr'><strong><em>ohjectioncm</em></strong></span> <span class='ocrx_word' id='word_1_614' title='bbox 3215 3465 3419 3521; x_wconf 74' lang='lat' dir='ltr'><strong><em>refellit</em></strong></span> <span class='ocrx_word' id='word_1_615' title='bbox 3445 3462 3551 3519; x_wconf 88' lang='lat' dir='ltr'><strong><em>non</em></strong></span> <span class='ocrx_word' id='word_1_616' title='bbox 3585 3464 3768 3520; x_wconf 73' lang='lat' dir='ltr'><strong><em>luere-</em></strong></span> 
     </span>
    </p>
   </div>
   <div class='ocr_carea' id='block_1_82' title="bbox 2172 3555 3773 3633">
    <p class='ocr_par' dir='ltr' id='par_1_82' title="bbox 2172 3555 3773 3633">
     <span class='ocr_line' id='line_1_82' title="bbox 2172 3555 3773 3633; baseline -0.007 -10"><span class='ocrx_word' id='word_1_617' title='bbox 2172 3568 2423 3629; x_wconf 86' lang='lat' dir='ltr'><strong><em>ticorum,</em></strong></span> <span class='ocrx_word' id='word_1_618' title='bbox 2464 3564 2561 3621; x_wconf 88' lang='lat' dir='ltr'><strong><em>sed</em></strong></span> <span class='ocrx_word' id='word_1_619' title='bbox 2599 3578 2810 3629; x_wconf 89' lang='lat' dir='ltr'><strong><em>eorum,</em></strong></span> <span class='ocrx_word' id='word_1_620' title='bbox 2846 3561 2937 3633; x_wconf 90' lang='lat' dir='ltr'><strong><em>qui</em></strong></span> <span class='ocrx_word' id='word_1_621' title='bbox 2980 3560 3209 3616; x_wconf 88' lang='lat' dir='ltr'><strong><em>nubunt.</em></strong></span> <span class='ocrx_word' id='word_1_622' title='bbox 3258 3557 3320 3613; x_wconf 88' lang='lat' dir='ltr'><strong><em>In</em></strong></span> <span class='ocrx_word' id='word_1_623' title='bbox 3348 3556 3591 3613; x_wconf 87' lang='lat' dir='ltr'><strong><em>secundo</em></strong></span> <span class='ocrx_word' id='word_1_624' title='bbox 3635 3555 3773 3612; x_wconf 87' lang='lat' dir='ltr'><strong><em>satis</em></strong></span> 
     </span>
    </p>
   </div>
   <div class='ocr_carea' id='block_1_83' title="bbox 2172 3651 3770 3733">
    <p class='ocr_par' dir='ltr' id='par_1_83' title="bbox 2172 3651 3770 3733">
     <span class='ocr_line' id='line_1_83' title="bbox 2172 3651 3770 3733; baseline -0.009 -14"><span class='ocrx_word' id='word_1_625' title='bbox 2172 3662 2531 3733; x_wconf 82' lang='lat' dir='ltr'><strong><em>eloquenter,</em></strong></span> <span class='ocrx_word' id='word_1_626' title='bbox 2579 3668 2637 3714; x_wconf 92' lang='lat' dir='ltr'><strong><em>ut</em></strong></span> <span class='ocrx_word' id='word_1_627' title='bbox 2683 3656 2846 3722; x_wconf 89' lang='lat' dir='ltr'><strong><em>solet,</em></strong></span> <span class='ocrx_word' id='word_1_628' title='bbox 2897 3654 3230 3727; x_wconf 85' lang='lat' dir='ltr'><strong><em>singularem</em></strong></span> <span class='ocrx_word' id='word_1_629' title='bbox 3260 3651 3502 3724; x_wconf 77' lang='lat' dir='ltr'><strong><em>Virginis</em></strong></span> <span class='ocrx_word' id='word_1_630' title='bbox 3558 3659 3770 3722; x_wconf 85' lang='lat' dir='ltr'><strong><em>partum</em></strong></span> 
     </span>
    </p>
   </div>
   <div class='ocr_carea' id='block_1_84' title="bbox 2172 3740 3772 3818">
    <p class='ocr_par' dir='ltr' id='par_1_84' title="bbox 2172 3740 3772 3818">
     <span class='ocr_line' id='line_1_84' title="bbox 2172 3740 3772 3818; baseline -0.009 -8"><span class='ocrx_word' id='word_1_631' title='bbox 2172 3753 2412 3811; x_wconf 85' lang='lat' dir='ltr'><strong><em>oratorio</em></strong></span> <span class='ocrx_word' id='word_1_632' title='bbox 2439 3765 2590 3807; x_wconf 89' lang='lat' dir='ltr'><strong><em>more</em></strong></span> <span class='ocrx_word' id='word_1_633' title='bbox 2605 3747 2888 3811; x_wconf 90' lang='lat' dir='ltr'><strong><em>describit,</em></strong></span> <span class='ocrx_word' id='word_1_634' title='bbox 2922 3761 3095 3818; x_wconf 86' lang='lat' dir='ltr'><strong><em>neque</em></strong></span> <span class='ocrx_word' id='word_1_635' title='bbox 3122 3744 3191 3800; x_wconf 92' lang='lat' dir='ltr'><strong><em>de</em></strong></span> <span class='ocrx_word' id='word_1_636' title='bbox 3217 3742 3328 3798; x_wconf 92' lang='lat' dir='ltr'><strong><em>ullo</em></strong></span> <span class='ocrx_word' id='word_1_637' title='bbox 3356 3758 3547 3798; x_wconf 89' lang='lat' dir='ltr'><strong><em>errore</em></strong></span> <span class='ocrx_word' id='word_1_638' title='bbox 3575 3740 3772 3796; x_wconf 85' lang='lat' dir='ltr'><strong><em>memi-</em></strong></span> 
     </span>
    </p>
   </div>
   <div class='ocr_carea' id='block_1_85' title="bbox 2174 3831 3773 3914">
    <p class='ocr_par' dir='ltr' id='par_1_85' title="bbox 2174 3831 3773 3914">
     <span class='ocr_line' id='line_1_85' title="bbox 2174 3831 3773 3914; baseline -0.008 -13"><span class='ocrx_word' id='word_1_639' title='bbox 2174 3847 2284 3911; x_wconf 90' lang='lat' dir='ltr'><strong><em>nit,</em></strong></span> <span class='ocrx_word' id='word_1_640' title='bbox 2318 3859 2425 3914; x_wconf 88' lang='lat' dir='ltr'><strong><em>quo</em></strong></span> <span class='ocrx_word' id='word_1_641' title='bbox 2464 3842 2647 3898; x_wconf 78' lang='lat' dir='ltr'><strong><em>Mariae</em></strong></span> <span class='ocrx_word' id='word_1_642' title='bbox 2690 3838 2969 3911; x_wconf 87' lang='lat' dir='ltr'><strong><em>virginitas</em></strong></span> <span class='ocrx_word' id='word_1_643' title='bbox 3009 3838 3064 3892; x_wconf 89' lang='lat' dir='ltr'><strong><em>in</em></strong></span> <span class='ocrx_word' id='word_1_644' title='bbox 3096 3834 3490 3891; x_wconf 84' lang='lat' dir='ltr'><strong><em>dubitationem</em></strong></span> <span class='ocrx_word' id='word_1_645' title='bbox 3537 3831 3773 3888; x_wconf 87' lang='lat' dir='ltr'><strong><em>adduce-</em></strong></span> 
     </span>
    </p>
   </div>
   <div class='ocr_carea' id='block_1_86' title="bbox 2174 3925 3775 4004">
    <p class='ocr_par' dir='ltr' id='par_1_86' title="bbox 2174 3925 3775 4004">
     <span class='ocr_line' id='line_1_86' title="bbox 2174 3925 3775 4004; baseline -0.01 -10"><span class='ocrx_word' id='word_1_646' title='bbox 2174 3948 2346 3995; x_wconf 86' lang='lat' dir='ltr'><strong><em>retur.</em></strong></span> <span class='ocrx_word' id='word_1_647' title='bbox 2379 3934 2534 4004; x_wconf 85' lang='lat' dir='ltr'><strong><em>Quod</em></strong></span> <span class='ocrx_word' id='word_1_648' title='bbox 2563 3949 2691 3990; x_wconf 83' lang='lat' dir='ltr'><strong><em>vero</em></strong></span> <span class='ocrx_word' id='word_1_649' title='bbox 2717 3948 2811 3990; x_wconf 85' lang='lat' dir='ltr'><strong><em>eas</em></strong></span> <span class='ocrx_word' id='word_1_650' title='bbox 2837 3931 3095 3987; x_wconf 81' lang='lat' dir='ltr'><strong><em>formulas</em></strong></span> <span class='ocrx_word' id='word_1_651' title='bbox 3136 3928 3360 4000; x_wconf 84' lang='lat' dir='ltr'><strong><em>reperire</em></strong></span> <span class='ocrx_word' id='word_1_652' title='bbox 3389 3944 3493 3982; x_wconf 88' lang='lat' dir='ltr'><strong><em>non</em></strong></span> <span class='ocrx_word' id='word_1_653' title='bbox 3532 3925 3679 3980; x_wconf 86' lang='lat' dir='ltr'><strong><em>liceat</em></strong></span> <span class='ocrx_word' id='word_1_654' title='bbox 3718 3926 3775 3979; x_wconf 85' lang='lat' dir='ltr'><strong><em>in</em></strong></span> 
     </span>
    </p>
   </div>
   <div class='ocr_carea' id='block_1_87' title="bbox 2173 4022 3776 4102">
    <p class='ocr_par' dir='ltr' id='par_1_87' title="bbox 2173 4022 3776 4102">
     <span class='ocr_line' id='line_1_87' title="bbox 2173 4022 3776 4102; baseline -0.009 -16"><span class='ocrx_word' id='word_1_655' title='bbox 2173 4032 2447 4102; x_wconf 84' lang='lat' dir='ltr'><strong><em>quopiam,</em></strong></span> <span class='ocrx_word' id='word_1_656' title='bbox 2496 4036 2771 4099; x_wconf 89' lang='lat' dir='ltr'><strong><em>antequam</em></strong></span> <span class='ocrx_word' id='word_1_657' title='bbox 2806 4024 2871 4080; x_wconf 82' lang='grc' dir='ltr'>Β.</span> <span class='ocrx_word' id='word_1_658' title='bbox 2927 4023 3111 4078; x_wconf 77' lang='lat' dir='ltr'><strong><em>Maria:</em></strong></span> <span class='ocrx_word' id='word_1_659' title='bbox 3146 4022 3412 4093; x_wconf 84' lang='lat' dir='ltr'><strong><em>virginitas</em></strong></span> <span class='ocrx_word' id='word_1_660' title='bbox 3447 4028 3633 4090; x_wconf 86' lang='lat' dir='ltr'><strong><em>quarto</em></strong></span> <span class='ocrx_word' id='word_1_661' title='bbox 3676 4034 3776 4073; x_wconf 76' lang='lat' dir='ltr'><strong><em>ste-</em></strong></span> 
     </span>
    </p>
   </div>
   <div class='ocr_carea' id='block_1_88' title="bbox 2175 4114 3773 4196">
    <p class='ocr_par' dir='ltr' id='par_1_88' title="bbox 2175 4114 3773 4196">
     <span class='ocr_line' id='line_1_88' title="bbox 2175 4114 3773 4196; baseline -0.008 -17"><span class='ocrx_word' id='word_1_662' title='bbox 2175 4124 2293 4179; x_wconf 86' lang='lat' dir='ltr'><strong><em>culo</em></strong></span> <span class='ocrx_word' id='word_1_663' title='bbox 2314 4130 2715 4196; x_wconf 85' lang='lat' dir='ltr'><strong><em>Oppugnarelttr,</em></strong></span> <span class='ocrx_word' id='word_1_664' title='bbox 2740 4133 2868 4174; x_wconf 89' lang='lat' dir='ltr'><strong><em>num</em></strong></span> <span class='ocrx_word' id='word_1_665' title='bbox 2893 4115 2943 4172; x_wconf 91' lang='lat' dir='ltr'><strong><em>id</em></strong></span> <span class='ocrx_word' id='word_1_666' title='bbox 2962 4115 3131 4171; x_wconf 89' lang='lat' dir='ltr'><strong><em>asseri</em></strong></span> <span class='ocrx_word' id='word_1_667' title='bbox 3157 4114 3351 4185; x_wconf 89' lang='lat' dir='ltr'><strong><em>possit,</em></strong></span> <span class='ocrx_word' id='word_1_668' title='bbox 3374 4126 3495 4168; x_wconf 91' lang='lat' dir='ltr'><strong><em>cum</em></strong></span> <span class='ocrx_word' id='word_1_669' title='bbox 3527 4127 3635 4166; x_wconf 89' lang='lat' dir='ltr'><strong><em>non</em></strong></span> <span class='ocrx_word' id='word_1_670' title='bbox 3656 4125 3773 4166; x_wconf 88' lang='lat' dir='ltr'><strong><em>om-</em></strong></span> 
     </span>
    </p>
   </div>
   <div class='ocr_carea' id='block_1_89' title="bbox 2176 4202 3776 4281">
    <p class='ocr_par' dir='ltr' id='par_1_89' title="bbox 2176 4202 3776 4281">
     <span class='ocr_line' id='line_1_89' title="bbox 2176 4202 3776 4281; baseline -0.01 -10"><span class='ocrx_word' id='word_1_671' title='bbox 2176 4216 2266 4271; x_wconf 88' lang='lat' dir='ltr'><strong><em>nia</em></strong></span> <span class='ocrx_word' id='word_1_672' title='bbox 2295 4212 2392 4270; x_wconf 88' lang='lat' dir='ltr'><strong><em>SS.</em></strong></span> <span class='ocrx_word' id='word_1_673' title='bbox 2417 4212 2636 4267; x_wconf 81' lang='lat' dir='ltr'><strong><em>Patrum</em></strong></span> <span class='ocrx_word' id='word_1_674' title='bbox 2661 4224 2848 4281; x_wconf 89' lang='lat' dir='ltr'><strong><em>opera,</em></strong></span> <span class='ocrx_word' id='word_1_675' title='bbox 2868 4222 2991 4279; x_wconf 65' lang='lat' dir='ltr'><strong><em>quas</em></strong></span> <span class='ocrx_word' id='word_1_676' title='bbox 3011 4206 3210 4278; x_wconf 87' lang='lat' dir='ltr'><strong><em>primo,</em></strong></span> <span class='ocrx_word' id='word_1_677' title='bbox 3245 4202 3484 4260; x_wconf 91' lang='lat' dir='ltr'><strong><em>secundo</em></strong></span> <span class='ocrx_word' id='word_1_678' title='bbox 3534 4212 3589 4257; x_wconf 92' lang='lat' dir='ltr'><strong><em>et</em></strong></span> <span class='ocrx_word' id='word_1_679' title='bbox 3612 4202 3776 4257; x_wconf 89' lang='lat' dir='ltr'><strong><em>tertio</em></strong></span> 
     </span>
    </p>
   </div>
   <div class='ocr_carea' id='block_1_90' title="bbox 2175 4296 3777 4369">
    <p class='ocr_par' dir='ltr' id='par_1_90' title="bbox 2175 4296 3777 4369">
     <span class='ocr_line' id='line_1_90' title="bbox 2175 4296 3777 4369; baseline -0.01 -5"><span class='ocrx_word' id='word_1_680' title='bbox 2175 4309 2376 4365; x_wconf 82' lang='lat' dir='ltr'><strong><em>sat-culo</em></strong></span> <span class='ocrx_word' id='word_1_681' title='bbox 2404 4306 2547 4363; x_wconf 89' lang='lat' dir='ltr'><strong><em>edita</em></strong></span> <span class='ocrx_word' id='word_1_682' title='bbox 2588 4312 2717 4361; x_wconf 90' lang='lat' dir='ltr'><strong><em>sunt</em></strong></span> <span class='ocrx_word' id='word_1_683' title='bbox 2744 4302 3061 4368; x_wconf 88' lang='lat' dir='ltr'><strong><em>habeamus,</em></strong></span> <span class='ocrx_word' id='word_1_684' title='bbox 3107 4299 3229 4354; x_wconf 89' lang='lat' dir='ltr'><strong><em>aliis</em></strong></span> <span class='ocrx_word' id='word_1_685' title='bbox 3252 4296 3603 4369; x_wconf 90' lang='lat' dir='ltr'><strong><em>judicandum</em></strong></span> <span class='ocrx_word' id='word_1_686' title='bbox 3651 4309 3777 4365; x_wconf 86' lang='lat' dir='ltr'><strong><em>per-</em></strong></span> 
     </span>
    </p>
   </div>
   <div class='ocr_carea' id='block_1_91' title="bbox 2177 4384 3776 4466">
    <p class='ocr_par' dir='ltr' id='par_1_91' title="bbox 2177 4384 3776 4466">
     <span class='ocr_line' id='line_1_91' title="bbox 2177 4384 3776 4466; baseline -0.009 -13"><span class='ocrx_word' id='word_1_687' title='bbox 2177 4399 2461 4454; x_wconf 90' lang='lat' dir='ltr'><strong><em>mittimus.</em></strong></span> <span class='ocrx_word' id='word_1_688' title='bbox 2496 4395 2629 4452; x_wconf 92' lang='lat' dir='ltr'><strong><em>lllud</em></strong></span> <span class='ocrx_word' id='word_1_689' title='bbox 2654 4411 2785 4450; x_wconf 84' lang='lat' dir='ltr'><strong><em>vero</em></strong></span> <span class='ocrx_word' id='word_1_690' title='bbox 2808 4409 2905 4466; x_wconf 91' lang='lat' dir='ltr'><strong><em>pro</em></strong></span> <span class='ocrx_word' id='word_1_691' title='bbox 2934 4401 3087 4449; x_wconf 91' lang='lat' dir='ltr'><strong><em>certo</em></strong></span> <span class='ocrx_word' id='word_1_692' title='bbox 3121 4389 3413 4446; x_wconf 87' lang='lat' dir='ltr'><strong><em>tenendum</em></strong></span> <span class='ocrx_word' id='word_1_693' title='bbox 3451 4396 3554 4449; x_wconf 90' lang='lat' dir='ltr'><strong><em>est.</em></strong></span> <span class='ocrx_word' id='word_1_694' title='bbox 3593 4384 3776 4442; x_wconf 68' lang='lat' dir='ltr'><strong><em>Mariae</em></strong></span> 
     </span>
    </p>
   </div>
   <div class='ocr_carea' id='block_1_92' title="bbox 2180 4477 3778 4561">
    <p class='ocr_par' dir='ltr' id='par_1_92' title="bbox 2180 4477 3778 4561">
     <span class='ocr_line' id='line_1_92' title="bbox 2180 4477 3778 4561; baseline -0.006 -20"><span class='ocrx_word' id='word_1_695' title='bbox 2180 4490 2570 4561; x_wconf 85' lang='lat' dir='ltr'><strong><em>virginitatem,</em></strong></span> <span class='ocrx_word' id='word_1_696' title='bbox 2599 4496 2654 4543; x_wconf 91' lang='lat' dir='ltr'><strong><em>et</em></strong></span> <span class='ocrx_word' id='word_1_697' title='bbox 2699 4486 2876 4557; x_wconf 89' lang='lat' dir='ltr'><strong><em>primo</em></strong></span> <span class='ocrx_word' id='word_1_698' title='bbox 2919 4483 3122 4539; x_wconf 63' lang='lat' dir='ltr'><strong><em>sateulo</em></strong></span> <span class='ocrx_word' id='word_1_699' title='bbox 3146 4498 3176 4536; x_wconf 93' lang='lat' dir='ltr'><strong><em>a</em></strong></span> <span class='ocrx_word' id='word_1_700' title='bbox 3205 4480 3468 4538; x_wconf 88' lang='lat' dir='ltr'><strong><em>Cerintho</em></strong></span> <span class='ocrx_word' id='word_1_701' title='bbox 3496 4488 3550 4535; x_wconf 91' lang='lat' dir='ltr'><strong><em>et</em></strong></span> <span class='ocrx_word' id='word_1_702' title='bbox 3571 4477 3778 4547; x_wconf 86' lang='lat' dir='ltr'><strong><em>Carpo-</em></strong></span> 
     </span>
    </p>
   </div>
   <div class='ocr_carea' id='block_1_93' title="bbox 475 4570 2062 4664">
    <p class='ocr_par' dir='ltr' id='par_1_93' title="bbox 475 4572 2062 4664">
     <span class='ocr_line' id='line_1_93' title="bbox 475 4572 2062 4664; baseline -0.018 -10"><span class='ocrx_word' id='word_1_703' title='bbox 475 4609 675 4664; x_wconf 86' lang='lat' dir='ltr'><strong><em>nempe</em></strong></span> <span class='ocrx_word' id='word_1_704' title='bbox 717 4592 761 4646; x_wconf 88' lang='lat' dir='ltr'><strong><em>si</em></strong></span> <span class='ocrx_word' id='word_1_705' title='bbox 812 4589 1071 4644; x_wconf 89' lang='lat' dir='ltr'><strong><em>hominem</em></strong></span> <span class='ocrx_word' id='word_1_706' title='bbox 1105 4583 1307 4649; x_wconf 88' lang='lat' dir='ltr'><strong><em>solum,</em></strong></span> <span class='ocrx_word' id='word_1_707' title='bbox 1346 4580 1496 4636; x_wconf 87' lang='lat' dir='ltr'><strong><em>sicuti</em></strong></span> <span class='ocrx_word' id='word_1_708' title='bbox 1534 4577 1743 4649; x_wconf 82' lang='lat' dir='ltr'><strong><em>quidam</em></strong></span> <span class='ocrx_word' id='word_1_709' title='bbox 1787 4582 1967 4644; x_wconf 87' lang='lat' dir='ltr'><strong><em>putant</em></strong></span> <span class='ocrx_word' id='word_1_710' title='bbox 2007 4572 2062 4626; x_wconf 76' lang='grc' dir='ltr'>αι</span> 
     </span>
    </p>
   </div>
   <div class='ocr_carea' id='block_1_94' title="bbox 2168 4570 3773 4664">
    <p class='ocr_par' dir='ltr' id='par_1_94' title="bbox 2180 4570 3773 4652">
     <span class='ocr_line' id='line_1_94' title="bbox 2180 4570 3773 4652; baseline -0.008 -14"><span class='ocrx_word' id='word_1_711' title='bbox 2180 4601 2267 4641; x_wconf 75' lang='lat' dir='ltr'><strong><em>cra</em></strong></span> <span class='ocrx_word' id='word_1_712' title='bbox 2296 4585 2616 4651; x_wconf 88' lang='lat' dir='ltr'><strong><em>traductam,</em></strong></span> <span class='ocrx_word' id='word_1_713' title='bbox 2632 4581 2865 4652; x_wconf 84' lang='lat' dir='ltr'><strong><em>aliisque</em></strong></span> <span class='ocrx_word' id='word_1_714' title='bbox 2880 4578 3176 4644; x_wconf 74' lang='lat' dir='ltr'><strong><em>haereticis,</em></strong></span> <span class='ocrx_word' id='word_1_715' title='bbox 3198 4576 3289 4647; x_wconf 86' lang='lat' dir='ltr'><strong><em>qui</em></strong></span> <span class='ocrx_word' id='word_1_716' title='bbox 3306 4573 3579 4631; x_wconf 89' lang='lat' dir='ltr'><strong><em>Christum</em></strong></span> <span class='ocrx_word' id='word_1_717' title='bbox 3593 4570 3773 4626; x_wconf 88' lang='lat' dir='ltr'><strong><em>Domi-</em></strong></span> 
     </span>
    </p>
   </div>
   <div class='ocr_carea' id='block_1_95' title="bbox 474 4673 2071 4757">
    <p class='ocr_par' dir='ltr' id='par_1_95' title="bbox 474 4673 2071 4757">
     <span class='ocr_line' id='line_1_95' title="bbox 474 4673 2071 4757; baseline -0.019 -10"><span class='ocrx_word' id='word_1_718' title='bbox 474 4702 621 4746; x_wconf 84' lang='lat' dir='ltr'><strong><em>utero</em></strong></span> <span class='ocrx_word' id='word_1_719' title='bbox 653 4685 881 4757; x_wconf 85' lang='lat' dir='ltr'><strong><em>Virginis</em></strong></span> <span class='ocrx_word' id='word_1_720' title='bbox 916 4698 1029 4739; x_wconf 86' lang='lat' dir='ltr'><strong><em>eum</em></strong></span> <span class='ocrx_word' id='word_1_721' title='bbox 1050 4678 1325 4750; x_wconf 87' lang='lat' dir='ltr'><strong><em>sumpsisse</em></strong></span> <span class='ocrx_word' id='word_1_722' title='bbox 1341 4673 1675 4748; x_wconf 86' lang='lat' dir='ltr'><strong><em>principium,</em></strong></span> <span class='ocrx_word' id='word_1_723' title='bbox 1692 4684 1806 4740; x_wconf 80' lang='lat' dir='ltr'><strong><em>qua:</em></strong></span> <span class='ocrx_word' id='word_1_724' title='bbox 1822 4683 1936 4736; x_wconf 84' lang='lat' dir='ltr'><strong><em>spes</em></strong></span> <span class='ocrx_word' id='word_1_725' title='bbox 1947 4676 2071 4731; x_wconf 90' lang='lat' dir='ltr'><strong><em>,etc.</em></strong></span> 
     </span>
    </p>
   </div>
   <div class='ocr_carea' id='block_1_96' title="bbox 474 4754 2076 4847">
    <p class='ocr_par' dir='ltr' id='par_1_96' title="bbox 474 4754 2076 4847">
     <span class='ocr_line' id='line_1_96' title="bbox 474 4754 2076 4847; baseline -0.019 -6"><span class='ocrx_word' id='word_1_726' title='bbox 474 4754 833 4841; x_wconf 77' lang='lat' dir='ltr'><strong><em>Photiniauos</em></strong></span> <span class='ocrx_word' id='word_1_727' title='bbox 855 4777 1160 4847; x_wconf 87' lang='lat' dir='ltr'><strong><em>designant.</em></strong></span> <span class='ocrx_word' id='word_1_728' title='bbox 1210 4766 1530 4838; x_wconf 86' lang='lat' dir='ltr'><strong><em>Conjectura</em></strong></span> <span class='ocrx_word' id='word_1_729' title='bbox 1559 4762 1756 4833; x_wconf 84' lang='lat' dir='ltr'><strong><em>quippe</em></strong></span> <span class='ocrx_word' id='word_1_730' title='bbox 1781 4758 1869 4813; x_wconf 88' lang='lat' dir='ltr'><strong><em>illa</em></strong></span> <span class='ocrx_word' id='word_1_731' title='bbox 1897 4773 1966 4814; x_wconf 85' lang='lat' dir='ltr'><strong><em>ex</em></strong></span> <span class='ocrx_word' id='word_1_732' title='bbox 1994 4754 2076 4811; x_wconf 86' lang='lat' dir='ltr'><strong><em>his</em></strong></span> 
     </span>
    </p>
   </div>
   <div class='ocr_carea' id='block_1_97' title="bbox 473 4850 2079 4938">
    <p class='ocr_par' dir='ltr' id='par_1_97' title="bbox 473 4850 2079 4938">
     <span class='ocr_line' id='line_1_97' title="bbox 473 4850 2079 4938; baseline -0.019 -7"><span class='ocrx_word' id='word_1_733' title='bbox 473 4874 662 4931; x_wconf 87' lang='lat' dir='ltr'><strong><em>verbis</em></strong></span> <span class='ocrx_word' id='word_1_734' title='bbox 686 4879 944 4938; x_wconf 88' lang='lat' dir='ltr'><strong><em>accepta:</em></strong></span> <span class='ocrx_word' id='word_1_735' title='bbox 981 4864 1129 4920; x_wconf 87' lang='lat' dir='ltr'><strong><em>Sicut</em></strong></span> <span class='ocrx_word' id='word_1_736' title='bbox 1155 4859 1364 4932; x_wconf 87' lang='lat' dir='ltr'><strong><em>quidam</em></strong></span> <span class='ocrx_word' id='word_1_737' title='bbox 1411 4862 1614 4926; x_wconf 85' lang='lat' dir='ltr'><strong><em>putant,</em></strong></span> <span class='ocrx_word' id='word_1_738' title='bbox 1655 4850 1805 4923; x_wconf 88' lang='lat' dir='ltr'><strong><em>quasi</em></strong></span> <span class='ocrx_word' id='word_1_739' title='bbox 1834 4850 1970 4903; x_wconf 87' lang='lat' dir='ltr'><strong><em>hunc</em></strong></span> <span class='ocrx_word' id='word_1_740' title='bbox 1996 4865 2079 4902; x_wconf 84' lang='lat' dir='ltr'><strong><em>er-</em></strong></span> 
     </span>
    </p>
   </div>
   <div class='ocr_carea' id='block_1_98' title="bbox 475 4944 2074 5032">
    <p class='ocr_par' dir='ltr' id='par_1_98' title="bbox 475 4944 2074 5032">
     <span class='ocr_line' id='line_1_98' title="bbox 475 4944 2074 5032; baseline -0.018 -8"><span class='ocrx_word' id='word_1_741' title='bbox 475 4983 648 5025; x_wconf 87' lang='lat' dir='ltr'><strong><em>rorem</em></strong></span> <span class='ocrx_word' id='word_1_742' title='bbox 669 4979 809 5032; x_wconf 77' lang='lat' dir='ltr'><strong><em>teque</em></strong></span> <span class='ocrx_word' id='word_1_743' title='bbox 838 4978 899 5016; x_wconf 90' lang='lat' dir='ltr'><strong><em>ac</em></strong></span> <span class='ocrx_word' id='word_1_744' title='bbox 926 4957 1181 5014; x_wconf 87' lang='lat' dir='ltr'><strong><em>Arianum</em></strong></span> <span class='ocrx_word' id='word_1_745' title='bbox 1206 4958 1505 5022; x_wconf 78' lang='lat' dir='ltr'><strong><em>prwsentem</em></strong></span> <span class='ocrx_word' id='word_1_746' title='bbox 1532 4947 1777 5009; x_wconf 87' lang='lat' dir='ltr'><strong><em>indicent,</em></strong></span> <span class='ocrx_word' id='word_1_747' title='bbox 1826 4956 1884 4999; x_wconf 92' lang='lat' dir='ltr'><strong><em>ut</em></strong></span> <span class='ocrx_word' id='word_1_748' title='bbox 1909 4944 2074 4998; x_wconf 88' lang='lat' dir='ltr'><strong><em>iidem</em></strong></span> 
     </span>
    </p>
   </div>
   <div class='ocr_carea' id='block_1_99' title="bbox 476 5036 2076 5117">
    <p class='ocr_par' dir='ltr' id='par_1_99' title="bbox 476 5036 2076 5117">
     <span class='ocr_line' id='line_1_99' title="bbox 476 5036 2076 5117; baseline -0.019 0"><span class='ocrx_word' id='word_1_749' title='bbox 476 5060 845 5117; x_wconf 82' lang='lat' dir='ltr'><strong><em>Adnotatores</em></strong></span> <span class='ocrx_word' id='word_1_750' title='bbox 909 5048 1431 5107; x_wconf 86' lang='lat' dir='ltr'><strong><em>animadverterunt.</em></strong></span> <span class='ocrx_word' id='word_1_751' title='bbox 1492 5036 1798 5094; x_wconf 79' lang='lat' dir='ltr'><strong><em>Photiniani</em></strong></span> <span class='ocrx_word' id='word_1_752' title='bbox 1846 5036 2076 5090; x_wconf 85' lang='lat' dir='ltr'><strong><em>omnium</em></strong></span> 
     </span>
    </p>
   </div>
   <div class='ocr_carea' id='block_1_100' title="bbox 476 5130 2077 5215">
    <p class='ocr_par' dir='ltr' id='par_1_100' title="bbox 476 5130 2077 5215">
     <span class='ocr_line' id='line_1_100' title="bbox 476 5130 2077 5215; baseline -0.017 -8"><span class='ocrx_word' id='word_1_753' title='bbox 476 5148 764 5214; x_wconf 80' lang='lat' dir='ltr'><strong><em>novissimi,</em></strong></span> <span class='ocrx_word' id='word_1_754' title='bbox 789 5161 915 5214; x_wconf 90' lang='lat' dir='ltr'><strong><em>quos</em></strong></span> <span class='ocrx_word' id='word_1_755' title='bbox 950 5142 1051 5215; x_wconf 87' lang='lat' dir='ltr'><strong><em>ipsi</em></strong></span> <span class='ocrx_word' id='word_1_756' title='bbox 1085 5140 1269 5195; x_wconf 84' lang='lat' dir='ltr'><strong><em>Ariani</em></strong></span> <span class='ocrx_word' id='word_1_757' title='bbox 1311 5134 1738 5197; x_wconf 85' lang='lat' dir='ltr'><strong><em>condemnarunt,</em></strong></span> <span class='ocrx_word' id='word_1_758' title='bbox 1782 5130 1878 5184; x_wconf 89' lang='lat' dir='ltr'><strong><em>hoc</em></strong></span> <span class='ocrx_word' id='word_1_759' title='bbox 1903 5132 2014 5184; x_wconf 90' lang='lat' dir='ltr'><strong><em>loco</em></strong></span> <span class='ocrx_word' id='word_1_760' title='bbox 2045 5144 2077 5181; x_wconf 94' lang='lat' dir='ltr'><strong><em>a</em></strong></span> 
     </span>
    </p>
   </div>
   <div class='ocr_carea' id='block_1_101' title="bbox 481 5220 2076 5302">
    <p class='ocr_par' dir='ltr' id='par_1_101' title="bbox 481 5220 2076 5302">
     <span class='ocr_line' id='line_1_101' title="bbox 481 5220 2076 5302; baseline -0.019 0"><span class='ocrx_word' id='word_1_761' title='bbox 481 5244 546 5302; x_wconf 91' lang='lat' dir='ltr'><strong><em>S.</em></strong></span> <span class='ocrx_word' id='word_1_762' title='bbox 563 5242 771 5299; x_wconf 86' lang='lat' dir='ltr'><strong><em>Zenone</em></strong></span> <span class='ocrx_word' id='word_1_763' title='bbox 802 5236 1033 5292; x_wconf 88' lang='lat' dir='ltr'><strong><em>indicare</em></strong></span> <span class='ocrx_word' id='word_1_764' title='bbox 1047 5232 1279 5288; x_wconf 83' lang='lat' dir='ltr'><strong><em>videntur</em></strong></span> <span class='ocrx_word' id='word_1_765' title='bbox 1296 5245 1362 5286; x_wconf 76' lang='lat' dir='ltr'><strong><em>ea:</em></strong></span> <span class='ocrx_word' id='word_1_766' title='bbox 1388 5244 1447 5283; x_wconf 91' lang='lat' dir='ltr'><strong><em>ea</em></strong></span> <span class='ocrx_word' id='word_1_767' title='bbox 1472 5225 1755 5297; x_wconf 64' lang='lat' dir='ltr'><strong><em>praesertim</em></strong></span> <span class='ocrx_word' id='word_1_768' title='bbox 1778 5220 2076 5293; x_wconf 81' lang='lat' dir='ltr'><strong><em>formula...</em></strong></span> 
     </span>
    </p>
   </div>
   <div class='ocr_carea' id='block_1_102' title="bbox 478 5311 2078 5410">
    <p class='ocr_par' dir='ltr' id='par_1_102' title="bbox 478 5311 2078 5410">
     <span class='ocr_line' id='line_1_102' title="bbox 478 5311 2078 5410; baseline -0.019 -13"><span class='ocrx_word' id='word_1_769' title='bbox 478 5351 540 5397; x_wconf 90' lang='lat' dir='ltr'><strong><em>ut</em></strong></span> <span class='ocrx_word' id='word_1_770' title='bbox 564 5335 780 5410; x_wconf 89' lang='lat' dir='ltr'><strong><em>quidam</em></strong></span> <span class='ocrx_word' id='word_1_771' title='bbox 812 5337 1077 5404; x_wconf 90' lang='lat' dir='ltr'><strong><em>putant...</em></strong></span> <span class='ocrx_word' id='word_1_772' title='bbox 1106 5326 1180 5381; x_wconf 90' lang='lat' dir='ltr'><strong><em>nil</em></strong></span> <span class='ocrx_word' id='word_1_773' title='bbox 1206 5325 1417 5396; x_wconf 85' lang='lat' dir='ltr'><strong><em>probat.</em></strong></span> <span class='ocrx_word' id='word_1_774' title='bbox 1458 5320 1591 5375; x_wconf 83' lang='lat' dir='ltr'><strong><em>Nam</em></strong></span> <span class='ocrx_word' id='word_1_775' title='bbox 1624 5315 1843 5387; x_wconf 89' lang='lat' dir='ltr'><strong><em>ipsimet</em></strong></span> <span class='ocrx_word' id='word_1_776' title='bbox 1866 5311 2078 5369; x_wconf 86' lang='lat' dir='ltr'><strong><em>erudite</em></strong></span> 
     </span>
    </p>
   </div>
   <div class='ocr_carea' id='block_1_103' title="bbox 478 5402 2078 5489">
    <p class='ocr_par' dir='ltr' id='par_1_103' title="bbox 478 5402 2078 5489">
     <span class='ocr_line' id='line_1_103' title="bbox 478 5402 2078 5489; baseline -0.021 -1"><span class='ocrx_word' id='word_1_777' title='bbox 478 5402 772 5489; x_wconf 80' lang='lat' dir='ltr'><strong><em>admodum</em></strong></span> <span class='ocrx_word' id='word_1_778' title='bbox 798 5402 990 5481; x_wconf 83' lang='lat' dir='ltr'><strong><em>eadem</em></strong></span> <span class='ocrx_word' id='word_1_779' title='bbox 1019 5416 1371 5476; x_wconf 87' lang='lat' dir='ltr'><strong><em>adnotatione</em></strong></span> <span class='ocrx_word' id='word_1_780' title='bbox 1402 5411 1560 5469; x_wconf 89' lang='lat' dir='ltr'><strong><em>tertia</em></strong></span> <span class='ocrx_word' id='word_1_781' title='bbox 1589 5426 1618 5464; x_wconf 91' lang='lat' dir='ltr'><strong><em>a</em></strong></span> <span class='ocrx_word' id='word_1_782' title='bbox 1647 5406 1895 5479; x_wconf 90' lang='lat' dir='ltr'><strong><em>pluribus</em></strong></span> <span class='ocrx_word' id='word_1_783' title='bbox 1936 5402 2078 5457; x_wconf 88' lang='lat' dir='ltr'><strong><em>anti-</em></strong></span> 
     </span>
    </p>
   </div>
   <div class='ocr_carea' id='block_1_104' title="bbox 475 5496 2074 5596">
    <p class='ocr_par' dir='ltr' id='par_1_104' title="bbox 475 5496 2074 5596">
     <span class='ocr_line' id='line_1_104' title="bbox 475 5496 2074 5596; baseline -0.021 -17"><span class='ocrx_word' id='word_1_784' title='bbox 475 5521 754 5596; x_wconf 88' lang='lat' dir='ltr'><strong><em>quioribus</em></strong></span> <span class='ocrx_word' id='word_1_785' title='bbox 791 5514 1064 5571; x_wconf 85' lang='lat' dir='ltr'><strong><em>haereticis</em></strong></span> <span class='ocrx_word' id='word_1_786' title='bbox 1093 5508 1345 5566; x_wconf 89' lang='lat' dir='ltr'><strong><em>eumdem</em></strong></span> <span class='ocrx_word' id='word_1_787' title='bbox 1380 5517 1623 5560; x_wconf 90' lang='lat' dir='ltr'><strong><em>errorem</em></strong></span> <span class='ocrx_word' id='word_1_788' title='bbox 1663 5496 2074 5553; x_wconf 89' lang='lat' dir='ltr'><strong><em>disseminatum</em></strong></span> 
     </span>
    </p>
   </div>
   <div class='ocr_carea' id='block_1_105' title="bbox 473 5587 2076 5672">
    <p class='ocr_par' dir='ltr' id='par_1_105' title="bbox 473 5587 2076 5672">
     <span class='ocr_line' id='line_1_105' title="bbox 473 5587 2076 5672; baseline -0.019 -1"><span class='ocrx_word' id='word_1_789' title='bbox 473 5587 642 5671; x_wconf 67' lang='lat' dir='ltr'><strong><em>fixisse</em></strong></span> <span class='ocrx_word' id='word_1_790' title='bbox 670 5617 901 5672; x_wconf 86' lang='lat' dir='ltr'><strong><em>notant;</em></strong></span> <span class='ocrx_word' id='word_1_791' title='bbox 936 5617 1014 5664; x_wconf 92' lang='lat' dir='ltr'><strong><em>tot</em></strong></span> <span class='ocrx_word' id='word_1_792' title='bbox 1042 5617 1177 5660; x_wconf 87' lang='lat' dir='ltr'><strong><em>vero</em></strong></span> <span class='ocrx_word' id='word_1_793' title='bbox 1222 5602 1364 5656; x_wconf 91' lang='lat' dir='ltr'><strong><em>inter</em></strong></span> <span class='ocrx_word' id='word_1_794' title='bbox 1390 5595 1681 5653; x_wconf 61' lang='lat' dir='ltr'><strong><em>hereticos</em></strong></span> <span class='ocrx_word' id='word_1_795' title='bbox 1722 5587 2076 5647; x_wconf 89' lang='lat' dir='ltr'><strong><em>Photiniauos</em></strong></span> 
     </span>
    </p>
   </div>
   <div class='ocr_carea' id='block_1_106' title="bbox 470 5687 2077 5772">
    <p class='ocr_par' dir='ltr' id='par_1_106' title="bbox 470 5687 2077 5772">
     <span class='ocr_line' id='line_1_106' title="bbox 470 5687 2077 5772; baseline -0.017 -10"><span class='ocrx_word' id='word_1_796' title='bbox 470 5715 672 5762; x_wconf 87' lang='lat' dir='ltr'><strong><em>tantum</em></strong></span> <span class='ocrx_word' id='word_1_797' title='bbox 697 5704 1018 5761; x_wconf 87' lang='lat' dir='ltr'><strong><em>discernere</em></strong></span> <span class='ocrx_word' id='word_1_798' title='bbox 1038 5695 1164 5772; x_wconf 89' lang='lat' dir='ltr'><strong><em>quis</em></strong></span> <span class='ocrx_word' id='word_1_799' title='bbox 1189 5694 1429 5752; x_wconf 84' lang='lat' dir='ltr'><strong><em>audeat?</em></strong></span> <span class='ocrx_word' id='word_1_800' title='bbox 1473 5687 1780 5746; x_wconf 67' lang='lat' dir='ltr'><strong><em>Praesertim</em></strong></span> <span class='ocrx_word' id='word_1_801' title='bbox 1827 5697 1983 5750; x_wconf 86' lang='lat' dir='ltr'><strong><em>cum,</em></strong></span> <span class='ocrx_word' id='word_1_802' title='bbox 2023 5689 2077 5736; x_wconf 85' lang='lat' dir='ltr'><strong><em>et</em></strong></span> 
     </span>
    </p>
   </div>
   <div class='ocr_carea' id='block_1_107' title="bbox 462 5775 2069 5867">
    <p class='ocr_par' dir='ltr' id='par_1_107' title="bbox 462 5775 2069 5867">
     <span class='ocr_line' id='line_1_107' title="bbox 462 5775 2069 5867; baseline -0.013 -14"><span class='ocrx_word' id='word_1_803' title='bbox 462 5798 529 5854; x_wconf 86' lang='lat' dir='ltr'><strong><em>de</em></strong></span> <span class='ocrx_word' id='word_1_804' title='bbox 558 5796 804 5866; x_wconf 78' lang='lat' dir='ltr'><strong><em>Origenis</em></strong></span> <span class='ocrx_word' id='word_1_805' title='bbox 841 5791 1205 5867; x_wconf 80' lang='lat' dir='ltr'><strong><em>temporibus,</em></strong></span> <span class='ocrx_word' id='word_1_806' title='bbox 1236 5803 1301 5846; x_wconf 84' lang='lat' dir='ltr'><strong><em>ac</em></strong></span> <span class='ocrx_word' id='word_1_807' title='bbox 1327 5782 1574 5853; x_wconf 81' lang='lat' dir='ltr'><strong><em>Sabellii,</em></strong></span> <span class='ocrx_word' id='word_1_808' title='bbox 1607 5791 1661 5840; x_wconf 86' lang='lat' dir='ltr'><strong><em>et</em></strong></span> <span class='ocrx_word' id='word_1_809' title='bbox 1690 5776 1847 5841; x_wconf 87' lang='lat' dir='ltr'><strong><em>Pauli</em></strong></span> <span class='ocrx_word' id='word_1_810' title='bbox 1875 5775 2069 5833; x_wconf 79' lang='lat' dir='ltr'><strong><em>Santo-</em></strong></span> 
     </span>
    </p>
   </div>
   <div class='ocr_carea' id='block_1_108' title="bbox 2181 4663 3777 4748">
    <p class='ocr_par' dir='ltr' id='par_1_108' title="bbox 2181 4663 3777 4748">
     <span class='ocr_line' id='line_1_108' title="bbox 2181 4663 3777 4748; baseline -0.009 -14"><span class='ocrx_word' id='word_1_811' title='bbox 2181 4688 2396 4734; x_wconf 79' lang='lat' dir='ltr'><strong><em>nu‘tnex</em></strong></span> <span class='ocrx_word' id='word_1_812' title='bbox 2451 4686 2680 4748; x_wconf 88' lang='lat' dir='ltr'><strong><em>utroque</em></strong></span> <span class='ocrx_word' id='word_1_813' title='bbox 2724 4689 2859 4730; x_wconf 79' lang='lat' dir='ltr'><strong><em>sexu</em></strong></span> <span class='ocrx_word' id='word_1_814' title='bbox 2903 4682 3086 4729; x_wconf 90' lang='lat' dir='ltr'><strong><em>natum</em></strong></span> <span class='ocrx_word' id='word_1_815' title='bbox 3114 4668 3565 4741; x_wconf 91' lang='lat' dir='ltr'><strong><em>obloquebantur.</em></strong></span> <span class='ocrx_word' id='word_1_816' title='bbox 3590 4663 3777 4720; x_wconf 86' lang='lat' dir='ltr'><strong><em>Tertio</em></strong></span> 
     </span>
    </p>
   </div>
   <div class='ocr_carea' id='block_1_109' title="bbox 2181 4750 3779 4835">
    <p class='ocr_par' dir='ltr' id='par_1_109' title="bbox 2181 4750 3779 4835">
     <span class='ocr_line' id='line_1_109' title="bbox 2181 4750 3779 4835; baseline -0.01 -8"><span class='ocrx_word' id='word_1_817' title='bbox 2181 4781 2360 4827; x_wconf 86' lang='lat' dir='ltr'><strong><em>autem</em></strong></span> <span class='ocrx_word' id='word_1_818' title='bbox 2387 4770 2609 4835; x_wconf 59' lang='lat' dir='ltr'><strong><em>sarculo,</em></strong></span> <span class='ocrx_word' id='word_1_819' title='bbox 2633 4767 3002 4822; x_wconf 88' lang='lat' dir='ltr'><strong><em>Tertullianus</em></strong></span> <span class='ocrx_word' id='word_1_820' title='bbox 3022 4764 3091 4821; x_wconf 92' lang='lat' dir='ltr'><strong><em>de</em></strong></span> <span class='ocrx_word' id='word_1_821' title='bbox 3119 4750 3430 4833; x_wconf 77' lang='lat' dir='ltr'><strong><em>virginitate</em></strong></span> <span class='ocrx_word' id='word_1_822' title='bbox 3451 4759 3630 4815; x_wconf 77' lang='lat' dir='ltr'><strong><em>Maria:</em></strong></span> <span class='ocrx_word' id='word_1_823' title='bbox 3653 4767 3779 4828; x_wconf 88' lang='lat' dir='ltr'><strong><em>post</em></strong></span> 
     </span>
    </p>
   </div>
   <div class='ocr_carea' id='block_1_110' title="bbox 2183 4847 3777 4933">
    <p class='ocr_par' dir='ltr' id='par_1_110' title="bbox 2183 4847 3777 4933">
     <span class='ocr_line' id='line_1_110' title="bbox 2183 4847 3777 4933; baseline -0.01 -16"><span class='ocrx_word' id='word_1_824' title='bbox 2183 4871 2394 4933; x_wconf 88' lang='lat' dir='ltr'><strong><em>partum</em></strong></span> <span class='ocrx_word' id='word_1_825' title='bbox 2422 4874 2702 4931; x_wconf 89' lang='lat' dir='ltr'><strong><em>perperam</em></strong></span> <span class='ocrx_word' id='word_1_826' title='bbox 2725 4858 2914 4914; x_wconf 89' lang='lat' dir='ltr'><strong><em>sensit.</em></strong></span> <span class='ocrx_word' id='word_1_827' title='bbox 2942 4854 3010 4911; x_wconf 87' lang='lat' dir='ltr'><strong><em>Et</em></strong></span> <span class='ocrx_word' id='word_1_828' title='bbox 3034 4853 3295 4909; x_wconf 85' lang='lat' dir='ltr'><strong><em>Christum</em></strong></span> <span class='ocrx_word' id='word_1_829' title='bbox 3322 4850 3544 4927; x_wconf 90' lang='lat' dir='ltr'><strong><em>(inquit)</em></strong></span> <span class='ocrx_word' id='word_1_830' title='bbox 3568 4847 3777 4921; x_wconf 83' lang='lat' dir='ltr'><strong><em>quidem</em></strong></span> 
     </span>
    </p>
   </div>
   <div class='ocr_carea' id='block_1_111' title="bbox 2189 4951 3778 5029">
    <p class='ocr_par' dir='ltr' id='par_1_111' title="bbox 2189 4951 3778 5029">
     <span class='ocr_line' id='line_1_111' title="bbox 2189 4951 3778 5029; baseline -0.009 -20"><span class='ocrx_word' id='word_1_831' title='bbox 2189 4956 2350 5029; x_wconf 86' lang='lat' dir='ltr'><strong><em>Virgo</em></strong></span> <span class='ocrx_word' id='word_1_832' title='bbox 2375 4955 2531 5009; x_wconf 74' lang='lat' dir='ltr'><strong><em>enixa</em></strong></span> <span class='ocrx_word' id='word_1_833' title='bbox 2547 4964 2638 5021; x_wconf 87' lang='lat' dir='ltr'><strong><em>est,</em></strong></span> <span class='ocrx_word' id='word_1_834' title='bbox 2664 4951 2820 5007; x_wconf 88' lang='lat' dir='ltr'><strong><em>semel</em></strong></span> <span class='ocrx_word' id='word_1_835' title='bbox 2842 4959 3068 5019; x_wconf 87' lang='lat' dir='ltr'><strong><em>nuptura</em></strong></span> <span class='ocrx_word' id='word_1_836' title='bbox 3089 4956 3204 5018; x_wconf 88' lang='lat' dir='ltr'><strong><em>post</em></strong></span> <span class='ocrx_word' id='word_1_837' title='bbox 3230 4955 3458 5017; x_wconf 85' lang='lat' dir='ltr'><strong><em>partum,</em></strong></span> <span class='ocrx_word' id='word_1_838' title='bbox 3487 4953 3543 4997; x_wconf 89' lang='lat' dir='ltr'><strong><em>ut</em></strong></span> <span class='ocrx_word' id='word_1_839' title='bbox 3567 4953 3778 5011; x_wconf 82' lang='lat' dir='ltr'><strong><em>uterque</em></strong></span> 
     </span>
    </p>
   </div>
   <div class='ocr_carea' id='block_1_112' title="bbox 2184 5039 3777 5110">
    <p class='ocr_par' dir='ltr' id='par_1_112' title="bbox 2184 5039 3777 5110">
     <span class='ocr_line' id='line_1_112' title="bbox 2184 5039 3777 5110; baseline -0.009 -6"><span class='ocrx_word' id='word_1_840' title='bbox 2184 5049 2367 5105; x_wconf 87' lang='lat' dir='ltr'><strong><em>titulus</em></strong></span> <span class='ocrx_word' id='word_1_841' title='bbox 2394 5047 2682 5103; x_wconf 87' lang='lat' dir='ltr'><strong><em>sanctitatis</em></strong></span> <span class='ocrx_word' id='word_1_842' title='bbox 2728 5048 2784 5100; x_wconf 90' lang='lat' dir='ltr'><strong><em>in</em></strong></span> <span class='ocrx_word' id='word_1_843' title='bbox 2816 5041 3008 5100; x_wconf 89' lang='lat' dir='ltr'><strong><em>Christi</em></strong></span> <span class='ocrx_word' id='word_1_844' title='bbox 3056 5057 3214 5097; x_wconf 84' lang='lat' dir='ltr'><strong><em>censu</em></strong></span> <span class='ocrx_word' id='word_1_845' title='bbox 3262 5039 3659 5110; x_wconf 80' lang='lat' dir='ltr'><strong><em>dispungeretur</em></strong></span> <span class='ocrx_word' id='word_1_846' title='bbox 3685 5049 3777 5105; x_wconf 77' lang='lat' dir='ltr'><strong><em>per</em></strong></span> 
     </span>
    </p>
   </div>
   <div class='ocr_carea' id='block_1_113' title="bbox 2183 5131 3778 5214">
    <p class='ocr_par' dir='ltr' id='par_1_113' title="bbox 2183 5131 3778 5214">
     <span class='ocr_line' id='line_1_113' title="bbox 2183 5131 3778 5214; baseline -0.011 -16"><span class='ocrx_word' id='word_1_847' title='bbox 2183 5141 2411 5197; x_wconf 76' lang='lat' dir='ltr'><strong><em>Matrem</em></strong></span> <span class='ocrx_word' id='word_1_848' title='bbox 2455 5140 2722 5214; x_wconf 83' lang='lat' dir='ltr'><strong><em>virginem,</em></strong></span> <span class='ocrx_word' id='word_1_849' title='bbox 2771 5147 2819 5193; x_wconf 90' lang='lat' dir='ltr'><strong><em>et</em></strong></span> <span class='ocrx_word' id='word_1_850' title='bbox 2847 5136 3120 5192; x_wconf 81' lang='lat' dir='ltr'><strong><em>univiram.</em></strong></span> <span class='ocrx_word' id='word_1_851' title='bbox 3168 5131 3432 5203; x_wconf 85' lang='lat' dir='ltr'><strong><em>Origenes</em></strong></span> <span class='ocrx_word' id='word_1_852' title='bbox 3474 5131 3639 5185; x_wconf 85' lang='lat' dir='ltr'><strong><em>etiam</em></strong></span> <span class='ocrx_word' id='word_1_853' title='bbox 3679 5141 3778 5182; x_wconf 82' lang='lat' dir='ltr'><strong><em>sua</em></strong></span> 
     </span>
    </p>
   </div>
   <div class='ocr_carea' id='block_1_114' title="bbox 2182 5225 3777 5302">
    <p class='ocr_par' dir='ltr' id='par_1_114' title="bbox 2182 5225 3777 5302">
     <span class='ocr_line' id='line_1_114' title="bbox 2182 5225 3777 5302; baseline -0.01 -14"><span class='ocrx_word' id='word_1_854' title='bbox 2182 5241 2340 5289; x_wconf 63' lang='lat' dir='ltr'><strong><em>aetate</em></strong></span> <span class='ocrx_word' id='word_1_855' title='bbox 2369 5231 2554 5287; x_wconf 63' lang='lat' dir='ltr'><strong><em>Maria:</em></strong></span> <span class='ocrx_word' id='word_1_856' title='bbox 2578 5230 2942 5302; x_wconf 84' lang='lat' dir='ltr'><strong><em>virginitatem</em></strong></span> <span class='ocrx_word' id='word_1_857' title='bbox 2984 5225 3285 5295; x_wconf 90' lang='lat' dir='ltr'><strong><em>impetitam</em></strong></span> <span class='ocrx_word' id='word_1_858' title='bbox 3323 5230 3583 5286; x_wconf 84' lang='lat' dir='ltr'><strong><em>testatur,</em></strong></span> <span class='ocrx_word' id='word_1_859' title='bbox 3614 5232 3777 5291; x_wconf 85' lang='lat' dir='ltr'><strong><em>quem</em></strong></span> 
     </span>
    </p>
   </div>
   <div class='ocr_carea' id='block_1_115' title="bbox 2181 5311 3782 5393">
    <p class='ocr_par' dir='ltr' id='par_1_115' title="bbox 2181 5311 3782 5393">
     <span class='ocr_line' id='line_1_115' title="bbox 2181 5311 3782 5393; baseline -0.011 -13"><span class='ocrx_word' id='word_1_860' title='bbox 2181 5339 2425 5380; x_wconf 88' lang='lat' dir='ltr'><strong><em>errorem</em></strong></span> <span class='ocrx_word' id='word_1_861' title='bbox 2453 5321 2757 5393; x_wconf 86' lang='lat' dir='ltr'><strong><em>redarguit:</em></strong></span> <span class='ocrx_word' id='word_1_862' title='bbox 2774 5318 2843 5389; x_wconf 80' lang='lat' dir='ltr'><strong><em>In</em></strong></span> <span class='ocrx_word' id='word_1_863' title='bbox 2869 5328 3063 5374; x_wconf 85' lang='lat' dir='ltr'><strong><em>tantam</em></strong></span> <span class='ocrx_word' id='word_1_864' title='bbox 3091 5316 3286 5386; x_wconf 87' lang='lat' dir='ltr'><strong><em>quippe</em></strong></span> <span class='ocrx_word' id='word_1_865' title='bbox 3313 5312 3486 5367; x_wconf 88' lang='lat' dir='ltr'><strong><em>nescio</em></strong></span> <span class='ocrx_word' id='word_1_866' title='bbox 3514 5311 3629 5379; x_wconf 89' lang='lat' dir='ltr'><strong><em>quis</em></strong></span> <span class='ocrx_word' id='word_1_867' title='bbox 3655 5324 3782 5378; x_wconf 87' lang='lat' dir='ltr'><strong><em>pro-</em></strong></span> 
     </span>
    </p>
   </div>
   <div class='ocr_carea' id='block_1_116' title="bbox 2180 5401 3783 5489">
    <p class='ocr_par' dir='ltr' id='par_1_116' title="bbox 2180 5401 3783 5489">
     <span class='ocr_line' id='line_1_116' title="bbox 2180 5401 3783 5489; baseline -0.011 -18"><span class='ocrx_word' id='word_1_868' title='bbox 2180 5418 2321 5489; x_wconf 86' lang='lat' dir='ltr'><strong><em>rupit</em></strong></span> <span class='ocrx_word' id='word_1_869' title='bbox 2357 5416 2637 5481; x_wconf 87' lang='lat' dir='ltr'><strong><em>insaniam,</em></strong></span> <span class='ocrx_word' id='word_1_870' title='bbox 2670 5424 2725 5468; x_wconf 91' lang='lat' dir='ltr'><strong><em>ut</em></strong></span> <span class='ocrx_word' id='word_1_871' title='bbox 2760 5419 3007 5467; x_wconf 85' lang='lat' dir='ltr'><strong><em>assereret</em></strong></span> <span class='ocrx_word' id='word_1_872' title='bbox 3034 5419 3269 5481; x_wconf 84' lang='lat' dir='ltr'><strong><em>negatam</em></strong></span> <span class='ocrx_word' id='word_1_873' title='bbox 3307 5407 3467 5477; x_wconf 80' lang='lat' dir='ltr'><strong><em>fuisse</em></strong></span> <span class='ocrx_word' id='word_1_874' title='bbox 3493 5401 3721 5457; x_wconf 79' lang='lat' dir='ltr'><strong><em>Mariam</em></strong></span> <span class='ocrx_word' id='word_1_875' title='bbox 3746 5417 3783 5455; x_wconf 72' lang='grc' dir='ltr'><strong><em>ο</em></strong></span> 
     </span>
    </p>
   </div>
   <div class='ocr_carea' id='block_1_117' title="bbox 2184 5495 3779 5579">
    <p class='ocr_par' dir='ltr' id='par_1_117' title="bbox 2184 5495 3779 5579">
     <span class='ocr_line' id='line_1_117' title="bbox 2184 5495 3779 5579; baseline -0.012 -13"><span class='ocrx_word' id='word_1_876' title='bbox 2184 5510 2477 5575; x_wconf 79' lang='lat' dir='ltr'><strong><em>Saluatore,</em></strong></span> <span class='ocrx_word' id='word_1_877' title='bbox 2508 5525 2569 5563; x_wconf 89' lang='lat' dir='ltr'><strong><em>eo</em></strong></span> <span class='ocrx_word' id='word_1_878' title='bbox 2595 5507 2734 5579; x_wconf 89' lang='lat' dir='ltr'><strong><em>quod</em></strong></span> <span class='ocrx_word' id='word_1_879' title='bbox 2760 5516 2874 5576; x_wconf 90' lang='lat' dir='ltr'><strong><em>post</em></strong></span> <span class='ocrx_word' id='word_1_880' title='bbox 2903 5503 3218 5560; x_wconf 81' lang='lat' dir='ltr'><strong><em>nativitatem</em></strong></span> <span class='ocrx_word' id='word_1_881' title='bbox 3244 5499 3389 5555; x_wconf 88' lang='lat' dir='ltr'><strong><em>illius</em></strong></span> <span class='ocrx_word' id='word_1_882' title='bbox 3406 5502 3597 5572; x_wconf 84' lang='lat' dir='ltr'><strong><em>juncta</em></strong></span> <span class='ocrx_word' id='word_1_883' title='bbox 3623 5495 3779 5568; x_wconf 77' lang='lat' dir='ltr'><strong><em>fuerit</em></strong></span> 
     </span>
    </p>
   </div>
   <div class='ocr_carea' id='block_1_118' title="bbox 2179 5590 3778 5674">
    <p class='ocr_par' dir='ltr' id='par_1_118' title="bbox 2179 5590 3778 5674">
     <span class='ocr_line' id='line_1_118' title="bbox 2179 5590 3778 5674; baseline -0.008 -17"><span class='ocrx_word' id='word_1_884' title='bbox 2179 5603 2398 5674; x_wconf 78' lang='lat' dir='ltr'><strong><em>Ioseph.</em></strong></span> <span class='ocrx_word' id='word_1_885' title='bbox 2432 5601 2755 5658; x_wconf 89' lang='lat' dir='ltr'><strong><em>Tertulliani</em></strong></span> <span class='ocrx_word' id='word_1_886' title='bbox 2776 5598 3145 5656; x_wconf 84' lang='lat' dir='ltr'><strong><em>testimonium</em></strong></span> <span class='ocrx_word' id='word_1_887' title='bbox 3168 5595 3237 5651; x_wconf 89' lang='lat' dir='ltr'><strong><em>ad</em></strong></span> <span class='ocrx_word' id='word_1_888' title='bbox 3267 5593 3451 5650; x_wconf 77' lang='lat' dir='ltr'><strong><em>Maria:</em></strong></span> <span class='ocrx_word' id='word_1_889' title='bbox 3496 5590 3778 5663; x_wconf 85' lang='lat' dir='ltr'><strong><em>virginita-</em></strong></span> 
     </span>
    </p>
   </div>
   <div class='ocr_carea' id='block_1_119' title="bbox 2182 5682 3782 5767">
    <p class='ocr_par' dir='ltr' id='par_1_119' title="bbox 2182 5682 3782 5767">
     <span class='ocr_line' id='line_1_119' title="bbox 2182 5682 3782 5767; baseline -0.014 -12"><span class='ocrx_word' id='word_1_890' title='bbox 2182 5709 2289 5755; x_wconf 91' lang='lat' dir='ltr'><strong><em>tem</em></strong></span> <span class='ocrx_word' id='word_1_891' title='bbox 2318 5694 2735 5767; x_wconf 85' lang='lat' dir='ltr'><strong><em>impugnandam</em></strong></span> <span class='ocrx_word' id='word_1_892' title='bbox 2760 5691 3059 5749; x_wconf 87' lang='lat' dir='ltr'><strong><em>adducebat</em></strong></span> <span class='ocrx_word' id='word_1_893' title='bbox 3103 5687 3411 5752; x_wconf 84' lang='lat' dir='ltr'><strong><em>Ilelvidius;</em></strong></span> <span class='ocrx_word' id='word_1_894' title='bbox 3441 5686 3527 5741; x_wconf 92' lang='lat' dir='ltr'><strong><em>cui</em></strong></span> <span class='ocrx_word' id='word_1_895' title='bbox 3567 5682 3782 5753; x_wconf 88' lang='lat' dir='ltr'><strong><em>reponit</em></strong></span> 
     </span>
    </p>
   </div>
   <div class='ocr_carea' id='block_1_120' title="bbox 2180 5779 3777 5859">
    <p class='ocr_par' dir='ltr' id='par_1_120' title="bbox 2180 5779 3777 5859">
     <span class='ocr_line' id='line_1_120' title="bbox 2180 5779 3777 5859; baseline -0.014 -8"><span class='ocrx_word' id='word_1_896' title='bbox 2180 5792 2237 5851; x_wconf 86' lang='lat' dir='ltr'><strong><em>S.</em></strong></span> <span class='ocrx_word' id='word_1_897' title='bbox 2269 5792 2630 5859; x_wconf 78' lang='lat' dir='ltr'><strong><em>Hieronymus</em></strong></span> <span class='ocrx_word' id='word_1_898' title='bbox 2663 5807 2675 5841; x_wconf 71' lang='grc' dir='ltr'><strong><em>ι</em></strong></span> <span class='ocrx_word' id='word_1_899' title='bbox 2706 5785 3087 5843; x_wconf 86' lang='lat' dir='ltr'><strong><em>Tertullianum</em></strong></span> <span class='ocrx_word' id='word_1_900' title='bbox 3124 5783 3177 5838; x_wconf 86' lang='lat' dir='ltr'><strong><em>in</em></strong></span> <span class='ocrx_word' id='word_1_901' title='bbox 3228 5779 3568 5837; x_wconf 76' lang='lat' dir='ltr'><strong><em>testimonium</em></strong></span> <span class='ocrx_word' id='word_1_902' title='bbox 3607 5784 3777 5841; x_wconf 80' lang='lat' dir='ltr'><strong><em>rocnt,</em></strong></span> 
     </span>
    </p>
   </div>
  </div>
