4198 6160
399 244 507 304 689

1846 237 2154 295 DISSERT
2164 236 2351 294 ATIO.

3711 275 3815 331 090

400 375 447 417 et
476 361 727 417 Victorini
746 360 1086 418 Pictaviensis
1129 359 1366 431 episcopi
1385 355 1557 413 verba
1587 352 1881 423 proponit.
1906 351 1981 406 Et
2006 353 2077 407 de
2107 355 2159 415 Α
2184 351 2503 408 mandavit.
2529 352 2748 413 Plures
2774 372 2921 435 ergo
2937 383 3057 430 ante
3076 339 3467 437 (ξοηεωηηηυη)
3486 383 3810 439 υίοοιθηηηο

405 453 728 508 Tertulliano
752 453 955 523 quidem
986 454 1116 507 nihil
1157 452 1382 520 amplius
1409 448 1567 507 dico,
1600 458 1767 513 quam
1799 442 2081 497 Ecclesia:
2185 444 2573 515 posteriorem
2591 463 2619 502 a
2636 446 2992 519 Christianis
3011 477 3318 525 constructae
3343 472 3545 527 fuerant
3562 473 3802 528 ecclesia:

404 547 667 602 hominem
703 562 804 599 non
842 547 1063 618 fuisse...
1099 544 1285 600 Verum
1316 556 1500 614 nugas
1529 536 1803 625 terimus,
1837 545 1899 591 et
1930 538 2086 603 [ante
2183 535 2445 608 publicae,
2484 547 2553 593 et
2580 540 2828 611 quidem
2857 556 3050 625 amphe.

404 637 634 694 veritatis
655 637 839 691 omisso
852 637 1106 708 opinionis
1125 638 1311 691 rivulos
1331 637 1748 690 consectamur.
1774 624 2087 696 Numquid

2254 628 2656 698 Αηιίίιιιῖονθιη
2705 638 3036 705 ptibh'carum
3062 628 3399 707 ecclesiarum
3453 656 3593 708 inter
3635 653 3793 708 Chri-

406 749 514 787 non
565 746 775 803 possum
823 731 911 784 tibi
959 740 1113 784 totam
1171 738 1393 784 veterum
1455 721 1821 790 Scriptorum
1893 718 2085 807 seriem
2181 723 2402 780 stianos
2440 725 2870 790 aediﬁcationem
2895 740 3042 807 ροηη
3073 739 3439 797 Tmenmmius
3463 744 3786 799 aucmm,“e

403 838 724 881 commovere
746 864 763 888 ,
796 820 1476 893 lgnatium,Polycarpum,
1531 811 1854 874 Irenaeum.
1898 806 2080 867 Justi-

407 933 537 972 num
559 922 842 985 martyrem
870 912 1159 983 multosque
1176 912 1307 966 alios
1336 906 1703 981 apostolicos,
1736 912 1782 958 et
1809 899 2080 971 eloquen-

409 1021 488 1067 tes
514 1010 672 1074 viros,
695 1006 782 1078 qui
809 1006 1055 1060 adversus
1084 1004 1386 1068 Hebionem,
1417 1009 1473 1057 et
1498 996 1857 1053 Theodotum
1884 992 2073 1053 Bizan-

411 1107 582 1159 tinum
626 1100 736 1155 lucc
775 1098 955 1153 eadem
984 1097 1258 1153 sentientes
1287 1096 1445 1166 plena
1479 1092 1771 1161 sapientia:
1798 1089 2072 1147 volumina

412 1195 831 1265 conscripserunt
859 1191 886 1245 ?
909 1189 1029 1246 Non
1063 1204 1202 1245 unus
1236 1190 1421 1257 itaque
1450 1186 1515 1242 S.
1540 1184 1712 1240 Zeno
1736 1183 1928 1240 Maria:
1950 1192 2069 1240 tue-

414 1302 506 1348 tur
536 1284 934 1359 virginitatem,
972 1284 1020 1339 si
1048 1293 1104 1339 et
1128 1281 1315 1352 primis
1347 1278 1627 1335 Ecclesiae
1684 1277 1905 1333 smculis
1934 1288 2064 1336 ante

414 1388 599 1460 ipsum
629 1382 899 1438 Zenonem
940 1386 1030 1435 tot
1058 1377 1243 1434 Patres
1279 1371 1627 1444 virginitatis
1667 1371 1857 1427 Maria:
1883 1386 2065 1429 asser-

418 1492 570 1537 tores
589 1477 657 1533 ab
675 1476 1018 1547 Hieronymo
1046 1470 1436 1543 producuntur.
1463 1463 1683 1531 Neque
1714 1470 1909 1533 quarto
1941 1472 2060 1520 tan-

419 1584 537 1629 tum
590 1567 788 1626 saeculo
833 1564 1130 1638 virginitas
1170 1560 1353 1617 Maria:
1381 1555 1570 1626 impiis
1603 1556 1798 1622 patuit
1846 1554 2065 1611 ha-reti-

417 1680 612 1722 corutn
640 1659 942 1718 calumniis.
973 1655 1124 1713 Nihil
1158 1666 1289 1724 ergo
1309 1647 1594 1707 convincit
1621 1643 1868 1702 adducta
1896 1648 2059 1717 ratio,

2179 813 2437 888 Origenis
2468 816 2691 888 ductus,
2716 812 2812 892 qui
2829 829 3132 886 combustae
3165 834 3418 887 ecclesias
3445 847 3782 889 commemo-

2176 916 2279 976 rat,
2305 908 2456 980 quod
2493 911 2546 967 in
2568 919 2948 983 persecutione
2984 920 3196 977 Maximi
3224 923 3418 978 factum
3446 925 3608 979 variis
3648 940 3785 980 con-

2167 1004 2398 1075 jecturis
2422 1012 3079 1083 argumentatnr(1'illem.
3106 1014 3196 1070 Tr.
3222 1018 3276 1080 3,
3298 1016 3445 1071 Μοη.
3479 1015 3681 1073 Eccles.
3710 1019 3779 1073 de

2169 1110 2424 1168 persecat.
2459 1099 2705 1171 dfatim,
2733 1103 2847 1158 Art.
2880 1104 2956 1175 6).
2996 1106 3066 1161 Ει
3104 1107 3395 1163 Alexandri
3425 1108 3778 1179 imperatoris

2169 1201 2414 1262 tempore
2434 1192 2758 1251 Christianis
2790 1198 3119 1266 permissum
3154 1200 3413 1256 ecclesias
3453 1210 3779 1257 construere

2167 1285 2397 1354 probat:
2430 1285 2546 1357 ipse
2590 1301 2821 1357 namque
2862 1289 3164 1359 imperator
3205 1290 3516 1347 Alexander
3553 1290 3782 1348 Christo

2164 1378 2424 1448 templum
2457 1389 2774 1437 construere
2804 1382 3085 1452 cogitavit,
3127 1383 3560 1455 Christianisque
3589 1386 3777 1441 locum

2164 1472 2454 1541 quemdam
2487 1475 2781 1544 publicum,
2805 1489 2964 1545 quem
2997 1476 3106 1531 sibi
3146 1476 3445 1546 adiudicari
3496 1480 3776 1551 popinarii

2165 1565 2586 1633 contendebant,
2638 1570 2912 1624 concessit
2967 1578 3112 1626 teste
3168 1569 3523 1641 Lampridio,
3574 1572 3782 1628 melius

2165 1673 2288 1715 esse
2314 1659 2537 1728 dicens,
2579 1672 2637 1717 nt
2675 1662 3189 1736 quomodocumque
3219 1666 3329 1723 illic
3382 1667 3525 1723 Deus
3568 1667 3785 1723 colere-

423 1771 479 1815 ul
511 1759 632 1829 quis
674 1764 839 1827 putet,
881 1753 941 1811 8.
984 1750 1268 1806 Zenonem
1308 1742 1651 1811 redarguere
1691 1740 1932 1796 VO'l'iSSC
1955 1741 2064 1795 Ευ-
2091 1747 2138 1808 Β
2168 1765 2253 1811 tur
2279 1772 2439 1825 quam
2468 1756 2589 1814 dari
2627 1758 2960 1830 popinariis;
2993 1759 3182 1831 ibique
3221 1762 3564 1818 Christianos
3606 1763 3789 1819 eccle-

426 1854 702 1917 nomium,
733 1852 831 1921 qui
871 1846 1107 1902 Mariam
1153 1859 1187 1897 a
1230 1836 1463 1907 .loseplto
1503 1842 1623 1906 post
1679 1833 1863 1888 Divini
1908 1833 2061 1889 Verbi

428 1959 638 2020 partum
683 1943 942 2015 cognitam
991 1955 1088 2011 pro
1129 1933 1380 1991 concione
1421 1927 1732 1998 afﬁrmavit.
1766 1929 1946 1994 Quare
1989 1942 2058 1982 ex

427 2017 621 2097 eadem
654 2036 864 2093 ratione
893 2048 925 2086 a
956 2030 1129 2086 tertio
1168 2024 1377 2081 saeculo
1410 2034 1518 2074 non
1541 2025 1629 2073 est
1653 2017 2014 2088 expellendus
2038 2061 2053 2082 ,

431 2132 565 2206 quin
611 2130 841 2185 velimus
884 2125 955 2179 ad
1005 2132 1267 2194 quartum
1318 2111 1584 2172 saeculum
1633 2112 1951 2175 amandare,
2000 2121 2058 2168 et

434 2203 702 2298 lgnatium
733 2230 1059 2292 martyrem,
1090 2224 1147 2269 et
1174 2211 1565 2283 Polycarpum,
1596 2211 1653 2258 et
1672 2203 1937 2259 Irenaeum
1962 2218 2058 2273 pa-

436 2321 578 2377 riter
596 2327 923 2389 martyrem,
954 2310 1194 2381 aliosque
1221 2300 1537 2374 apostolicos
1558 2339 1572 2363 ,
1596 2298 1888 2389 eloquentes
1919 2298 2056 2353 viros

436 2414 528 2485 qui
556 2388 800 2463 adversus
833 2404 1150 2466 Hebionem,
1177 2410 1225 2454 et
1263 2393 1589 2451 Theodotum
1610 2388 1945 2446 Bizantinum
1965 2433 1980 2457 ,
2010 2401 2058 2447 et

450 2505 782 2560 Valentinum
811 2501 925 2554 haec
945 2497 1128 2552 eadem
1139 2494 1414 2551 sentientes
1438 2488 1590 2561 plura
1617 2486 1768 2556 plena
1788 2486 2060 2558 sapientiae

442 2601 708 2656 columina
735 2595 1181 2665 conscripserunt.

445 2737 572 2809 §ll.
606 2735 887 2791 Tractatus
927 2744 1020 2786 xw
1076 2728 1167 2783 lib.
1219 2742 1274 2792 ι,
1317 2721 1588 2780 occasione
1628 2734 1773 2774 nocte
1814 2717 2063 2775 Ecclesia:

528 2831 749 2885 Verona:
790 2830 1106 2881 constructa:
1141 2837 1175 2874 a
1218 2817 1288 2874 ι).
1314 2816 1523 2872 Zenone
1574 2812 1796 2876 habitus,
1823 2822 2061 2882 quartum

527 2922 781 2979 saeculum
807 2934 914 2975 non
943 2914 1161 2970 indicat.

530 3057 714 3112 Tribus
741 3055 927 3127 primis
965 3049 1212 3105 Ecclesia:
1229 3046 1433 3103 sarculis
1459 3040 1764 3115 quibusdam
1785 3041 1995 3108 privatis
2012 3042 2066 3095 in

2165 1850 2302 1903 siam
2334 1848 2637 1906 mdilicasse
2659 1858 2810 1906 recte
2839 1850 3098 1920 opinatur
3124 1854 3420 1911 cardinalis
3441 1854 3610 1910 Bona.
3642 1853 3784 1923 Quia

2161 1950 2216 1995 et
2250 1942 2626 2009 apostolorum
2655 1951 2816 1998 aetate
2846 1942 3096 2013 publicas
3128 1945 3298 2004 fuisse
3328 1946 3655 2005 Christianis
3695 1965 3790 2006 ec—

2160 2034 2356 2090 clesias
2406 2051 2474 2092 ex
2536 2039 2597 2093 D.
2650 2036 2862 2093 Joanne
2909 2036 3309 2109 Chrysostomo
3359 2049 3609 2107 constat;
3666 2042 3789 2112 ipse

2160 2143 2396 2200 namque
2424 2129 2733 2187 Antiochiae
2765 2130 3058 2187 ecclesiam
3090 2134 3162 2188 ab
3190 2135 3322 2204 ipsis
3356 2133 3621 2205 apostolis
3662 2133 3787 2190 l‘un-

2161 2221 2340 2277 datam
2366 2224 2537 2281 fuisse
2562 2226 2714 2291 dicit,
2744 2239 2906 2295 quam
2935 2240 2998 2281 ea
3031 2225 3101 2281 de
3127 2242 3290 2283 causa
3320 2227 3565 2284 omnium
3607 2228 3784 2284 eccle-

2160 2314 2365 2370 siarum
2394 2327 2627 2373 matrem
2652 2316 2924 2387 appellat;
2958 2316 3075 2386 ipsa
3105 2318 3311 2387 pluries
3332 2320 3509 2374 diruta
3562 2326 3782 2389 semper

2161 2407 2495 2465 rezedilicata
2545 2411 2665 2466 fuit.
2713 2410 2771 2466 S.
2804 2423 3020 2480 quoque
3052 2412 3385 2482 Augustinus
3430 2421 3680 2478 testatur,
3717 2412 3777 2469 S.

2162 2500 2431 2569 Stephani
2471 2502 2802 2573 cappellam,
2825 2516 2945 2569 quae
2971 2502 3087 2558 suis
3108 2505 3445 2574 temporibus
3469 2504 3779 2575 conspicie-

2162 2591 2323 2646 batur
2350 2607 2383 2645 a
2417 2593 2760 2664 temporibus
2788 2592 3185 2662 apostolorum,
3226 2594 3303 2649 ibi
3334 2594 3675 2650 tedilicatam.
3708 2595 3777 2651 Et

2161 2680 2353 2736 Romae
2381 2684 2675 2740 ecclesiam
2703 2683 2761 2739 S.
2787 2682 2937 2739 Petri
2960 2682 3029 2739 ad
3054 2682 3276 2739 Vincula
3300 2685 3370 2741 ab
3400 2686 3520 2755 ipso
3542 2684 3777 2742 S.Petro

2162 2783 2549 2831 consecratam
2566 2818 2581 2841 ,
2615 2775 2998 2831 vetustissimis
3019 2777 3390 2832 monumentis
3416 2778 3613 2848 probat
3637 2779 3776 2834 emi-

2164 2863 2525 2922 nentissimus
2557 2866 3017 2924 Bona.Ecclesias
3038 2882 3254 2939 quoque
3283 2868 3579 2925 asdiiicatas
3606 2869 3775 2927 fuisse

2164 2953 2218 3009 in
2251 2953 2410 3018 locis,
2445 2958 2539 3014 ubi
2569 2958 2628 3015 S.
2672 2959 2865 3016 Petrus
2890 3001 2904 3025 ,
2938 2974 3003 3015 ac
3040 2958 3099 3015 S.
3132 2958 3331 3015 Paulus
3368 2963 3598 3031 apostoli
3626 2978 3773 3018 mar-

2168 3045 2307 3117 tyrio
2335 3046 2519 3103 allecti
2545 3060 2695 3118 sunt,
2740 3067 2807 3107 ex
2834 3053 3068 3122 quodam
3096 3057 3228 3113 Caio
3250 3056 3425 3113 refert
3448 3054 3733 3111 Eusebius.

454 3152 585 3208 locis
614 3165 789 3205 sacros
816 3155 979 3202 cretus
1008 3140 1292 3196 habuerunt
1338 3136 1357 3211 (
1383 3131 1722 3203 Christiani)
1751 3150 1874 3205 quos
1899 3135 2063 3189 eccle-
2091 3131 2137 3194 C
2239 3138 2383 3193 Ante
2408 3141 2553 3197 Decii
2587 3146 3041 3213 persecutionem,
3068 3148 3250 3206 aiente
3274 3149 3332 3206 S.
3366 3147 3631 3218 Gregorio
3654 3146 3776 3202 Nis-

453 3245 583 3308 sias,
613 3243 891 3306 vocabant,
924 3252 1084 3292 novas
1112 3244 1301 3297 tamen,
1333 3228 1663 3301 publicasque
1690 3226 1743 3280 in
1769 3241 1883 3279 eum
1918 3241 2066 3279 usum

456 3339 596 3393 cedes
622 3334 889 3405 cudi/icore
911 3329 1018 3385 illis
1038 3343 1145 3382 non
1165 3324 1329 3381 licuit.
1359 3322 1544 3379 Solum
1565 3335 1656 3391 per
1677 3316 2065 3373 Constantinum

458 3432 841 3501 imperatorem,
874 3423 966 3495 qui
987 3419 1191 3476 Christo
1213 3432 1398 3471 nomen
1427 3414 1597 3476 dedit,
1630 3410 1953 3484 publicarum
1984 3425 2066 3464 ec-

462 3523 731 3578 clesiarum
762 3513 1230 3573 construendarum
1249 3509 1469 3580 facultas
1492 3514 1678 3577 quarto
1717 3504 1939 3574 primum
1964 3519 2065 3557 sa:-

464 3616 583 3671 cnlo
615 3615 753 3685 facta
795 3612 896 3685 fuit
928 3625 947 3665 :
977 3623 1038 3661 ac
1076 3603 1293 3677 proinde
1318 3612 1578 3658 auctorem
1615 3598 1678 3652 de
1706 3613 1837 3652 nova
1863 3596 2067 3666 publica

466 3710 703 3766 Ecclesia
745 3717 850 3761 tant
882 3703 1150 3775 explorate
1185 3697 1524 3752 disserentem
1572 3701 1688 3746 ante
1724 3692 1779 3745 id
1824 3690 2069 3745 sarculum

466 3803 656 3857 vixisse
683 3812 956 3871 perperam
992 3792 1208 3847 dixeris.
1251 3788 1328 3842 Ita
1363 3786 1571 3844 domini
1605 3782 1898 3839 Ballerinii.
1933 3781 2069 3837 Huic

469 3904 651 3948 tamen
684 3904 793 3946 tam
836 3888 1080 3958 praecisa:
1129 3880 1457 3946 assertioni,
1490 3876 1825 3933 Christianos
1863 3873 2071 3928 scilicet

469 3996 599 4043 ante
626 3982 1037 4040 Constantinum
1081 3976 1328 4047 publicas
1359 3989 1465 4028 non
1497 3969 1751 4026 habuisse
1784 3965 2067 4031 ecclesias,

472 4077 762 4136 manifesto
788 4082 1055 4148 repugnat
1083 4067 1468 4124 Ecclesiastica
1511 4061 1761 4118 historia.

549 4169 733 4224 Tertio
771 4180 1003 4236 namque
1050 4159 1251 4218 sarculo
1294 4159 1538 4229 publicas
1593 4153 2012 4221 capacioresque
2041 4166 2069 4205 a

472 4262 799 4320 Christianis
828 4266 1105 4315 extructas
1133 4252 1298 4307 fuisse
1323 4249 1612 4309 ecclesias,
1647 4254 1874 4301 testatur
1903 4244 2073 4299 Euse-

475 4359 599 4415 bius
630 4360 648 4429 (
676 4354 817 4409 Hist.
847 4351 1013 4417 Eccl.,
1046 4349 1135 4403 lib.
1163 4362 1278 4409 vut,
1313 4362 1360 4399 c.
1394 4344 1487 4416 1);
1520 4340 1798 4407 Similiter,
1826 4349 1875 4393 et
1902 4338 2078 4412 singu-

478 4453 548 4506 lis
574 4449 903 4503 ecclesiarum
935 4440 1246 4499 antistitibus
1289 4452 1539 4492 summum
1562 4434 1838 4495 honorem,
1881 4430 2077 4484 cultum

2167 3243 2324 3296 seno,
2352 3231 2557 3303 ubique
2585 3250 2614 3289 a
2639 3234 2965 3295 Christianis
2992 3242 3193 3312 templa
3234 3242 3487 3305 excitata,
3520 3249 3575 3297 et
3605 3240 3777 3294 idolo-

2167 3336 2287 3376 rum
2340 3322 2462 3378 lana
2511 3326 2681 3383 fuisse
2735 3328 2950 3399 diruta,
2998 3340 3164 3404 atque
3209 3349 3401 3390 eversa
3441 3333 3777 3403 comperitur

2170 3412 2350 3487 (Greg.
2388 3415 2604 3474 Nissen.
2634 3422 2689 3476 in
2720 3420 2837 3477 Vita
2861 3422 2924 3479 S.
2946 3423 3165 3497 (ἕτερον.
3202 3426 3486 3498 Thaum.):
3513 3425 3643 3481 Cum
3660 3429 3774 3498 jant

2168 3507 2221 3561 in
2252 3523 2428 3563 omnes
2455 3522 2630 3580 partes
2658 3515 2821 3570 divini
2853 3516 3011 3572 Verbi
3036 3519 3342 3590 praedicatio
3383 3521 3651 3591 divulgata
3695 3535 3774 3573 es-

2170 3608 2265 3664 set,
2311 3610 2359 3654 et
2411 3618 2588 3658 omnes
2636 3615 2741 3660 tam
2791 3610 2880 3676 qui
2910 3611 3086 3665 urbem
3133 3612 3458 3678 habitarent,
3498 3628 3653 3679 quant
3690 3613 3777 3682 qui

2171 3709 2353 3764 agrum
2378 3696 2604 3751 vicinum
2633 3700 2918 3756 incolerent
2952 3704 3022 3757 ad
3044 3705 3187 3774 piam
3207 3705 3457 3759 doctrina:
3485 3705 3644 3773 ﬁdem
3665 3711 3777 3757 tra-

2173 3784 2317 3839 ducti
2344 3798 2531 3854 essent,
2558 3789 2830 3856 altaribus,
2863 3802 3016 3864 atque
3043 3794 3303 3861 delubris,
3350 3812 3466 3867 qua:
3501 3795 3631 3849 inibi
3665 3795 3778 3848 inc-

2173 3889 2291 3933 rant
2314 3879 2606 3937 simulacris
2632 3886 2889 3940 eversis...
2912 3925 2928 3949 ,
2962 3889 3201 3944 omnibus
3239 3891 3361 3944 item
3403 3891 3458 3943 in
3498 3889 3637 3944 omni
3667 3889 3778 3942 loco

2175 3972 2361 4042 templa
2389 3972 2458 4025 ad
2485 3974 2740 4029 orandum
2787 3978 2879 4031 sub
2923 3980 3129 4034 nomine
3169 3979 3362 4035 Christi
3391 3981 3626 4035 studiose
3661 3995 3778 4033 exs-

2177 4061 2483 4126 truentibus,
2515 4066 2662 4135 furor
2685 4067 2895 4137 quidam
2916 4110 2931 4133 ,
2979 4081 3133 4140 atque
3176 4071 3374 4126 invidia
3402 4071 3591 4125 invasit
3618 4084 3734 4124 eum
3756 4106 3774 4134 ,

2176 4153 2265 4221 qui
2295 4161 2417 4208 tunc
2438 4167 2658 4223 prteerat
2682 4159 2903 4229 imperio
2927 4160 3304 4216 Romanorum.

2252 4246 2377 4302 Haec
2398 4262 2426 4301 a
2452 4249 2802 4305 Tillemontio
2836 4251 3194 4321 colliguntur;
3242 4262 3299 4309 at
3339 4268 3446 4308 non
3478 4268 3647 4322 pauca
3678 4251 3779 4306 dn—

2179 4339 2417 4394 hilanter
2444 4339 2656 4396 videtur
2694 4340 2910 4398 aﬂ‘erre.
2956 4343 3088 4397 Nam
3118 4343 3185 4399 ad
3229 4358 3316 4410 ea,
3361 4360 3485 4414 qua:
3510 4360 3577 4400 ex
3605 4343 3781 4398 cardi-

2182 4430 2290 4487 nali
2315 4430 2462 4486 Bona
2487 4432 2675 4500 refert,
2710 4449 2815 4487 non
2843 4434 2945 4489 sibi
2967 4450 3164 4490 vacare
3190 4436 3319 4491 dicit
3348 4436 3438 4491 illa
3455 4436 3523 4491 ad
3549 4449 3777 4491 examen

482 4559 547 4597 ac
567 4540 961 4596 benevolentiam
1004 4536 1067 4590 ab
1100 4533 1337 4587 omnibus
1365 4540 1468 4583 tant
1490 4526 1703 4600 privatis
1722 4566 1737 4590 ,
1767 4540 1922 4593 quant
1961 4539 2075 4593 pro-

2183 4537 2461 4591 rcvocare,
2484 4534 2541 4579 ut
2569 4523 2867 4591 diiudicare
2889 4524 3088 4591 valeat,
3117 4528 3243 4597 quid
3270 4529 3341 4582 sit
3362 4527 3432 4582 de
3452 4528 3520 4582 iis
3542 4528 3785 4583 sentien-

484 4637 768 4690 vincinrum
813 4631 1094 4687 rectoribus
1134 4625 1325 4697 deferri
1362 4623 1593 4678 vidisses.
1657 4617 1779 4672 1am
1815 4633 1931 4672 vero
1969 4620 2082 4688 quis

487 4726 916 4784 innumerabilem
942 4722 1212 4775 hominum
1231 4716 1428 4787 quoties
1455 4714 1525 4768 ad
1554 4710 1711 4783 ﬁdem
1737 4709 2083 4765 Christianam

489 4822 879 4894 conﬂigentium
912 4816 1134 4879 turbant,
1182 4812 1296 4882 quis
1332 4821 1609 4862 numerum
1654 4804 1988 4859 ecclesiarum
2032 4803 2085 4855 in

490 4915 711 4984 singulis
751 4912 994 4975 urbibus,
1024 4906 1281 4979 spatiosas
1322 4904 1384 4957 ab
1433 4901 1563 4970 ipsis
1605 4896 1953 4971 fundamentis
1996 4910 2084 4950 ea:-

495 5019 721 5067 truerent
747 5006 1003 5062 ecclesias.
1051 5002 1212 5071 Atque
1256 4999 1364 5054 haec
1394 5010 1664 5067 progressu
1711 4989 1955 5059 temporis
2001 4989 2083 5041 in-

496 5101 796 5163 crescentia,
827 5107 873 5153 et
901 5095 1125 5166 quotidie
1162 5093 1215 5147 in
1238 5092 1425 5164 majus,
1456 5096 1503 5141 et
1536 5087 1714 5142 melius
1743 5081 2088 5157 proﬁcientia,

500 5214 597 5253 nec
622 5196 750 5250 livor
778 5193 917 5247 ullus
944 5199 1165 5244 atterere
1182 5229 1196 5251 ,
1228 5200 1317 5240 nec
1346 5182 1642 5252 malignitas
1658 5178 1907 5234 daemonis
1938 5175 2095 5246 fasci-

504 5305 653 5354 nare,
685 5304 773 5341 nec
801 5285 1066 5340 hominum
1106 5277 1307 5334 insidia:
1333 5274 1602 5347 prohibere
1647 5287 1890 5340 umquam
1918 5278 2097 5340 potue—
2164 5278 2175 5291 ‘

509 5395 681 5451 runt,
730 5379 974 5451 quamdiu
1038 5370 1397 5442 omnipotentis
1445 5367 1535 5422 Dei
1588 5366 1797 5420 dextera
1848 5361 2096 5434 papulum

508 5492 684 5541 suum,
714 5482 887 5542 utpote
916 5469 1007 5524 tali
1033 5468 1245 5536 dignum
1280 5459 1524 5530 praesidio
1560 5456 1702 5522 texit,
1747 5465 1896 5525 atque
1923 5460 2094 5505 custo-

516 5572 668 5628 dirit.
706 5568 833 5623 Hzec
860 5561 1119 5618 Eusebius
1148 5558 1214 5611 de
1250 5552 1506 5609 Ecclesia:
1550 5556 1690 5604 statu
1734 5558 1860 5602 ante
1888 5544 2097 5598 Diocle-

517 5664 651 5722 tiani
701 5656 1171 5731 persecutionem:
1226 5646 1370 5718 quod
1423 5655 1477 5699 et
1529 5644 1879 5731 continuatur
1932 5639 2101 5731 ipsius

529 5729 715 5811 edicto
740 5744 1076 5805 Diocletiani,
1101 5755 1207 5812 quo
1230 5737 1657 5795 Christianorum
1685 5730 1942 5790 ecclesias
1965 5729 2104 5785 dirui

2185 4616 2333 4670 dum.
2365 4616 2442 4672 De
2473 4618 2757 4686 triumphis
2784 4626 2984 4685 autem,
3018 4634 3155 4688 quos
3184 4620 3452 4676 Eusebius
3495 4618 3608 4675 Caii
3656 4630 3785 4672 anc-

2188 4711 2404 4765 toritate
2431 4708 2646 4766 erectus
2666 4710 2827 4777 dicit,
2860 4712 2959 4766 ubi-
2981 4712 3300 4783 martyrium
3357 4710 3456 4768 SS.
3493 4710 3687 4766 Petrus
3729 4717 3785 4763 et

2188 4800 2386 4857 Paulus
2439 4800 2583 4870 passi
2613 4810 2761 4865 sunt,
2798 4800 3078 4869 probabile
3105 4800 3489 4857 Tillemontius
3533 4807 3686 4869 putat
3712 4795 3781 4852 ad

2189 4902 2488 4949 conventus
2519 4892 2796 4949 habendos
2824 4894 2941 4949 loca
2968 4911 2997 4949 a
3031 4892 3356 4950 Christianis
3386 4893 3588 4950 ibidem
3612 4891 3786 4948 desti-

2190 4995 2314 5041 nata
2348 5004 2360 5040 :
2388 4987 2761 5042 auctoritatem
2793 5002 2924 5042 vero
2941 4987 3186 5056 Gregorii
3211 4986 3557 5057 Nisseni,qui
3589 4986 3789 5055 ubique

2194 5080 2245 5134 in
2275 5079 2475 5134 Christi
2499 5079 2761 5135 honorem
2792 5081 2989 5149 templa
3013 5096 3041 5133 a
3064 5079 3387 5150 Christianis
3415 5091 3598 5135 erecta
3622 5089 3791 5133 testa-

2196 5179 2282 5224 tur
2305 5170 2403 5224 hac
2419 5169 3027 5232 restrictioneadmittit,
3048 5171 3095 5226 si
3106 5169 3174 5225 ad
3192 5170 3423 5226 litteram
3437 5171 3787 5242 intelligatur.

2272 5262 2314 5316 Α
2342 5261 2578 5317 Baronio
2590 5270 2770 5318 autem
2798 5260 3077 5329 dissentit,
3095 5262 3183 5333 qui
3209 5262 3532 5333 pontiﬁcalis
3548 5263 3789 5330 Damasi,

2203 5365 2262 5411 ut
2293 5366 2653 5425 nuncupatur,
2682 5357 3030 5422 auctoritate;
3059 5355 3328 5412 Calixtum
3361 5370 3629 5410 summum
3652 5370 3793 5424 pon-

2210 5450 2407 5507 tilicem
2465 5449 2748 5505 ecclesiam
2807 5449 2859 5504 in
2916 5449 3177 5505 honorem
3231 5448 3561 5507 beatissimae
3611 5446 3796 5501 Mariae

2206 5541 2445 5613 Virginis
2494 5549 2644 5597 trans
2696 5540 2934 5597 Tiberim
2979 5540 3167 5597 Romae
3228 5539 3423 5595 asserit
3475 5535 3797 5592 aediﬁcasse.

2207 5634 2442 5691 Baronio
2482 5632 2600 5691 huic
2627 5634 2844 5705 objicit;
2878 5642 3077 5711 tantam
3108 5647 3233 5703 rem
3275 5630 3406 5687 solis
3447 5627 3805 5707 coniecturis,

2208 5731 2271 5785 ac
2310 5712 2418 5784 tam
2451 5729 2599 5798 parvi
2645 5728 2904 5784 momenti
2956 5720 3325 5791 auctoritate,
3373 5725 3433 5776 ut
3489 5714 3814 5790 pontiﬁcalis
