  <div class='ocr_page' id='page_1' title='image "/cluster/home/n/w/nwhite01/storage/ocr_20150623/11/hvd.32044096580402/363.png"; bbox 0 0 4198 6160; ppageno 0'>
   <div class='ocr_carea' id='block_1_1' title="bbox 428 239 527 297">
    <p class='ocr_par' dir='ltr' id='par_1_1' title="bbox 428 239 527 297">
     <span class='ocr_line' id='line_1_1' title="bbox 428 239 527 297; baseline 0 -1"><span class='ocrx_word' id='word_1_1' title='bbox 428 239 527 297; x_wconf 76' lang='grc'><strong>691</strong></span> 
     </span>
    </p>
   </div>
   <div class='ocr_carea' id='block_1_2' title="bbox 1552 225 2590 287">
    <p class='ocr_par' dir='ltr' id='par_1_2' title="bbox 1552 225 2590 287">
     <span class='ocr_line' id='line_1_2' title="bbox 1552 225 2590 287; baseline -0.002 -1"><span class='ocrx_word' id='word_1_2' title='bbox 1552 230 1643 287; x_wconf 80' lang='lat' dir='ltr'><strong>DE</strong></span> <span class='ocrx_word' id='word_1_3' title='bbox 1695 227 1946 286; x_wconf 71' lang='lat' dir='ltr'><strong>SANCTI</strong></span> <span class='ocrx_word' id='word_1_4' title='bbox 1981 225 2276 284; x_wconf 72' lang='lat' dir='ltr'><strong>ZINONIS</strong></span> <span class='ocrx_word' id='word_1_5' title='bbox 2315 226 2590 284; x_wconf 74' lang='lat' dir='ltr'><strong>ENCHA</strong></span> 
     </span>
    </p>
   </div>
   <div class='ocr_carea' id='block_1_3' title="bbox 3627 226 3732 283">
    <p class='ocr_par' dir='ltr' id='par_1_3' title="bbox 3627 226 3732 283">
     <span class='ocr_line' id='line_1_3' title="bbox 3627 226 3732 283; baseline 0.029 -3"><span class='ocrx_word' id='word_1_6' title='bbox 3627 226 3732 283; x_wconf 71' lang='lat' dir='ltr'><strong>me</strong></span> 
     </span>
    </p>
   </div>
   <div class='ocr_carea' id='block_1_4' title="bbox 426 338 3737 422">
    <p class='ocr_par' dir='ltr' id='par_1_4' title="bbox 426 338 3737 422">
     <span class='ocr_line' id='line_1_4' title="bbox 426 338 3737 422; baseline -0.004 -14"><span class='ocrx_word' id='word_1_7' title='bbox 426 353 641 412; x_wconf 82' lang='lat' dir='ltr'><strong>Damasi</strong></span> <span class='ocrx_word' id='word_1_8' title='bbox 670 360 786 417; x_wconf 82' lang='lat' dir='ltr'><strong>est;</strong></span> <span class='ocrx_word' id='word_1_9' title='bbox 830 364 943 422; x_wconf 84' lang='lat' dir='ltr'><strong>quo</strong></span> <span class='ocrx_word' id='word_1_10' title='bbox 972 349 1025 405; x_wconf 83' lang='lat' dir='ltr'><strong>in</strong></span> <span class='ocrx_word' id='word_1_11' title='bbox 1058 346 1197 404; x_wconf 84' lang='lat' dir='ltr'><strong>libro</strong></span> <span class='ocrx_word' id='word_1_12' title='bbox 1240 345 1378 401; x_wconf 78' lang='lat' dir='ltr'><strong>falsa</strong></span> <span class='ocrx_word' id='word_1_13' title='bbox 1406 386 1420 411; x_wconf 87' lang='lat'><strong>,</strong></span> <span class='ocrx_word' id='word_1_14' title='bbox 1472 354 1638 414; x_wconf 82' lang='lat' dir='ltr'><strong>atque</strong></span> <span class='ocrx_word' id='word_1_15' title='bbox 1682 345 1890 410; x_wconf 79' lang='lat' dir='ltr'><strong>incerta</strong></span> <span class='ocrx_word' id='word_1_16' title='bbox 1921 356 2030 397; x_wconf 90' lang='lat' dir='ltr'><strong>non</strong></span> <span class='ocrx_word' id='word_1_17' title='bbox 2057 343 2111 404; x_wconf 76' lang='grc' dir='ltr'><strong>Α</strong></span> <span class='ocrx_word' id='word_1_18' title='bbox 2209 341 2435 396; x_wconf 83' lang='lat' dir='ltr'><strong>Constat</strong></span> <span class='ocrx_word' id='word_1_19' title='bbox 2461 342 2623 412; x_wconf 89' lang='lat' dir='ltr'><strong>igitur</strong></span> <span class='ocrx_word' id='word_1_20' title='bbox 2648 356 2717 399; x_wconf 82' lang='lat' dir='ltr'><strong>ex</strong></span> <span class='ocrx_word' id='word_1_21' title='bbox 2744 342 2831 397; x_wconf 89' lang='lat' dir='ltr'><strong>his</strong></span> <span class='ocrx_word' id='word_1_22' title='bbox 2856 352 2976 413; x_wconf 78' lang='lat' dir='ltr'><strong>qua:</strong></span> <span class='ocrx_word' id='word_1_23' title='bbox 2995 341 3258 396; x_wconf 77' lang='lat' dir='ltr'><strong>hactenus</strong></span> <span class='ocrx_word' id='word_1_24' title='bbox 3289 338 3644 395; x_wconf 81' lang='lat' dir='ltr'><strong>disseruimus</strong></span> <span class='ocrx_word' id='word_1_25' title='bbox 3667 340 3737 395; x_wconf 85' lang='lat' dir='ltr'><strong>ah</strong></span> 
     </span>
    </p>
   </div>
   <div class='ocr_carea' id='block_1_5' title="bbox 428 434 2046 516">
    <p class='ocr_par' dir='ltr' id='par_1_5' title="bbox 428 434 2046 516">
     <span class='ocr_line' id='line_1_5' title="bbox 428 434 2046 516; baseline -0.007 -16"><span class='ocrx_word' id='word_1_26' title='bbox 428 458 599 516; x_wconf 88' lang='lat' dir='ltr'><strong>pauca</strong></span> <span class='ocrx_word' id='word_1_27' title='bbox 636 443 984 513; x_wconf 81' lang='lat' dir='ltr'><strong>reperiuntur</strong></span> <span class='ocrx_word' id='word_1_28' title='bbox 1009 436 1321 495; x_wconf 77' lang='lat' dir='ltr'><strong>conﬁrmari</strong></span> <span class='ocrx_word' id='word_1_29' title='bbox 1350 451 1459 491; x_wconf 90' lang='lat' dir='ltr'><strong>non</strong></span> <span class='ocrx_word' id='word_1_30' title='bbox 1483 449 1667 505; x_wconf 83' lang='lat' dir='ltr'><strong>posse.</strong></span> <span class='ocrx_word' id='word_1_31' title='bbox 1716 434 1758 491; x_wconf 92' lang='lat' dir='ltr'><strong>l.</strong></span> <span class='ocrx_word' id='word_1_32' title='bbox 1792 434 1851 490; x_wconf 85' lang='lat' dir='ltr'><strong>in</strong></span> <span class='ocrx_word' id='word_1_33' title='bbox 1889 434 2046 489; x_wconf 72' lang='lat' dir='ltr'><strong>Pon-‘</strong></span> 
     </span>
    </p>
   </div>
   <div class='ocr_carea' id='block_1_6' title="bbox 428 525 2034 607">
    <p class='ocr_par' dir='ltr' id='par_1_6' title="bbox 428 525 2034 607">
     <span class='ocr_line' id='line_1_6' title="bbox 428 525 2034 607; baseline -0.006 -16"><span class='ocrx_word' id='word_1_34' title='bbox 428 535 613 592; x_wconf 86' lang='lat' dir='ltr'><strong>tificali</strong></span> <span class='ocrx_word' id='word_1_35' title='bbox 641 532 859 607; x_wconf 77' lang='lat' dir='ltr'><strong>Damasi</strong></span> <span class='ocrx_word' id='word_1_36' title='bbox 883 546 915 585; x_wconf 89' lang='lat' dir='ltr'><strong>a</strong></span> <span class='ocrx_word' id='word_1_37' title='bbox 939 529 1205 586; x_wconf 85' lang='lat' dir='ltr'><strong>Bollando</strong></span> <span class='ocrx_word' id='word_1_38' title='bbox 1230 526 1407 594; x_wconf 86' lang='lat' dir='ltr'><strong>edito,</strong></span> <span class='ocrx_word' id='word_1_39' title='bbox 1441 526 1529 583; x_wconf 87' lang='lat' dir='ltr'><strong>ubi</strong></span> <span class='ocrx_word' id='word_1_40' title='bbox 1558 525 1878 597; x_wconf 82' lang='lat' dir='ltr'><strong>pontiﬁcum</strong></span> <span class='ocrx_word' id='word_1_41' title='bbox 1905 525 2034 582; x_wconf 69' lang='lat' dir='ltr'><strong>vita:</strong></span> 
     </span>
    </p>
   </div>
   <div class='ocr_carea' id='block_1_7' title="bbox 428 618 2033 701">
    <p class='ocr_par' dir='ltr' id='par_1_7' title="bbox 428 618 2033 701">
     <span class='ocr_line' id='line_1_7' title="bbox 428 618 2033 701; baseline -0.006 -17"><span class='ocrx_word' id='word_1_42' title='bbox 428 642 601 701; x_wconf 84' lang='lat' dir='ltr'><strong>usque</strong></span> <span class='ocrx_word' id='word_1_43' title='bbox 631 627 698 681; x_wconf 88' lang='lat' dir='ltr'><strong>ad</strong></span> <span class='ocrx_word' id='word_1_44' title='bbox 726 624 964 681; x_wconf 81' lang='lat' dir='ltr'><strong>Felicem</strong></span> <span class='ocrx_word' id='word_1_45' title='bbox 993 618 1062 677; x_wconf 79' lang='lat' dir='ltr'><strong>IV</strong></span> <span class='ocrx_word' id='word_1_46' title='bbox 1107 620 1450 692; x_wconf 87' lang='lat' dir='ltr'><strong>digeruntur.</strong></span> <span class='ocrx_word' id='word_1_47' title='bbox 1477 618 1594 677; x_wconf 66' lang='lat' dir='ltr'><strong>haec</strong></span> <span class='ocrx_word' id='word_1_48' title='bbox 1613 619 1841 674; x_wconf 83' lang='lat' dir='ltr'><strong>minime</strong></span> <span class='ocrx_word' id='word_1_49' title='bbox 1875 632 2033 689; x_wconf 87' lang='lat' dir='ltr'><strong>repe-</strong></span> 
     </span>
    </p>
   </div>
   <div class='ocr_carea' id='block_1_8' title="bbox 427 708 2033 785">
    <p class='ocr_par' dir='ltr' id='par_1_8' title="bbox 427 708 2033 785">
     <span class='ocr_line' id='line_1_8' title="bbox 427 708 2033 785; baseline -0.006 -10"><span class='ocrx_word' id='word_1_50' title='bbox 427 718 545 782; x_wconf 84' lang='lat' dir='ltr'><strong>riri.</strong></span> <span class='ocrx_word' id='word_1_51' title='bbox 579 713 1018 773; x_wconf 84' lang='lat' dir='ltr'><strong>Dubitationibus</strong></span> <span class='ocrx_word' id='word_1_52' title='bbox 1057 712 1226 785; x_wconf 90' lang='lat' dir='ltr'><strong>igitur</strong></span> <span class='ocrx_word' id='word_1_53' title='bbox 1251 710 1589 768; x_wconf 88' lang='lat' dir='ltr'><strong>Tiliemontii</strong></span> <span class='ocrx_word' id='word_1_54' title='bbox 1613 708 1864 777; x_wconf 88' lang='lat' dir='ltr'><strong>omissis,</strong></span> <span class='ocrx_word' id='word_1_55' title='bbox 1911 724 2033 780; x_wconf 67' lang='lat' dir='ltr'><strong>quae</strong></span> 
     </span>
    </p>
   </div>
   <div class='ocr_carea' id='block_1_9' title="bbox 424 803 2033 877">
    <p class='ocr_par' dir='ltr' id='par_1_9' title="bbox 424 803 2033 877">
     <span class='ocr_line' id='line_1_9' title="bbox 424 803 2033 877; baseline -0.007 -7"><span class='ocrx_word' id='word_1_56' title='bbox 424 810 686 871; x_wconf 85' lang='lat' dir='ltr'><strong>cardinali</strong></span> <span class='ocrx_word' id='word_1_57' title='bbox 714 810 902 874; x_wconf 66' lang='lat' dir='ltr'><strong>Borrae,</strong></span> <span class='ocrx_word' id='word_1_58' title='bbox 933 807 1170 865; x_wconf 86' lang='lat' dir='ltr'><strong>Eusebio</strong></span> <span class='ocrx_word' id='word_1_59' title='bbox 1192 848 1208 873; x_wconf 94' lang='lat'><strong>,</strong></span> <span class='ocrx_word' id='word_1_60' title='bbox 1233 820 1299 862; x_wconf 90' lang='lat' dir='ltr'><strong>ac</strong></span> <span class='ocrx_word' id='word_1_61' title='bbox 1323 805 1588 877; x_wconf 81' lang='lat' dir='ltr'><strong>Gregorio</strong></span> <span class='ocrx_word' id='word_1_62' title='bbox 1616 803 1848 859; x_wconf 87' lang='lat' dir='ltr'><strong>Nisseno</strong></span> <span class='ocrx_word' id='word_1_63' title='bbox 1872 818 2033 876; x_wconf 63' lang='lat' dir='ltr'><strong>aggeo</strong></span> 
     </span>
    </p>
   </div>
   <div class='ocr_carea' id='block_1_10' title="bbox 426 894 2030 969">
    <p class='ocr_par' dir='ltr' id='par_1_10' title="bbox 426 894 2030 969">
     <span class='ocr_line' id='line_1_10' title="bbox 426 894 2030 969; baseline -0.007 -8"><span class='ocrx_word' id='word_1_64' title='bbox 426 904 500 969; x_wconf 84' lang='lat' dir='ltr'><strong>rit</strong></span> <span class='ocrx_word' id='word_1_65' title='bbox 563 902 710 959; x_wconf 85' lang='lat' dir='ltr'><strong>nulla</strong></span> <span class='ocrx_word' id='word_1_66' title='bbox 758 899 1160 957; x_wconf 86' lang='lat' dir='ltr'><strong>dubitationum</strong></span> <span class='ocrx_word' id='word_1_67' title='bbox 1212 912 1435 953; x_wconf 83' lang='lat' dir='ltr'><strong>suarum</strong></span> <span class='ocrx_word' id='word_1_68' title='bbox 1491 895 1724 951; x_wconf 87' lang='lat' dir='ltr'><strong>adducta</strong></span> <span class='ocrx_word' id='word_1_69' title='bbox 1776 894 2030 961; x_wconf 89' lang='lat' dir='ltr'><strong>ratione,</strong></span> 
     </span>
    </p>
   </div>
   <div class='ocr_carea' id='block_1_11' title="bbox 424 986 2034 1075">
    <p class='ocr_par' dir='ltr' id='par_1_11' title="bbox 424 986 2034 1075">
     <span class='ocr_line' id='line_1_11' title="bbox 424 986 2034 1075; baseline -0.004 -24"><span class='ocrx_word' id='word_1_70' title='bbox 424 1011 548 1075; x_wconf 64' lang='lat' dir='ltr'><strong>quae</strong></span> <span class='ocrx_word' id='word_1_71' title='bbox 568 1004 761 1053; x_wconf 82' lang='lat' dir='ltr'><strong>contra</strong></span> <span class='ocrx_word' id='word_1_72' title='bbox 782 992 1045 1055; x_wconf 68' lang='lat' dir='ltr'><strong>Ecclesiae</strong></span> <span class='ocrx_word' id='word_1_73' title='bbox 1060 989 1476 1048; x_wconf 69' lang='lat' dir='ltr'><strong>aedificationem</strong></span> <span class='ocrx_word' id='word_1_74' title='bbox 1492 1005 1521 1044; x_wconf 85' lang='lat' dir='ltr'><strong>a</strong></span> <span class='ocrx_word' id='word_1_75' title='bbox 1538 986 1748 1043; x_wconf 80' lang='lat' dir='ltr'><strong>Calixto</strong></span> <span class='ocrx_word' id='word_1_76' title='bbox 1771 996 1922 1044; x_wconf 88' lang='lat' dir='ltr'><strong>trans</strong></span> <span class='ocrx_word' id='word_1_77' title='bbox 1941 987 2034 1045; x_wconf 82' lang='lat' dir='ltr'><strong>Ti-</strong></span> 
     </span>
    </p>
   </div>
   <div class='ocr_carea' id='block_1_12' title="bbox 423 1078 2029 1155">
    <p class='ocr_par' dir='ltr' id='par_1_12' title="bbox 423 1078 2029 1155">
     <span class='ocr_line' id='line_1_12' title="bbox 423 1078 2029 1155; baseline -0.007 -9"><span class='ocrx_word' id='word_1_78' title='bbox 423 1088 600 1146; x_wconf 86' lang='lat' dir='ltr'><strong>berim</strong></span> <span class='ocrx_word' id='word_1_79' title='bbox 629 1086 817 1147; x_wconf 83' lang='lat' dir='ltr'><strong>Romae</strong></span> <span class='ocrx_word' id='word_1_80' title='bbox 843 1085 1039 1141; x_wconf 85' lang='lat' dir='ltr'><strong>factam</strong></span> <span class='ocrx_word' id='word_1_81' title='bbox 1068 1082 1290 1155; x_wconf 87' lang='lat' dir='ltr'><strong>objecit,</strong></span> <span class='ocrx_word' id='word_1_82' title='bbox 1313 1081 1574 1139; x_wconf 90' lang='lat' dir='ltr'><strong>attentius</strong></span> <span class='ocrx_word' id='word_1_83' title='bbox 1601 1078 2029 1136; x_wconf 82' lang='lat' dir='ltr'><strong>consideremus.</strong></span> 
     </span>
    </p>
   </div>
   <div class='ocr_carea' id='block_1_13' title="bbox 500 1173 2033 1247">
    <p class='ocr_par' dir='ltr' id='par_1_13' title="bbox 500 1173 2033 1247">
     <span class='ocr_line' id='line_1_13' title="bbox 500 1173 2033 1247; baseline -0.005 -8"><span class='ocrx_word' id='word_1_84' title='bbox 500 1181 580 1240; x_wconf 88' lang='lat' dir='ltr'><strong>De</strong></span> <span class='ocrx_word' id='word_1_85' title='bbox 627 1176 964 1244; x_wconf 87' lang='lat' dir='ltr'><strong>Pontificali,</strong></span> <span class='ocrx_word' id='word_1_86' title='bbox 1016 1185 1075 1232; x_wconf 91' lang='lat' dir='ltr'><strong>ut</strong></span> <span class='ocrx_word' id='word_1_87' title='bbox 1114 1176 1442 1247; x_wconf 73' lang='lat' dir='ltr'><strong>perhibent,</strong></span> <span class='ocrx_word' id='word_1_88' title='bbox 1503 1175 1713 1230; x_wconf 84' lang='lat' dir='ltr'><strong>Damasi</strong></span> <span class='ocrx_word' id='word_1_89' title='bbox 1740 1216 1757 1242; x_wconf 88' lang='lat'><strong>,</strong></span> <span class='ocrx_word' id='word_1_90' title='bbox 1804 1173 2033 1245; x_wconf 83' lang='lat' dir='ltr'><strong>ejusque</strong></span> 
     </span>
    </p>
   </div>
   <div class='ocr_carea' id='block_1_14' title="bbox 424 1266 2034 1332">
    <p class='ocr_par' dir='ltr' id='par_1_14' title="bbox 424 1266 2034 1332">
     <span class='ocr_line' id='line_1_14' title="bbox 424 1266 2034 1332; baseline -0.002 -3"><span class='ocrx_word' id='word_1_91' title='bbox 424 1272 750 1329; x_wconf 81' lang='lat' dir='ltr'><strong>auctoritate</strong></span> <span class='ocrx_word' id='word_1_92' title='bbox 794 1270 941 1330; x_wconf 84' lang='lat' dir='ltr'><strong>varia</strong></span> <span class='ocrx_word' id='word_1_93' title='bbox 984 1278 1071 1327; x_wconf 88' lang='lat' dir='ltr'><strong>est</strong></span> <span class='ocrx_word' id='word_1_94' title='bbox 1097 1268 1425 1324; x_wconf 88' lang='lat' dir='ltr'><strong>Tillemontii</strong></span> <span class='ocrx_word' id='word_1_95' title='bbox 1473 1266 1775 1332; x_wconf 86' lang='lat' dir='ltr'><strong>sententia;</strong></span> <span class='ocrx_word' id='word_1_96' title='bbox 1824 1266 1879 1322; x_wconf 87' lang='lat' dir='ltr'><strong>id</strong></span> <span class='ocrx_word' id='word_1_97' title='bbox 1934 1269 2034 1325; x_wconf 91' lang='lat' dir='ltr'><strong>ob-</strong></span> 
     </span>
    </p>
   </div>
   <div class='ocr_carea' id='block_1_15' title="bbox 427 1356 2035 1429">
    <p class='ocr_par' dir='ltr' id='par_1_15' title="bbox 427 1356 2035 1429">
     <span class='ocr_line' id='line_1_15' title="bbox 427 1356 2035 1429; baseline -0.004 -9"><span class='ocrx_word' id='word_1_98' title='bbox 427 1371 611 1420; x_wconf 80' lang='lat' dir='ltr'><strong>servat</strong></span> <span class='ocrx_word' id='word_1_99' title='bbox 641 1360 951 1417; x_wconf 84' lang='lat' dir='ltr'><strong>Honoratus</strong></span> <span class='ocrx_word' id='word_1_100' title='bbox 973 1374 1003 1413; x_wconf 90' lang='lat' dir='ltr'><strong>a</strong></span> <span class='ocrx_word' id='word_1_101' title='bbox 1026 1357 1086 1414; x_wconf 92' lang='lat' dir='ltr'><strong>S.</strong></span> <span class='ocrx_word' id='word_1_102' title='bbox 1116 1358 1305 1427; x_wconf 81' lang='lat' dir='ltr'><strong>Maria,</strong></span> <span class='ocrx_word' id='word_1_103' title='bbox 1329 1357 1413 1414; x_wconf 88' lang='lat' dir='ltr'><strong>vir</strong></span> <span class='ocrx_word' id='word_1_104' title='bbox 1432 1357 1502 1415; x_wconf 89' lang='lat' dir='ltr'><strong>de</strong></span> <span class='ocrx_word' id='word_1_105' title='bbox 1529 1374 1589 1414; x_wconf 90' lang='lat' dir='ltr'><strong>re</strong></span> <span class='ocrx_word' id='word_1_106' title='bbox 1617 1356 1807 1414; x_wconf 90' lang='lat' dir='ltr'><strong>critica</strong></span> <span class='ocrx_word' id='word_1_107' title='bbox 1829 1357 2035 1429; x_wconf 90' lang='lat' dir='ltr'><strong>optime</strong></span> 
     </span>
    </p>
   </div>
   <div class='ocr_carea' id='block_1_16' title="bbox 431 1449 2032 1522">
    <p class='ocr_par' dir='ltr' id='par_1_16' title="bbox 431 1449 2032 1522">
     <span class='ocr_line' id='line_1_16' title="bbox 431 1449 2032 1522; baseline -0.002 -13"><span class='ocrx_word' id='word_1_108' title='bbox 431 1454 678 1520; x_wconf 88' lang='lat' dir='ltr'><strong>meritus,</strong></span> <span class='ocrx_word' id='word_1_109' title='bbox 712 1452 1148 1520; x_wconf 87' lang='lat' dir='ltr'><strong>Carmelitarum,</strong></span> <span class='ocrx_word' id='word_1_110' title='bbox 1196 1465 1335 1522; x_wconf 90' lang='lat' dir='ltr'><strong>quos</strong></span> <span class='ocrx_word' id='word_1_111' title='bbox 1359 1449 1702 1507; x_wconf 79' lang='lat' dir='ltr'><strong>excalceatus</strong></span> <span class='ocrx_word' id='word_1_112' title='bbox 1733 1452 2032 1522; x_wconf 82' lang='lat' dir='ltr'><strong>appellant,</strong></span> 
     </span>
    </p>
   </div>
   <div class='ocr_carea' id='block_1_17' title="bbox 426 1541 2035 1614">
    <p class='ocr_par' dir='ltr' id='par_1_17' title="bbox 426 1541 2035 1614">
     <span class='ocr_line' id='line_1_17' title="bbox 426 1541 2035 1614; baseline -0.001 -14"><span class='ocrx_word' id='word_1_113' title='bbox 426 1545 697 1601; x_wconf 89' lang='lat' dir='ltr'><strong>alumnus.</strong></span> <span class='ocrx_word' id='word_1_114' title='bbox 735 1544 1118 1603; x_wconf 89' lang='lat' dir='ltr'><strong>Tillemontius</strong></span> <span class='ocrx_word' id='word_1_115' title='bbox 1147 1542 1416 1614; x_wconf 81' lang='lat' dir='ltr'><strong>siquidem</strong></span> <span class='ocrx_word' id='word_1_116' title='bbox 1442 1557 1567 1598; x_wconf 87' lang='lat' dir='ltr'><strong>cum</strong></span> <span class='ocrx_word' id='word_1_117' title='bbox 1581 1541 1913 1599; x_wconf 79' lang='lat' dir='ltr'><strong>Pontiﬁcalis</strong></span> <span class='ocrx_word' id='word_1_118' title='bbox 1941 1558 2035 1599; x_wconf 85' lang='lat' dir='ltr'><strong>au-</strong></span> 
     </span>
    </p>
   </div>
   <div class='ocr_carea' id='block_1_18' title="bbox 424 1635 2038 1711">
    <p class='ocr_par' dir='ltr' id='par_1_18' title="bbox 424 1635 2038 1711">
     <span class='ocr_line' id='line_1_18' title="bbox 424 1635 2038 1711; baseline -0.002 -16"><span class='ocrx_word' id='word_1_119' title='bbox 424 1639 676 1696; x_wconf 86' lang='lat' dir='ltr'><strong>ctoritate</strong></span> <span class='ocrx_word' id='word_1_120' title='bbox 705 1638 910 1711; x_wconf 75' lang='lat' dir='ltr'><strong>indiget</strong></span> <span class='ocrx_word' id='word_1_121' title='bbox 932 1678 949 1706; x_wconf 88' lang='lat'><strong>,</strong></span> <span class='ocrx_word' id='word_1_122' title='bbox 997 1652 1125 1694; x_wconf 89' lang='lat' dir='ltr'><strong>suas</strong></span> <span class='ocrx_word' id='word_1_123' title='bbox 1155 1636 1224 1693; x_wconf 90' lang='lat' dir='ltr'><strong>ad</strong></span> <span class='ocrx_word' id='word_1_124' title='bbox 1249 1635 1610 1692; x_wconf 88' lang='lat' dir='ltr'><strong>adstruendas</strong></span> <span class='ocrx_word' id='word_1_125' title='bbox 1640 1636 1926 1707; x_wconf 87' lang='lat' dir='ltr'><strong>opiniones</strong></span> <span class='ocrx_word' id='word_1_126' title='bbox 1971 1635 2038 1692; x_wconf 87' lang='lat' dir='ltr'><strong>il-</strong></span> 
     </span>
    </p>
   </div>
   <div class='ocr_carea' id='block_1_19' title="bbox 426 1727 2119 1800">
    <p class='ocr_par' dir='ltr' id='par_1_19' title="bbox 426 1727 2119 1800">
     <span class='ocr_line' id='line_1_19' title="bbox 426 1727 2119 1800; baseline -0.003 -13"><span class='ocrx_word' id='word_1_127' title='bbox 426 1732 521 1789; x_wconf 92' lang='lat' dir='ltr'><strong>lud</strong></span> <span class='ocrx_word' id='word_1_128' title='bbox 546 1732 927 1796; x_wconf 84' lang='lat' dir='ltr'><strong>commendat;</strong></span> <span class='ocrx_word' id='word_1_129' title='bbox 961 1730 1007 1785; x_wconf 90' lang='lat' dir='ltr'><strong>si</strong></span> <span class='ocrx_word' id='word_1_130' title='bbox 1050 1744 1180 1787; x_wconf 88' lang='lat' dir='ltr'><strong>vero</strong></span> <span class='ocrx_word' id='word_1_131' title='bbox 1219 1728 1542 1785; x_wconf 78' lang='lat' dir='ltr'><strong>adversetur</strong></span> <span class='ocrx_word' id='word_1_132' title='bbox 1593 1731 1824 1800; x_wconf 84' lang='lat' dir='ltr'><strong>spernit.</strong></span> <span class='ocrx_word' id='word_1_133' title='bbox 1883 1727 2038 1783; x_wconf 86' lang='lat' dir='ltr'><strong>Tiile-</strong></span> <span class='ocrx_word' id='word_1_134' title='bbox 2069 1734 2119 1795; x_wconf 81' lang='grc' dir='ltr'><strong>Β</strong></span> 
     </span>
    </p>
   </div>
   <div class='ocr_carea' id='block_1_20' title="bbox 428 1819 2042 1897">
    <p class='ocr_par' dir='ltr' id='par_1_20' title="bbox 428 1819 2042 1897">
     <span class='ocr_line' id='line_1_20' title="bbox 428 1819 2042 1897; baseline -0.001 -18"><span class='ocrx_word' id='word_1_135' title='bbox 428 1825 651 1885; x_wconf 74' lang='lat' dir='ltr'><strong>manlius</strong></span> <span class='ocrx_word' id='word_1_136' title='bbox 720 1823 821 1897; x_wconf 87' lang='lat' dir='ltr'><strong>(ita</strong></span> <span class='ocrx_word' id='word_1_137' title='bbox 870 1821 1118 1879; x_wconf 86' lang='lat' dir='ltr'><strong>laudatus</strong></span> <span class='ocrx_word' id='word_1_138' title='bbox 1162 1820 1379 1892; x_wconf 85' lang='lat' dir='ltr'><strong>auctor)</strong></span> <span class='ocrx_word' id='word_1_139' title='bbox 1437 1819 1621 1877; x_wconf 86' lang='lat' dir='ltr'><strong>Indice</strong></span> <span class='ocrx_word' id='word_1_140' title='bbox 1669 1822 1769 1876; x_wconf 81' lang='lat' dir='ltr'><strong>ltoc</strong></span> <span class='ocrx_word' id='word_1_141' title='bbox 1809 1822 1877 1877; x_wconf 87' lang='lat' dir='ltr'><strong>ad</strong></span> <span class='ocrx_word' id='word_1_142' title='bbox 1904 1822 2042 1878; x_wconf 85' lang='lat' dir='ltr'><strong>diem</strong></span> 
     </span>
    </p>
   </div>
   <div class='ocr_carea' id='block_1_21' title="bbox 433 1914 2042 1990">
    <p class='ocr_par' dir='ltr' id='par_1_21' title="bbox 433 1914 2042 1990">
     <span class='ocr_line' id='line_1_21' title="bbox 433 1914 2042 1990; baseline -0.001 -17"><span class='ocrx_word' id='word_1_143' title='bbox 433 1918 601 1973; x_wconf 86' lang='lat' dir='ltr'><strong>obitus</strong></span> <span class='ocrx_word' id='word_1_144' title='bbox 627 1916 981 1990; x_wconf 84' lang='lat' dir='ltr'><strong>apostolorum</strong></span> <span class='ocrx_word' id='word_1_145' title='bbox 1009 1915 1429 1971; x_wconf 83' lang='lat' dir='ltr'><strong>constituendum</strong></span> <span class='ocrx_word' id='word_1_146' title='bbox 1458 1931 1590 1985; x_wconf 86' lang='lat' dir='ltr'><strong>opus</strong></span> <span class='ocrx_word' id='word_1_147' title='bbox 1617 1914 1806 1970; x_wconf 83' lang='lat' dir='ltr'><strong>habens</strong></span> <span class='ocrx_word' id='word_1_148' title='bbox 1829 1956 1844 1981; x_wconf 96' lang='lat'><strong>,</strong></span> <span class='ocrx_word' id='word_1_149' title='bbox 1890 1916 2042 1971; x_wconf 89' lang='lat' dir='ltr'><strong>illum</strong></span> 
     </span>
    </p>
   </div>
   <div class='ocr_carea' id='block_1_22' title="bbox 435 2007 2041 2080">
    <p class='ocr_par' dir='ltr' id='par_1_22' title="bbox 435 2007 2041 2080">
     <span class='ocr_line' id='line_1_22' title="bbox 435 2007 2041 2080; baseline -0.003 -11"><span class='ocrx_word' id='word_1_150' title='bbox 435 2030 539 2073; x_wconf 85' lang='lat' dir='ltr'><strong>non</strong></span> <span class='ocrx_word' id='word_1_151' title='bbox 564 2013 674 2069; x_wconf 85' lang='lat' dir='ltr'><strong>sine</strong></span> <span class='ocrx_word' id='word_1_152' title='bbox 700 2010 856 2070; x_wconf 83' lang='lat' dir='ltr'><strong>laude</strong></span> <span class='ocrx_word' id='word_1_153' title='bbox 894 2011 1147 2067; x_wconf 79' lang='lat' dir='ltr'><strong>nominat.</strong></span> <span class='ocrx_word' id='word_1_154' title='bbox 1175 2008 1285 2065; x_wconf 86' lang='lat' dir='ltr'><strong>Sed</strong></span> <span class='ocrx_word' id='word_1_155' title='bbox 1316 2022 1439 2063; x_wconf 89' lang='lat' dir='ltr'><strong>cum</strong></span> <span class='ocrx_word' id='word_1_156' title='bbox 1473 2007 1620 2064; x_wconf 87' lang='lat' dir='ltr'><strong>idem</strong></span> <span class='ocrx_word' id='word_1_157' title='bbox 1664 2007 1734 2063; x_wconf 88' lang='lat' dir='ltr'><strong>ab</strong></span> <span class='ocrx_word' id='word_1_158' title='bbox 1775 2008 1893 2078; x_wconf 86' lang='lat' dir='ltr'><strong>ejus</strong></span> <span class='ocrx_word' id='word_1_159' title='bbox 1921 2010 2041 2080; x_wconf 85' lang='lat' dir='ltr'><strong>opi-</strong></span> 
     </span>
    </p>
   </div>
   <div class='ocr_carea' id='block_1_23' title="bbox 436 2100 2045 2170">
    <p class='ocr_par' dir='ltr' id='par_1_23' title="bbox 436 2100 2045 2170">
     <span class='ocr_line' id='line_1_23' title="bbox 436 2100 2045 2170; baseline -0.004 -8"><span class='ocrx_word' id='word_1_160' title='bbox 436 2106 600 2165; x_wconf 89' lang='lat' dir='ltr'><strong>nione</strong></span> <span class='ocrx_word' id='word_1_161' title='bbox 644 2103 918 2161; x_wconf 86' lang='lat' dir='ltr'><strong>dissentiat</strong></span> <span class='ocrx_word' id='word_1_162' title='bbox 948 2103 1013 2157; x_wconf 89' lang='lat' dir='ltr'><strong>de</strong></span> <span class='ocrx_word' id='word_1_163' title='bbox 1052 2117 1190 2159; x_wconf 88' lang='lat' dir='ltr'><strong>anno</strong></span> <span class='ocrx_word' id='word_1_164' title='bbox 1237 2101 1405 2156; x_wconf 67' lang='lat' dir='ltr'><strong>exitus</strong></span> <span class='ocrx_word' id='word_1_165' title='bbox 1447 2100 1844 2170; x_wconf 84' lang='lat' dir='ltr'><strong>apostolorum,</strong></span> <span class='ocrx_word' id='word_1_166' title='bbox 1894 2116 2045 2169; x_wconf 84' lang='lat' dir='ltr'><strong>quens</strong></span> 
     </span>
    </p>
   </div>
   <div class='ocr_carea' id='block_1_24' title="bbox 435 2190 2041 2260">
    <p class='ocr_par' dir='ltr' id='par_1_24' title="bbox 435 2190 2041 2260">
     <span class='ocr_line' id='line_1_24' title="bbox 435 2190 2041 2260; baseline -0.004 -8"><span class='ocrx_word' id='word_1_167' title='bbox 435 2196 799 2253; x_wconf 83' lang='lat' dir='ltr'><strong>Tillemontius</strong></span> <span class='ocrx_word' id='word_1_168' title='bbox 846 2195 900 2249; x_wconf 90' lang='lat' dir='ltr'><strong>in</strong></span> <span class='ocrx_word' id='word_1_169' title='bbox 945 2210 1137 2251; x_wconf 86' lang='lat' dir='ltr'><strong>annum</strong></span> <span class='ocrx_word' id='word_1_170' title='bbox 1163 2191 1235 2248; x_wconf 86' lang='lat'><strong>66</strong></span> <span class='ocrx_word' id='word_1_171' title='bbox 1256 2232 1272 2259; x_wconf 88' lang='lat'><strong>,</strong></span> <span class='ocrx_word' id='word_1_172' title='bbox 1303 2190 1592 2247; x_wconf 85' lang='lat' dir='ltr'><strong>Bucherius</strong></span> <span class='ocrx_word' id='word_1_173' title='bbox 1633 2193 1689 2246; x_wconf 88' lang='lat' dir='ltr'><strong>in</strong></span> <span class='ocrx_word' id='word_1_174' title='bbox 1712 2208 1908 2249; x_wconf 88' lang='lat' dir='ltr'><strong>annum</strong></span> <span class='ocrx_word' id='word_1_175' title='bbox 1932 2192 2002 2248; x_wconf 85' lang='lat'><strong>65</strong></span> <span class='ocrx_word' id='word_1_176' title='bbox 2024 2235 2041 2260; x_wconf 88' lang='lat'><strong>,</strong></span> 
     </span>
    </p>
   </div>
   <div class='ocr_carea' id='block_1_25' title="bbox 437 2284 2042 2357">
    <p class='ocr_par' dir='ltr' id='par_1_25' title="bbox 437 2284 2042 2357">
     <span class='ocr_line' id='line_1_25' title="bbox 437 2284 2042 2357; baseline -0.005 -11"><span class='ocrx_word' id='word_1_177' title='bbox 437 2290 680 2347; x_wconf 71' lang='lat' dir='ltr'><strong>incidisse</strong></span> <span class='ocrx_word' id='word_1_178' title='bbox 718 2286 951 2345; x_wconf 89' lang='lat' dir='ltr'><strong>tradunt.</strong></span> <span class='ocrx_word' id='word_1_179' title='bbox 994 2295 1207 2352; x_wconf 85' lang='lat' dir='ltr'><strong>tum...,</strong></span> <span class='ocrx_word' id='word_1_180' title='bbox 1273 2300 1466 2357; x_wconf 88' lang='lat' dir='ltr'><strong>parum</strong></span> <span class='ocrx_word' id='word_1_181' title='bbox 1523 2284 1692 2341; x_wconf 88' lang='lat' dir='ltr'><strong>refert</strong></span> <span class='ocrx_word' id='word_1_182' title='bbox 1738 2284 2042 2357; x_wconf 89' lang='lat' dir='ltr'><strong>(subjicit)</strong></span> 
     </span>
    </p>
   </div>
   <div class='ocr_carea' id='block_1_26' title="bbox 439 2375 2047 2454">
    <p class='ocr_par' dir='ltr' id='par_1_26' title="bbox 439 2375 2047 2454">
     <span class='ocr_line' id='line_1_26' title="bbox 439 2375 2047 2454; baseline -0.003 -15"><span class='ocrx_word' id='word_1_183' title='bbox 439 2382 568 2454; x_wconf 90' lang='lat' dir='ltr'><strong>quid</strong></span> <span class='ocrx_word' id='word_1_184' title='bbox 600 2382 766 2441; x_wconf 83' lang='lat' dir='ltr'><strong>Index</strong></span> <span class='ocrx_word' id='word_1_185' title='bbox 794 2379 882 2437; x_wconf 90' lang='lat' dir='ltr'><strong>hic</strong></span> <span class='ocrx_word' id='word_1_186' title='bbox 910 2387 1111 2447; x_wconf 86' lang='lat' dir='ltr'><strong>narret,</strong></span> <span class='ocrx_word' id='word_1_187' title='bbox 1147 2387 1352 2433; x_wconf 91' lang='lat' dir='ltr'><strong>tenere.</strong></span> <span class='ocrx_word' id='word_1_188' title='bbox 1388 2375 1558 2433; x_wconf 88' lang='lat' dir='ltr'><strong>Totus</strong></span> <span class='ocrx_word' id='word_1_189' title='bbox 1585 2375 1729 2433; x_wconf 88' lang='lat' dir='ltr'><strong>enim</strong></span> <span class='ocrx_word' id='word_1_190' title='bbox 1760 2376 1814 2431; x_wconf 94' lang='lat' dir='ltr'><strong>in</strong></span> <span class='ocrx_word' id='word_1_191' title='bbox 1858 2390 2047 2434; x_wconf 88' lang='lat' dir='ltr'><strong>errore</strong></span> 
     </span>
    </p>
   </div>
   <div class='ocr_carea' id='block_1_27' title="bbox 441 2465 2046 2544">
    <p class='ocr_par' dir='ltr' id='par_1_27' title="bbox 441 2465 2046 2544">
     <span class='ocr_line' id='line_1_27' title="bbox 441 2465 2046 2544; baseline -0.005 -14"><span class='ocrx_word' id='word_1_192' title='bbox 441 2477 512 2531; x_wconf 89' lang='lat' dir='ltr'><strong>ad</strong></span> <span class='ocrx_word' id='word_1_193' title='bbox 556 2474 820 2537; x_wconf 79' lang='lat' dir='ltr'><strong>Atherom</strong></span> <span class='ocrx_word' id='word_1_194' title='bbox 850 2486 1020 2544; x_wconf 91' lang='lat' dir='ltr'><strong>usque</strong></span> <span class='ocrx_word' id='word_1_195' title='bbox 1061 2481 1408 2538; x_wconf 88' lang='lat' dir='ltr'><strong>versatur...,</strong></span> <span class='ocrx_word' id='word_1_196' title='bbox 1457 2466 1717 2525; x_wconf 86' lang='lat' dir='ltr'><strong>Baronius</strong></span> <span class='ocrx_word' id='word_1_197' title='bbox 1746 2469 1903 2542; x_wconf 82' lang='lat' dir='ltr'><strong>hujus</strong></span> <span class='ocrx_word' id='word_1_198' title='bbox 1930 2465 2046 2523; x_wconf 83' lang='lat' dir='ltr'><strong>Da-</strong></span> 
     </span>
    </p>
   </div>
   <div class='ocr_carea' id='block_1_28' title="bbox 451 2562 2045 2637">
    <p class='ocr_par' dir='ltr' id='par_1_28' title="bbox 451 2562 2045 2637">
     <span class='ocr_line' id='line_1_28' title="bbox 451 2562 2045 2637; baseline -0.001 -14"><span class='ocrx_word' id='word_1_199' title='bbox 451 2568 582 2622; x_wconf 85' lang='lat' dir='ltr'><strong>masi</strong></span> <span class='ocrx_word' id='word_1_200' title='bbox 610 2564 940 2637; x_wconf 80' lang='lat' dir='ltr'><strong>Pontiﬁcalia</strong></span> <span class='ocrx_word' id='word_1_201' title='bbox 965 2565 1272 2623; x_wconf 86' lang='lat' dir='ltr'><strong>auctoritate</strong></span> <span class='ocrx_word' id='word_1_202' title='bbox 1297 2564 1606 2633; x_wconf 77' lang='lat' dir='ltr'><strong>conﬁrmare</strong></span> <span class='ocrx_word' id='word_1_203' title='bbox 1632 2565 1811 2620; x_wconf 85' lang='lat' dir='ltr'><strong>nititur</strong></span> <span class='ocrx_word' id='word_1_204' title='bbox 1832 2604 1848 2632; x_wconf 89' lang='lat'><strong>,</strong></span> <span class='ocrx_word' id='word_1_205' title='bbox 1870 2562 2045 2621; x_wconf 69' lang='lat' dir='ltr'><strong>Colitu-</strong></span> 
     </span>
    </p>
   </div>
   <div class='ocr_carea' id='block_1_29' title="bbox 450 2657 2048 2733">
    <p class='ocr_par' dir='ltr' id='par_1_29' title="bbox 450 2657 2048 2733">
     <span class='ocr_line' id='line_1_29' title="bbox 450 2657 2048 2733; baseline 0.004 -18"><span class='ocrx_word' id='word_1_206' title='bbox 450 2675 561 2723; x_wconf 79' lang='lat' dir='ltr'><strong>tum</strong></span> <span class='ocrx_word' id='word_1_207' title='bbox 608 2660 904 2732; x_wconf 77' lang='lat' dir='ltr'><strong>pontiﬁcem</strong></span> <span class='ocrx_word' id='word_1_208' title='bbox 951 2658 1113 2715; x_wconf 69' lang='lat' dir='ltr'><strong>(edem</strong></span> <span class='ocrx_word' id='word_1_209' title='bbox 1151 2657 1327 2715; x_wconf 77' lang='lat' dir='ltr'><strong>Beata:</strong></span> <span class='ocrx_word' id='word_1_210' title='bbox 1375 2658 1577 2733; x_wconf 81' lang='lat' dir='ltr'><strong>Virgini</strong></span> <span class='ocrx_word' id='word_1_211' title='bbox 1645 2671 1786 2716; x_wconf 87' lang='lat' dir='ltr'><strong>trans</strong></span> <span class='ocrx_word' id='word_1_212' title='bbox 1822 2658 2048 2721; x_wconf 80' lang='lat' dir='ltr'><strong>Tiberim</strong></span> 
     </span>
    </p>
   </div>
   <div class='ocr_carea' id='block_1_30' title="bbox 448 2755 2048 2821">
    <p class='ocr_par' dir='ltr' id='par_1_30' title="bbox 448 2755 2048 2821">
     <span class='ocr_line' id='line_1_30' title="bbox 448 2755 2048 2821; baseline -0.004 -5"><span class='ocrx_word' id='word_1_213' title='bbox 448 2760 846 2818; x_wconf 82' lang='lat' dir='ltr'><strong>construendum</strong></span> <span class='ocrx_word' id='word_1_214' title='bbox 872 2774 1102 2814; x_wconf 81' lang='lat' dir='ltr'><strong>curasse.</strong></span> <span class='ocrx_word' id='word_1_215' title='bbox 1151 2759 1216 2814; x_wconf 82' lang='lat' dir='ltr'><strong>At</strong></span> <span class='ocrx_word' id='word_1_216' title='bbox 1255 2756 1614 2812; x_wconf 85' lang='lat' dir='ltr'><strong>Tillemontius</strong></span> <span class='ocrx_word' id='word_1_217' title='bbox 1651 2756 1871 2821; x_wconf 83' lang='lat' dir='ltr'><strong>ueritus,</strong></span> <span class='ocrx_word' id='word_1_218' title='bbox 1903 2771 1968 2810; x_wconf 83' lang='lat' dir='ltr'><strong>ne</strong></span> <span class='ocrx_word' id='word_1_219' title='bbox 1992 2755 2048 2810; x_wconf 87' lang='lat' dir='ltr'><strong>id</strong></span> 
     </span>
    </p>
   </div>
   <div class='ocr_carea' id='block_1_31' title="bbox 456 2850 2047 2925">
    <p class='ocr_par' dir='ltr' id='par_1_31' title="bbox 456 2850 2047 2925">
     <span class='ocr_line' id='line_1_31' title="bbox 456 2850 2047 2925; baseline -0.004 -15"><span class='ocrx_word' id='word_1_220' title='bbox 456 2856 722 2912; x_wconf 69' lang='lat' dir='ltr'><strong>sententia:</strong></span> <span class='ocrx_word' id='word_1_221' title='bbox 745 2870 857 2911; x_wconf 72' lang='lat' dir='ltr'><strong>sum</strong></span> <span class='ocrx_word' id='word_1_222' title='bbox 883 2853 948 2915; x_wconf 78' lang='lat' dir='ltr'><strong>de</strong></span> <span class='ocrx_word' id='word_1_223' title='bbox 977 2853 1150 2909; x_wconf 74' lang='lat' dir='ltr'><strong>Maria</strong></span> <span class='ocrx_word' id='word_1_224' title='bbox 1182 2852 1391 2925; x_wconf 76' lang='lat' dir='ltr'><strong>Virgine</strong></span> <span class='ocrx_word' id='word_1_225' title='bbox 1422 2850 1617 2922; x_wconf 85' lang='lat' dir='ltr'><strong>Ephesi</strong></span> <span class='ocrx_word' id='word_1_226' title='bbox 1641 2852 1927 2922; x_wconf 81' lang='lat' dir='ltr'><strong>quiescente</strong></span> <span class='ocrx_word' id='word_1_227' title='bbox 1959 2850 2047 2904; x_wconf 87' lang='lat' dir='ltr'><strong>de-</strong></span> 
     </span>
    </p>
   </div>
   <div class='ocr_carea' id='block_1_32' title="bbox 448 2942 2051 3020">
    <p class='ocr_par' dir='ltr' id='par_1_32' title="bbox 448 2942 2051 3020">
     <span class='ocr_line' id='line_1_32' title="bbox 448 2942 2051 3020; baseline -0.005 -16"><span class='ocrx_word' id='word_1_228' title='bbox 448 2950 688 3005; x_wconf 87' lang='lat' dir='ltr'><strong>trimento</strong></span> <span class='ocrx_word' id='word_1_229' title='bbox 714 2956 868 3013; x_wconf 81' lang='lat' dir='ltr'><strong>esset,</strong></span> <span class='ocrx_word' id='word_1_230' title='bbox 915 2951 1064 3020; x_wconf 81' lang='lat' dir='ltr'><strong>cujus</strong></span> <span class='ocrx_word' id='word_1_231' title='bbox 1086 2960 1191 3003; x_wconf 76' lang='lat' dir='ltr'><strong>non</strong></span> <span class='ocrx_word' id='word_1_232' title='bbox 1221 2944 1382 3001; x_wconf 78' lang='lat' dir='ltr'><strong>levius</strong></span> <span class='ocrx_word' id='word_1_233' title='bbox 1408 2954 1794 3000; x_wconf 77' lang='lat' dir='ltr'><strong>monumentum</strong></span> <span class='ocrx_word' id='word_1_234' title='bbox 1822 2953 1896 2999; x_wconf 81' lang='lat' dir='ltr'><strong>est</strong></span> <span class='ocrx_word' id='word_1_235' title='bbox 1913 2982 1930 3013; x_wconf 92' lang='lat'><strong>,</strong></span> <span class='ocrx_word' id='word_1_236' title='bbox 1980 2942 2051 2997; x_wconf 86' lang='lat' dir='ltr'><strong>ibi</strong></span> 
     </span>
    </p>
   </div>
   <div class='ocr_carea' id='block_1_33' title="bbox 449 3038 2049 3113">
    <p class='ocr_par' dir='ltr' id='par_1_33' title="bbox 449 3038 2049 3113">
     <span class='ocr_line' id='line_1_33' title="bbox 449 3038 2049 3113; baseline -0.001 -16"><span class='ocrx_word' id='word_1_237' title='bbox 449 3044 609 3113; x_wconf 81' lang='lat' dir='ltr'><strong>fuisse</strong></span> <span class='ocrx_word' id='word_1_238' title='bbox 635 3041 882 3111; x_wconf 88' lang='lat' dir='ltr'><strong>templunt</strong></span> <span class='ocrx_word' id='word_1_239' title='bbox 911 3038 1155 3112; x_wconf 60' lang='grc' dir='ltr'><strong>Πείραιε</strong></span> <span class='ocrx_word' id='word_1_240' title='bbox 1184 3049 1534 3095; x_wconf 82' lang='lat' dir='ltr'><strong>consecratum</strong></span> <span class='ocrx_word' id='word_1_241' title='bbox 1561 3079 1575 3105; x_wconf 92' lang='lat'><strong>,</strong></span> <span class='ocrx_word' id='word_1_242' title='bbox 1606 3040 1746 3111; x_wconf 85' lang='lat' dir='ltr'><strong>quod</strong></span> <span class='ocrx_word' id='word_1_243' title='bbox 1772 3056 1933 3095; x_wconf 87' lang='lat' dir='ltr'><strong>unum</strong></span> <span class='ocrx_word' id='word_1_244' title='bbox 1959 3054 2049 3113; x_wconf 80' lang='lat' dir='ltr'><strong>per</strong></span> 
     </span>
    </p>
   </div>
   <div class='ocr_carea' id='block_1_34' title="bbox 2132 432 3741 505">
    <p class='ocr_par' dir='ltr' id='par_1_34' title="bbox 2132 432 3741 505">
     <span class='ocr_line' id='line_1_34' title="bbox 2132 432 3741 505; baseline -0.002 -14"><span class='ocrx_word' id='word_1_245' title='bbox 2132 450 2253 491; x_wconf 67' lang='lat' dir='ltr'><strong>navo</strong></span> <span class='ocrx_word' id='word_1_246' title='bbox 2282 435 2676 505; x_wconf 78' lang='lat' dir='ltr'><strong>apostolorum,</strong></span> <span class='ocrx_word' id='word_1_247' title='bbox 2728 450 2793 492; x_wconf 90' lang='lat' dir='ltr'><strong>ac</strong></span> <span class='ocrx_word' id='word_1_248' title='bbox 2826 434 3066 491; x_wconf 89' lang='lat' dir='ltr'><strong>secundo</strong></span> <span class='ocrx_word' id='word_1_249' title='bbox 3103 433 3352 491; x_wconf 68' lang='lat' dir='ltr'><strong>ecclesias</strong></span> <span class='ocrx_word' id='word_1_250' title='bbox 3392 432 3614 500; x_wconf 69' lang='lat' dir='ltr'><strong>smenlo,</strong></span> <span class='ocrx_word' id='word_1_251' title='bbox 3648 448 3741 504; x_wconf 88' lang='lat' dir='ltr'><strong>po-</strong></span> 
     </span>
    </p>
   </div>
   <div class='ocr_carea' id='block_1_35' title="bbox 2135 525 3736 603">
    <p class='ocr_par' dir='ltr' id='par_1_35' title="bbox 2135 525 3736 603">
     <span class='ocr_line' id='line_1_35' title="bbox 2135 525 3736 603; baseline -0.001 -21"><span class='ocrx_word' id='word_1_252' title='bbox 2135 528 2407 582; x_wconf 89' lang='lat' dir='ltr'><strong>tissimum</strong></span> <span class='ocrx_word' id='word_1_253' title='bbox 2463 542 2593 585; x_wconf 87' lang='lat' dir='ltr'><strong>vero</strong></span> <span class='ocrx_word' id='word_1_254' title='bbox 2643 530 2803 585; x_wconf 90' lang='lat' dir='ltr'><strong>tertio</strong></span> <span class='ocrx_word' id='word_1_255' title='bbox 2841 528 3114 600; x_wconf 85' lang='lat' dir='ltr'><strong>publicas,</strong></span> <span class='ocrx_word' id='word_1_256' title='bbox 3172 541 3237 582; x_wconf 87' lang='lat' dir='ltr'><strong>ac</strong></span> <span class='ocrx_word' id='word_1_257' title='bbox 3287 525 3601 603; x_wconf 80' lang='lat' dir='ltr'><strong>frequentes</strong></span> <span class='ocrx_word' id='word_1_258' title='bbox 3638 526 3736 581; x_wconf 85' lang='lat' dir='ltr'><strong>ha-</strong></span> 
     </span>
    </p>
   </div>
   <div class='ocr_carea' id='block_1_36' title="bbox 2133 617 3738 689">
    <p class='ocr_par' dir='ltr' id='par_1_36' title="bbox 2133 617 3738 689">
     <span class='ocr_line' id='line_1_36' title="bbox 2133 617 3738 689; baseline -0.001 -14"><span class='ocrx_word' id='word_1_259' title='bbox 2133 618 2321 677; x_wconf 85' lang='lat' dir='ltr'><strong>buisse</strong></span> <span class='ocrx_word' id='word_1_260' title='bbox 2351 619 2686 676; x_wconf 87' lang='lat' dir='ltr'><strong>Christianos</strong></span> <span class='ocrx_word' id='word_1_261' title='bbox 2722 620 3002 685; x_wconf 83' lang='lat' dir='ltr'><strong>ecclesias,</strong></span> <span class='ocrx_word' id='word_1_262' title='bbox 3046 617 3318 689; x_wconf 65' lang='lat' dir='ltr'><strong>praecipue</strong></span> <span class='ocrx_word' id='word_1_263' title='bbox 3334 632 3466 675; x_wconf 87' lang='lat' dir='ltr'><strong>vero</strong></span> <span class='ocrx_word' id='word_1_264' title='bbox 3497 618 3738 675; x_wconf 80' lang='lat' dir='ltr'><strong>Alexan-</strong></span> 
     </span>
    </p>
   </div>
   <div class='ocr_carea' id='block_1_37' title="bbox 2134 710 3740 786">
    <p class='ocr_par' dir='ltr' id='par_1_37' title="bbox 2134 710 3740 786">
     <span class='ocr_line' id='line_1_37' title="bbox 2134 710 3740 786; baseline 0.001 -19"><span class='ocrx_word' id='word_1_265' title='bbox 2134 711 2238 767; x_wconf 90' lang='lat' dir='ltr'><strong>dro</strong></span> <span class='ocrx_word' id='word_1_266' title='bbox 2267 726 2331 767; x_wconf 87' lang='lat' dir='ltr'><strong>ac</strong></span> <span class='ocrx_word' id='word_1_267' title='bbox 2375 710 2642 784; x_wconf 85' lang='lat' dir='ltr'><strong>Philippis</strong></span> <span class='ocrx_word' id='word_1_268' title='bbox 2681 712 3096 785; x_wconf 86' lang='lat' dir='ltr'><strong>imperantibus.</strong></span> <span class='ocrx_word' id='word_1_269' title='bbox 3139 712 3196 768; x_wconf 90' lang='lat' dir='ltr'><strong>S.</strong></span> <span class='ocrx_word' id='word_1_270' title='bbox 3228 711 3411 786; x_wconf 87' lang='lat' dir='ltr'><strong>itaque</strong></span> <span class='ocrx_word' id='word_1_271' title='bbox 3458 711 3740 769; x_wconf 77' lang='lat' dir='ltr'><strong>Zenonem</strong></span> 
     </span>
    </p>
   </div>
   <div class='ocr_carea' id='block_1_38' title="bbox 2135 803 3744 863">
    <p class='ocr_par' dir='ltr' id='par_1_38' title="bbox 2135 803 3744 863">
     <span class='ocr_line' id='line_1_38' title="bbox 2135 803 3744 863; baseline 0.001 -3"><span class='ocrx_word' id='word_1_272' title='bbox 2135 805 2427 863; x_wconf 82' lang='lat' dir='ltr'><strong>occasione</strong></span> <span class='ocrx_word' id='word_1_273' title='bbox 2464 821 2619 861; x_wconf 82' lang='lat' dir='ltr'><strong>novae</strong></span> <span class='ocrx_word' id='word_1_274' title='bbox 2645 815 2974 863; x_wconf 63' lang='lat' dir='ltr'><strong>constructa:</strong></span> <span class='ocrx_word' id='word_1_275' title='bbox 3019 805 3264 861; x_wconf 61' lang='lat' dir='ltr'><strong>ecclesia;</strong></span> <span class='ocrx_word' id='word_1_276' title='bbox 3300 818 3610 861; x_wconf 84' lang='lat' dir='ltr'><strong>sermonem</strong></span> <span class='ocrx_word' id='word_1_277' title='bbox 3645 803 3744 861; x_wconf 86' lang='lat' dir='ltr'><strong>ha-</strong></span> 
     </span>
    </p>
   </div>
   <div class='ocr_carea' id='block_1_39' title="bbox 2138 898 3738 973">
    <p class='ocr_par' dir='ltr' id='par_1_39' title="bbox 2138 898 3738 973">
     <span class='ocr_line' id='line_1_39' title="bbox 2138 898 3738 973; baseline -0.001 -17"><span class='ocrx_word' id='word_1_278' title='bbox 2138 901 2357 957; x_wconf 84' lang='lat' dir='ltr'><strong>bentem</strong></span> <span class='ocrx_word' id='word_1_279' title='bbox 2383 943 2397 970; x_wconf 92' lang='lat'><strong>,</strong></span> <span class='ocrx_word' id='word_1_280' title='bbox 2449 912 2702 973; x_wconf 88' lang='lat' dir='ltr'><strong>quartum</strong></span> <span class='ocrx_word' id='word_1_281' title='bbox 2741 902 3000 958; x_wconf 69' lang='lat' dir='ltr'><strong>saeculum</strong></span> <span class='ocrx_word' id='word_1_282' title='bbox 3038 899 3284 971; x_wconf 79' lang='lat' dir='ltr'><strong>attigisse</strong></span> <span class='ocrx_word' id='word_1_283' title='bbox 3314 898 3537 956; x_wconf 88' lang='lat' dir='ltr'><strong>minime</strong></span> <span class='ocrx_word' id='word_1_284' title='bbox 3574 914 3738 971; x_wconf 87' lang='lat' dir='ltr'><strong>repu-</strong></span> 
     </span>
    </p>
   </div>
   <div class='ocr_carea' id='block_1_40' title="bbox 2140 992 3741 1059">
    <p class='ocr_par' dir='ltr' id='par_1_40' title="bbox 2140 992 3741 1059">
     <span class='ocr_line' id='line_1_40' title="bbox 2140 992 3741 1059; baseline -0.002 -10"><span class='ocrx_word' id='word_1_285' title='bbox 2140 994 2362 1051; x_wconf 90' lang='lat' dir='ltr'><strong>tandum</strong></span> <span class='ocrx_word' id='word_1_286' title='bbox 2417 1003 2546 1059; x_wconf 87' lang='lat' dir='ltr'><strong>est,</strong></span> <span class='ocrx_word' id='word_1_287' title='bbox 2606 1009 2728 1050; x_wconf 89' lang='lat' dir='ltr'><strong>cum</strong></span> <span class='ocrx_word' id='word_1_288' title='bbox 2778 992 3137 1050; x_wconf 71' lang='lat' dir='ltr'><strong>ecclesiarum</strong></span> <span class='ocrx_word' id='word_1_289' title='bbox 3197 992 3633 1048; x_wconf 89' lang='lat' dir='ltr'><strong>constructiones</strong></span> <span class='ocrx_word' id='word_1_290' title='bbox 3677 1005 3741 1046; x_wconf 91' lang='lat' dir='ltr'><strong>ea</strong></span> 
     </span>
    </p>
   </div>
   <div class='ocr_carea' id='block_1_41' title="bbox 2137 1083 3741 1160">
    <p class='ocr_par' dir='ltr' id='par_1_41' title="bbox 2137 1083 3741 1160">
     <span class='ocr_line' id='line_1_41' title="bbox 2137 1083 3741 1160; baseline -0.002 -15"><span class='ocrx_word' id='word_1_291' title='bbox 2137 1098 2331 1158; x_wconf 69' lang='lat' dir='ltr'><strong>astate,</strong></span> <span class='ocrx_word' id='word_1_292' title='bbox 2367 1105 2472 1160; x_wconf 83' lang='lat' dir='ltr'><strong>qua</strong></span> <span class='ocrx_word' id='word_1_293' title='bbox 2513 1088 2819 1145; x_wconf 81' lang='lat' dir='ltr'><strong>Veronensi</strong></span> <span class='ocrx_word' id='word_1_294' title='bbox 2859 1086 3125 1144; x_wconf 77' lang='lat' dir='ltr'><strong>Ecclesiae</strong></span> <span class='ocrx_word' id='word_1_295' title='bbox 3171 1093 3442 1156; x_wconf 70' lang='lat' dir='ltr'><strong>praeerat,</strong></span> <span class='ocrx_word' id='word_1_296' title='bbox 3474 1083 3660 1157; x_wconf 86' lang='lat' dir='ltr'><strong>plures</strong></span> <span class='ocrx_word' id='word_1_297' title='bbox 3686 1085 3741 1141; x_wconf 90' lang='lat' dir='ltr'><strong>in</strong></span> 
     </span>
    </p>
   </div>
   <div class='ocr_carea' id='block_1_42' title="bbox 2134 1179 3242 1237">
    <p class='ocr_par' dir='ltr' id='par_1_42' title="bbox 2134 1179 3242 1237">
     <span class='ocr_line' id='line_1_42' title="bbox 2134 1179 3242 1237; baseline -0.003 -1"><span class='ocrx_word' id='word_1_298' title='bbox 2134 1180 2518 1237; x_wconf 85' lang='lat' dir='ltr'><strong>Ecclesiastica</strong></span> <span class='ocrx_word' id='word_1_299' title='bbox 2561 1179 2793 1236; x_wconf 89' lang='lat' dir='ltr'><strong>historia</strong></span> <span class='ocrx_word' id='word_1_300' title='bbox 2835 1187 3242 1236; x_wconf 87' lang='lat' dir='ltr'><strong>recenseantur.</strong></span> 
     </span>
    </p>
   </div>
   <div class='ocr_carea' id='block_1_43' title="bbox 2209 1315 3743 1388">
    <p class='ocr_par' dir='ltr' id='par_1_43' title="bbox 2209 1315 3743 1388">
     <span class='ocr_line' id='line_1_43' title="bbox 2209 1315 3743 1388; baseline 0 -16"><span class='ocrx_word' id='word_1_301' title='bbox 2209 1316 2373 1372; x_wconf 84' lang='lat' dir='ltr'><strong>Multa</strong></span> <span class='ocrx_word' id='word_1_302' title='bbox 2390 1325 2689 1385; x_wconf 70' lang='lat' dir='ltr'><strong>congerunt</strong></span> <span class='ocrx_word' id='word_1_303' title='bbox 2703 1317 2914 1374; x_wconf 92' lang='lat' dir='ltr'><strong>Domini</strong></span> <span class='ocrx_word' id='word_1_304' title='bbox 2928 1316 3227 1386; x_wconf 86' lang='lat' dir='ltr'><strong>Balierinii,</strong></span> <span class='ocrx_word' id='word_1_305' title='bbox 3241 1323 3295 1374; x_wconf 90' lang='lat' dir='ltr'><strong>et</strong></span> <span class='ocrx_word' id='word_1_306' title='bbox 3306 1330 3514 1375; x_wconf 87' lang='lat' dir='ltr'><strong>summa</strong></span> <span class='ocrx_word' id='word_1_307' title='bbox 3526 1315 3743 1388; x_wconf 88' lang='lat' dir='ltr'><strong>quidem</strong></span> 
     </span>
    </p>
   </div>
   <div class='ocr_carea' id='block_1_44' title="bbox 2138 1410 3747 1483">
    <p class='ocr_par' dir='ltr' id='par_1_44' title="bbox 2138 1410 3747 1483">
     <span class='ocr_line' id='line_1_44' title="bbox 2138 1410 3747 1483; baseline 0.001 -17"><span class='ocrx_word' id='word_1_308' title='bbox 2138 1410 2449 1471; x_wconf 85' lang='lat' dir='ltr'><strong>eruditione</strong></span> <span class='ocrx_word' id='word_1_309' title='bbox 2502 1412 2555 1469; x_wconf 94' lang='lat' dir='ltr'><strong>in</strong></span> <span class='ocrx_word' id='word_1_310' title='bbox 2605 1411 2899 1469; x_wconf 87' lang='lat' dir='ltr'><strong>Baronium</strong></span> <span class='ocrx_word' id='word_1_311' title='bbox 2919 1452 2934 1475; x_wconf 93' lang='lat'><strong>,</strong></span> <span class='ocrx_word' id='word_1_312' title='bbox 2960 1411 3236 1468; x_wconf 82' lang='lat' dir='ltr'><strong>Perettum</strong></span> <span class='ocrx_word' id='word_1_313' title='bbox 3263 1421 3319 1467; x_wconf 87' lang='lat' dir='ltr'><strong>et</strong></span> <span class='ocrx_word' id='word_1_314' title='bbox 3345 1411 3654 1483; x_wconf 77' lang='lat' dir='ltr'><strong>Bagattam,</strong></span> <span class='ocrx_word' id='word_1_315' title='bbox 3687 1421 3747 1468; x_wconf 90' lang='lat' dir='ltr'><strong>ut</strong></span> 
     </span>
    </p>
   </div>
   <div class='ocr_carea' id='block_1_45' title="bbox 2139 1502 3748 1575">
    <p class='ocr_par' dir='ltr' id='par_1_45' title="bbox 2139 1502 3748 1575">
     <span class='ocr_line' id='line_1_45' title="bbox 2139 1502 3748 1575; baseline 0.002 -16"><span class='ocrx_word' id='word_1_316' title='bbox 2139 1504 2427 1560; x_wconf 88' lang='lat' dir='ltr'><strong>ecclesiam</strong></span> <span class='ocrx_word' id='word_1_317' title='bbox 2488 1504 2720 1563; x_wconf 62' lang='lat' dir='ltr'><strong>Veronae</strong></span> <span class='ocrx_word' id='word_1_318' title='bbox 2765 1504 3087 1561; x_wconf 65' lang='lat' dir='ltr'><strong>aedificatam</strong></span> <span class='ocrx_word' id='word_1_319' title='bbox 3116 1502 3179 1561; x_wconf 81' lang='grc' dir='ltr'><strong>Ι).</strong></span> <span class='ocrx_word' id='word_1_320' title='bbox 3214 1504 3450 1561; x_wconf 82' lang='lat' dir='ltr'><strong>Zenonis</strong></span> <span class='ocrx_word' id='word_1_321' title='bbox 3501 1514 3748 1575; x_wconf 83' lang='lat' dir='ltr'><strong>tempore</strong></span> 
     </span>
    </p>
   </div>
   <div class='ocr_carea' id='block_1_46' title="bbox 2140 1595 3747 1670">
    <p class='ocr_par' dir='ltr' id='par_1_46' title="bbox 2140 1595 3747 1670">
     <span class='ocr_line' id='line_1_46' title="bbox 2140 1595 3747 1670; baseline -0.001 -18"><span class='ocrx_word' id='word_1_322' title='bbox 2140 1595 2415 1667; x_wconf 88' lang='lat' dir='ltr'><strong>publicam</strong></span> <span class='ocrx_word' id='word_1_323' title='bbox 2468 1596 2661 1664; x_wconf 86' lang='lat' dir='ltr'><strong>fuisse,</strong></span> <span class='ocrx_word' id='word_1_324' title='bbox 2715 1596 3092 1654; x_wconf 89' lang='lat' dir='ltr'><strong>demonstrent</strong></span> <span class='ocrx_word' id='word_1_325' title='bbox 3142 1596 3241 1670; x_wconf 91' lang='lat' dir='ltr'><strong>(d.</strong></span> <span class='ocrx_word' id='word_1_326' title='bbox 3273 1596 3493 1653; x_wconf 85' lang='lat' dir='ltr'><strong>Dissert.</strong></span> <span class='ocrx_word' id='word_1_327' title='bbox 3524 1612 3563 1665; x_wconf 84' lang='grc' dir='ltr'><strong>ι,</strong></span> <span class='ocrx_word' id='word_1_328' title='bbox 3613 1597 3747 1664; x_wconf 72' lang='lat' dir='ltr'><strong>c.2,</strong></span> 
     </span>
    </p>
   </div>
   <div class='ocr_carea' id='block_1_47' title="bbox 2121 1686 3751 1764">
    <p class='ocr_par' dir='ltr' id='par_1_47' title="bbox 2121 1686 3751 1764">
     <span class='ocr_line' id='line_1_47' title="bbox 2121 1686 3751 1764; baseline 0.001 -19"><span class='ocrx_word' id='word_1_329' title='bbox 2121 1686 2198 1764; x_wconf 81' lang='lat'><strong>&#39;§.</strong></span> <span class='ocrx_word' id='word_1_330' title='bbox 2228 1690 2261 1744; x_wconf 75' lang='grc'>4</span> <span class='ocrx_word' id='word_1_331' title='bbox 2286 1699 2339 1743; x_wconf 86' lang='lat' dir='ltr'><strong>et</strong></span> <span class='ocrx_word' id='word_1_332' title='bbox 2370 1688 2452 1760; x_wconf 86' lang='lat'><strong>5).</strong></span> <span class='ocrx_word' id='word_1_333' title='bbox 2481 1688 2591 1746; x_wconf 88' lang='lat' dir='ltr'><strong>Nos</strong></span> <span class='ocrx_word' id='word_1_334' title='bbox 2614 1689 2726 1760; x_wconf 91' lang='lat' dir='ltr'><strong>jam</strong></span> <span class='ocrx_word' id='word_1_335' title='bbox 2769 1702 2824 1747; x_wconf 87' lang='lat' dir='ltr'><strong>et</strong></span> <span class='ocrx_word' id='word_1_336' title='bbox 2851 1691 2906 1746; x_wconf 92' lang='lat' dir='ltr'><strong>in</strong></span> <span class='ocrx_word' id='word_1_337' title='bbox 2935 1690 3188 1746; x_wconf 82' lang='lat' dir='ltr'><strong>universa</strong></span> <span class='ocrx_word' id='word_1_338' title='bbox 3233 1689 3475 1745; x_wconf 84' lang='lat' dir='ltr'><strong>Ecclesia</strong></span> <span class='ocrx_word' id='word_1_339' title='bbox 3507 1688 3751 1760; x_wconf 85' lang='lat' dir='ltr'><strong>publicas</strong></span> 
     </span>
    </p>
   </div>
   <div class='ocr_carea' id='block_1_48' title="bbox 2145 1780 3745 1854">
    <p class='ocr_par' dir='ltr' id='par_1_48' title="bbox 2145 1780 3745 1854">
     <span class='ocr_line' id='line_1_48' title="bbox 2145 1780 3745 1854; baseline 0.002 -18"><span class='ocrx_word' id='word_1_340' title='bbox 2145 1796 2208 1838; x_wconf 89' lang='lat' dir='ltr'><strong>ac</strong></span> <span class='ocrx_word' id='word_1_341' title='bbox 2225 1780 2539 1852; x_wconf 89' lang='lat' dir='ltr'><strong>frequentes</strong></span> <span class='ocrx_word' id='word_1_342' title='bbox 2561 1783 2731 1841; x_wconf 88' lang='lat' dir='ltr'><strong>fuisse</strong></span> <span class='ocrx_word' id='word_1_343' title='bbox 2753 1783 3264 1841; x_wconf 81' lang='lat' dir='ltr'><strong>demonstravimus.</strong></span> <span class='ocrx_word' id='word_1_344' title='bbox 3289 1784 3358 1839; x_wconf 74' lang='lat' dir='ltr'><strong>At</strong></span> <span class='ocrx_word' id='word_1_345' title='bbox 3382 1798 3487 1839; x_wconf 91' lang='lat' dir='ltr'><strong>non</strong></span> <span class='ocrx_word' id='word_1_346' title='bbox 3514 1792 3637 1854; x_wconf 88' lang='lat' dir='ltr'><strong>post</strong></span> <span class='ocrx_word' id='word_1_347' title='bbox 3666 1783 3745 1839; x_wconf 88' lang='lat' dir='ltr'><strong>fa-</strong></span> 
     </span>
    </p>
   </div>
   <div class='ocr_carea' id='block_1_49' title="bbox 2147 1874 3749 1947">
    <p class='ocr_par' dir='ltr' id='par_1_49' title="bbox 2147 1874 3749 1947">
     <span class='ocr_line' id='line_1_49' title="bbox 2147 1874 3749 1947; baseline 0.001 -17"><span class='ocrx_word' id='word_1_348' title='bbox 2147 1874 2405 1931; x_wconf 87' lang='lat' dir='ltr'><strong>cultatem</strong></span> <span class='ocrx_word' id='word_1_349' title='bbox 2447 1890 2476 1928; x_wconf 88' lang='lat' dir='ltr'><strong>a</strong></span> <span class='ocrx_word' id='word_1_350' title='bbox 2527 1875 2883 1933; x_wconf 88' lang='lat' dir='ltr'><strong>Constantino</strong></span> <span class='ocrx_word' id='word_1_351' title='bbox 2923 1875 3251 1947; x_wconf 86' lang='lat' dir='ltr'><strong>imperatore</strong></span> <span class='ocrx_word' id='word_1_352' title='bbox 3296 1874 3614 1932; x_wconf 85' lang='lat' dir='ltr'><strong>Christianis</strong></span> <span class='ocrx_word' id='word_1_353' title='bbox 3650 1876 3749 1932; x_wconf 85' lang='lat' dir='ltr'><strong>da-</strong></span> 
     </span>
    </p>
   </div>
   <div class='ocr_carea' id='block_1_50' title="bbox 2146 1966 3750 2041">
    <p class='ocr_par' dir='ltr' id='par_1_50' title="bbox 2146 1966 3750 2041">
     <span class='ocr_line' id='line_1_50' title="bbox 2146 1966 3750 2041; baseline 0.003 -20"><span class='ocrx_word' id='word_1_354' title='bbox 2146 1975 2257 2025; x_wconf 88' lang='lat' dir='ltr'><strong>tam</strong></span> <span class='ocrx_word' id='word_1_355' title='bbox 2296 1967 2559 2025; x_wconf 84' lang='lat' dir='ltr'><strong>ecclesias</strong></span> <span class='ocrx_word' id='word_1_356' title='bbox 2605 1966 2944 2036; x_wconf 69' lang='lat' dir='ltr'><strong>tediiicandi,</strong></span> <span class='ocrx_word' id='word_1_357' title='bbox 2992 1978 3047 2025; x_wconf 90' lang='lat' dir='ltr'><strong>ut</strong></span> <span class='ocrx_word' id='word_1_358' title='bbox 3085 1969 3187 2041; x_wconf 92' lang='lat' dir='ltr'><strong>ipsi</strong></span> <span class='ocrx_word' id='word_1_359' title='bbox 3241 1968 3608 2034; x_wconf 86' lang='lat' dir='ltr'><strong>contendunt,</strong></span> <span class='ocrx_word' id='word_1_360' title='bbox 3650 1969 3750 2026; x_wconf 89' lang='lat' dir='ltr'><strong>sed</strong></span> 
     </span>
    </p>
   </div>
   <div class='ocr_carea' id='block_1_51' title="bbox 2147 2060 3750 2133">
    <p class='ocr_par' dir='ltr' id='par_1_51' title="bbox 2147 2060 3750 2133">
     <span class='ocr_line' id='line_1_51' title="bbox 2147 2060 3750 2133; baseline 0.001 -16"><span class='ocrx_word' id='word_1_361' title='bbox 2147 2068 2203 2117; x_wconf 88' lang='lat' dir='ltr'><strong>et</strong></span> <span class='ocrx_word' id='word_1_362' title='bbox 2236 2060 2400 2116; x_wconf 89' lang='lat' dir='ltr'><strong>tertio</strong></span> <span class='ocrx_word' id='word_1_363' title='bbox 2429 2060 2794 2132; x_wconf 78' lang='lat' dir='ltr'><strong>potiSsimmm</strong></span> <span class='ocrx_word' id='word_1_364' title='bbox 2822 2062 3065 2127; x_wconf 73' lang='lat' dir='ltr'><strong>szeculo;</strong></span> <span class='ocrx_word' id='word_1_365' title='bbox 3106 2077 3274 2133; x_wconf 89' lang='lat' dir='ltr'><strong>quare</strong></span> <span class='ocrx_word' id='word_1_366' title='bbox 3312 2076 3378 2117; x_wconf 84' lang='lat' dir='ltr'><strong>ex</strong></span> <span class='ocrx_word' id='word_1_367' title='bbox 3411 2061 3624 2132; x_wconf 83' lang='lat' dir='ltr'><strong>publica</strong></span> <span class='ocrx_word' id='word_1_368' title='bbox 3660 2077 3750 2119; x_wconf 90' lang='lat' dir='ltr'><strong>ec-</strong></span> 
     </span>
    </p>
   </div>
   <div class='ocr_carea' id='block_1_52' title="bbox 2147 2151 3749 2228">
    <p class='ocr_par' dir='ltr' id='par_1_52' title="bbox 2147 2151 3749 2228">
     <span class='ocr_line' id='line_1_52' title="bbox 2147 2151 3749 2228; baseline 0.003 -20"><span class='ocrx_word' id='word_1_369' title='bbox 2147 2151 2315 2210; x_wconf 90' lang='lat' dir='ltr'><strong>clesia</strong></span> <span class='ocrx_word' id='word_1_370' title='bbox 2361 2154 2431 2211; x_wconf 89' lang='lat' dir='ltr'><strong>de</strong></span> <span class='ocrx_word' id='word_1_371' title='bbox 2458 2169 2563 2225; x_wconf 88' lang='lat' dir='ltr'><strong>qua</strong></span> <span class='ocrx_word' id='word_1_372' title='bbox 2594 2156 2833 2225; x_wconf 90' lang='lat' dir='ltr'><strong>loquitur</strong></span> <span class='ocrx_word' id='word_1_373' title='bbox 2876 2154 2935 2213; x_wconf 90' lang='lat' dir='ltr'><strong>S.</strong></span> <span class='ocrx_word' id='word_1_374' title='bbox 2967 2155 3110 2212; x_wconf 89' lang='lat' dir='ltr'><strong>Zeno</strong></span> <span class='ocrx_word' id='word_1_375' title='bbox 3154 2155 3343 2217; x_wconf 87' lang='lat' dir='ltr'><strong>inferri</strong></span> <span class='ocrx_word' id='word_1_376' title='bbox 3388 2172 3494 2212; x_wconf 90' lang='lat' dir='ltr'><strong>non</strong></span> <span class='ocrx_word' id='word_1_377' title='bbox 3534 2167 3749 2228; x_wconf 87' lang='lat' dir='ltr'><strong>potest,</strong></span> 
     </span>
    </p>
   </div>
   <div class='ocr_carea' id='block_1_53' title="bbox 2148 2246 3748 2318">
    <p class='ocr_par' dir='ltr' id='par_1_53' title="bbox 2148 2246 3748 2318">
     <span class='ocr_line' id='line_1_53' title="bbox 2148 2246 3748 2318; baseline 0.004 -18"><span class='ocrx_word' id='word_1_378' title='bbox 2148 2256 2343 2318; x_wconf 89' lang='lat' dir='ltr'><strong>quarto</strong></span> <span class='ocrx_word' id='word_1_379' title='bbox 2357 2247 2555 2305; x_wconf 81' lang='lat' dir='ltr'><strong>saeculo</strong></span> <span class='ocrx_word' id='word_1_380' title='bbox 2572 2262 2881 2307; x_wconf 87' lang='lat' dir='ltr'><strong>sermonem</strong></span> <span class='ocrx_word' id='word_1_381' title='bbox 2908 2246 3053 2304; x_wconf 90' lang='lat' dir='ltr'><strong>hunc</strong></span> <span class='ocrx_word' id='word_1_382' title='bbox 3066 2247 3126 2306; x_wconf 86' lang='lat' dir='ltr'><strong>S.</strong></span> <span class='ocrx_word' id='word_1_383' title='bbox 3155 2246 3450 2305; x_wconf 73' lang='lat' dir='ltr'><strong>Prtesuiem</strong></span> <span class='ocrx_word' id='word_1_384' title='bbox 3473 2248 3748 2306; x_wconf 82' lang='lat' dir='ltr'><strong>habuisse.</strong></span> 
     </span>
    </p>
   </div>
   <div class='ocr_carea' id='block_1_54' title="bbox 2224 2384 3751 2461">
    <p class='ocr_par' dir='ltr' id='par_1_54' title="bbox 2224 2384 3751 2461">
     <span class='ocr_line' id='line_1_54' title="bbox 2224 2384 3751 2461; baseline 0.004 -19"><span class='ocrx_word' id='word_1_385' title='bbox 2224 2384 2428 2443; x_wconf 81' lang='lat' dir='ltr'><strong>Contra</strong></span> <span class='ocrx_word' id='word_1_386' title='bbox 2464 2387 2757 2443; x_wconf 86' lang='lat' dir='ltr'><strong>Baronium</strong></span> <span class='ocrx_word' id='word_1_387' title='bbox 2787 2396 2970 2445; x_wconf 86' lang='lat' dir='ltr'><strong>autem</strong></span> <span class='ocrx_word' id='word_1_388' title='bbox 3018 2396 3240 2461; x_wconf 83' lang='lat' dir='ltr'><strong>agentes</strong></span> <span class='ocrx_word' id='word_1_389' title='bbox 3270 2388 3432 2448; x_wconf 90' lang='lat' dir='ltr'><strong>iidem</strong></span> <span class='ocrx_word' id='word_1_390' title='bbox 3461 2390 3751 2448; x_wconf 85' lang='lat' dir='ltr'><strong>clarissimi</strong></span> 
     </span>
    </p>
   </div>
   <div class='ocr_carea' id='block_1_55' title="bbox 2151 2480 3750 2555">
    <p class='ocr_par' dir='ltr' id='par_1_55' title="bbox 2151 2480 3750 2555">
     <span class='ocr_line' id='line_1_55' title="bbox 2151 2480 3750 2555; baseline 0.003 -19"><span class='ocrx_word' id='word_1_391' title='bbox 2151 2481 2257 2536; x_wconf 89' lang='lat' dir='ltr'><strong>viri</strong></span> <span class='ocrx_word' id='word_1_392' title='bbox 2297 2495 2418 2537; x_wconf 86' lang='lat' dir='ltr'><strong>eam</strong></span> <span class='ocrx_word' id='word_1_393' title='bbox 2460 2482 2803 2552; x_wconf 85' lang='lat' dir='ltr'><strong>potissimum</strong></span> <span class='ocrx_word' id='word_1_394' title='bbox 2851 2482 3119 2539; x_wconf 87' lang='lat' dir='ltr'><strong>rationem</strong></span> <span class='ocrx_word' id='word_1_395' title='bbox 3175 2490 3414 2555; x_wconf 79' lang='lat' dir='ltr'><strong>urgent,</strong></span> <span class='ocrx_word' id='word_1_396' title='bbox 3463 2480 3750 2541; x_wconf 87' lang='lat' dir='ltr'><strong>Baronium</strong></span> 
     </span>
    </p>
   </div>
   <div class='ocr_carea' id='block_1_56' title="bbox 2153 2575 3755 2647">
    <p class='ocr_par' dir='ltr' id='par_1_56' title="bbox 2153 2575 3755 2647">
     <span class='ocr_line' id='line_1_56' title="bbox 2153 2575 3755 2647; baseline 0.002 -14"><span class='ocrx_word' id='word_1_397' title='bbox 2153 2576 2363 2633; x_wconf 89' lang='lat' dir='ltr'><strong>scilicet</strong></span> <span class='ocrx_word' id='word_1_398' title='bbox 2389 2592 2456 2633; x_wconf 81' lang='lat' dir='ltr'><strong>ex</strong></span> <span class='ocrx_word' id='word_1_399' title='bbox 2498 2576 2584 2632; x_wconf 88' lang='lat' dir='ltr'><strong>his</strong></span> <span class='ocrx_word' id='word_1_400' title='bbox 2634 2575 2694 2632; x_wconf 90' lang='lat' dir='ltr'><strong>S.</strong></span> <span class='ocrx_word' id='word_1_401' title='bbox 2727 2575 2964 2633; x_wconf 88' lang='lat' dir='ltr'><strong>Zenonis</strong></span> <span class='ocrx_word' id='word_1_402' title='bbox 3004 2578 3222 2634; x_wconf 90' lang='lat' dir='ltr'><strong>verbis:</strong></span> <span class='ocrx_word' id='word_1_403' title='bbox 3248 2579 3350 2634; x_wconf 79' lang='lat' dir='ltr'><strong>Aut</strong></span> <span class='ocrx_word' id='word_1_404' title='bbox 3397 2578 3630 2647; x_wconf 86' lang='lat' dir='ltr'><strong>nullum,</strong></span> <span class='ocrx_word' id='word_1_405' title='bbox 3663 2587 3755 2636; x_wconf 88' lang='lat' dir='ltr'><strong>aut</strong></span> 
     </span>
    </p>
   </div>
   <div class='ocr_carea' id='block_1_57' title="bbox 2163 2669 3759 2742">
    <p class='ocr_par' dir='ltr' id='par_1_57' title="bbox 2163 2669 3759 2742">
     <span class='ocr_line' id='line_1_57' title="bbox 2163 2669 3759 2742; baseline 0.004 -18"><span class='ocrx_word' id='word_1_406' title='bbox 2163 2686 2437 2742; x_wconf 87' lang='lat' dir='ltr'><strong>perrarum</strong></span> <span class='ocrx_word' id='word_1_407' title='bbox 2484 2679 2561 2726; x_wconf 87' lang='lat' dir='ltr'><strong>est</strong></span> <span class='ocrx_word' id='word_1_408' title='bbox 2585 2686 2677 2740; x_wconf 81' lang='lat' dir='ltr'><strong>per</strong></span> <span class='ocrx_word' id='word_1_409' title='bbox 2705 2686 2905 2726; x_wconf 87' lang='lat' dir='ltr'><strong>omnem</strong></span> <span class='ocrx_word' id='word_1_410' title='bbox 2930 2669 3224 2727; x_wconf 80' lang='lat' dir='ltr'><strong>Ecclesium</strong></span> <span class='ocrx_word' id='word_1_411' title='bbox 3266 2671 3363 2727; x_wconf 85' lang='lat' dir='ltr'><strong>Dei</strong></span> <span class='ocrx_word' id='word_1_412' title='bbox 3391 2675 3634 2729; x_wconf 86' lang='lat' dir='ltr'><strong>orationis</strong></span> <span class='ocrx_word' id='word_1_413' title='bbox 3657 2673 3759 2730; x_wconf 80' lang='lat' dir='ltr'><strong>loci</strong></span> 
     </span>
    </p>
   </div>
   <div class='ocr_carea' id='block_1_58' title="bbox 2159 2766 3759 2842">
    <p class='ocr_par' dir='ltr' id='par_1_58' title="bbox 2159 2766 3759 2842">
     <span class='ocr_line' id='line_1_58' title="bbox 2159 2766 3759 2842; baseline 0.002 -20"><span class='ocrx_word' id='word_1_414' title='bbox 2159 2766 2466 2835; x_wconf 85' lang='lat' dir='ltr'><strong>membrum,</strong></span> <span class='ocrx_word' id='word_1_415' title='bbox 2495 2766 2642 2836; x_wconf 87' lang='lat' dir='ltr'><strong>quod</strong></span> <span class='ocrx_word' id='word_1_416' title='bbox 2671 2767 2832 2837; x_wconf 82' lang='lat' dir='ltr'><strong>possit</strong></span> <span class='ocrx_word' id='word_1_417' title='bbox 2856 2769 3037 2842; x_wconf 68' lang='lat' dir='ltr'><strong>quam</strong></span> <span class='ocrx_word' id='word_1_418' title='bbox 3061 2767 3215 2827; x_wconf 84' lang='lat' dir='ltr'><strong>ruina</strong></span> <span class='ocrx_word' id='word_1_419' title='bbox 3257 2769 3313 2823; x_wconf 84' lang='lat' dir='ltr'><strong>in</strong></span> <span class='ocrx_word' id='word_1_420' title='bbox 3341 2785 3396 2823; x_wconf 90' lang='lat' dir='ltr'><strong>se</strong></span> <span class='ocrx_word' id='word_1_421' title='bbox 3421 2768 3759 2841; x_wconf 81' lang='lat' dir='ltr'><strong>mergentibus</strong></span> 
     </span>
    </p>
   </div>
   <div class='ocr_carea' id='block_1_59' title="bbox 2153 2858 3751 2931">
    <p class='ocr_par' dir='ltr' id='par_1_59' title="bbox 2153 2858 3751 2931">
     <span class='ocr_line' id='line_1_59' title="bbox 2153 2858 3751 2931; baseline 0.002 -20"><span class='ocrx_word' id='word_1_422' title='bbox 2153 2858 2466 2913; x_wconf 75' lang='lat' dir='ltr'><strong>idololatria:</strong></span> <span class='ocrx_word' id='word_1_423' title='bbox 2490 2858 2686 2913; x_wconf 67' lang='lat' dir='ltr'><strong>(edibus</strong></span> <span class='ocrx_word' id='word_1_424' title='bbox 2719 2875 2854 2913; x_wconf 88' lang='lat' dir='ltr'><strong>nunc</strong></span> <span class='ocrx_word' id='word_1_425' title='bbox 2892 2876 3050 2931; x_wconf 84' lang='lat' dir='ltr'><strong>usque</strong></span> <span class='ocrx_word' id='word_1_426' title='bbox 3075 2860 3398 2929; x_wconf 87' lang='lat' dir='ltr'><strong>aliquatenus</strong></span> <span class='ocrx_word' id='word_1_427' title='bbox 3427 2860 3751 2931; x_wconf 85' lang='lat' dir='ltr'><strong>comparari,</strong></span> 
     </span>
    </p>
   </div>
   <div class='ocr_carea' id='block_1_60' title="bbox 2154 2949 3759 3021">
    <p class='ocr_par' dir='ltr' id='par_1_60' title="bbox 2154 2949 3759 3021">
     <span class='ocr_line' id='line_1_60' title="bbox 2154 2949 3759 3021; baseline 0.001 -16"><span class='ocrx_word' id='word_1_428' title='bbox 2154 2951 2440 3018; x_wconf 89' lang='lat' dir='ltr'><strong>collegisse</strong></span> <span class='ocrx_word' id='word_1_429' title='bbox 2467 2949 2522 3005; x_wconf 88' lang='lat' dir='ltr'><strong>S.</strong></span> <span class='ocrx_word' id='word_1_430' title='bbox 2551 2950 2825 3005; x_wconf 79' lang='lat' dir='ltr'><strong>Zenonem</strong></span> <span class='ocrx_word' id='word_1_431' title='bbox 2854 2950 3015 3021; x_wconf 87' lang='lat' dir='ltr'><strong>hujus</strong></span> <span class='ocrx_word' id='word_1_432' title='bbox 3053 2951 3326 3007; x_wconf 89' lang='lat' dir='ltr'><strong>sermonis</strong></span> <span class='ocrx_word' id='word_1_433' title='bbox 3350 2962 3613 3006; x_wconf 86' lang='lat' dir='ltr'><strong>auctorem</strong></span> <span class='ocrx_word' id='word_1_434' title='bbox 3637 2963 3759 3006; x_wconf 86' lang='lat' dir='ltr'><strong>ante</strong></span> 
     </span>
    </p>
   </div>
   <div class='ocr_carea' id='block_1_61' title="bbox 2155 3041 3759 3119">
    <p class='ocr_par' dir='ltr' id='par_1_61' title="bbox 2155 3041 3759 3119">
     <span class='ocr_line' id='line_1_61' title="bbox 2155 3041 3759 3119; baseline 0.001 -22"><span class='ocrx_word' id='word_1_435' title='bbox 2155 3041 2480 3099; x_wconf 86' lang='lat' dir='ltr'><strong>Constantini</strong></span> <span class='ocrx_word' id='word_1_436' title='bbox 2506 3052 2737 3114; x_wconf 86' lang='lat' dir='ltr'><strong>tempora</strong></span> <span class='ocrx_word' id='word_1_437' title='bbox 2766 3043 3017 3099; x_wconf 85' lang='lat' dir='ltr'><strong>claruisse</strong></span> <span class='ocrx_word' id='word_1_438' title='bbox 3035 3085 3050 3110; x_wconf 89' lang='lat'><strong>,</strong></span> <span class='ocrx_word' id='word_1_439' title='bbox 3084 3044 3274 3117; x_wconf 83' lang='lat' dir='ltr'><strong>quippe</strong></span> <span class='ocrx_word' id='word_1_440' title='bbox 3304 3043 3444 3115; x_wconf 84' lang='lat' dir='ltr'><strong>quod</strong></span> <span class='ocrx_word' id='word_1_441' title='bbox 3472 3047 3627 3119; x_wconf 81' lang='lat' dir='ltr'><strong>hujus</strong></span> <span class='ocrx_word' id='word_1_442' title='bbox 3654 3046 3759 3099; x_wconf 86' lang='lat' dir='ltr'><strong>im-</strong></span> 
     </span>
    </p>
   </div>
   <div class='ocr_carea' id='block_1_62' title="bbox 449 3122 3757 3209">
    <p class='ocr_par' dir='ltr' id='par_1_62' title="bbox 449 3122 3757 3209">
     <span class='ocr_line' id='line_1_62' title="bbox 449 3122 3757 3209; baseline -0.001 -18"><span class='ocrx_word' id='word_1_443' title='bbox 449 3151 508 3191; x_wconf 82' lang='lat' dir='ltr'><strong>ea</strong></span> <span class='ocrx_word' id='word_1_444' title='bbox 535 3145 766 3207; x_wconf 83' lang='lat' dir='ltr'><strong>tempora</strong></span> <span class='ocrx_word' id='word_1_445' title='bbox 790 3134 958 3204; x_wconf 85' lang='lat' dir='ltr'><strong>ipsius</strong></span> <span class='ocrx_word' id='word_1_446' title='bbox 977 3147 1164 3188; x_wconf 85' lang='lat' dir='ltr'><strong>nomen</strong></span> <span class='ocrx_word' id='word_1_447' title='bbox 1192 3147 1301 3203; x_wconf 66' lang='lat' dir='ltr'><strong>pra:</strong></span> <span class='ocrx_word' id='word_1_448' title='bbox 1324 3149 1379 3186; x_wconf 87' lang='lat' dir='ltr'><strong>se</strong></span> <span class='ocrx_word' id='word_1_449' title='bbox 1408 3135 1601 3199; x_wconf 78' lang='lat' dir='ltr'><strong>ferret:</strong></span> <span class='ocrx_word' id='word_1_450' title='bbox 1627 3131 1731 3187; x_wconf 89' lang='lat' dir='ltr'><strong>hoc</strong></span> <span class='ocrx_word' id='word_1_451' title='bbox 1761 3141 1916 3202; x_wconf 88' lang='lat' dir='ltr'><strong>pacto</strong></span> <span class='ocrx_word' id='word_1_452' title='bbox 1947 3131 2043 3186; x_wconf 81' lang='lat' dir='ltr'><strong>ka-</strong></span> <span class='ocrx_word' id='word_1_453' title='bbox 2072 3122 2120 3187; x_wconf 85' lang='lat' dir='ltr'><strong>C</strong></span> <span class='ocrx_word' id='word_1_454' title='bbox 2155 3138 2409 3208; x_wconf 76' lang='lat' dir='ltr'><strong>pet-utaris</strong></span> <span class='ocrx_word' id='word_1_455' title='bbox 2439 3153 2616 3209; x_wconf 89' lang='lat' dir='ltr'><strong>opera,</strong></span> <span class='ocrx_word' id='word_1_456' title='bbox 2648 3135 2829 3191; x_wconf 78' lang='lat' dir='ltr'><strong>Roma:</strong></span> <span class='ocrx_word' id='word_1_457' title='bbox 2874 3138 3157 3207; x_wconf 62' lang='lat' dir='ltr'><strong>praesertim</strong></span> <span class='ocrx_word' id='word_1_458' title='bbox 3185 3137 3568 3208; x_wconf 74' lang='lat' dir='ltr'><strong>augustissima:</strong></span> <span class='ocrx_word' id='word_1_459' title='bbox 3603 3133 3757 3190; x_wconf 80' lang='lat' dir='ltr'><strong>Basi-</strong></span> 
     </span>
    </p>
   </div>
   <div class='ocr_carea' id='block_1_63' title="bbox 449 3224 2049 3297">
    <p class='ocr_par' dir='ltr' id='par_1_63' title="bbox 449 3224 2049 3297">
     <span class='ocr_line' id='line_1_63' title="bbox 449 3224 2049 3297; baseline -0.003 -13"><span class='ocrx_word' id='word_1_460' title='bbox 449 3228 678 3284; x_wconf 88' lang='lat' dir='ltr'><strong>lendarii</strong></span> <span class='ocrx_word' id='word_1_461' title='bbox 712 3226 871 3297; x_wconf 86' lang='lat' dir='ltr'><strong>hujus</strong></span> <span class='ocrx_word' id='word_1_462' title='bbox 899 3225 1096 3294; x_wconf 89' lang='lat' dir='ltr'><strong>accipit</strong></span> <span class='ocrx_word' id='word_1_463' title='bbox 1126 3224 1493 3280; x_wconf 85' lang='lat' dir='ltr'><strong>testimonium</strong></span> <span class='ocrx_word' id='word_1_464' title='bbox 1522 3239 1608 3279; x_wconf 89' lang='lat' dir='ltr'><strong>res</strong></span> <span class='ocrx_word' id='word_1_465' title='bbox 1633 3234 1812 3290; x_wconf 86' lang='lat' dir='ltr'><strong>tanta,</strong></span> <span class='ocrx_word' id='word_1_466' title='bbox 1843 3225 2049 3283; x_wconf 86' lang='lat' dir='ltr'><strong>minuta</strong></span> 
     </span>
    </p>
   </div>
   <div class='ocr_carea' id='block_1_64' title="bbox 450 3316 2047 3388">
    <p class='ocr_par' dir='ltr' id='par_1_64' title="bbox 450 3316 2047 3388">
     <span class='ocr_line' id='line_1_64' title="bbox 450 3316 2047 3388; baseline -0.005 -11"><span class='ocrx_word' id='word_1_467' title='bbox 450 3322 586 3378; x_wconf 88' lang='lat' dir='ltr'><strong>adeo</strong></span> <span class='ocrx_word' id='word_1_468' title='bbox 612 3322 967 3385; x_wconf 81' lang='lat' dir='ltr'><strong>auctoritate,</strong></span> <span class='ocrx_word' id='word_1_469' title='bbox 1001 3318 1178 3388; x_wconf 89' lang='lat' dir='ltr'><strong>qualis</strong></span> <span class='ocrx_word' id='word_1_470' title='bbox 1221 3325 1304 3379; x_wconf 87' lang='lat' dir='ltr'><strong>est</strong></span> <span class='ocrx_word' id='word_1_471' title='bbox 1348 3316 1682 3374; x_wconf 86' lang='lat' dir='ltr'><strong>Pontificalis</strong></span> <span class='ocrx_word' id='word_1_472' title='bbox 1724 3317 2047 3386; x_wconf 84' lang='lat' dir='ltr'><strong>Damasi...,</strong></span> 
     </span>
    </p>
   </div>
   <div class='ocr_carea' id='block_1_65' title="bbox 448 3408 1317 3478">
    <p class='ocr_par' dir='ltr' id='par_1_65' title="bbox 448 3408 1317 3478">
     <span class='ocr_line' id='line_1_65' title="bbox 448 3408 1317 3478; baseline -0.006 -10"><span class='ocrx_word' id='word_1_473' title='bbox 448 3413 771 3478; x_wconf 85' lang='lat' dir='ltr'><strong>auctoritas,</strong></span> <span class='ocrx_word' id='word_1_474' title='bbox 801 3409 976 3466; x_wconf 90' lang='lat' dir='ltr'><strong>fulciri</strong></span> <span class='ocrx_word' id='word_1_475' title='bbox 999 3424 1107 3464; x_wconf 91' lang='lat' dir='ltr'><strong>non</strong></span> <span class='ocrx_word' id='word_1_476' title='bbox 1134 3408 1317 3466; x_wconf 84' lang='lat' dir='ltr'><strong>debet.</strong></span> 
     </span>
    </p>
   </div>
   <div class='ocr_carea' id='block_1_66' title="bbox 520 3490 2054 3571">
    <p class='ocr_par' dir='ltr' id='par_1_66' title="bbox 520 3490 2054 3571">
     <span class='ocr_line' id='line_1_66' title="bbox 520 3490 2054 3571; baseline -0.003 -11"><span class='ocrx_word' id='word_1_477' title='bbox 520 3490 893 3563; x_wconf 83' lang='lat' dir='ltr'><strong>Pontificalem</strong></span> <span class='ocrx_word' id='word_1_478' title='bbox 940 3502 1139 3557; x_wconf 86' lang='lat' dir='ltr'><strong>librum</strong></span> <span class='ocrx_word' id='word_1_479' title='bbox 1187 3517 1296 3557; x_wconf 90' lang='lat' dir='ltr'><strong>non</strong></span> <span class='ocrx_word' id='word_1_480' title='bbox 1343 3502 1482 3557; x_wconf 86' lang='lat' dir='ltr'><strong>adeo</strong></span> <span class='ocrx_word' id='word_1_481' title='bbox 1530 3510 1913 3571; x_wconf 83' lang='lat' dir='ltr'><strong>contempsere</strong></span> <span class='ocrx_word' id='word_1_482' title='bbox 1951 3502 2054 3556; x_wconf 74' lang='lat' dir='ltr'><strong>viri</strong></span> 
     </span>
    </p>
   </div>
   <div class='ocr_carea' id='block_1_67' title="bbox 455 3584 2048 3667">
    <p class='ocr_par' dir='ltr' id='par_1_67' title="bbox 455 3584 2048 3667">
     <span class='ocr_line' id='line_1_67' title="bbox 455 3584 2048 3667; baseline -0.001 -16"><span class='ocrx_word' id='word_1_483' title='bbox 455 3597 634 3667; x_wconf 86' lang='lat' dir='ltr'><strong>magni</strong></span> <span class='ocrx_word' id='word_1_484' title='bbox 659 3596 714 3650; x_wconf 91' lang='lat' dir='ltr'><strong>in</strong></span> <span class='ocrx_word' id='word_1_485' title='bbox 746 3594 1011 3651; x_wconf 87' lang='lat' dir='ltr'><strong>litteraria</strong></span> <span class='ocrx_word' id='word_1_486' title='bbox 1051 3593 1330 3664; x_wconf 89' lang='lat' dir='ltr'><strong>republica</strong></span> <span class='ocrx_word' id='word_1_487' title='bbox 1359 3594 1621 3660; x_wconf 88' lang='lat' dir='ltr'><strong>nominis,</strong></span> <span class='ocrx_word' id='word_1_488' title='bbox 1664 3584 2048 3661; x_wconf 39' lang='lat' dir='ltr'><strong>Bianchinius‘,</strong></span> 
     </span>
    </p>
   </div>
   <div class='ocr_carea' id='block_1_68' title="bbox 451 3688 2052 3761">
    <p class='ocr_par' dir='ltr' id='par_1_68' title="bbox 451 3688 2052 3761">
     <span class='ocr_line' id='line_1_68' title="bbox 451 3688 2052 3761; baseline 0.002 -18"><span class='ocrx_word' id='word_1_489' title='bbox 451 3701 613 3761; x_wconf 87' lang='lat' dir='ltr'><strong>atque</strong></span> <span class='ocrx_word' id='word_1_490' title='bbox 642 3688 1052 3756; x_wconf 86' lang='lat' dir='ltr'><strong>Schelstratius,</strong></span> <span class='ocrx_word' id='word_1_491' title='bbox 1096 3696 1156 3745; x_wconf 88' lang='lat' dir='ltr'><strong>ut</strong></span> <span class='ocrx_word' id='word_1_492' title='bbox 1180 3689 1434 3760; x_wconf 86' lang='lat' dir='ltr'><strong>antiquos</strong></span> <span class='ocrx_word' id='word_1_493' title='bbox 1460 3690 1738 3755; x_wconf 83' lang='lat' dir='ltr'><strong>omittam;</strong></span> <span class='ocrx_word' id='word_1_494' title='bbox 1776 3700 1942 3760; x_wconf 86' lang='lat' dir='ltr'><strong>atque</strong></span> <span class='ocrx_word' id='word_1_495' title='bbox 1985 3706 2052 3747; x_wconf 81' lang='lat' dir='ltr'><strong>ex</strong></span> 
     </span>
    </p>
   </div>
   <div class='ocr_carea' id='block_1_69' title="bbox 453 3782 2056 3854">
    <p class='ocr_par' dir='ltr' id='par_1_69' title="bbox 453 3782 2056 3854">
     <span class='ocr_line' id='line_1_69' title="bbox 453 3782 2056 3854; baseline 0.002 -16"><span class='ocrx_word' id='word_1_496' title='bbox 453 3783 809 3841; x_wconf 82' lang='lat' dir='ltr'><strong>heterodoxis</strong></span> <span class='ocrx_word' id='word_1_497' title='bbox 838 3782 971 3854; x_wconf 85' lang='lat' dir='ltr'><strong>ipsis</strong></span> <span class='ocrx_word' id='word_1_498' title='bbox 992 3797 1101 3838; x_wconf 90' lang='lat' dir='ltr'><strong>non</strong></span> <span class='ocrx_word' id='word_1_499' title='bbox 1139 3798 1360 3854; x_wconf 89' lang='lat' dir='ltr'><strong>paucos,</strong></span> <span class='ocrx_word' id='word_1_500' title='bbox 1391 3798 1530 3854; x_wconf 88' lang='lat' dir='ltr'><strong>quos</strong></span> <span class='ocrx_word' id='word_1_501' title='bbox 1569 3783 1712 3840; x_wconf 90' lang='lat' dir='ltr'><strong>inter</strong></span> <span class='ocrx_word' id='word_1_502' title='bbox 1742 3784 2056 3842; x_wconf 87' lang='lat' dir='ltr'><strong>Blondellus</strong></span> 
     </span>
    </p>
   </div>
   <div class='ocr_carea' id='block_1_70' title="bbox 453 3874 2054 3947">
    <p class='ocr_par' dir='ltr' id='par_1_70' title="bbox 453 3874 2054 3947">
     <span class='ocr_line' id='line_1_70' title="bbox 453 3874 2054 3947; baseline -0.001 -13"><span class='ocrx_word' id='word_1_503' title='bbox 453 3877 653 3934; x_wconf 89' lang='lat' dir='ltr'><strong>merito</strong></span> <span class='ocrx_word' id='word_1_504' title='bbox 680 3874 1090 3941; x_wconf 82' lang='lat' dir='ltr'><strong>numerandus;</strong></span> <span class='ocrx_word' id='word_1_505' title='bbox 1121 3876 1217 3932; x_wconf 89' lang='lat' dir='ltr'><strong>sed</strong></span> <span class='ocrx_word' id='word_1_506' title='bbox 1247 3875 1394 3946; x_wconf 88' lang='lat' dir='ltr'><strong>quod</strong></span> <span class='ocrx_word' id='word_1_507' title='bbox 1420 3886 1633 3947; x_wconf 81' lang='lat' dir='ltr'><strong>spectat</strong></span> <span class='ocrx_word' id='word_1_508' title='bbox 1660 3876 1728 3931; x_wconf 88' lang='lat' dir='ltr'><strong>ad</strong></span> <span class='ocrx_word' id='word_1_509' title='bbox 1766 3878 2054 3932; x_wconf 82' lang='lat' dir='ltr'><strong>ecclesiam</strong></span> 
     </span>
    </p>
   </div>
   <div class='ocr_carea' id='block_1_71' title="bbox 456 3965 2056 4026">
    <p class='ocr_par' dir='ltr' id='par_1_71' title="bbox 456 3965 2056 4026">
     <span class='ocr_line' id='line_1_71' title="bbox 456 3965 2056 4026; baseline -0.001 -1"><span class='ocrx_word' id='word_1_510' title='bbox 456 3968 514 4026; x_wconf 88' lang='lat' dir='ltr'><strong>S.</strong></span> <span class='ocrx_word' id='word_1_511' title='bbox 537 3968 720 4025; x_wconf 70' lang='lat' dir='ltr'><strong>Marias</strong></span> <span class='ocrx_word' id='word_1_512' title='bbox 750 3976 899 4024; x_wconf 85' lang='lat' dir='ltr'><strong>trans</strong></span> <span class='ocrx_word' id='word_1_513' title='bbox 945 3965 1189 4023; x_wconf 86' lang='lat' dir='ltr'><strong>Tiberim</strong></span> <span class='ocrx_word' id='word_1_514' title='bbox 1219 3968 1405 4024; x_wconf 63' lang='lat' dir='ltr'><strong>Romae</strong></span> <span class='ocrx_word' id='word_1_515' title='bbox 1432 3983 1462 4021; x_wconf 84' lang='lat' dir='ltr'><strong>a</strong></span> <span class='ocrx_word' id='word_1_516' title='bbox 1494 3967 1704 4023; x_wconf 80' lang='lat' dir='ltr'><strong>Calixto</strong></span> <span class='ocrx_word' id='word_1_517' title='bbox 1728 3967 1786 4024; x_wconf 87' lang='lat' dir='ltr'><strong>S.</strong></span> <span class='ocrx_word' id='word_1_518' title='bbox 1820 3968 1885 4024; x_wconf 82' lang='grc' dir='ltr'>Ρ.</span> <span class='ocrx_word' id='word_1_519' title='bbox 1914 3978 2056 4024; x_wconf 86' lang='lat' dir='ltr'><strong>tem-</strong></span> 
     </span>
    </p>
   </div>
   <div class='ocr_carea' id='block_1_72' title="bbox 458 4059 2057 4132">
    <p class='ocr_par' dir='ltr' id='par_1_72' title="bbox 458 4059 2057 4132">
     <span class='ocr_line' id='line_1_72' title="bbox 458 4059 2057 4132; baseline 0.001 -15"><span class='ocrx_word' id='word_1_520' title='bbox 458 4075 594 4131; x_wconf 86' lang='lat' dir='ltr'><strong>pore</strong></span> <span class='ocrx_word' id='word_1_521' title='bbox 640 4059 933 4119; x_wconf 78' lang='lat' dir='ltr'><strong>Alexandri</strong></span> <span class='ocrx_word' id='word_1_522' title='bbox 983 4059 1332 4130; x_wconf 84' lang='lat' dir='ltr'><strong>imperatoris</strong></span> <span class='ocrx_word' id='word_1_523' title='bbox 1370 4069 1741 4116; x_wconf 86' lang='lat' dir='ltr'><strong>constructam</strong></span> <span class='ocrx_word' id='word_1_524' title='bbox 1770 4099 1786 4128; x_wconf 93' lang='lat'><strong>,</strong></span> <span class='ocrx_word' id='word_1_525' title='bbox 1834 4060 2057 4132; x_wconf 59' lang='lat' dir='ltr'><strong>conjec.</strong></span> 
     </span>
    </p>
   </div>
   <div class='ocr_carea' id='block_1_73' title="bbox 458 4152 2056 4224">
    <p class='ocr_par' dir='ltr' id='par_1_73' title="bbox 458 4152 2056 4224">
     <span class='ocr_line' id='line_1_73' title="bbox 458 4152 2056 4224; baseline 0.001 -15"><span class='ocrx_word' id='word_1_526' title='bbox 458 4162 597 4210; x_wconf 74' lang='lat' dir='ltr'><strong>turae</strong></span> <span class='ocrx_word' id='word_1_527' title='bbox 624 4168 816 4210; x_wconf 90' lang='lat' dir='ltr'><strong>omnes</strong></span> <span class='ocrx_word' id='word_1_528' title='bbox 841 4152 1116 4211; x_wconf 69' lang='lat' dir='ltr'><strong>historicas</strong></span> <span class='ocrx_word' id='word_1_529' title='bbox 1154 4152 1315 4223; x_wconf 87' lang='lat' dir='ltr'><strong>hujus</strong></span> <span class='ocrx_word' id='word_1_530' title='bbox 1339 4154 1663 4224; x_wconf 81' lang='lat' dir='ltr'><strong>pontificalis</strong></span> <span class='ocrx_word' id='word_1_531' title='bbox 1690 4154 2056 4211; x_wconf 87' lang='lat' dir='ltr'><strong>narrationem</strong></span> 
     </span>
    </p>
   </div>
   <div class='ocr_carea' id='block_1_74' title="bbox 456 4244 2059 4317">
    <p class='ocr_par' dir='ltr' id='par_1_74' title="bbox 456 4244 2059 4317">
     <span class='ocr_line' id='line_1_74' title="bbox 456 4244 2059 4317; baseline -0.001 -12"><span class='ocrx_word' id='word_1_532' title='bbox 456 4247 804 4305; x_wconf 83' lang='lat' dir='ltr'><strong>confirmant.</strong></span> <span class='ocrx_word' id='word_1_533' title='bbox 855 4245 1076 4305; x_wconf 84' lang='lat' dir='ltr'><strong>Summa</strong></span> <span class='ocrx_word' id='word_1_534' title='bbox 1128 4245 1353 4302; x_wconf 87' lang='lat' dir='ltr'><strong>libertas</strong></span> <span class='ocrx_word' id='word_1_535' title='bbox 1396 4247 1466 4302; x_wconf 90' lang='lat' dir='ltr'><strong>ab</strong></span> <span class='ocrx_word' id='word_1_536' title='bbox 1493 4244 1686 4302; x_wconf 85' lang='lat' dir='ltr'><strong>eodem</strong></span> <span class='ocrx_word' id='word_1_537' title='bbox 1732 4246 2059 4317; x_wconf 84' lang='lat' dir='ltr'><strong>imperatore</strong></span> 
     </span>
    </p>
   </div>
   <div class='ocr_carea' id='block_1_75' title="bbox 458 4337 2060 4412">
    <p class='ocr_par' dir='ltr' id='par_1_75' title="bbox 458 4337 2060 4412">
     <span class='ocr_line' id='line_1_75' title="bbox 458 4337 2060 4412; baseline -0.001 -14"><span class='ocrx_word' id='word_1_538' title='bbox 458 4338 783 4399; x_wconf 85' lang='lat' dir='ltr'><strong>Christianis</strong></span> <span class='ocrx_word' id='word_1_539' title='bbox 811 4352 1073 4395; x_wconf 77' lang='lat' dir='ltr'><strong>eoticessa</strong></span> <span class='ocrx_word' id='word_1_540' title='bbox 1094 4337 1239 4393; x_wconf 88' lang='lat' dir='ltr'><strong>circa</strong></span> <span class='ocrx_word' id='word_1_541' title='bbox 1265 4338 1545 4410; x_wconf 86' lang='lat' dir='ltr'><strong>religionis</strong></span> <span class='ocrx_word' id='word_1_542' title='bbox 1562 4340 1900 4405; x_wconf 82' lang='lat' dir='ltr'><strong>exercitium,</strong></span> <span class='ocrx_word' id='word_1_543' title='bbox 1916 4338 2060 4412; x_wconf 93' lang='lat' dir='ltr'><strong>quod</strong></span> 
     </span>
    </p>
   </div>
   <div class='ocr_carea' id='block_1_76' title="bbox 458 4427 2058 4502">
    <p class='ocr_par' dir='ltr' id='par_1_76' title="bbox 458 4427 2058 4502">
     <span class='ocr_line' id='line_1_76' title="bbox 458 4427 2058 4502; baseline 0 -11"><span class='ocrx_word' id='word_1_544' title='bbox 458 4445 515 4491; x_wconf 85' lang='lat' dir='ltr'><strong>et</strong></span> <span class='ocrx_word' id='word_1_545' title='bbox 562 4432 944 4491; x_wconf 86' lang='lat' dir='ltr'><strong>Tillemontius</strong></span> <span class='ocrx_word' id='word_1_546' title='bbox 978 4427 1097 4502; x_wconf 85' lang='lat' dir='ltr'><strong>ipse</strong></span> <span class='ocrx_word' id='word_1_547' title='bbox 1133 4430 1353 4488; x_wconf 75' lang='lat' dir='ltr'><strong>fatetur.</strong></span> <span class='ocrx_word' id='word_1_548' title='bbox 1397 4433 1573 4489; x_wconf 89' lang='lat' dir='ltr'><strong>Locus</strong></span> <span class='ocrx_word' id='word_1_549' title='bbox 1618 4440 1771 4489; x_wconf 89' lang='lat' dir='ltr'><strong>trans</strong></span> <span class='ocrx_word' id='word_1_550' title='bbox 1817 4433 2058 4491; x_wconf 88' lang='lat' dir='ltr'><strong>Tiberim</strong></span> 
     </span>
    </p>
   </div>
   <div class='ocr_carea' id='block_1_77' title="bbox 2156 3224 3759 3304">
    <p class='ocr_par' dir='ltr' id='par_1_77' title="bbox 2156 3224 3759 3304">
     <span class='ocr_line' id='line_1_77' title="bbox 2156 3224 3759 3304; baseline -0.001 -19"><span class='ocrx_word' id='word_1_551' title='bbox 2156 3231 2270 3285; x_wconf 79' lang='lat' dir='ltr'><strong>lij</strong></span> <span class='ocrx_word' id='word_1_552' title='bbox 2318 3239 2498 3285; x_wconf 61' lang='lat' dir='ltr'><strong>erectae</strong></span> <span class='ocrx_word' id='word_1_553' title='bbox 2538 3235 2767 3301; x_wconf 80' lang='lat' dir='ltr'><strong>fuerunt.</strong></span> <span class='ocrx_word' id='word_1_554' title='bbox 2830 3225 3039 3300; x_wconf 76' lang='lat' dir='ltr'><strong>Optime</strong></span> <span class='ocrx_word' id='word_1_555' title='bbox 3087 3224 3292 3303; x_wconf 79' lang='lat' dir='ltr'><strong>quidem</strong></span> <span class='ocrx_word' id='word_1_556' title='bbox 3322 3228 3759 3304; x_wconf 87' lang='lat' dir='ltr'><strong>(prosequuntur</strong></span> 
     </span>
    </p>
   </div>
   <div class='ocr_carea' id='block_1_78' title="bbox 2154 3322 3757 3393">
    <p class='ocr_par' dir='ltr' id='par_1_78' title="bbox 2154 3322 3757 3393">
     <span class='ocr_line' id='line_1_78' title="bbox 2154 3322 3757 3393; baseline -0.001 -16"><span class='ocrx_word' id='word_1_557' title='bbox 2154 3323 2255 3392; x_wconf 82' lang='lat' dir='ltr'><strong>ipsi</strong></span> <span class='ocrx_word' id='word_1_558' title='bbox 2281 3322 2364 3393; x_wconf 86' lang='lat' dir='ltr'><strong>)si</strong></span> <span class='ocrx_word' id='word_1_559' title='bbox 2388 3322 2593 3378; x_wconf 88' lang='lat' dir='ltr'><strong>nullum</strong></span> <span class='ocrx_word' id='word_1_560' title='bbox 2626 3330 2833 3377; x_wconf 86' lang='lat' dir='ltr'><strong>tantum</strong></span> <span class='ocrx_word' id='word_1_561' title='bbox 2860 3323 3120 3378; x_wconf 85' lang='lat' dir='ltr'><strong>orationis</strong></span> <span class='ocrx_word' id='word_1_562' title='bbox 3142 3322 3345 3389; x_wconf 84' lang='lat' dir='ltr'><strong>locum,</strong></span> <span class='ocrx_word' id='word_1_563' title='bbox 3371 3338 3487 3377; x_wconf 87' lang='lat' dir='ltr'><strong>cum</strong></span> <span class='ocrx_word' id='word_1_564' title='bbox 3500 3324 3757 3378; x_wconf 80' lang='lat' dir='ltr'><strong>idolorum</strong></span> 
     </span>
    </p>
   </div>
   <div class='ocr_carea' id='block_1_79' title="bbox 2157 3416 3757 3490">
    <p class='ocr_par' dir='ltr' id='par_1_79' title="bbox 2157 3416 3757 3490">
     <span class='ocr_line' id='line_1_79' title="bbox 2157 3416 3757 3490; baseline 0.001 -19"><span class='ocrx_word' id='word_1_565' title='bbox 2157 3416 2354 3471; x_wconf 59' lang='lat' dir='ltr'><strong>aedibus</strong></span> <span class='ocrx_word' id='word_1_566' title='bbox 2402 3418 2694 3488; x_wconf 87' lang='lat' dir='ltr'><strong>comparari</strong></span> <span class='ocrx_word' id='word_1_567' title='bbox 2733 3433 2884 3490; x_wconf 84' lang='lat' dir='ltr'><strong>posse</strong></span> <span class='ocrx_word' id='word_1_568' title='bbox 2910 3427 3088 3471; x_wconf 87' lang='lat' dir='ltr'><strong>auctor</strong></span> <span class='ocrx_word' id='word_1_569' title='bbox 3139 3418 3458 3487; x_wconf 71' lang='lat' dir='ltr'><strong>afﬁrmasset,</strong></span> <span class='ocrx_word' id='word_1_570' title='bbox 3491 3435 3593 3474; x_wconf 88' lang='lat' dir='ltr'><strong>non</strong></span> <span class='ocrx_word' id='word_1_571' title='bbox 3639 3435 3757 3473; x_wconf 63' lang='lat' dir='ltr'><strong>viro</strong></span> 
     </span>
    </p>
   </div>
   <div class='ocr_carea' id='block_1_80' title="bbox 2156 3509 3759 3581">
    <p class='ocr_par' dir='ltr' id='par_1_80' title="bbox 2156 3509 3759 3581">
     <span class='ocr_line' id='line_1_80' title="bbox 2156 3509 3759 3581; baseline 0.001 -16"><span class='ocrx_word' id='word_1_572' title='bbox 2156 3525 2274 3565; x_wconf 88' lang='lat' dir='ltr'><strong>cum</strong></span> <span class='ocrx_word' id='word_1_573' title='bbox 2326 3511 2408 3567; x_wconf 88' lang='lat' dir='ltr'><strong>vel</strong></span> <span class='ocrx_word' id='word_1_574' title='bbox 2442 3524 2755 3581; x_wconf 88' lang='lat' dir='ltr'><strong>perrarum,</strong></span> <span class='ocrx_word' id='word_1_575' title='bbox 2787 3511 2990 3565; x_wconf 85' lang='lat' dir='ltr'><strong>addidit</strong></span> <span class='ocrx_word' id='word_1_576' title='bbox 3018 3527 3037 3566; x_wconf 88' lang='lat'><strong><em>:</em></strong></span> <span class='ocrx_word' id='word_1_577' title='bbox 3064 3510 3184 3564; x_wconf 80' lang='lat' dir='ltr'><strong>hinc</strong></span> <span class='ocrx_word' id='word_1_578' title='bbox 3226 3512 3363 3565; x_wconf 86' lang='lat' dir='ltr'><strong>enim</strong></span> <span class='ocrx_word' id='word_1_579' title='bbox 3402 3509 3630 3581; x_wconf 81' lang='lat' dir='ltr'><strong>aliquam</strong></span> <span class='ocrx_word' id='word_1_580' title='bbox 3660 3514 3759 3567; x_wconf 87' lang='lat' dir='ltr'><strong>ali-</strong></span> 
     </span>
    </p>
   </div>
   <div class='ocr_carea' id='block_1_81' title="bbox 2158 3603 3757 3678">
    <p class='ocr_par' dir='ltr' id='par_1_81' title="bbox 2158 3603 3757 3678">
     <span class='ocr_line' id='line_1_81' title="bbox 2158 3603 3757 3678; baseline 0.005 -21"><span class='ocrx_word' id='word_1_581' title='bbox 2158 3603 2276 3658; x_wconf 83' lang='lat' dir='ltr'><strong>cubi</strong></span> <span class='ocrx_word' id='word_1_582' title='bbox 2331 3603 2619 3658; x_wconf 79' lang='lat' dir='ltr'><strong>Ecclesium</strong></span> <span class='ocrx_word' id='word_1_583' title='bbox 2674 3605 3199 3676; x_wconf 72' lang='lat' dir='ltr'><strong>magniﬁcentissimis</strong></span> <span class='ocrx_word' id='word_1_584' title='bbox 3246 3604 3504 3660; x_wconf 71' lang='lat' dir='ltr'><strong>idolorum</strong></span> <span class='ocrx_word' id='word_1_585' title='bbox 3556 3608 3757 3678; x_wconf 85' lang='lat' dir='ltr'><strong>templis</strong></span> 
     </span>
    </p>
   </div>
   <div class='ocr_carea' id='block_1_82' title="bbox 2157 3694 3756 3769">
    <p class='ocr_par' dir='ltr' id='par_1_82' title="bbox 2157 3694 3756 3769">
     <span class='ocr_line' id='line_1_82' title="bbox 2157 3694 3756 3769; baseline 0.001 -20"><span class='ocrx_word' id='word_1_586' title='bbox 2157 3711 2477 3767; x_wconf 81' lang='lat' dir='ltr'><strong>nequaquam</strong></span> <span class='ocrx_word' id='word_1_587' title='bbox 2509 3694 2687 3749; x_wconf 82' lang='lat' dir='ltr'><strong>cedere</strong></span> <span class='ocrx_word' id='word_1_588' title='bbox 2717 3698 2842 3749; x_wconf 83' lang='lat' dir='ltr'><strong>satis</strong></span> <span class='ocrx_word' id='word_1_589' title='bbox 2890 3697 3151 3769; x_wconf 84' lang='lat' dir='ltr'><strong>intelligit.</strong></span> <span class='ocrx_word' id='word_1_590' title='bbox 3204 3699 3270 3750; x_wconf 86' lang='lat' dir='ltr'><strong>At</strong></span> <span class='ocrx_word' id='word_1_591' title='bbox 3302 3695 3435 3752; x_wconf 90' lang='lat' dir='ltr'><strong>illud</strong></span> <span class='ocrx_word' id='word_1_592' title='bbox 3481 3698 3756 3768; x_wconf 62' lang='lat' dir='ltr'><strong>praecipua</strong></span> 
     </span>
    </p>
   </div>
   <div class='ocr_carea' id='block_1_83' title="bbox 2158 3785 3761 3861">
    <p class='ocr_par' dir='ltr' id='par_1_83' title="bbox 2158 3785 3761 3861">
     <span class='ocr_line' id='line_1_83' title="bbox 2158 3785 3761 3861; baseline 0.002 -20"><span class='ocrx_word' id='word_1_593' title='bbox 2158 3787 2632 3845; x_wconf 85' lang='lat' dir='ltr'><strong>animadversione</strong></span> <span class='ocrx_word' id='word_1_594' title='bbox 2664 3786 2718 3842; x_wconf 91' lang='lat' dir='ltr'><strong>in</strong></span> <span class='ocrx_word' id='word_1_595' title='bbox 2748 3785 2853 3842; x_wconf 87' lang='lat' dir='ltr'><strong>hoc</strong></span> <span class='ocrx_word' id='word_1_596' title='bbox 2876 3799 2960 3843; x_wconf 78' lang='lat' dir='ltr'><strong>eet</strong></span> <span class='ocrx_word' id='word_1_597' title='bbox 2989 3786 3392 3845; x_wconf 89' lang='lat' dir='ltr'><strong>observandum</strong></span> <span class='ocrx_word' id='word_1_598' title='bbox 3419 3786 3586 3861; x_wconf 73' lang='grc' dir='ltr'><strong>(σιειοά</strong></span> <span class='ocrx_word' id='word_1_599' title='bbox 3628 3790 3761 3860; x_wconf 84' lang='lat' dir='ltr'><strong>ipsi-</strong></span> 
     </span>
    </p>
   </div>
   <div class='ocr_carea' id='block_1_84' title="bbox 2160 3877 3763 3954">
    <p class='ocr_par' dir='ltr' id='par_1_84' title="bbox 2160 3877 3763 3954">
     <span class='ocr_line' id='line_1_84' title="bbox 2160 3877 3763 3954; baseline 0 -19"><span class='ocrx_word' id='word_1_600' title='bbox 2160 3888 2274 3936; x_wconf 91' lang='lat' dir='ltr'><strong>met</strong></span> <span class='ocrx_word' id='word_1_601' title='bbox 2300 3877 2586 3953; x_wconf 88' lang='lat' dir='ltr'><strong>adnotant)</strong></span> <span class='ocrx_word' id='word_1_602' title='bbox 2616 3881 2784 3935; x_wconf 81' lang='lat' dir='ltr'><strong>verba</strong></span> <span class='ocrx_word' id='word_1_603' title='bbox 2819 3877 2910 3934; x_wconf 89' lang='lat' dir='ltr'><strong>illa</strong></span> <span class='ocrx_word' id='word_1_604' title='bbox 2938 3881 3115 3952; x_wconf 80' lang='lat' dir='ltr'><strong>quavis</strong></span> <span class='ocrx_word' id='word_1_605' title='bbox 3142 3879 3295 3934; x_wconf 85' lang='lat' dir='ltr'><strong>ruina</strong></span> <span class='ocrx_word' id='word_1_606' title='bbox 3319 3880 3378 3934; x_wconf 84' lang='lat' dir='ltr'><strong>in</strong></span> <span class='ocrx_word' id='word_1_607' title='bbox 3405 3894 3459 3934; x_wconf 87' lang='lat' dir='ltr'><strong>se</strong></span> <span class='ocrx_word' id='word_1_608' title='bbox 3495 3882 3763 3954; x_wconf 80' lang='lat' dir='ltr'><strong>mergenti-</strong></span> 
     </span>
    </p>
   </div>
   <div class='ocr_carea' id='block_1_85' title="bbox 2161 3969 3763 4043">
    <p class='ocr_par' dir='ltr' id='par_1_85' title="bbox 2161 3969 3763 4043">
     <span class='ocr_line' id='line_1_85' title="bbox 2161 3969 3763 4043; baseline 0 -16"><span class='ocrx_word' id='word_1_609' title='bbox 2161 3972 2255 4027; x_wconf 82' lang='lat' dir='ltr'><strong>bus</strong></span> <span class='ocrx_word' id='word_1_610' title='bbox 2281 3971 2592 4026; x_wconf 72' lang='lat' dir='ltr'><strong>idololatriae</strong></span> <span class='ocrx_word' id='word_1_611' title='bbox 2610 3969 2809 4026; x_wconf 68' lang='lat' dir='ltr'><strong>aedibus</strong></span> <span class='ocrx_word' id='word_1_612' title='bbox 2832 3972 3291 4043; x_wconf 88' lang='lat' dir='ltr'><strong>comparationem</strong></span> <span class='ocrx_word' id='word_1_613' title='bbox 3316 3970 3597 4027; x_wconf 87' lang='lat' dir='ltr'><strong>instituere</strong></span> <span class='ocrx_word' id='word_1_614' title='bbox 3619 3972 3763 4027; x_wconf 88' lang='lat' dir='ltr'><strong>inter</strong></span> 
     </span>
    </p>
   </div>
   <div class='ocr_carea' id='block_1_86' title="bbox 2158 4062 3761 4136">
    <p class='ocr_par' dir='ltr' id='par_1_86' title="bbox 2158 4062 3761 4136">
     <span class='ocr_line' id='line_1_86' title="bbox 2158 4062 3761 4136; baseline 0.002 -17"><span class='ocrx_word' id='word_1_615' title='bbox 2158 4062 2584 4119; x_wconf 87' lang='lat' dir='ltr'><strong>Christianorum</strong></span> <span class='ocrx_word' id='word_1_616' title='bbox 2634 4064 2933 4133; x_wconf 87' lang='lat' dir='ltr'><strong>ecclesias,</strong></span> <span class='ocrx_word' id='word_1_617' title='bbox 2983 4072 3039 4120; x_wconf 90' lang='lat' dir='ltr'><strong>et</strong></span> <span class='ocrx_word' id='word_1_618' title='bbox 3079 4062 3351 4119; x_wconf 90' lang='lat' dir='ltr'><strong>idolorum</strong></span> <span class='ocrx_word' id='word_1_619' title='bbox 3404 4063 3606 4136; x_wconf 83' lang='lat' dir='ltr'><strong>templa</strong></span> <span class='ocrx_word' id='word_1_620' title='bbox 3652 4081 3761 4122; x_wconf 89' lang='lat' dir='ltr'><strong>non</strong></span> 
     </span>
    </p>
   </div>
   <div class='ocr_carea' id='block_1_87' title="bbox 2162 4153 3765 4228">
    <p class='ocr_par' dir='ltr' id='par_1_87' title="bbox 2162 4153 3765 4228">
     <span class='ocr_line' id='line_1_87' title="bbox 2162 4153 3765 4228; baseline 0.001 -16"><span class='ocrx_word' id='word_1_621' title='bbox 2162 4156 2393 4228; x_wconf 82' lang='lat' dir='ltr'><strong>integra,</strong></span> <span class='ocrx_word' id='word_1_622' title='bbox 2426 4153 2523 4211; x_wconf 86' lang='lat' dir='ltr'><strong>sed</strong></span> <span class='ocrx_word' id='word_1_623' title='bbox 2552 4156 2725 4211; x_wconf 90' lang='lat' dir='ltr'><strong>ruinis</strong></span> <span class='ocrx_word' id='word_1_624' title='bbox 2769 4155 2950 4211; x_wconf 85' lang='lat' dir='ltr'><strong>diruta</strong></span> <span class='ocrx_word' id='word_1_625' title='bbox 2974 4196 2989 4222; x_wconf 96' lang='lat'><strong>,</strong></span> <span class='ocrx_word' id='word_1_626' title='bbox 3023 4154 3097 4211; x_wconf 89' lang='lat' dir='ltr'><strong>ita</strong></span> <span class='ocrx_word' id='word_1_627' title='bbox 3140 4165 3199 4211; x_wconf 88' lang='lat' dir='ltr'><strong>ut</strong></span> <span class='ocrx_word' id='word_1_628' title='bbox 3239 4155 3502 4212; x_wconf 78' lang='lat' dir='ltr'><strong>Ecclesia:</strong></span> <span class='ocrx_word' id='word_1_629' title='bbox 3533 4171 3641 4212; x_wconf 89' lang='lat' dir='ltr'><strong>non</strong></span> <span class='ocrx_word' id='word_1_630' title='bbox 3672 4172 3765 4213; x_wconf 84' lang='lat' dir='ltr'><strong>es-</strong></span> 
     </span>
    </p>
   </div>
   <div class='ocr_carea' id='block_1_88' title="bbox 2162 4249 3765 4321">
    <p class='ocr_par' dir='ltr' id='par_1_88' title="bbox 2162 4249 3765 4321">
     <span class='ocr_line' id='line_1_88' title="bbox 2162 4249 3765 4321; baseline -0.001 -14"><span class='ocrx_word' id='word_1_631' title='bbox 2162 4260 2284 4307; x_wconf 89' lang='lat' dir='ltr'><strong>sent</strong></span> <span class='ocrx_word' id='word_1_632' title='bbox 2323 4249 2738 4321; x_wconf 72' lang='lat' dir='ltr'><strong>comparandte,</strong></span> <span class='ocrx_word' id='word_1_633' title='bbox 2783 4266 2847 4306; x_wconf 87' lang='lat' dir='ltr'><strong>ne</strong></span> <span class='ocrx_word' id='word_1_634' title='bbox 2876 4250 3001 4305; x_wconf 88' lang='lat' dir='ltr'><strong>dum</strong></span> <span class='ocrx_word' id='word_1_635' title='bbox 3042 4266 3158 4305; x_wconf 88' lang='lat' dir='ltr'><strong>cum</strong></span> <span class='ocrx_word' id='word_1_636' title='bbox 3206 4251 3455 4307; x_wconf 84' lang='lat' dir='ltr'><strong>stantibus</strong></span> <span class='ocrx_word' id='word_1_637' title='bbox 3504 4252 3765 4313; x_wconf 82' lang='lat' dir='ltr'><strong>idolorum</strong></span> 
     </span>
    </p>
   </div>
   <div class='ocr_carea' id='block_1_89' title="bbox 2163 4342 3763 4417">
    <p class='ocr_par' dir='ltr' id='par_1_89' title="bbox 2163 4342 3763 4417">
     <span class='ocr_line' id='line_1_89' title="bbox 2163 4342 3763 4417; baseline 0.003 -19"><span class='ocrx_word' id='word_1_638' title='bbox 2163 4345 2387 4417; x_wconf 78' lang='lat' dir='ltr'><strong>tentptis,</strong></span> <span class='ocrx_word' id='word_1_639' title='bbox 2411 4344 2500 4399; x_wconf 85' lang='lat' dir='ltr'><strong>sed</strong></span> <span class='ocrx_word' id='word_1_640' title='bbox 2519 4360 2584 4398; x_wconf 87' lang='lat' dir='ltr'><strong>ne</strong></span> <span class='ocrx_word' id='word_1_641' title='bbox 2612 4356 2729 4397; x_wconf 87' lang='lat' dir='ltr'><strong>cum</strong></span> <span class='ocrx_word' id='word_1_642' title='bbox 2757 4344 2982 4400; x_wconf 84' lang='lat' dir='ltr'><strong>ruinosis</strong></span> <span class='ocrx_word' id='word_1_643' title='bbox 3018 4342 3225 4413; x_wconf 80' lang='lat' dir='ltr'><strong>quidem</strong></span> <span class='ocrx_word' id='word_1_644' title='bbox 3252 4358 3271 4399; x_wconf 90' lang='lat'><strong><em>:</em></strong></span> <span class='ocrx_word' id='word_1_645' title='bbox 3296 4343 3401 4401; x_wconf 87' lang='lat' dir='ltr'><strong>hoc</strong></span> <span class='ocrx_word' id='word_1_646' title='bbox 3426 4359 3553 4400; x_wconf 81' lang='lat' dir='ltr'><strong>vero</strong></span> <span class='ocrx_word' id='word_1_647' title='bbox 3596 4358 3763 4403; x_wconf 84' lang='lat' dir='ltr'><strong>sensu</strong></span> 
     </span>
    </p>
   </div>
   <div class='ocr_carea' id='block_1_90' title="bbox 2164 4436 3764 4511">
    <p class='ocr_par' dir='ltr' id='par_1_90' title="bbox 2164 4436 3764 4511">
     <span class='ocr_line' id='line_1_90' title="bbox 2164 4436 3764 4511; baseline 0.002 -19"><span class='ocrx_word' id='word_1_648' title='bbox 2164 4438 2286 4508; x_wconf 90' lang='lat' dir='ltr'><strong>quis</strong></span> <span class='ocrx_word' id='word_1_649' title='bbox 2313 4454 2419 4494; x_wconf 93' lang='lat' dir='ltr'><strong>non</strong></span> <span class='ocrx_word' id='word_1_650' title='bbox 2447 4437 2631 4504; x_wconf 89' lang='lat' dir='ltr'><strong>dicat,</strong></span> <span class='ocrx_word' id='word_1_651' title='bbox 2679 4452 2781 4492; x_wconf 90' lang='lat' dir='ltr'><strong>nos</strong></span> <span class='ocrx_word' id='word_1_652' title='bbox 2817 4438 2869 4493; x_wconf 93' lang='lat' dir='ltr'><strong>in</strong></span> <span class='ocrx_word' id='word_1_653' title='bbox 2912 4438 3093 4509; x_wconf 89' lang='lat' dir='ltr'><strong>scirpo</strong></span> <span class='ocrx_word' id='word_1_654' title='bbox 3136 4436 3338 4494; x_wconf 88' lang='lat' dir='ltr'><strong>nodum</strong></span> <span class='ocrx_word' id='word_1_655' title='bbox 3387 4453 3667 4511; x_wconf 71' lang='lat' dir='ltr'><strong>quaerere,</strong></span> <span class='ocrx_word' id='word_1_656' title='bbox 3713 4439 3764 4495; x_wconf 89' lang='lat' dir='ltr'><strong>si</strong></span> 
     </span>
    </p>
   </div>
   <div class='ocr_carea' id='block_1_91' title="bbox 459 4515 3763 4603">
    <p class='ocr_par' dir='ltr' id='par_1_91' title="bbox 459 4515 3763 4603">
     <span class='ocr_line' id='line_1_91' title="bbox 459 4515 3763 4603; baseline 0.001 -19"><span class='ocrx_word' id='word_1_657' title='bbox 459 4527 527 4585; x_wconf 89' lang='lat' dir='ltr'><strong>ad</strong></span> <span class='ocrx_word' id='word_1_658' title='bbox 554 4528 676 4599; x_wconf 89' lang='lat' dir='ltr'><strong>ipso</strong></span> <span class='ocrx_word' id='word_1_659' title='bbox 714 4525 1026 4583; x_wconf 80' lang='lat' dir='ltr'><strong>Alexandro</strong></span> <span class='ocrx_word' id='word_1_660' title='bbox 1066 4527 1397 4598; x_wconf 85' lang='lat' dir='ltr'><strong>imperatore</strong></span> <span class='ocrx_word' id='word_1_661' title='bbox 1425 4526 1748 4584; x_wconf 88' lang='lat' dir='ltr'><strong>Christianis</strong></span> <span class='ocrx_word' id='word_1_662' title='bbox 1795 4542 2059 4584; x_wconf 88' lang='lat' dir='ltr'><strong>concesso</strong></span> <span class='ocrx_word' id='word_1_663' title='bbox 2087 4515 2139 4577; x_wconf 83' lang='lat' dir='ltr'><strong>D</strong></span> <span class='ocrx_word' id='word_1_664' title='bbox 2166 4528 2401 4586; x_wconf 88' lang='lat' dir='ltr'><strong>Baronio</strong></span> <span class='ocrx_word' id='word_1_665' title='bbox 2448 4542 2865 4587; x_wconf 88' lang='lat' dir='ltr'><strong>succenseamus</strong></span> <span class='ocrx_word' id='word_1_666' title='bbox 2894 4571 2911 4599; x_wconf 92' lang='lat'><strong>,</strong></span> <span class='ocrx_word' id='word_1_667' title='bbox 2967 4531 3058 4601; x_wconf 93' lang='lat' dir='ltr'><strong>qui</strong></span> <span class='ocrx_word' id='word_1_668' title='bbox 3117 4529 3234 4586; x_wconf 75' lang='lat' dir='ltr'><strong>haec</strong></span> <span class='ocrx_word' id='word_1_669' title='bbox 3281 4532 3444 4587; x_wconf 87' lang='lat' dir='ltr'><strong>verba</strong></span> <span class='ocrx_word' id='word_1_670' title='bbox 3498 4531 3763 4603; x_wconf 89' lang='lat' dir='ltr'><strong>tempori-</strong></span> 
     </span>
    </p>
   </div>
   <div class='ocr_carea' id='block_1_92' title="bbox 458 4618 2061 4690">
    <p class='ocr_par' dir='ltr' id='par_1_92' title="bbox 458 4618 2061 4690">
     <span class='ocr_line' id='line_1_92' title="bbox 458 4618 2061 4690; baseline 0 -14"><span class='ocrx_word' id='word_1_671' title='bbox 458 4635 527 4676; x_wconf 70' lang='grc' dir='ltr'><strong>ει</strong></span> <span class='ocrx_word' id='word_1_672' title='bbox 559 4618 854 4690; x_wconf 85' lang='lat' dir='ltr'><strong>Lampridii</strong></span> <span class='ocrx_word' id='word_1_673' title='bbox 886 4619 1218 4685; x_wconf 88' lang='lat' dir='ltr'><strong>testimonio,</strong></span> <span class='ocrx_word' id='word_1_674' title='bbox 1259 4628 1317 4674; x_wconf 89' lang='lat' dir='ltr'><strong>ut</strong></span> <span class='ocrx_word' id='word_1_675' title='bbox 1345 4619 1544 4674; x_wconf 87' lang='lat' dir='ltr'><strong>ibidem</strong></span> <span class='ocrx_word' id='word_1_676' title='bbox 1576 4620 1673 4675; x_wconf 89' lang='lat' dir='ltr'><strong>Dei</strong></span> <span class='ocrx_word' id='word_1_677' title='bbox 1701 4620 1878 4674; x_wconf 89' lang='lat' dir='ltr'><strong>cultus</strong></span> <span class='ocrx_word' id='word_1_678' title='bbox 1903 4635 2061 4676; x_wconf 83' lang='lat' dir='ltr'><strong>exer-</strong></span> 
     </span>
    </p>
   </div>
   <div class='ocr_carea' id='block_1_93' title="bbox 461 4712 2057 4782">
    <p class='ocr_par' dir='ltr' id='par_1_93' title="bbox 461 4712 2057 4782">
     <span class='ocr_line' id='line_1_93' title="bbox 461 4712 2057 4782; baseline -0.001 -11"><span class='ocrx_word' id='word_1_679' title='bbox 461 4725 695 4772; x_wconf 89' lang='lat' dir='ltr'><strong>ceretur.</strong></span> <span class='ocrx_word' id='word_1_680' title='bbox 725 4712 889 4769; x_wconf 86' lang='lat' dir='ltr'><strong>Certe</strong></span> <span class='ocrx_word' id='word_1_681' title='bbox 921 4712 1055 4769; x_wconf 90' lang='lat' dir='ltr'><strong>nulli</strong></span> <span class='ocrx_word' id='word_1_682' title='bbox 1092 4712 1187 4767; x_wconf 87' lang='lat' dir='ltr'><strong>alii</strong></span> <span class='ocrx_word' id='word_1_683' title='bbox 1225 4713 1343 4768; x_wconf 89' lang='lat' dir='ltr'><strong>usui</strong></span> <span class='ocrx_word' id='word_1_684' title='bbox 1373 4727 1495 4768; x_wconf 89' lang='lat' dir='ltr'><strong>esse</strong></span> <span class='ocrx_word' id='word_1_685' title='bbox 1523 4720 1733 4782; x_wconf 85' lang='lat' dir='ltr'><strong>poterat</strong></span> <span class='ocrx_word' id='word_1_686' title='bbox 1766 4712 1919 4767; x_wconf 88' lang='lat' dir='ltr'><strong>locus</strong></span> <span class='ocrx_word' id='word_1_687' title='bbox 1946 4714 2057 4782; x_wconf 89' lang='lat' dir='ltr'><strong>ille,</strong></span> 
     </span>
    </p>
   </div>
   <div class='ocr_carea' id='block_1_94' title="bbox 463 4800 2059 4875">
    <p class='ocr_par' dir='ltr' id='par_1_94' title="bbox 463 4800 2059 4875">
     <span class='ocr_line' id='line_1_94' title="bbox 463 4800 2059 4875; baseline -0.001 -14"><span class='ocrx_word' id='word_1_688' title='bbox 463 4808 567 4862; x_wconf 82' lang='lat' dir='ltr'><strong>nisi</strong></span> <span class='ocrx_word' id='word_1_689' title='bbox 594 4806 664 4860; x_wconf 87' lang='lat' dir='ltr'><strong>ad</strong></span> <span class='ocrx_word' id='word_1_690' title='bbox 695 4805 967 4875; x_wconf 83' lang='lat' dir='ltr'><strong>publicam</strong></span> <span class='ocrx_word' id='word_1_691' title='bbox 998 4803 1290 4858; x_wconf 82' lang='lat' dir='ltr'><strong>ecclesiam</strong></span> <span class='ocrx_word' id='word_1_692' title='bbox 1326 4800 1702 4857; x_wconf 64' lang='lat' dir='ltr'><strong>adiﬁcandam</strong></span> <span class='ocrx_word' id='word_1_693' title='bbox 1728 4818 1743 4869; x_wconf 89' lang='lat'><strong>;</strong></span> <span class='ocrx_word' id='word_1_694' title='bbox 1774 4802 1821 4858; x_wconf 90' lang='lat' dir='ltr'><strong>si</strong></span> <span class='ocrx_word' id='word_1_695' title='bbox 1860 4804 2059 4860; x_wconf 89' lang='lat' dir='ltr'><strong>etenim</strong></span> 
     </span>
    </p>
   </div>
   <div class='ocr_carea' id='block_1_95' title="bbox 464 4893 2059 4971">
    <p class='ocr_par' dir='ltr' id='par_1_95' title="bbox 464 4893 2059 4971">
     <span class='ocr_line' id='line_1_95' title="bbox 464 4893 2059 4971; baseline -0.001 -17"><span class='ocrx_word' id='word_1_696' title='bbox 464 4898 692 4971; x_wconf 73' lang='lat' dir='ltr'><strong>privatis</strong></span> <span class='ocrx_word' id='word_1_697' title='bbox 738 4894 1099 4951; x_wconf 86' lang='lat' dir='ltr'><strong>conventibus</strong></span> <span class='ocrx_word' id='word_1_698' title='bbox 1138 4894 1308 4949; x_wconf 89' lang='lat' dir='ltr'><strong>Deum</strong></span> <span class='ocrx_word' id='word_1_699' title='bbox 1355 4894 1539 4950; x_wconf 90' lang='lat' dir='ltr'><strong>colere</strong></span> <span class='ocrx_word' id='word_1_700' title='bbox 1564 4893 1862 4951; x_wconf 89' lang='lat' dir='ltr'><strong>voluissent</strong></span> <span class='ocrx_word' id='word_1_701' title='bbox 1899 4895 2059 4953; x_wconf 85' lang='lat' dir='ltr'><strong>Chri-</strong></span> 
     </span>
    </p>
   </div>
   <div class='ocr_carea' id='block_1_96' title="bbox 462 4984 2065 5061">
    <p class='ocr_par' dir='ltr' id='par_1_96' title="bbox 462 4984 2065 5061">
     <span class='ocr_line' id='line_1_96' title="bbox 462 4984 2065 5061; baseline -0.001 -17"><span class='ocrx_word' id='word_1_702' title='bbox 462 4989 649 5055; x_wconf 84' lang='lat' dir='ltr'><strong>stiani,</strong></span> <span class='ocrx_word' id='word_1_703' title='bbox 695 4985 830 5057; x_wconf 86' lang='lat' dir='ltr'><strong>ipsis</strong></span> <span class='ocrx_word' id='word_1_704' title='bbox 876 4994 935 5042; x_wconf 90' lang='lat' dir='ltr'><strong>ut</strong></span> <span class='ocrx_word' id='word_1_705' title='bbox 962 4995 1112 5042; x_wconf 87' lang='lat' dir='ltr'><strong>recte</strong></span> <span class='ocrx_word' id='word_1_706' title='bbox 1161 4984 1397 5041; x_wconf 88' lang='lat' dir='ltr'><strong>advertit</strong></span> <span class='ocrx_word' id='word_1_707' title='bbox 1453 4985 1734 5055; x_wconf 72' lang='lat' dir='ltr'><strong>Barcinus,</strong></span> <span class='ocrx_word' id='word_1_708' title='bbox 1794 4989 2065 5061; x_wconf 85' lang='lat' dir='ltr'><strong>complura</strong></span> 
     </span>
    </p>
   </div>
   <div class='ocr_carea' id='block_1_97' title="bbox 463 5063 2066 5151">
    <p class='ocr_par' dir='ltr' id='par_1_97' title="bbox 463 5063 2066 5151">
     <span class='ocr_line' id='line_1_97' title="bbox 463 5063 2066 5151; baseline 0.001 -16"><span class='ocrx_word' id='word_1_709' title='bbox 463 5082 664 5151; x_wconf 76' lang='lat' dir='ltr'><strong>priuata</strong></span> <span class='ocrx_word' id='word_1_710' title='bbox 691 5078 807 5133; x_wconf 84' lang='lat' dir='ltr'><strong>loca</strong></span> <span class='ocrx_word' id='word_1_711' title='bbox 845 5081 913 5133; x_wconf 84' lang='lat' dir='ltr'><strong>ad</strong></span> <span class='ocrx_word' id='word_1_712' title='bbox 941 5077 996 5132; x_wconf 87' lang='lat' dir='ltr'><strong>id</strong></span> <span class='ocrx_word' id='word_1_713' title='bbox 1026 5063 1154 5149; x_wconf 82' lang='lat' dir='ltr'><strong>opus</strong></span> <span class='ocrx_word' id='word_1_714' title='bbox 1182 5078 1358 5133; x_wconf 85' lang='lat' dir='ltr'><strong>deesse</strong></span> <span class='ocrx_word' id='word_1_715' title='bbox 1381 5093 1483 5132; x_wconf 86' lang='lat' dir='ltr'><strong>non</strong></span> <span class='ocrx_word' id='word_1_716' title='bbox 1522 5078 1823 5149; x_wconf 86' lang='lat' dir='ltr'><strong>potuissent.</strong></span> <span class='ocrx_word' id='word_1_717' title='bbox 1855 5079 1936 5136; x_wconf 83' lang='lat' dir='ltr'><strong>Ad</strong></span> <span class='ocrx_word' id='word_1_718' title='bbox 1968 5095 2066 5151; x_wconf 89' lang='lat' dir='ltr'><strong>pu-</strong></span> 
     </span>
    </p>
   </div>
   <div class='ocr_carea' id='block_1_98' title="bbox 463 5171 2066 5249">
    <p class='ocr_par' dir='ltr' id='par_1_98' title="bbox 463 5171 2066 5249">
     <span class='ocr_line' id='line_1_98' title="bbox 463 5171 2066 5249; baseline -0.001 -20"><span class='ocrx_word' id='word_1_719' title='bbox 463 5174 666 5229; x_wconf 87' lang='lat' dir='ltr'><strong>blicam</strong></span> <span class='ocrx_word' id='word_1_720' title='bbox 693 5171 877 5242; x_wconf 88' lang='lat' dir='ltr'><strong>itaque</strong></span> <span class='ocrx_word' id='word_1_721' title='bbox 913 5171 1267 5227; x_wconf 73' lang='lat' dir='ltr'><strong>extruendum</strong></span> <span class='ocrx_word' id='word_1_722' title='bbox 1302 5171 1589 5249; x_wconf 79' lang='lat' dir='ltr'><strong>ecclesiam</strong></span> <span class='ocrx_word' id='word_1_723' title='bbox 1610 5171 1786 5229; x_wconf 88' lang='lat' dir='ltr'><strong>locum</strong></span> <span class='ocrx_word' id='word_1_724' title='bbox 1808 5173 1910 5230; x_wconf 88' lang='lat' dir='ltr'><strong>sibi</strong></span> <span class='ocrx_word' id='word_1_725' title='bbox 1940 5189 2066 5229; x_wconf 86' lang='lat' dir='ltr'><strong>con-</strong></span> 
     </span>
    </p>
   </div>
   <div class='ocr_carea' id='block_1_99' title="bbox 466 5262 2067 5337">
    <p class='ocr_par' dir='ltr' id='par_1_99' title="bbox 466 5262 2067 5337">
     <span class='ocr_line' id='line_1_99' title="bbox 466 5262 2067 5337; baseline 0.001 -16"><span class='ocrx_word' id='word_1_726' title='bbox 466 5265 586 5321; x_wconf 86' lang='lat' dir='ltr'><strong>cedi</strong></span> <span class='ocrx_word' id='word_1_727' title='bbox 627 5264 927 5336; x_wconf 89' lang='lat' dir='ltr'><strong>petierunt,</strong></span> <span class='ocrx_word' id='word_1_728' title='bbox 977 5270 1037 5318; x_wconf 90' lang='lat' dir='ltr'><strong>ut</strong></span> <span class='ocrx_word' id='word_1_729' title='bbox 1075 5262 1152 5320; x_wconf 89' lang='lat' dir='ltr'><strong>ibi</strong></span> <span class='ocrx_word' id='word_1_730' title='bbox 1190 5264 1529 5334; x_wconf 88' lang='lat' dir='ltr'><strong>potissimum</strong></span> <span class='ocrx_word' id='word_1_731' title='bbox 1569 5263 1815 5336; x_wconf 75' lang='lat' dir='ltr'><strong>Deipara:</strong></span> <span class='ocrx_word' id='word_1_732' title='bbox 1860 5264 2067 5337; x_wconf 82' lang='lat' dir='ltr'><strong>Virgini</strong></span> 
     </span>
    </p>
   </div>
   <div class='ocr_carea' id='block_1_100' title="bbox 469 5356 2065 5433">
    <p class='ocr_par' dir='ltr' id='par_1_100' title="bbox 469 5356 2065 5433">
     <span class='ocr_line' id='line_1_100' title="bbox 469 5356 2065 5433; baseline 0.003 -20"><span class='ocrx_word' id='word_1_733' title='bbox 469 5357 754 5414; x_wconf 82' lang='lat' dir='ltr'><strong>ecclesiam</strong></span> <span class='ocrx_word' id='word_1_734' title='bbox 785 5356 1119 5428; x_wconf 77' lang='lat' dir='ltr'><strong>excitarent,</strong></span> <span class='ocrx_word' id='word_1_735' title='bbox 1166 5358 1399 5433; x_wconf 42' lang='lat' dir='ltr'><strong>ubi‘olei</strong></span> <span class='ocrx_word' id='word_1_736' title='bbox 1436 5360 1561 5417; x_wconf 74' lang='lat' dir='ltr'><strong>fons</strong></span> <span class='ocrx_word' id='word_1_737' title='bbox 1586 5360 1653 5416; x_wconf 91' lang='lat' dir='ltr'><strong>ad</strong></span> <span class='ocrx_word' id='word_1_738' title='bbox 1676 5368 1887 5432; x_wconf 86' lang='lat' dir='ltr'><strong>partum</strong></span> <span class='ocrx_word' id='word_1_739' title='bbox 1917 5365 2065 5432; x_wconf 80' lang='lat' dir='ltr'><strong>ejus-</strong></span> 
     </span>
    </p>
   </div>
   <div class='ocr_carea' id='block_1_101' title="bbox 469 5452 2064 5526">
    <p class='ocr_par' dir='ltr' id='par_1_101' title="bbox 469 5452 2064 5526">
     <span class='ocr_line' id='line_1_101' title="bbox 469 5452 2064 5526; baseline -0.001 -16"><span class='ocrx_word' id='word_1_740' title='bbox 469 5454 594 5510; x_wconf 88' lang='lat' dir='ltr'><strong>dem</strong></span> <span class='ocrx_word' id='word_1_741' title='bbox 620 5452 1013 5526; x_wconf 80' lang='lat' dir='ltr'><strong>designandum</strong></span> <span class='ocrx_word' id='word_1_742' title='bbox 1041 5453 1303 5512; x_wconf 84' lang='lat' dir='ltr'><strong>divinitus</strong></span> <span class='ocrx_word' id='word_1_743' title='bbox 1332 5463 1600 5513; x_wconf 77' lang='lat' dir='ltr'><strong>manaret.</strong></span> <span class='ocrx_word' id='word_1_744' title='bbox 1643 5453 1760 5510; x_wconf 83' lang='lat' dir='ltr'><strong>Non</strong></span> <span class='ocrx_word' id='word_1_745' title='bbox 1792 5455 1937 5510; x_wconf 88' lang='lat' dir='ltr'><strong>enim</strong></span> <span class='ocrx_word' id='word_1_746' title='bbox 1961 5470 2064 5525; x_wconf 85' lang='lat' dir='ltr'><strong>po-</strong></span> 
     </span>
    </p>
   </div>
   <div class='ocr_carea' id='block_1_102' title="bbox 470 5546 2069 5615">
    <p class='ocr_par' dir='ltr' id='par_1_102' title="bbox 470 5546 2069 5615">
     <span class='ocr_line' id='line_1_102' title="bbox 470 5546 2069 5615; baseline 0.001 -14"><span class='ocrx_word' id='word_1_747' title='bbox 470 5553 649 5602; x_wconf 87' lang='lat' dir='ltr'><strong>terant</strong></span> <span class='ocrx_word' id='word_1_748' title='bbox 665 5547 720 5602; x_wconf 90' lang='lat' dir='ltr'><strong>in</strong></span> <span class='ocrx_word' id='word_1_749' title='bbox 746 5562 813 5603; x_wconf 89' lang='lat' dir='ltr'><strong>eo</strong></span> <span class='ocrx_word' id='word_1_750' title='bbox 839 5546 963 5602; x_wconf 88' lang='lat' dir='ltr'><strong>loco</strong></span> <span class='ocrx_word' id='word_1_751' title='bbox 999 5549 1370 5606; x_wconf 64' lang='lat' dir='ltr'><strong>eameterium</strong></span> <span class='ocrx_word' id='word_1_752' title='bbox 1399 5558 1676 5615; x_wconf 72' lang='lat' dir='ltr'><strong>extruere,</strong></span> <span class='ocrx_word' id='word_1_753' title='bbox 1699 5558 1822 5601; x_wconf 87' lang='lat' dir='ltr'><strong>cum</strong></span> <span class='ocrx_word' id='word_1_754' title='bbox 1844 5558 1911 5602; x_wconf 73' lang='lat' dir='ltr'><strong>ex</strong></span> <span class='ocrx_word' id='word_1_755' title='bbox 1932 5547 2069 5602; x_wconf 89' lang='lat' dir='ltr'><strong>duo-</strong></span> 
     </span>
    </p>
   </div>
   <div class='ocr_carea' id='block_1_103' title="bbox 466 5635 2070 5714">
    <p class='ocr_par' dir='ltr' id='par_1_103' title="bbox 466 5635 2070 5714">
     <span class='ocr_line' id='line_1_103' title="bbox 466 5635 2070 5714; baseline 0.004 -23"><span class='ocrx_word' id='word_1_756' title='bbox 466 5635 642 5691; x_wconf 85' lang='lat' dir='ltr'><strong>decim</strong></span> <span class='ocrx_word' id='word_1_757' title='bbox 664 5635 990 5700; x_wconf 83' lang='lat' dir='ltr'><strong>Tahuiarurn</strong></span> <span class='ocrx_word' id='word_1_758' title='bbox 1009 5638 1338 5714; x_wconf 85' lang='lat' dir='ltr'><strong>praescripto</strong></span> <span class='ocrx_word' id='word_1_759' title='bbox 1355 5638 1548 5699; x_wconf 80' lang='lat' dir='ltr'><strong>Romae</strong></span> <span class='ocrx_word' id='word_1_760' title='bbox 1567 5645 1812 5697; x_wconf 88' lang='lat' dir='ltr'><strong>mortuos</strong></span> <span class='ocrx_word' id='word_1_761' title='bbox 1837 5637 2070 5709; x_wconf 85' lang='lat' dir='ltr'><strong>sepelire</strong></span> 
     </span>
    </p>
   </div>
   <div class='ocr_carea' id='block_1_104' title="bbox 462 5730 871 5792">
    <p class='ocr_par' dir='ltr' id='par_1_104' title="bbox 462 5730 871 5792">
     <span class='ocr_line' id='line_1_104' title="bbox 462 5730 871 5792; baseline -0.017 -2"><span class='ocrx_word' id='word_1_762' title='bbox 462 5730 681 5790; x_wconf 81' lang='lat' dir='ltr'><strong>vetitum</strong></span> <span class='ocrx_word' id='word_1_763' title='bbox 700 5738 871 5792; x_wconf 81' lang='lat' dir='ltr'><strong>esset.</strong></span> 
     </span>
    </p>
   </div>
   <div class='ocr_carea' id='block_1_105' title="bbox 2169 4623 3764 4695">
    <p class='ocr_par' dir='ltr' id='par_1_105' title="bbox 2169 4623 3764 4695">
     <span class='ocr_line' id='line_1_105' title="bbox 2169 4623 3764 4695; baseline 0.003 -18"><span class='ocrx_word' id='word_1_764' title='bbox 2169 4623 2270 4677; x_wconf 89' lang='lat' dir='ltr'><strong>bus</strong></span> <span class='ocrx_word' id='word_1_765' title='bbox 2321 4630 2448 4678; x_wconf 90' lang='lat' dir='ltr'><strong>ante</strong></span> <span class='ocrx_word' id='word_1_766' title='bbox 2474 4623 2896 4678; x_wconf 87' lang='lat' dir='ltr'><strong>Constantinum</strong></span> <span class='ocrx_word' id='word_1_767' title='bbox 2939 4623 3233 4680; x_wconf 87' lang='lat' dir='ltr'><strong>convenire</strong></span> <span class='ocrx_word' id='word_1_768' title='bbox 3283 4624 3406 4695; x_wconf 92' lang='lat' dir='ltr'><strong>jure</strong></span> <span class='ocrx_word' id='word_1_769' title='bbox 3446 4639 3509 4679; x_wconf 90' lang='lat' dir='ltr'><strong>ac</strong></span> <span class='ocrx_word' id='word_1_770' title='bbox 3564 4626 3764 4683; x_wconf 90' lang='lat' dir='ltr'><strong>merito</strong></span> 
     </span>
    </p>
   </div>
   <div class='ocr_carea' id='block_1_106' title="bbox 2170 4713 3767 4788">
    <p class='ocr_par' dir='ltr' id='par_1_106' title="bbox 2170 4713 3767 4788">
     <span class='ocr_line' id='line_1_106' title="bbox 2170 4713 3767 4788; baseline 0.003 -19"><span class='ocrx_word' id='word_1_771' title='bbox 2170 4722 2340 4783; x_wconf 87' lang='lat' dir='ltr'><strong>putat.</strong></span> <span class='ocrx_word' id='word_1_772' title='bbox 2370 4713 2504 4770; x_wconf 86' lang='lat' dir='ltr'><strong>Nam</strong></span> <span class='ocrx_word' id='word_1_773' title='bbox 2537 4715 2581 4770; x_wconf 91' lang='lat' dir='ltr'><strong>si</strong></span> <span class='ocrx_word' id='word_1_774' title='bbox 2630 4721 2755 4785; x_wconf 79' lang='lat' dir='ltr'><strong>post</strong></span> <span class='ocrx_word' id='word_1_775' title='bbox 2775 4714 3111 4770; x_wconf 89' lang='lat' dir='ltr'><strong>Constantini</strong></span> <span class='ocrx_word' id='word_1_776' title='bbox 3163 4725 3405 4786; x_wconf 88' lang='lat' dir='ltr'><strong>tempora</strong></span> <span class='ocrx_word' id='word_1_777' title='bbox 3457 4717 3767 4788; x_wconf 83' lang='lat' dir='ltr'><strong>scripsisset</strong></span> 
     </span>
    </p>
   </div>
   <div class='ocr_carea' id='block_1_107' title="bbox 2169 4806 3762 4881">
    <p class='ocr_par' dir='ltr' id='par_1_107' title="bbox 2169 4806 3762 4881">
     <span class='ocr_line' id='line_1_107' title="bbox 2169 4806 3762 4881; baseline 0.004 -20"><span class='ocrx_word' id='word_1_778' title='bbox 2169 4806 2338 4875; x_wconf 85' lang='lat' dir='ltr'><strong>Zeno,</strong></span> <span class='ocrx_word' id='word_1_779' title='bbox 2392 4821 2573 4864; x_wconf 89' lang='lat' dir='ltr'><strong>nonne</strong></span> <span class='ocrx_word' id='word_1_780' title='bbox 2624 4808 2726 4863; x_wconf 87' lang='lat' dir='ltr'><strong>hac</strong></span> <span class='ocrx_word' id='word_1_781' title='bbox 2777 4809 3066 4864; x_wconf 89' lang='lat' dir='ltr'><strong>occasione</strong></span> <span class='ocrx_word' id='word_1_782' title='bbox 3115 4806 3455 4865; x_wconf 88' lang='lat' dir='ltr'><strong>Constantini</strong></span> <span class='ocrx_word' id='word_1_783' title='bbox 3505 4812 3762 4881; x_wconf 86' lang='lat' dir='ltr'><strong>pietatem</strong></span> 
     </span>
    </p>
   </div>
   <div class='ocr_carea' id='block_1_108' title="bbox 2171 4898 3766 4974">
    <p class='ocr_par' dir='ltr' id='par_1_108' title="bbox 2171 4898 3766 4974">
     <span class='ocr_line' id='line_1_108' title="bbox 2171 4898 3766 4974; baseline 0.003 -19"><span class='ocrx_word' id='word_1_784' title='bbox 2171 4900 2535 4967; x_wconf 83' lang='lat' dir='ltr'><strong>celebrasset,</strong></span> <span class='ocrx_word' id='word_1_785' title='bbox 2594 4898 2686 4970; x_wconf 91' lang='lat' dir='ltr'><strong>qui</strong></span> <span class='ocrx_word' id='word_1_786' title='bbox 2749 4900 3016 4971; x_wconf 74' lang='lat' dir='ltr'><strong>dejectam</strong></span> <span class='ocrx_word' id='word_1_787' title='bbox 3064 4899 3260 4956; x_wconf 90' lang='lat' dir='ltr'><strong>Christi</strong></span> <span class='ocrx_word' id='word_1_788' title='bbox 3316 4902 3636 4974; x_wconf 85' lang='lat' dir='ltr'><strong>religionem</strong></span> <span class='ocrx_word' id='word_1_789' title='bbox 3686 4911 3766 4960; x_wconf 87' lang='lat' dir='ltr'><strong>tot</strong></span> 
     </span>
    </p>
   </div>
   <div class='ocr_carea' id='block_1_109' title="bbox 2167 4991 3766 5067">
    <p class='ocr_par' dir='ltr' id='par_1_109' title="bbox 2167 4991 3766 5067">
     <span class='ocr_line' id='line_1_109' title="bbox 2167 4991 3766 5067; baseline 0.004 -21"><span class='ocrx_word' id='word_1_790' title='bbox 2167 4991 2515 5063; x_wconf 74' lang='lat' dir='ltr'><strong>amplissimis</strong></span> <span class='ocrx_word' id='word_1_791' title='bbox 2569 4992 2785 5063; x_wconf 89' lang='lat' dir='ltr'><strong>templis</strong></span> <span class='ocrx_word' id='word_1_792' title='bbox 2829 4993 3146 5049; x_wconf 77' lang='lat' dir='ltr'><strong>decoravit?</strong></span> <span class='ocrx_word' id='word_1_793' title='bbox 3197 4993 3263 5048; x_wconf 91' lang='lat' dir='ltr'><strong>Et</strong></span> <span class='ocrx_word' id='word_1_794' title='bbox 3308 5011 3416 5066; x_wconf 89' lang='lat' dir='ltr'><strong>quo</strong></span> <span class='ocrx_word' id='word_1_795' title='bbox 3445 5006 3604 5067; x_wconf 90' lang='lat' dir='ltr'><strong>pacto</strong></span> <span class='ocrx_word' id='word_1_796' title='bbox 3648 4997 3766 5054; x_wconf 88' lang='lat' dir='ltr'><strong>sine</strong></span> 
     </span>
    </p>
   </div>
   <div class='ocr_carea' id='block_1_110' title="bbox 2168 5084 3767 5156">
    <p class='ocr_par' dir='ltr' id='par_1_110' title="bbox 2168 5084 3767 5156">
     <span class='ocr_line' id='line_1_110' title="bbox 2168 5084 3767 5156; baseline 0.004 -16"><span class='ocrx_word' id='word_1_797' title='bbox 2168 5084 2389 5141; x_wconf 69' lang='lat' dir='ltr'><strong>invidiae</strong></span> <span class='ocrx_word' id='word_1_798' title='bbox 2422 5096 2548 5142; x_wconf 89' lang='lat' dir='ltr'><strong>nota</strong></span> <span class='ocrx_word' id='word_1_799' title='bbox 2595 5086 2858 5156; x_wconf 88' lang='lat' dir='ltr'><strong>potuisset</strong></span> <span class='ocrx_word' id='word_1_800' title='bbox 2886 5084 2945 5143; x_wconf 89' lang='lat' dir='ltr'><strong>S.</strong></span> <span class='ocrx_word' id='word_1_801' title='bbox 3002 5086 3241 5143; x_wconf 80' lang='lat' dir='ltr'><strong>Antistes</strong></span> <span class='ocrx_word' id='word_1_802' title='bbox 3294 5086 3626 5145; x_wconf 86' lang='lat' dir='ltr'><strong>Veronensis</strong></span> <span class='ocrx_word' id='word_1_803' title='bbox 3676 5105 3767 5146; x_wconf 88' lang='lat' dir='ltr'><strong>as-</strong></span> 
     </span>
    </p>
   </div>
   <div class='ocr_carea' id='block_1_111' title="bbox 2167 5176 3766 5250">
    <p class='ocr_par' dir='ltr' id='par_1_111' title="bbox 2167 5176 3766 5250">
     <span class='ocr_line' id='line_1_111' title="bbox 2167 5176 3766 5250; baseline 0.004 -19"><span class='ocrx_word' id='word_1_804' title='bbox 2167 5190 2375 5244; x_wconf 87' lang='lat' dir='ltr'><strong>serere,</strong></span> <span class='ocrx_word' id='word_1_805' title='bbox 2426 5177 2685 5234; x_wconf 85' lang='lat' dir='ltr'><strong>ecclesias</strong></span> <span class='ocrx_word' id='word_1_806' title='bbox 2740 5176 3185 5235; x_wconf 89' lang='lat' dir='ltr'><strong>Christianorum-</strong></span> <span class='ocrx_word' id='word_1_807' title='bbox 3228 5191 3351 5250; x_wconf 88' lang='lat' dir='ltr'><strong>post</strong></span> <span class='ocrx_word' id='word_1_808' title='bbox 3400 5181 3676 5237; x_wconf 84' lang='lat' dir='ltr'><strong>dilatatam</strong></span> <span class='ocrx_word' id='word_1_809' title='bbox 3732 5199 3766 5238; x_wconf 87' lang='lat' dir='ltr'><strong>a</strong></span> 
     </span>
    </p>
   </div>
   <div class='ocr_carea' id='block_1_112' title="bbox 2166 5268 3767 5347">
    <p class='ocr_par' dir='ltr' id='par_1_112' title="bbox 2166 5268 3767 5347">
     <span class='ocr_line' id='line_1_112' title="bbox 2166 5268 3767 5347; baseline 0.002 -20"><span class='ocrx_word' id='word_1_810' title='bbox 2166 5268 2527 5327; x_wconf 89' lang='lat' dir='ltr'><strong>Constantino</strong></span> <span class='ocrx_word' id='word_1_811' title='bbox 2555 5271 2900 5343; x_wconf 84' lang='lat' dir='ltr'><strong>religionem,</strong></span> <span class='ocrx_word' id='word_1_812' title='bbox 2931 5288 3002 5329; x_wconf 90' lang='lat' dir='ltr'><strong>ne</strong></span> <span class='ocrx_word' id='word_1_813' title='bbox 3047 5274 3281 5329; x_wconf 89' lang='lat' dir='ltr'><strong>ruinosis</strong></span> <span class='ocrx_word' id='word_1_814' title='bbox 3304 5273 3521 5346; x_wconf 89' lang='lat' dir='ltr'><strong>quidem</strong></span> <span class='ocrx_word' id='word_1_815' title='bbox 3546 5287 3767 5347; x_wconf 87' lang='lat' dir='ltr'><strong>compa-</strong></span> 
     </span>
    </p>
   </div>
   <div class='ocr_carea' id='block_1_113' title="bbox 2164 5362 3770 5438">
    <p class='ocr_par' dir='ltr' id='par_1_113' title="bbox 2164 5362 3770 5438">
     <span class='ocr_line' id='line_1_113' title="bbox 2164 5362 3770 5438; baseline 0.004 -19"><span class='ocrx_word' id='word_1_816' title='bbox 2164 5362 2364 5419; x_wconf 87' lang='lat' dir='ltr'><strong>randas</strong></span> <span class='ocrx_word' id='word_1_817' title='bbox 2390 5378 2516 5421; x_wconf 88' lang='lat' dir='ltr'><strong>esse</strong></span> <span class='ocrx_word' id='word_1_818' title='bbox 2548 5363 2819 5422; x_wconf 90' lang='lat' dir='ltr'><strong>idolorum</strong></span> <span class='ocrx_word' id='word_1_819' title='bbox 2845 5364 3107 5437; x_wconf 85' lang='lat' dir='ltr'><strong>templis?</strong></span> <span class='ocrx_word' id='word_1_820' title='bbox 3147 5366 3333 5438; x_wconf 82' lang='lat' dir='ltr'><strong>Neque</strong></span> <span class='ocrx_word' id='word_1_821' title='bbox 3357 5366 3635 5423; x_wconf 84' lang='lat' dir='ltr'><strong>allucinati</strong></span> <span class='ocrx_word' id='word_1_822' title='bbox 3665 5368 3770 5425; x_wconf 87' lang='lat' dir='ltr'><strong>Pe-</strong></span> 
     </span>
    </p>
   </div>
   <div class='ocr_carea' id='block_1_114' title="bbox 2167 5456 3769 5530">
    <p class='ocr_par' dir='ltr' id='par_1_114' title="bbox 2167 5456 3769 5530">
     <span class='ocr_line' id='line_1_114' title="bbox 2167 5456 3769 5530; baseline 0.003 -19"><span class='ocrx_word' id='word_1_823' title='bbox 2167 5464 2363 5525; x_wconf 89' lang='lat' dir='ltr'><strong>rettus,</strong></span> <span class='ocrx_word' id='word_1_824' title='bbox 2417 5464 2473 5512; x_wconf 89' lang='lat' dir='ltr'><strong>et</strong></span> <span class='ocrx_word' id='word_1_825' title='bbox 2520 5456 2748 5528; x_wconf 44' lang='lat' dir='ltr'><strong>&#39;Bagalta</strong></span> <span class='ocrx_word' id='word_1_826' title='bbox 2791 5458 3009 5514; x_wconf 91' lang='lat' dir='ltr'><strong>dicendi</strong></span> <span class='ocrx_word' id='word_1_827' title='bbox 3041 5465 3188 5527; x_wconf 90' lang='lat' dir='ltr'><strong>sunt,</strong></span> <span class='ocrx_word' id='word_1_828' title='bbox 3221 5458 3314 5530; x_wconf 91' lang='lat' dir='ltr'><strong>qui</strong></span> <span class='ocrx_word' id='word_1_829' title='bbox 3340 5474 3406 5515; x_wconf 84' lang='lat' dir='ltr'><strong>ex</strong></span> <span class='ocrx_word' id='word_1_830' title='bbox 3438 5458 3495 5517; x_wconf 89' lang='lat' dir='ltr'><strong>S.</strong></span> <span class='ocrx_word' id='word_1_831' title='bbox 3530 5458 3769 5517; x_wconf 89' lang='lat' dir='ltr'><strong>Zenonis</strong></span> 
     </span>
    </p>
   </div>
   <div class='ocr_carea' id='block_1_115' title="bbox 2168 5546 3771 5625">
    <p class='ocr_par' dir='ltr' id='par_1_115' title="bbox 2168 5546 3771 5625">
     <span class='ocr_line' id='line_1_115' title="bbox 2168 5546 3771 5625; baseline 0.004 -22"><span class='ocrx_word' id='word_1_832' title='bbox 2168 5548 2474 5606; x_wconf 87' lang='lat' dir='ltr'><strong>assertione</strong></span> <span class='ocrx_word' id='word_1_833' title='bbox 2506 5566 2521 5605; x_wconf 92' lang='lat'><strong>:</strong></span> <span class='ocrx_word' id='word_1_834' title='bbox 2558 5546 2700 5604; x_wconf 85' lang='lat' dir='ltr'><strong>Tunc</strong></span> <span class='ocrx_word' id='word_1_835' title='bbox 2729 5566 2831 5605; x_wconf 87' lang='lat' dir='ltr'><strong>non</strong></span> <span class='ocrx_word' id='word_1_836' title='bbox 2859 5552 3018 5623; x_wconf 85' lang='lat' dir='ltr'><strong>fuisse</strong></span> <span class='ocrx_word' id='word_1_837' title='bbox 3054 5551 3169 5621; x_wconf 80' lang='lat' dir='ltr'><strong>jam</strong></span> <span class='ocrx_word' id='word_1_838' title='bbox 3217 5551 3405 5621; x_wconf 87' lang='lat' dir='ltr'><strong>templa</strong></span> <span class='ocrx_word' id='word_1_839' title='bbox 3449 5552 3771 5625; x_wconf 87' lang='lat' dir='ltr'><strong>(conspicua</strong></span> 
     </span>
    </p>
   </div>
   <div class='ocr_carea' id='block_1_116' title="bbox 2171 5642 3768 5719">
    <p class='ocr_par' dir='ltr' id='par_1_116' title="bbox 2171 5642 3768 5719">
     <span class='ocr_line' id='line_1_116' title="bbox 2171 5642 3768 5719; baseline 0.001 -19"><span class='ocrx_word' id='word_1_840' title='bbox 2171 5642 2380 5700; x_wconf 86' lang='lat' dir='ltr'><strong>scilicet</strong></span> <span class='ocrx_word' id='word_1_841' title='bbox 2407 5642 2655 5717; x_wconf 60' lang='lat' dir='ltr'><strong>aediﬁcia)</strong></span> <span class='ocrx_word' id='word_1_842' title='bbox 2688 5643 2997 5700; x_wconf 81' lang='lat' dir='ltr'><strong>Christianis</strong></span> <span class='ocrx_word' id='word_1_843' title='bbox 3026 5652 3319 5700; x_wconf 85' lang='lat' dir='ltr'><strong>constructa</strong></span> <span class='ocrx_word' id='word_1_844' title='bbox 3347 5645 3550 5718; x_wconf 89' lang='lat' dir='ltr'><strong>opinati</strong></span> <span class='ocrx_word' id='word_1_845' title='bbox 3591 5656 3723 5703; x_wconf 86' lang='lat' dir='ltr'><strong>sunt</strong></span> <span class='ocrx_word' id='word_1_846' title='bbox 3750 5690 3768 5719; x_wconf 89' lang='lat'><strong>,</strong></span> 
     </span>
    </p>
   </div>
   <div class='ocr_carea' id='block_1_117' title="bbox 2185 5736 3777 5821">
    <p class='ocr_par' dir='ltr' id='par_1_117' title="bbox 2185 5736 3777 5821">
     <span class='ocr_line' id='line_1_117' title="bbox 2185 5736 3777 5821; baseline 0.006 -24"><span class='ocrx_word' id='word_1_847' title='bbox 2185 5738 2378 5802; x_wconf 82' lang='lat' dir='ltr'><strong>eadem</strong></span> <span class='ocrx_word' id='word_1_848' title='bbox 2422 5736 2633 5802; x_wconf 85' lang='lat' dir='ltr'><strong>ratione</strong></span> <span class='ocrx_word' id='word_1_849' title='bbox 2674 5751 2780 5821; x_wconf 84' lang='lat' dir='ltr'><strong>qua</strong></span> <span class='ocrx_word' id='word_1_850' title='bbox 2823 5739 2884 5800; x_wconf 87' lang='lat' dir='ltr'><strong>S.</strong></span> <span class='ocrx_word' id='word_1_851' title='bbox 2936 5737 3085 5798; x_wconf 83' lang='lat' dir='ltr'><strong>Zeno</strong></span> <span class='ocrx_word' id='word_1_852' title='bbox 3128 5754 3230 5800; x_wconf 87' lang='lat' dir='ltr'><strong>suo</strong></span> <span class='ocrx_word' id='word_1_853' title='bbox 3256 5755 3374 5812; x_wconf 76' lang='lat' dir='ltr'><strong>aevo</strong></span> <span class='ocrx_word' id='word_1_854' title='bbox 3397 5738 3660 5809; x_wconf 83' lang='lat' dir='ltr'><strong>ecclesias</strong></span> <span class='ocrx_word' id='word_1_855' title='bbox 3701 5757 3777 5809; x_wconf 80' lang='lat' dir='ltr'><strong>oe</strong></span> 
     </span>
    </p>
   </div>
  </div>
