4198 6160
507 196 614 253 69⁸5

1664 201 1749 256 DE
1783 200 2026 257 SANCTI
2066 203 2354 260 ZENONIS
2395 206 2673 267 EPOCHA

3694 229 3867 285 6'96“

505 323 803 385 promovent
841 312 993 371 aliter
1022 314 1366 369 consideranti
1401 330 1481 369 res
1533 313 1951 369 Christianorum
1993 325 2110 370 ante
2136 317 2189 379 Α
2223 338 2238 368 ι
2276 320 2651 388 barbarorum,
2673 338 2793 393 qua:
2813 325 3094 394 graviores
3123 339 3296 386 morte
3313 332 3786 397 sunt.Adoleseen-
3832 364 3833 367 η
3878 342 3885 347 “

505 406 897 462 Constantinum
920 425 939 472 ;
971 404 1231 461 Ecclesias
1256 407 1392 460 enim
1417 406 1575 462 totius
1603 405 1903 463 Occidentis
1924 419 2109 480 reputo

502 498 666 553 instar
695 499 964 553 titulorum
991 498 1151 564 urbis,
1185 499 1363 554 domos
1388 517 1570 571 nempe
1599 502 1828 572 privatas
1848 503 2105 573 ﬁdelium,

504 593 688 664 quibus
725 592 939 646 ecclesia
968 592 1101 645 clam
1140 591 1397 665 gentibus,
1439 610 1528 648 seu
1577 593 1870 649 idololatris
1898 595 2108 651 addicta

506 696 619 740 erat
659 686 728 740 ad
753 684 979 751 sinaxes,
1021 696 1067 740 et
1108 687 1349 741 collectas
1376 688 1663 760 faciendas.
1710 686 1892 745 Addat
1919 706 2107 762 qutcso

505 778 913 848 persecutionum
945 787 1188 850 tempore.
1233 778 1498 850 Expedita
1522 795 1653 837 sane
1693 781 1852 847 ratio,
1891 797 1991 853 pro
2040 782 2107 836 li-

506 868 616 924 bito
646 876 825 923 tamen
853 870 1181 925 consideret.
1206 871 1338 937 Quis
1359 872 1503 928 enim
1528 871 1766 943 prudens
1792 874 2101 944 opinionem

505 961 744 1032 antiquis
768 964 1022 1018 omnibus
1042 967 1413 1021 monumentis
1443 969 1770 1023 contrariam
1802 980 1854 1024 et
1885 986 1986 1041 pro
2016 987 2104 1026 ar-

501 1055 668 1110 bitrio
712 1066 1028 1124 conceptam
1077 1057 1256 1113 fucum
1292 1058 1469 1115 facere
1499 1061 1603 1116 sibi
1638 1062 1890 1132 patiatur.
1942 1064 2103 1121 Falso

502 1147 705 1203 etenim
756 1151 951 1204 asserit
986 1168 997 1202 :
1033 1150 1443 1206 Occidentalium
1478 1164 1613 1208 certe
1644 1158 1949 1227 templorum
1986 1158 2106 1213 nul-

504 1240 584 1293 lus
613 1239 832 1307 affertur
859 1243 1017 1295 testis.
1066 1241 1291 1298 Constat
1328 1245 1536 1301 falsitas
1564 1263 1628 1301 ex
1664 1262 1787 1302 mox
1824 1249 2099 1307 adductis.

501 1330 656 1397 Quod
707 1347 838 1386 vero
894 1334 1091 1389 nullam
1150 1332 1408 1390 Ecclesim
1462 1340 1925 1396 consecrationem
1975 1350 2104 1398 ante

501 1421 914 1479 Constantinum
982 1427 1305 1483 solemniter
1367 1427 1564 1485 factam
1638 1429 1804 1486 fuisse
1870 1432 2100 1503 legatur.

503 1518 643 1583 Quid
677 1519 836 1574 inde?
875 1519 1054 1575 Inanis
1083 1522 1326 1591 profecto
1359 1523 1530 1578 ratio!
1564 1522 1756 1578 Nonne
1782 1533 1837 1578 et
1865 1525 1984 1582 sine
2015 1541 2105 1581 so-

500 1609 665 1664 lemni
711 1611 1126 1668 consecratione
1168 1614 1395 1684 publica:
1434 1617 1676 1669 construi
1708 1616 1970 1672 Ecclesiae
2009 1633 2106 1689 po-

2222 431 2239 464 ι
2279 411 2427 475 ιιιιιιε.
2458 413 2540 468 vel
2572 416 2805 485 pueruli,
2838 418 2923 473 vel
2951 420 3181 475 infantes
3219 422 3290 477 ab
3321 421 3584 482 idolorum
3613 440 3789 487 conta<

2219 521 2238 553 ι
2273 502 2398 573 giis,
2429 503 2826 574 quibusmortis
2848 519 2997 565 metu
3029 512 3485 583 inquinahantur?
3522 536 3540 570 ι
3568 520 3790 578 Adverti-

2211 595 2315 649 stin
2372 596 2488 667 (sic
2522 612 2924 671 prosequuntur
2981 602 3298 678 Ballerinii)
3346 626 3365 659 ‹
3405 617 3519 666 ιοιο
3563 616 3792 683 captivos

2168 712 2173 721 -
2213 686 2417 742 Orbe...
2464 704 2600 759 quos
2626 692 2715 762 qui
2763 694 3057 751 redimeret
3096 696 3441 755 subtraheret
3478 702 3636 759 neci?
3665 706 3793 772 Quid

2211 794 2332 832 cum
2357 782 2582 835 auctoris
2612 784 2773 838 nostri
2798 785 2960 840 verbis
2986 789 3148 859 magis
3178 792 3544 847 consentiens?
3579 814 3597 848 ι
3631 793 3791 867 Igitur

2211 879 2268 925 ut
2296 872 2364 927 ad
2388 878 2677 944 argumenti
2702 894 2955 934 summam
2996 882 3200 937 tandem
3227 886 3497 942 redeamus
3522 931 3537 955 ,
3568 907 3679 945 cum
3710 910 3795 949 no-

2210 976 2314 1019 ster
2333 975 2511 1021 auctor
2539 968 2890 1026 liberalitatem
2918 990 3125 1030 suorum
3153 978 3447 1035 auditorum
3468 983 3521 1037 in
3549 985 3793 1041 redimen-

2202 1055 2294 1108 'dis
2339 1059 2553 1127 captivis
2600 1063 3072 1132 muniﬁcentissime
3108 1068 3504 1129 demonstratam
3551 1092 3798 1133 commeno

2212 1148 2365 1215 dans,
2397 1152 2796 1222 redemptionem
2820 1158 3117 1212 eorumdent
3139 1162 3490 1232 captivorum,
3533 1167 3597 1221 de
3624 1170 3798 1240 quibus

2210 1241 2417 1310 scripsit
2440 1243 2762 1311 Ambrosius,
2785 1258 2993 1315 spectet,
3019 1267 3121 1322 qua
3142 1269 3245 1307 una
3275 1270 3446 1309 verum
3473 1257 3589 1327 ﬁeri
3615 1263 3797 1332 potuit,

2208 1341 2264 1386 ut
2285 1332 2339 1386 id
2364 1335 2629 1403 generis...
2661 1336 2931 1407 Largitas,
2973 1344 3264 1411 provinciis
3293 1333 3692 1407 omnibusinota
3720 1368 3800 1408 cs-

2208 1430 2313 1490 set,
2362 1424 2589 1496 ejusque
2618 1428 2699 1498 pia
2740 1433 2947 1485 semina
2997 1436 3160 1488 totius
3187 1438 3418 1506 quodam
3451 1442 3612 1496 modo
3658 1446 3799 1500 orbis

2211 1533 2308 1588 per
2341 1520 2579 1576 membra
2602 1522 2965 1592 jactaretur...
2998 1537 3055 1583 ut
3080 1530 3216 1585 idem
3243 1542 3419 1588 auctor
3444 1536 3644 1607 prodit,
3669 1538 3801 1592 [iuuit

2208 1612 2364 1668 dubie
2413 1623 2665 1671 tractatus
2716 1618 2946 1673 decimus
2996 1621 3033 1675 ι.
3064 1638 3102 1676 ιι
3142 1622 3348 1680 habitus
3396 1639 3536 1697 patet
3564 1639 3677 1699 post
3713 1648 3803 1685 an-

500 1702 714 1757 terant?
742 1702 885 1769 Quot
925 1712 979 1759 ct
1013 1702 1162 1759 hisce
1198 1706 1533 1775 temporibus
1574 1707 1800 1777 publica:
1844 1708 2103 1765 Ecclesia:
2134 1700 2184 1761 Β
2210 1721 2332 1759 num
2382 1705 2509 1774 578,
2542 1724 2642 1778 quo
2682 1709 2889 1764 barbari
2927 1722 3125 1767 tantum
3174 1719 3491 1786 captivorum
3539 1738 3805 1777 numerum

504 1805 650 1862 sunt,
685 1798 809 1852 licet
837 1802 943 1852 non
966 1800 1342 1854 consecrata}?

505 1936 535 2005 ᾗ
564 1933 655 1989 lll.
691 1936 820 2004 Qua:
844 1936 908 1992 S.
932 1934 1075 1990 Zeno
1104 1936 1347 1991 Tractatu
1374 1936 1571 1990 decimo
1592 1937 1682 1992 lib.
1716 1937 1885 2009 primo
1909 1939 1970 1992 de
2000 1938 2102 1993 Ve-

571 2030 870 2084 ronensium
910 2030 1271 2102 largitionibus
1315 2033 1532 2101 profert,
1560 2030 1744 2100 quibus
1790 2030 1977 2086 multos
2023 2049 2105 2086 re-

573 2123 803 2193 demptos
849 2122 1010 2191 fuisse
1037 2123 1130 2188 ait,
1165 2138 1268 2176 non
1298 2123 1530 2176 indicant
1572 2133 1751 2194 captos
1790 2138 1821 2176 a
1857 2121 2103 2179 Barbari:

577 2226 690 2288 post
722 2216 1282 2288 lladrianopolitanam
1308 2234 1552 2291 pugnam.

572 2358 631 2414 S.
676 2356 917 2412 Zenonis
961 2364 1166 2411 textum
1197 2355 1418 2411 laudant
1454 2355 1637 2411 eximii
1678 2354 1960 2412 Ballerinii
2004 2357 2098 2429 (ά.

498 2453 721 2507 Dissert.
759 2453 812 2519 l,
842 2469 888 2504 c.
918 2450 973 2516 2,
1000 2448 1123 2522 §7),
1148 2465 1332 2519 quem,
1361 2464 1483 2505 cum
1516 2448 1639 2503 aliis
1660 2447 1871 2503 duobus
1897 2448 1954 2505 S.
1982 2450 2105 2503 Am-

497 2545 666 2601 brosii
697 2543 934 2599 testibus
960 2540 1309 2597 conferentes
1322 2558 1397 2597 ex
1430 2542 1494 2596 iis
1517 2551 1703 2610 utpote
1723 2541 2100 2597 conformibus

494 2637 927 2708 redemptionem
975 2635 1315 2705 captivorum
1366 2644 1487 2706 post
1527 2635 2096 2708 Iladrianopolitanam

496 2733 869 2789 Romanorum
898 2731 1111 2787 cladem
1154 2730 1212 2787 S.
1256 2730 1530 2786 Zenonem
1575 2730 1848 2786 indicasse
1884 2740 2093 2801 putant.

495 2826 701 2882 Horum
748 2827 931 2896 itaque
960 2833 1206 2879 textuum
1251 2820 1604 2877 conformitas
1632 2821 1807 2892 primo
1847 2821 2098 2878 conside-

496 2915 664 2971 randa
687 2926 793 2981 est,
825 2914 1039 2986 ipsique
1062 2923 1242 2968 textus
1262 2914 1610 2969 exscribendi
1639 2922 1787 2978 sunt,
1817 2922 1874 2967 ut
1897 2913 1963 2969 de
1995 2930 2092 2969 eo-

495 3026 612 3065 rum
640 3010 1020 3068 conformitate
1050 3018 1283 3064 constet.
1309 3008 1364 3065 S.
1401 3008 1638 3064 Zenonis
1669 3017 1875 3065 textum
1907 3012 1978 3064 ita
2007 3025 2095 3066 re-

2209 1799 2398 1869 partim
2441 1814 2505 1853 ea:
2532 1800 2783 1856 Romanis
2813 1805 3061 1861 militibus
3097 1811 3212 1881 jam
3241 1810 3480 1880 devictis,
3530 1816 3715 1884 partim
3746 1832 3805 1870 er

2209 1898 2282 1942 tot
2315 1878 2863 1964 Romanisprovinciis
2890 1900 3112 1955 subactis
3137 1900 3413 1959 deduxere.

2279 1983 2471 2039 Multos
2503 1988 2811 2059 redemptos
2834 1995 3029 2050 asserit
3056 1996 3111 2050 S.
3135 1995 3285 2054 Zeno
3313 2016 3325 2052 :
3355 1999 3506 2054 multi
3533 2003 3803 2072 redempti,

2207 2089 2303 2130 eos
2353 2084 2530 2133 tamen
2580 2096 2687 2137 non
2735 2084 2867 2139 dicit
2913 2088 3173 2156 captivos,
3226 2101 3285 2145 ut
3333 2090 3392 2146 S.
3441 2094 3799 2153 Ambrosius:

2208 2168 2402 2240 Captos
2431 2173 2680 2229 redimere
2701 2216 2716 2242 ,
2747 2180 2945 2248 eripere
2981 2196 3044 2234 ea:
3071 2182 3295 2237 hostium
3322 2186 3563 2242 manibus
3593 2230 3608 2252 ,
3636 2190 3804 2259 quanti

2205 2261 2393 2333 ubique
2430 2265 2631 2321 venales
2670 2278 2835 2323 erant.
2862 2270 2995 2325 Illud
3028 2287 3260 2344 namque
3300 2274 3529 2333 verbum
3561 2282 3806 2349 redempti

2205 2358 2515 2413 necessario
2542 2375 2649 2414 non
2691 2362 2919 2419 includit
2944 2366 3310 2436 captivitatem
3345 2369 3752 2443 redemptorum
3789 2391 3799 2427 :

2204 2449 2397 2505 redimi
2431 2466 2665 2524 namque
2693 2454 3035 2525 dicebantur,
3063 2470 3118 2514 et
3145 2460 3467 2529 Christiani,
3501 2467 3596 2536 qui
3627 2466 3806 2522 solu'o

2206 2546 2382 2613 pretio
2411 2548 2733 2617 praesidibus
2763 2551 2831 2606 ab
2857 2553 3118 2620 ejuranda
3152 2554 3255 2611 fide
3283 2556 3684 2627 liberabantur,
3737 2576 3804 2617 ne

2201 2636 2270 2692 ad
2297 2638 2524 2695 colenda
2559 2640 2699 2697 idola
2729 2645 3207 2715 compellerentur,
3231 2658 3286 2704 et
3312 2649 3398 2705 hic
3427 2662 3514 2706 est
3544 2651 3603 2709 S.
3631 2653 3804 2709 Zeno-

2201 2732 2286 2786 nis
2319 2733 2583 2802 genuinus
2622 2751 2814 2792 sensus
2861 2757 2875 2792 :
2923 2754 3043 2795 nam
3093 2757 3215 2797 cum
3262 2743 3492 2801 dixisset
3534 2746 3687 2801 multi
3729 2764 3804 2801 re-

2202 2825 2428 2898 dempti,
2465 2838 2523 2883 nt
2549 2829 2884 2899 declararet,
2918 2848 2980 2890 se
3007 2851 3112 2892 non
3153 2837 3221 2892 de
3254 2842 3428 2910 captis
3456 2841 3532 2898 ab
3560 2842 3805 2899 hosdbus

2203 2915 2370 2988 loqui,
2403 2920 2497 2975 sed
2528 2921 2595 2976 de
2626 2923 2977 2992 Christianis,
3006 2929 3094 2998 qui
3124 2930 3190 2985 ad
3231 2931 3603 2991 idololatriam
3638 2936 3802 3005 impe-

2199 3020 2440 3067 ratorum
2463 3013 2657 3071 edictis
2681 3017 3051 3087 adigebantur,
3080 3024 3389 3082 immediate
3412 3031 3765 3100 prosequitur
3790 3050 3801 3086 :

494 3103 678 3167 ferunt
704 3122 715 3156 :
741 3102 809 3156 In
838 3104 943 3174 ﬁne
972 3111 1220 3173 tractatus
1244 3118 1297 3165 x,
1328 3102 1366 3156 ι.
1413 3117 1461 3166 ι,
1496 3102 1856 3157 liberalitatem
1882 3120 2092 3158 suorum
2121 3087 2168 3152 (ἶ
2200 3105 2349 3159 multi
2377 3107 2560 3180 edictis
2586 3110 2834 3179 feralibus
2862 3113 3098 3181 liberati,
3129 3132 3236 3172 non
3264 3135 3292 3171 a
3320 3087 3647 3191 captivitate
3674 3125 3807 3181 libe-

492 3198 790 3252 auditorum
827 3206 1007 3250 auctor
1051 3198 1071 3265 (
1099 3196 1155 3252 S.
1185 3194 1372 3264 Zeno)
1403 3195 1837 3251 commendans...
1863 3196 1954 3252 sed
1982 3196 2094 3253 lucc

490 3291 659 3361 inquit
688 3308 706 3341 t
741 3288 857 3344 Non
890 3287 956 3342 ad
988 3302 1083 3343 vos
1111 3288 1330 3351 fratres,
1368 3302 1599 3358 quorum
1627 3288 1848 3359 largitas
1877 3290 2094 3359 provin-

497 3402 517 3432 ι
550 3383 650 3437 ciis
696 3381 948 3437 omnibus
986 3396 1092 3434 non
1131 3387 1238 3448 est,
1284 3395 1514 3451 quorum
1561 3382 1647 3451 pia
1690 3382 1896 3437 semina
1928 3383 2092 3440 totius

496 3495 515 3527 ι
552 3476 787 3546 quodam
813 3473 975 3528 modo
1003 3472 1153 3527 orbis
1185 3488 1278 3541 per
1312 3473 1554 3527 membra
1572 3474 1849 3543 jactantur
1874 3490 1903 3528 a
1934 3475 2090 3530 vobis

493 3585 514 3619 ε
544 3566 700 3623 multi
753 3565 1050 3636 redempti;
1106 3564 1259 3624 multi
1309 3564 1503 3619 edictis
1543 3564 1801 3621 feralibus
1842 3566 2085 3633 liberati;

496 3682 515 3714 ι
548 3663 704 3718 multi
748 3661 1151 3717 conditionibus
1200 3660 1350 3716 duris
1399 3662 1545 3716 cxnti
1590 3661 1796 3732 gratias
1844 3672 2030 3731 agunt.
2062 3682 2081 3715 ι

483 3756 544 3814 S.
584 3754 855 3812 Ambrosii
881 3754 1019 3809 duos
1051 3761 1226 3808 textus
1262 3753 1343 3808 sic
1371 3753 1604 3823 allegant
1638 3771 1649 3806 :
1681 3752 1965 3808 Recitanda
1991 3754 2088 3809 hoc

486 3849 598 3903 loco
644 3859 764 3904 sunt
816 3846 917 3901 duo
937 3846 999 3901 S.
1048 3845 1306 3900 Ambrosii
1336 3846 1627 3900 testimonia
1680 3862 1746 3900 ea:
1787 3845 1876 3899 lib.
1937 3860 1972 3900 tt
2024 3846 2087 3899 de

485 3942 698 4013 ofﬁciis,
716 3955 832 4011 qute
847 3940 910 3993 de
925 3938 1021 3992 hac
1034 3939 1382 4007 redemptione
1398 3948 1533 3992 certe
1551 3937 1854 4006 loquuntur,
1870 3948 1917 3993 et
1935 3954 2000 3993 ea:
2020 3939 2084 3993 iis

481 4033 752 4104 apparebit
768 4040 959 4103 quanta
974 4030 1294 4101 captivorum
1310 4030 1465 4100 fuerit
1482 4028 1775 4101 infelicitas,
1792 4040 2083 4100 quantaque

450 4126 546 4187 {sit
576 4126 691 4195 ejus
735 4124 1001 4196 scriptoris
1042 4138 1157 4175 cum
1197 4129 1407 4175 auctore
1434 4129 1609 4175 nostro
1638 4121 1922 4174 consensio.
1962 4119 2082 4175 Pri-

478 4234 618 4272 mum
644 4223 814 4288 itaque
842 4216 903 4271 S.
936 4214 1232 4270 Ambrosius
1262 4231 1378 4286 cap.
1411 4215 1497 4279 15,
1531 4231 1673 4268 num.
1694 4213 1792 4269 70:
1816 4231 1834 4265 ι
1858 4214 2079 4270 Summa

482 4327 503 4362 α
538 4310 702 4364 etiam
738 4308 1036 4364 liberalitas
1065 4316 1253 4377 captos
1286 4308 1579 4376 redimere,
1611 4308 1824 4377 eripere
1857 4323 1923 4363 ex
1956 4310 2078 4363 hos-

483 4419 504 4453 ‹
539 4402 672 4457 tium
699 4400 1308 4466 manibus,subtrahere
1323 4400 1440 4456 neci
1463 4400 1733 4462 homines,
1765 4411 1820 4455 et
1842 4401 2077 4457 maxime

480 4511 498 4544 ς
532 4491 785 4549 Ῑωηιίιιςιε
828 4491 1184 4562 turpitudini;
1218 4491 1448 4549 reddere
1487 4492 1805 4562 parentibus
1851 4492 2074 4560 liberos,

2192 4516 2242 4560 ut
2270 4478 2633 4565 Christianus
2654 4478 2837 4581 [Lupus
2881 4515 3101 4583 exponit

479 4603 500 4637 ‹
540 4593 795 4656 parentes
824 4584 1035 4650 liberis,
1058 4584 1207 4640 cives
1230 4584 1417 4655 patrize
1447 4585 1757 4640 restituere.
1781 4584 1919 4638 Nota
1951 4596 2078 4639 sunt

478 4698 499 4729 ι
535 4680 649 4735 litec
676 4680 838 4734 nimis
861 4678 1059 4750 Illyrici
1087 4679 1338 4734 vastitate
1360 4686 1416 4734 et
1442 4678 1720 4742 Thraciae;
1745 4678 1930 4747 quanti
1955 4678 2074 4732 uhi-

476 4790 498 4824 s
535 4788 638 4842 que
669 4771 886 4827 venales
915 4780 1072 4826 erant
1107 4779 1220 4824 toto
1246 4770 1442 4839 captivi
1473 4769 1608 4824 orbe
1629 4810 1642 4833 ,
1674 4783 1809 4838 quos
1841 4768 1883 4822 si
1916 4783 2083 4832 rem:

477 4885 496 4917 ι
530 4879 622 4921 ces
667 4865 829 4919 unius
861 4862 1158 4934 provincia:
1201 4877 1489 4918 numerum
1538 4861 1761 4933 explere
1801 4878 1905 4917 non
1950 4880 2072 4935 pos-

476 4975 495 5009 t
525 4957 668 5012 sint?
698 4976 717 5009 ι
769 4955 991 5010 Barbari
1021 4956 1168 5009 enim
1196 4956 1214 5025 (
1246 4955 1570 5025 prosequitur
1600 4972 1743 5009 num.
1776 4956 1838 5010 Ἠ
1879 4958 1897 5027 )
1933 4976 1951 5010 ι
1989 4959 2070 5013 ni-

474 5069 494 5101 s
533 5048 609 5104 hil
638 5046 954 5103 deferebant
987 5045 1340 5101 humanitatis
1380 5046 1445 5101 ad
1479 5048 1932 5115 misericordiam,
1969 5052 2067 5105 nisi

474 5160 492 5193 ι
527 5140 671 5212 quod
732 5140 954 5194 avaritia
1010 5148 1387 5194 reservaverat
1430 5139 1497 5193 ad
1555 5140 2002 5213 redemptionem.
2042 5164 2061 5195 ι

464 5233 627 5292 Aliud
668 5232 1021 5288 testimonium
1047 5247 1163 5303 cap.
1181 5230 1271 5297 28,
1298 5248 1441 5287 num.
1476 5231 1599 5298 l56,
1623 5234 1855 5303 eiusdem
1879 5236 1967 5289 lib.
2004 5251 2064 5300 tt,

462 5329 544 5382 his
582 5325 748 5381 verbis
789 5325 1136 5398 exprimitur:
1167 5351 1186 5384 ι
1222 5325 1331 5381 Nos
1376 5325 1668 5396 aliquando
1706 5327 1758 5381 in
1803 5327 2060 5383 invidiam

467 5440 488 5474 ι
523 5420 831 5488 incidimus,
884 5420 1026 5492 quod
1064 5420 1493 5492 confregerimns
1539 5435 1662 5474 vasa
1691 5420 1953 5491 mystica,
2006 5430 2064 5475 nt

460 5533 482 5568 ι
520 5514 761 5584 captivos
804 5513 1264 5569 redimeremus...
1317 5513 1450 5582 Quis
1489 5522 1668 5567 autem
1697 5520 1779 5567 est
1828 5521 1935 5567 tam
1963 5512 2062 5568 du-

455 5630 477 5663 s
514 5627 630 5675 rus,
680 5611 922 5673 immitis,
971 5609 1204 5672 ferreus,
1236 5609 1320 5662 cui
1364 5607 1668 5678 displiceat,
1711 5606 1853 5677 quod
1895 5607 2059 5675 homo

448 5725 469 5757 ι
527 5702 805 5757 minuitur
852 5716 890 5765 _a
952 5709 1173 5762 morte,
1240 5697 1459 5753 fteuiina
1523 5698 1592 5753 ab
1655 5696 2059 5769 impuritatibus

2197 3205 2343 3252 ratos
2373 3198 2520 3265 dicit,
2549 3202 2643 3256 sed
2669 3205 2732 3258 ab
2761 3206 2942 3261 edictis
2971 3208 3235 3277 feralibus,
3262 3213 3461 3283 quibus
3494 3217 3808 3287 persecutio

2195 3288 2248 3342 in
2279 3287 2614 3348 Christianos
2651 3297 3113 3369 promulgabatur,
3142 3318 3204 3358 ea
3234 3304 3582 3377 conditione,
3617 3319 3678 3365 ut
3706 3309 3804 3365 nisi

2194 3380 2411 3439 Christo
2445 3389 2859 3458 renuntiarent,
2899 3394 3166 3451 bonorum
3197 3396 3514 3469 direptione
3536 3445 3553 3469 ,
3600 3403 3767 3459 exilio
3787 3444 3805 3468 ,

2191 3478 2547 3547 cruciatibus,
2578 3490 2633 3537 et
2662 3491 2834 3538 morte
2863 3487 3246 3555 plecterentur.
3283 3490 3391 3547 Has
3417 3496 3801 3562 conditiones,

2191 3568 2386 3638 quibus
2409 3572 2601 3630 edictis
2630 3574 3105 3648 adstringcbantur
3131 3582 3446 3650 Christiani,
3482 3589 3653 3646 duras
3680 3590 3809 3646 dicit

2190 3660 2249 3718 S.
2297 3664 2446 3721 Zeno
2472 3709 2487 3733 ,
2520 3678 2574 3722 et
2613 3669 2681 3725 ab
2720 3670 2785 3726 iis
2828 3672 3036 3730 liberati
3089 3676 3493 3738 Veronensium
3541 3685 3804 3741 subsidiis

2188 3771 2402 3814 summo
2453 3776 2513 3816 se
2560 3761 2824 3820 beneficio
2884 3766 3109 3824 affectos
3159 3772 3589 3842 profitebantur.
3648 3778 3805 3833 Multi

2189 3852 2566 3909 conditionibus
2590 3856 2734 3913 duris
2768 3862 2933 3928 exuti,
2968 3866 3161 3932 gratias
3190 3878 3368 3938 agunt.
3399 3868 3489 3927 Ne
3522 3882 3709 3928 tamen
3737 3872 3802 3928 ad

2184 3944 2467 4000 arbitrium
2496 3948 2553 4004 S.
2588 3948 2825 4007 Zenonis
2860 3962 3062 4010 textum
3090 3956 3436 4029 interpretari
3484 3963 3801 4031 videamur,

2185 4038 2498 4095 meminisse
2524 4052 2740 4112 oportet
2769 4044 3076 4104 duodecimi
3121 4051 3347 4108 canonis
3377 4057 3583 4125 prima:
3606 4057 3802 4131 synodi

2190 4128 2248 4185 S.
2288 4130 2433 4187 Petri
2477 4134 2828 4193 Alexandrini
2870 4139 3153 4211 episcopi,
3184 4158 3291 4214 quo
3329 4147 3397 4201 ab
3446 4151 3608 4206 omni
3640 4128 3801 4218 culpa

2184 4222 2450 4279 immunes
2482 4225 2828 4283 declarantur
2869 4230 3114 4289 infideles
3139 4274 3152 4297 ,
3185 4236 3278 4306 qui
3316 4242 3557 4306 pecunia
3588 4256 3653 4297 se
3682 4257 3805 4312 per-

2181 4318 2461 4374 secutione
2490 4320 2783 4378 liberarunt
2807 4365 2821 4389 ,
2855 4324 3015 4396 idque
3045 4329 3297 4399 exemplo
3329 4330 3391 4384 D.
3424 4332 3594 4390 Pauli
3641 4351 3806 4406 apos-

2182 4409 2276 4463 toli
2317 4410 2749 4484 confirmat,qui
2793 4432 2913 4479 suas
2964 4416 3339 4477 Thessalonica:
3376 4429 3799 4492 persecutiones.

3148 4516 3306 4590 (Lup.
3336 4528 3468 4576 tom.
3497 4539 3542 4589 ι,
3570 4522 3799 4581 Dissert.

2184 4597 2391 4654 Proem.
2438 4612 2551 4675 post
2596 4620 2643 4657 c.
2698 4604 2827 4674 16),
2858 4608 3088 4677 permisit
3132 4626 3221 4680 per
3256 4611 3515 4670 Jasonem
3554 4633 3623 4671 ac
3666 4618 3802 4672 alios

2179 4691 2309 4746 cives
2335 4696 2554 4763 pecunia
2581 4696 2800 4763 redimi,
2837 4708 2988 4771 atque
3010 4702 3084 4755 ita
3107 4720 3161 4758 se
3185 4703 3397 4761 liberari
3427 4726 3464 4764 α
3487 4712 3804 4767 necessitate

2177 4786 2552 4852 prtrvaricandi
2571 4826 2586 4848 ,
2618 4797 2705 4841 aut
2734 4791 3004 4846 moriendi.
3038 4792 3448 4866 Redemptionis
3476 4808 3675 4860 autem
3703 4820 3803 4858 vo-

2176 4876 2371 4932 cabulo
2400 4876 2770 4934 liberationem
2810 4883 2949 4939 hanc
2977 4885 3240 4956 exprimi,
3281 4889 3373 4959 qui
3404 4907 3585 4950 nosse
3612 4898 3800 4968 cupit,

2176 4966 2568 5023 Tertullianum
2601 4971 2774 5041 legat,
2816 4976 2907 5044 qni
2948 4990 3048 5031 suo
3087 4978 3139 5032 in
3174 4978 3312 5034 libro
3341 4982 3408 5037 de
3457 4984 3598 5057 fuga
3648 4966 3803 5058 stupe

2174 5061 2371 5129 s:rpins
2397 5060 2589 5116 eodem
2621 5064 2887 5120 vocabulo
2918 5070 3102 5124 utitur.
3137 5071 3235 5137 Qui
3262 5075 3483 5142 qum-it,
3517 5094 3592 5133 an
3623 5095 3803 5151 perse-

2174 5152 2312 5205 cutio
2351 5153 2617 5224 fugienda,
2648 5156 3034 5224 subsequentem
3067 5177 3269 5233 quoque
3301 5170 3662 5235 quaestionem
3678 5176 3799 5245 jam

2172 5244 2456 5314 prospiciat
2477 5262 2678 5302 necesse
2695 5258 2793 5314 est,
2817 5268 2884 5304 an
2905 5253 2951 5305 si
2969 5253 3216 5323 fugienda
3231 5272 3330 5310 non
3353 5267 3455 5322 est,
3480 5244 3799 5320 redimenda

2172 5344 2305 5390 certe
2326 5337 2389 5390 sit
2419 5352 2437 5390 :
2466 5337 2538 5392 Ita
2565 5340 2634 5395 de
2669 5340 2768 5395 hoc
2796 5357 2955 5411 agere
2979 5344 3164 5413 incipit
3186 5388 3199 5412 ,
3231 5345 3406 5418 fugam
3439 5352 3498 5404 in
3532 5368 3799 5424 persecu-

2173 5425 2319 5479 tione
2343 5437 2530 5482 contra
2560 5428 2833 5501 Evangelii
2864 5443 3132 5502 mentem,
3161 5438 3321 5492 simul
3348 5447 3405 5493 et
3437 5442 3797 5518 redemptio-

2170 5531 2295 5572 nem
2324 5535 2350 5572 a
2383 5522 2755 5589 persecutione
2796 5525 3103 5596 improbans
3131 5529 3199 5586 ab
3237 5531 3483 5588 Ecclesia
3534 5539 3608 5594 ad
3640 5541 3792 5597 Mon-

2169 5618 2353 5665 Ianum
2397 5612 2669 5684 transfuga
2707 5614 3102 5685 Tertullianus,
3146 5639 3256 5689 quo
3287 5624 3404 5679 loco
3439 5631 3665 5700 saepius
3707 5650 3795 5692 re-

2165 5702 2493 5772 demptionis
2521 5707 2836 5764 voeabulum
2871 5711 3124 5768 inculcat.
3157 5713 3541 5777 Christianum
3568 5724 3788 5795 Lupum
