4198 6160
332 271 431 325 697

1741 268 2224 326 DISSERTATIO.

3545 271 3648 325 69S

332 393 484 446 adeat
521 388 794 445 studiosus
845 389 1021 445 lector
1047 433 1060 455 ,
1111 393 1510 463 comperietqnc
1553 391 1924 460 l‘requentissi-
1963 391 2006 449 Α
2037 389 2064 461 §
2098 389 2189 444 IV.
2227 387 2380 442 Recte
2416 385 2625 454 coniicit
2660 383 2917 440 Baronius
2944 402 3007 439 ex
3039 401 3275 441 sermone
3303 385 3502 441 decimo
3533 388 3653 441 libri

332 499 474 540 mum
501 492 627 538 ante
655 480 1051 537 Tertulliannm
1095 482 1259 538 fuisse
1304 482 1448 539 lumc
1477 482 1775 538 redimendi
1819 497 1931 536 mo-

331 593 466 632 rem.
503 575 611 647 Ego
640 575 791 630 credo
819 575 983 646 fuisse
1010 586 1260 630 vetustum
1297 576 1392 648 (ita
1423 586 1606 631 contra
1637 575 1928 631 Baronium

330 683 553 724 nervosa
601 668 807 723 ratione
839 668 1021 738 arguit
1061 667 1200 722 idem
1246 669 1471 740 Lupus).
1503 667 1645 723 Certe
1684 672 1730 722 si
1772 683 1930 722 novus

331 761 528 831 fuisset,
553 759 905 814 Tertullianus
933 760 1108 830 ipsum
1131 759 1226 814 sibi
1245 760 1656 832 familiarissima
1680 762 1930 830 posterio-

329 854 494 907 ritatis
515 852 897 924 prtescriptione
930 853 1219 907 invasisset.
1254 851 1439 922 Neque
1471 866 1639 917 unus,
1668 863 1762 906 aut
1790 851 1928 906 alter

332 947 431 1002 hoc
459 946 702 1001 subsidio
729 963 757 1000 a
792 946 1192 1015 persecutionis
1223 935 1409 1002 furore
1444 962 1506 1002 se
1529 948 1769 1002 eximere
1803 961 1926 1018 pro-

331 1042 571 1105 curabat,
599 1040 694 1096 sed
722 1041 956 1110 integras
988 1041 1252 1097 ecclesias
1280 1041 1381 1097 hac
1418 1040 1786 1111 redemptione
1812 1056 1925 1095 suae

332 1135 648 1191 immunitati
674 1136 983 1205 prospicere
1000 1136 1265 1207 sategisse
1291 1150 1356 1191 ex
1379 1138 1568 1191 eodem
1594 1135 1925 1191 Tertulliano

331 1237 556 1284 constat.
598 1227 786 1282 Parum
811 1226 1032 1296 denique
1057 1237 1131 1281 est
1154 1229 1198 1281 si
1226 1244 1378 1291 unus,
1409 1236 1499 1281 aut
1528 1227 1664 1280 alius
1693 1227 1764 1280 ita
1789 1228 1925 1282 erui-

329 1329 407 1372 tur
435 1337 447 1372 :
495 1319 784 1373 massaliter
816 1328 938 1372 tolte
978 1316 1228 1373 Ecclesia:
1260 1318 1506 1372 tributum
1545 1318 1636 1373 sibi
1665 1318 1922 1390 irregave-

327 1421 441 1464 runt
477 1410 538 1481 (ι.
581 1427 632 1464 c.
676 1426 722 1464 c.
757 1408 868 1480 12).
904 1409 970 1464 Et
999 1424 1104 1464 non
1143 1409 1306 1464 modo
1335 1418 1393 1463 ut
1416 1409 1708 1474 cruciatus,
1741 1419 1796 1464 et
1829 1426 1923 1465 ne-

325 1518 436 1558 cem
483 1501 808 1566 evaderent,
849 1501 942 1558 sed
991 1511 1046 1556 ut
1086 1503 1249 1556 ctiam
1282 1501 1462 1556 divina
1513 1517 1774 1572 peragere
1816 1503 1922 1558 illis

323 1599 640 1670 permissum
667 1609 808 1653 esset
840 1616 852 1651 :
886 1598 1030 1667 quod
1072 1614 1134 1652 ex
1169 1599 1366 1654 eodem
1397 1598 1734 1654 Tertulliano
1761 1595 1922 1651 infert

322 1690 564 1745 laudatus
603 1691 1236 1756 canonumillustratur:
1269 1689 1356 1746 Ex
1377 1692 1456 1746 Iu’s
1491 1691 1737 1745 discimus
1763 1691 1921 1760 fuisse

320 1784 445 1837 duas
472 1784 688 1837 istarum
725 1784 1126 1856 redemptionum
1167 1802 1371 1853 causas,
1418 1801 1601 1852 nempe
1625 1801 1726 1838 non
1762 1785 1907 1837 dum-
1949 1779 2035 1874 B,

319 1885 458 1929 taxat
495 1875 564 1929 ad
597 1876 988 1943 persecutionem
1019 1878 1312 1932 evitandum
1336 1920 1349 1942 ,
1380 1877 1472 1933 sed
1513 1876 1667 1932 etiam
1690 1876 1757 1930 ad
1784 1876 1914 1931 obti-

316 1970 537 2023 nendam
579 1968 854 2039 Syttaxeou
898 1970 1205 2026 libertatem.
1252 1973 1504 2027 Alienum
1560 1974 1740 2042 itaque
1779 1988 1807 2026 a
1855 1972 1912 2028 8.

313 2063 549 2119 Zenonis
590 2073 768 2119 mente
792 2075 904 2129 est,
959 2080 1082 2120 cum
1127 2066 1440 2136 redemptos
1479 2067 1664 2132 dicat,
1699 2082 1802 2122 non
1849 2066 1917 2121 ab

310 2155 560 2210 hostibus
581 2199 595 2220 ,
627 2155 720 2212 sed
752 2172 780 2209 a
813 2155 1068 2212 feralibus
1097 2157 1292 2212 edictis
1323 2157 1720 2213 Veronensium
1755 2157 1916 2227 largi-

308 2252 550 2306 tionibus
581 2250 786 2316 ﬁdeles,
818 2252 886 2307 ita
910 2254 1088 2322 ipsum
1115 2253 1410 2322 explicare.
1447 2261 1506 2306 ut
1533 2255 1584 2305 in
1615 2251 1913 2306 Hadriano-

304 2345 546 2416 politana
578 2344 729 2398 clade
755 2353 941 2416 captos
968 2361 999 2400 a
1031 2343 1222 2401 Gothis
1244 2342 1584 2400 Christianos
1607 2345 1913 2414 significare

301 2438 562 2493 voluerit.

370 2573 564 2644 Neque
593 2573 648 2628 8.
677 2573 912 2628 Zenonis
934 2573 1399 2628 textusAmbrOsii
1424 2573 1709 2626 sententiis
1733 2571 1910 2626 allatis

297 2666 612 2722 conCordes
640 2681 759 2720 esse
788 2666 1075 2720 dicendum
1105 2674 1216 2729 est,
1264 2681 1386 2718 cum
1421 2664 1506 2717 illa
1537 2664 1700 2718 verba
1731 2663 1910 2718 edictis

295 2760 554 2830 feralibus
585 2759 806 2824 liberati,
840 2776 963 2829 qua:
995 2759 1046 2813 in
1075 2759 1133 2814 8.
1166 2759 1403 2813 Ζιιιιοιιίς
1435 2773 1685 2811 sermone
1721 2759 1910 2827 legun-

297 2866 416 2918 tur,
454 2869 564 2906 non
603 2861 789 2921 captos
819 2852 885 2906 ab
918 2851 1162 2905 hostibus
1191 2851 1432 2905 indicent
1455 2890 1468 2912 ,
1508 2859 1558 2902 ut
1592 2849 1648 2904 8.
1677 2848 1908 2904 Ambro-

293 2950 412 3004 sius
441 2948 706 3016 exprimit
730 2947 925 3016 eripere
964 2963 1026 3000 ex
1055 2945 1277 2999 hostium
1310 2943 1566 3008 manibus,
1606 2942 1701 2997 sed
1724 2958 1908 2998 exem-

292 3053 419 3114 ptos
449 3058 480 3097 a
517 3042 899 3113 persecutione
937 3041 1295 3096 Christianos.

365 3176 466 3232 Illa
525 3185 705 3232 tamen
755 3175 1048 3232 diversitas
1101 3178 1371 3247 praecipua
1433 3155 1981 3232 animadversioneC

289 3269 457 3340 digna
489 3277 596 3323 est.
625 3267 682 3324 S.
715 3269 920 3322 etenim
954 3269 1301 3335 Ambrosius,
1333 3269 1422 3339 qui
1459 3278 1576 3337 post
1608 3267 1910 3324 Hadriano-

287 3362 603 3432 politanam
649 3361 859 3416 cladem
913 3360 1132 3428 scripsit
1186 3369 1372 3431 aperte
1416 3359 1562 3414 illam
1615 3361 1902 3414 nominat:

292 3454 445 3509 Nota
470 3467 589 3509 sunt
617 3455 726 3509 haec
757 3453 910 3508 nimis
945 3452 1146 3522 Illyrici
1175 3454 1412 3507 vastitate
1431 3493 1446 3518 ,
1481 3460 1528 3505 et
1553 3449 1808 3505 Thraciae.
1845 3451 1902 3507 8.

290 3557 482 3602 autem
511 3546 662 3603 Zeno
690 3561 759 3602 ne
786 3561 884 3615 per
911 3546 1174 3599 somnium
1204 3544 1422 3615 quidem
1458 3544 1606 3597 illius
1637 3542 1901 3607 meminit,

295 3641 399 3696 sed
446 3640 554 3695 illis
595 3641 646 3694 in
689 3639 896 3704 verbis,
921 3638 1097 3692 edictis
1133 3638 1380 3707 feralibus
1424 3637 1644 3700 liberati,
1674 3635 1906 3690 circum-

306 3733 503 3788 stantia
529 3732 872 3802 exprimitur,
902 3745 1024 3800 qua:
1049 3731 1220 3799 captis
1247 3745 1275 3782 a
1303 3727 1495 3783 Gothis
1522 3727 1744 3781 minime
1772 3742 1906 3782 cou-

313 3825 494 3880 vcnire
525 3837 720 3888 potest.
761 3823 828 3878 Hi
873 3838 1104 3892 namque
1149 3821 1296 3875 mulo
1337 3819 1515 3874 edicto
1544 3820 1904 3889 urgebantur,

325 3917 415 3970 sed
450 3918 610 3972 armis
634 3959 650 3982 ,
681 3925 740 3972 et
780 3915 831 3969 vi
867 3916 918 3968 in
955 3915 1321 3984 captivitatem
1364 3912 1571 3966 redacti
1614 3911 1902 3981 pactione,

327 4019 374 4061 et
395 4015 606 4078 pecunia
634 4011 1062 4067 redimebantnr.
1103 4008 1238 4063 Tum
1268 4022 1396 4060 vero
1428 4007 1662 4061 maxime
1692 4016 1908 4062 constat

327 4101 378 4156 S.
423 4103 758 4159 Ambrosium
804 4102 1035 4158 diversis
1079 4100 1364 4171 scripsisse
1417 4100 1750 4170 temporibus
1777 4140 1790 4164 ,
1843 4116 1905 4156 ac

327 4192 380 4247 8.
407 4195 560 4261 Zeno,
589 4211 710 4250 cum
748 4197 800 4248 in
830 4193 992 4246 allata
1022 4193 1258 4248 secunda
1288 4193 1346 4248 S.
1380 4192 1652 4247 Ambrosii
1686 4201 1905 4247 senten-

329 4285 394 4340 tia
419 4289 605 4343 omissa
635 4289 748 4342 sint
778 4286 897 4341 hare
934 4285 1092 4340 verba
1119 4329 1134 4351 ,
1181 4297 1298 4356 post
1345 4287 1570 4340 verluun
1612 4285 1907 4341 redimere-

327 4393 436 4435 mus
471 4379 903 4450 interpunctione
944 4379 1149 4447 signata
1177 4396 1189 4432 :
1215 4379 1365 4446 Quod
1395 4379 1604 4433 Arianis
1633 4379 1906 4449 displicere

323 4481 524 4539 poterat,
557 4491 617 4527 ne
644 4483 750 4526 tam
775 4471 969 4542 factum
995 4471 1307 4536 displiceret,
1335 4488 1490 4539 quam
1515 4481 1569 4524 ut
1596 4481 1744 4537 esset,
1769 4473 1904 4540 quod

325 4566 374 4615 in
408 4568 541 4622 nobis
569 4565 1016 4640 reprehenderent.
1064 4565 1197 4633 Quis
1243 4565 1385 4619 enim
1435 4564 1903 4635 perspicacissimo

325 4655 471 4725 licet,
501 4676 560 4716 ac
599 4661 779 4715 linceo
814 4657 1042 4727 polleret
1071 4657 1263 4711 intuitu
1292 4657 1517 4728 singulis
1549 4659 1601 4712 in
1633 4658 1901 4712 sermoni-

326 4749 420 4808 bns
456 4755 510 4812 8.
556 4756 795 4812 Zenonis
842 4753 1164 4810 Arianorum
1211 4755 1538 4808 mentiooem
1587 4753 1904 4824 conspicere

327 4847 524 4906 Valeat?
555 4853 743 4907 Mirum
786 4849 1034 4922 profecto
1060 4892 1073 4914 ,
1117 4849 1260 4919 quod
1303 4850 1352 4904 in
1394 4850 1645 4905 omnibus
1681 4848 1901 4904 Patrum

328 4943 597 5009 cperibus,
636 4960 760 5016 quae
799 4945 946 5006 Arii,
989 4951 1044 4997 et
1074 4943 1400 4998 Arianorum
1448 4958 1564 4997 aevo
1594 4943 1794 5012 scripta
1829 4943 1906 4998 le-

330 5043 545 5103 guntur,
578 5039 727 5107 plura
759 5035 1132 5107 reperiantur,
1165 5052 1284 5106 qua:
1316 5036 1512 5090 Ariana
1537 5045 1778 5106 tempora
1810 5052 1905 5092 ex-

336 5139 504 5191 presse
541 5142 761 5194 notant,
797 5129 959 5199 hujus
999 5131 1073 5184 rei
1108 5131 1158 5184 in
1187 5128 1241 5184 8.
1279 5129 1516 5185 Zenonis
1559 5131 1906 5186 sermonibus

336 5227 676 5293 nevestiginm
699 5224 916 5296 quidem
942 5223 1222 5277 minimum
1243 5221 1402 5278 liceat
1420 5222 1686 5292 aspicere.
1716 5221 1906 5277 Nonne

335 5309 429 5368 hoc
471 5320 684 5373 evidens
737 5327 818 5372 est
865 5325 1238 5386 argumentum
1270 5357 1283 5375 ,
1336 5315 1513 5383 ipsum
1561 5314 1732 5368 multo
1781 5324 1906 5369 ante

336 5404 504 5462 Arium
531 5409 849 5479 scripsisse?
890 5407 1046 5462 Nulla
1088 5422 1216 5477 ergo
1243 5407 1300 5463 S.
1332 5407 1566 5462 Zenonis
1605 5421 1726 5462 cum
1770 5407 1902 5461 Am-

328 5498 484 5555 brOsii
532 5503 922 5558 sententiarum
972 5501 1302 5564 consensio.
1347 5514 1508 5567 quam
1555 5498 1905 5554 eruditissimi

327 5604 641 5668 suggerant
659 5594 955 5650 Ballerinii.
981 5593 1354 5648 Advertistin...
1384 5600 1498 5647 toto
1519 5602 1706 5663 captos
1726 5591 1904 5647 orbe..

310 5705 438 5761 quos
465 5690 551 5760 qui
571 5689 911 5742 redimeret...
943 5686 1287 5768 subtraheret
1317 5688 1502 5746 neci...
1531 5686 1661 5742 Nam
1683 5686 1737 5742 S.
1761 5683 1908 5739 Zeno

300 5785 485 5840 rdieris
516 5780 764 5844 feralibus
793 5775 1050 5836 liberatos
1080 5775 1226 5833 dicit.

2110 483 2270 552 primi
2313 483 2367 536 in
2419 480 2642 534 editione
2679 480 2862 533 ultima
2909 477 3232 544 l'eronensi,
3285 478 3356 552 S.‘
3391 479 3650 534 Zenonem

2108 549 2273 645 longe
2321 583 2449 628 ante
2491 570 2927 626 Christianorum
2971 549 3359 641 imperatorum
3398 580 3648 642 tempora

2104 668 2395 733 claruisse,
2429 681 2488 719 eo
2512 665 2651 735 quod
2686 665 2754 718 ibi
2785 665 2847 720 S.
2876 663 3018 718 Zeno
3046 664 3184 718 dicat
3209 665 3263 718 in
3303 665 3528 719 nummis
3557 682 3650 720 ea:-

2106 761 2235 814 cudi
2262 760 2428 814 solere
2453 758 2655 829 signum
2674 757 3020 825 idololatrias,
3045 755 3322 828 eademque
3343 756 3509 824 idola,
3533 772 3650 828 qua’

2103 853 2399 908 colerentur
2432 852 2484 906 in
2510 851 2719 922 templo.

2105 983 2239 1039 Haec
2268 991 2395 1038 sunt
2439 983 2502 1037 D.
2534 983 2786 1038 Doctoris
2815 981 2977 1036 verba
3014 998 3028 1036 :
3061 981 3297 1048 Aurum,
3345 992 3649 1052 argentum-

2026 1095 2162 1148 que.
2192 1077 2489 1133 Christiane
2510 1118 2525 1142 ,
2556 1079 2602 1131 si
2633 1093 2749 1132 vera
2776 1074 2996 1128 dicenda
3027 1083 3146 1128 sunt
3174 1075 3453 1130 exsecraris
3493 1075 3547 1128 in.
3570 1076 3646 1127 si-

2025 1170 2287 1224 mulacris
2317 1171 2441 1224 solis
2461 1212 2474 1236 ,
2503 1185 2603 1224 non
2632 1171 2684 1222 in
2716 1165 3064 1236 penetralibus
3099 1166 3202 1218 tuis
3226 1182 3244 1231 ;
3271 1181 3392 1219 nam
3414 1205 3429 1229 ,
3461 1175 3507 1219 et
3535 1165 3648 1219 illic

2024 1263 2205 1318 aureis
2249 1265 2602 1332 argenteisque
2634 1259 3098 1316 innumerabilibus
3140 1259 3293 1313 veluti
3330 1259 3531 1330 templis
3574 1268 3646 1314 te-

2022 1358 2126 1411 reti
2174 1365 2382 1411 moneta
2438 1357 2694 1426 percussis
2743 1355 2911 1409 inesse
2970 1353 3208 1406 similiter
3252 1369 3428 1426 regunt
3474 1352 3646 1407 vultus

2023 1452 2285 1522 signaque
2308 1452 2607 1522 cognoscis;
2638 1451 2870 1521 nihilque
2903 1448 3050 1502 aliud
3080 1449 3275 1516 distat,
3309 1450 3409 1503 nisi
3429 1448 3565 1517 quod
3589 1449 3642 1502 in

2025 1557 2116 1600 tua
2141 1547 2298 1600 domo
2320 1547 2518 1600 minuta
2540 1556 2679 1610 sunt,
2707 1546 2757 1599 in
2789 1545 2981 1612 templo
3007 1546 3234 1616 majora,
3259 1559 3376 1613 qua:
3396 1544 3440 1597 si
3459 1558 3642 1613 eroga-

2022 1639 2182 1704 ueris,
2213 1640 2432 1708 pecunia
2454 1650 2548 1706 est,
2573 1641 2616 1693 si
2636 1639 2916 1694 servaveris
2940 1637 3183 1691 simulcra
3209 1636 3348 1707 (Lib.
3374 1653 3391 1690 1
3434 1636 3526 1690 Tr.
3547 1637 3636 1703 10,

2026 1746 2080 1783 η.
2111 1729 2191 1798 5).
2239 1729 2530 1784 Baronium
2571 1728 2976 1799 reprehendunt
3017 1725 3323 1782 doctissimi
3367 1726 3638 1782 Ballcrinii

2040 1836 2141 1877 nec
2170 1823 2499 1878 adnotantes
2519 1823 2582 1877 ad
2606 1822 2731 1876 illud
2759 1820 3292 1885 verbum,simulacra
3312 1821 3637 1876 :Simulacra

2018 1933 2120 1970 non
2173 1928 2322 1971 erant
2365 1919 2508 1972 idola
2554 1919 2788 1988 quwdam
2817 1931 2936 1970 vera
2979 1915 3032 1967 in
3058 1919 3284 1972 nummis
3324 1917 3548 1988 sculpta,
3583 1927 3637 1970 ut

2017 2008 2156 2061 hunc
2188 2009 2360 2062 locum
2409 2026 2677 2082 perperam
2719 2008 2904 2080 accipit
2951 2007 3238 2063 cardinalis
3282 2008 3538 2064 Baronius
3584 2009 3635 2062 in

2016 2099 2444 2154 adnotationibus
2495 2100 2564 2154 ad
2609 2098 3035 2169 martyrologium
3088 2101 3330 2155 secunda:
3393 2099 3634 2154 editionis

2022 2193 2107 2246 die
2142 2194 2208 2246 l2
2264 2196 2464 2262 Aprilis
2483 2238 2496 2260 ,
2529 2195 2617 2249 sed
2646 2209 2882 2247 nummos
2909 2193 3069 2263 ipsos,
3098 2195 3188 2264 qui
3215 2197 3390 2250 vultus
3415 2195 3635 2264 impera-

2018 2295 2218 2352 torum,
2251 2287 2463 2358 aliaque
2491 2290 2640 2358 signa
2682 2287 2907 2340 nummis
2946 2286 3168 2356 insculpi
3198 2289 3355 2343 solita
3393 2289 3630 2360 pra’fere-

2016 2380 2136 2433 bant
2163 2421 2177 2444 ,
2221 2381 2625 2434 simulacrorum
2655 2382 2859 2433 nomine
2884 2378 3023 2432 Zeno
3053 2380 3306 2449 appellat.
3343 2381 3476 2448 Quis
3525 2391 3630 2432 non

2014 2470 2160 2524 videt
2204 2469 2263 2525 S.
2291 2470 2602 2526 Doctorem
2650 2469 2796 2535 loqui
2825 2469 2893 2524 de
2940 2467 3130 2523 iisdem
3183 2469 3494 2525 simulacris
3543 2469 3630 2523 in-

2012 2563 2261 2632 sculptis,
2283 2579 2408 2634 qua:
2426 2565 2744 2618 colebantur
2770 2564 2822 2617 in
2852 2562 3086 2630 templis.
3120 2561 3261 2617 Nilil
3282 2561 3427 2617 aliud
3449 2561 3626 2624 distat,

2012 2658 2113 2712 nisi
2143 2657 2284 2726 quod
2334 2658 2389 2711 in
2440 2666 2527 2710 tua
2559 2657 2712 2710 domo
2757 2656 2952 2709 minuta
3004 2667 3122 2709 sunt
3148 2698 3163 2720 ,
3219 2657 3274 2709 in
3305 2655 3491 2724 templo
3521 2671 3628 2707 ma-

2003 2757 2147 2826 jora.
2181 2749 2434 2820 Namque
2475 2766 2597 2805 cum
2627 2750 2754 2804 dicit
2788 2767 2800 2802 :
2845 2748 2910 2803 Et
2932 2749 3041 2803 illic
3077 2750 3247 2804 aureis
3276 2751 3629 2821 argenteisque

2011 2844 2474 2900 innumerabilibus
2503 2843 2656 2900 veluti
2700 2843 2902 2912 templis
2947 2843 3089 2896 tereti
3120 2854 3323 2897 moneta
3367 2844 3623 2914 percussis

2011 2935 2174 2990 inesse
2235 2936 2478 2991 similiter
2545 2953 2722 3008 regum
2779 2935 2983 2997 vultus,
3039 2935 3284 3006 signaque
3327 2936 3620 3004 cognoscis,

2011 3031 2238 3097 nihilque
2291 3031 2443 3085 aliud
2501 3032 2690 3096 distat,
2750 3029 2850 3083 nisi
2897 3029 3034 3098 quod
3081 3029 3133 3081 in
3187 3039 3275 3082 tua
3325 3028 3476 3082 domo
3523 3028 3621 3080 mi-

2011 3134 2134 3177 nuta
2173 3134 2328 3190 sunt,
2359 3126 2415 3177 in
2443 3127 2632 3194 templo
2673 3127 2889 3195 majora,
2930 3132 3117 3190 aperte
3139 3121 3398 3192 signiﬁcat
3431 3121 3618 3174 eadem

2015 3216 2064 3270 in
2120 3215 2354 3268 nummis
2401 3215 2572 3284 sculpi
2603 3216 2774 3283 signa,
2814 3224 2867 3268 et
2907 3228 3092 3284 regum
3150 3213 3447 3282 imagines,
3500 3227 3622 3282 qua:

2014 3310 2065 3364 in
2112 3306 2314 3378 templo
2360 3321 2525 3376 super
2554 3322 2677 3362 aras
2721 3307 2922 3375 majora
2971 3316 3148 3360 erant.
3197 3303 3311 3373 Qua
3343 3304 3400 3360 S.
3451 3305 3616 3358 nostri

2011 3398 2262 3472 praesulis
2303 3399 2574 3453 sententia
2620 3397 2746 3452 illud
2791 3396 3100 3452 confirmari
3148 3405 3388 3460 00nstat;
3425 3411 3618 3466 nempe

2010 3491 2187 3550 solere
2239 3491 2598 3560 imperatores
2637 3490 2896 3545 Ethnicos
2945 3504 3075 3544 suos
3123 3490 3173 3542 in
3219 3490 3451 3543 tnnnmis
3502 3490 3617 3543 vul-

2009 3599 2096 3643 tus
2121 3584 2381 3642 exbihere
2419 3583 2521 3639 sub
2563 3583 2794 3654 imagine
2834 3598 3056 3636 suorum
3107 3582 3381 3636 numinum
3406 3625 3419 3644 ,
3461 3592 3517 3635 nt
3562 3581 3613 3636 iu

2011 3680 2186 3736 veteri
2233 3678 2594 3745 numismate,
2639 3679 2690 3731 in
2732 3693 2833 3746 quo
2883 3676 3164 3746 efﬁgiatum
3195 3675 3500 3746 Serapidem
3544 3676 3615 3730 si-

2009 3775 2178 3828 milem
2207 3770 2482 3826 Hadriano
2507 3770 2768 3838 conSpici,
2799 3780 2852 3824 et
2877 3771 3019 3823 hunc
3043 3768 3418 3837 perantiquom
3448 3767 3612 3822 fuisse

2011 3883 2215 3923 morem
2258 3864 2582 3935 Spondanus
2610 3881 2674 3918 ex
2721 3863 2952 3918 Baronio
2997 3871 3225 3916 testatur
3271 3861 3498 3932 (Spoud.
3545 3862 3613 3914 ad

2008 3979 2072 4016 an
2102 3957 2228 4024 562,
2267 3957 2293 4029 §
2324 3954 2380 4028 6)
2412 3973 2424 4008 :
2456 3959 2524 4010 At
2550 3955 2693 4010 enim
2732 3970 2860 4009 vero
2888 3997 2901 4017 ,
2941 3963 2994 4008 et
3025 3955 3156 4023 ipsae
3187 3953 3480 4009 Gentilium
3513 3954 3612 4007 im-

2011 4062 2318 4124 pt-ratortun
2353 4051 2612 4120 imagines
2657 4050 2710 4104 in
2755 4049 2990 4102 nummis
3018 4063 3163 4102 cosas
3207 4050 3257 4102 in
3293 4047 3493 4116 templo
3521 4061 3613 4102 co-

2010 4145 2281 4209 lebantur,
2310 4157 2431 4195 cum
2459 4141 2602 4196 inter
2623 4141 2757 4196 deos
2784 4139 2963 4204 relati,
2987 4141 3113 4200 aris,
3141 4139 3356 4200 statuis,
3385 4153 3450 4191 ac
3477 4149 3610 4192 tem-

2009 4237 2112 4307 plis
2159 4234 2209 4288 in
2254 4234 2490 4302 ipsorum
2540 4232 2799 4287 honorem
2833 4232 3050 4293 erectis,
3093 4243 3362 4298 tamquam
3407 4229 3498 4283 Dei
3541 4229 3608 4283 ab

2011 4325 2253 4383 Ethnicis
2275 4324 2633 4378 habebantur.
2665 4323 2779 4376 Non
2803 4334 2884 4376 e51
2912 4322 3073 4386 igitur
3103 4336 3199 4374 cur
3225 4320 3457 4373 llaronio
3482 4334 3606 4374 suc-

2007 4434 2359 4480 censeamus,
2390 4417 2478 4485 qui
2519 4416 2808 4483 genuinum
2837 4415 2895 4468 8.
2938 4413 3174 4468 Zenonis
3215 4427 3434 4467 sensum
3466 4413 3606 4467 acci-

1930 4549 1984 4610 Β
2009 4515 2182 4584 piens,
2213 4525 2277 4564 ex
2305 4526 2370 4565 eo
2397 4508 2518 4579 jure
2541 4522 2603 4561 ac
2625 4507 2817 4561 merito
2841 4506 3022 4570 infert,
3055 4504 3114 4560 S.
3140 4505 3413 4560 Zenonem
3447 4506 3606 4575 longe

2008 4619 2133 4663 ante
2161 4605 2591 4661 Christianorum
2625 4603 3013 4668 imperatorum
3049 4612 3288 4668 tempora
3321 4599 3604 4654 claruisse.

2011 4701 2126 4754 Alia
2167 4700 2224 4754 8.
2270 4696 2504 4752 Zenonis
2535 4693 2699 4748 verba
2740 4711 2752 4746 :
2786 4708 2898 4762 qua:
2937 4693 2980 4745 si
3017 4689 3305 4760 erogaveris
3330 4730 3344 4752 ,
3389 4691 3606 4758 pecunia

2009 4804 2116 4858 est,
2151 4793 2193 4845 si
2216 4791 2492 4845 servaveris
2529 4787 2828 4849 simulacra,
2864 4785 3104 4839 indicant
3133 4780 3453 4836 Christianis
3484 4795 3606 4850 per-

2010 4887 2233 4938 missum
2264 4881 2428 4936 fuisse
2453 4879 2528 4934 uti
2557 4878 2780 4948 pecunia
2809 4875 3126 4930 idololatriae
3154 4873 3323 4941 signis
3351 4885 3602 4939 percussa

2009 4977 2076 5030 ad
2123 4973 2493 5042 erogandum,
2544 4979 2749 5024 tantum
2803 4968 3012 5022 scilicet
3062 4966 3127 5021 ad
3178 4979 3333 5020 usum
3383 4964 3604 5020 humani

2007 5064 2344 5122 commercii.
2392 5065 2492 5131 Qui
2546 5077 2674 5116 vero
2706 5060 2986 5131 pecuniam
3032 5072 3348 5124 servasset,
3380 5058 3604 5126 pecunia

2006 5157 2350 5217 abutebatur,
2381 5164 2433 5208 et
2457 5157 2508 5208 in
2533 5168 2593 5208 ea
2627 5169 2731 5206 non
2763 5167 2920 5205 nsum
2951 5151 3248 5219 resilicieus
3269 5190 3283 5215 ,
3314 5150 3408 5204 Sed
3452 5164 3603 5214 rem,

2006 5249 2292 5326 allectione
2318 5245 2546 5316 quadam
2576 5287 2591 5310 ,
2633 5252 2689 5298 et
2716 5245 2922 5298 honore
2955 5243 3093 5298 idola
3133 5243 3185 5297 in
3218 5243 3452 5297 nummis
3477 5256 3606 5294 eon-

2011 5351 2157 5397 tenta
2191 5338 2442 5410 prosequi
2474 5335 2777 5392 videbatur.

2014 5479 2042 5551 ς
2074 5476 2139 5533 γ.
2185 5475 2245 5532 S.
2276 5476 2415 5531 Zeno
2442 5475 2534 5530 Tr.
2569 5488 2692 5541 xsv,
2727 5472 2818 5528 lib.
2855 5470 3064 5526 secundi
3095 5479 3332 5540 quartum
3364 5467 3608 5523 sa'culum

2627 5585 2729 5623 non
2755 5568 2968 5623 indicat.

2089 5691 2154 5746 Et
2180 5691 2294 5746 haec
2328 5687 2384 5744 S.
2411 5686 2648 5743 Zenonis
2679 5688 2841 5743 verba
2875 5705 2887 5738 :
2923 5687 3217 5740 Autumnus
3244 5693 3444 5748 quoque
3473 5673 3617 5729 Mar-

2018 5781 2135 5846 “irii
2167 5781 2304 5836 locus
2347 5786 2440 5838 est,
2471 5779 2521 5832 lu
2562 5791 2661 5849 quo
2706 5793 2806 5832 mm
2849 5772 2984 5838 vltis,
3036 5765 3128 5822 ml
3165 5761 3372 5833 {ancoris
3412 5759 3620 5831 sanguis
