4198 6160
586 239 690 296 699

1748 233 1834 286 DE
1890 222 2137 285 SANGTI
2178 212 2470 281 ZENONIS
2512 218 2787 278 EPOCHA
3749 208 3839 267 mo

585 356 1053 432 cffumlitur(Adn.
1082 356 1140 422 8,
1170 354 1239 409 ad
1268 352 1499 409 eumdem
1523 350 1641 424 tr.).
1668 350 1938 420 Quartum
1951 347 2178 403 innuero
2204 394 2213 411 Α

2323 343 2410 398 ~ita
2428 339 2729 397 obtundam
2757 337 2936 394 verbis
2965 332 3310 406 palpantibus
3342 330 3521 386 aciem
3546 327 3789 385 veritatis.
3822 348 3840 383 ι

584 450 846 507 saeculum
900 447 1093 515 yolunt
1149 444 1366 501 Domini
1416 442 1720 499 Ballerinii.
1777 441 1862 499 Ita
1898 439 1970 496 ad
2009 437 2184 511 quarti

586 541 763 599 seculi
811 538 1073 611 lartgres
1116 536 1215 611 (ita
1237 536 1364 610 ipsi)
1414 536 1679 610 praecipue
1704 534 1943 605 pertinet,
1996 534 2186 604 quippe

589 634 815 708 episcopi
840 673 857 700 ,
905 640 955 687 et
1001 630 1336 686 ecclesiastici
1378 632 1488 701 fere
1544 632 1754 700 fuerunt
1809 640 1971 682 sacra:
2023 626 2187 680 uiuere

589 732 809 802 fossores
856 734 906 781 et
953 726 1200 789 cultores,
1245 736 1379 795 quos
1433 722 1758 792 potissimum
1803 720 2061 793 impetitos
2127 734 2187 773 eo

587 820 777 877 steculo
827 819 1061 891 legimus,
1106 818 1243 890 quod
1276 816 1533 885 prioribus
1583 815 1788 872 smlis
1832 830 1935 869 non
1978 813 2189 868 omnino

591 913 847 981 convenit,
878 929 997 968 cum
1036 921 1085 967 et
1136 911 1331 976 clerici,
1372 919 1421 965 et
1448 911 1569 965 laici
1600 907 1885 964 Christiani
1920 907 2111 977 passim
2155 922 2188 960 a

593 1005 883 1064 Gentilibus
932 1006 1311 1061 mutabantur.
1364 1008 1436 1060 At
1478 1004 1747 1074 prioribus
1797 1001 2012 1059 saeculis
2054 1016 2192 1057 con-

592 1101 783 1158 venire
806 1106 1035 1156 testatur
1076 1098 1345 1155 Eusebius
1372 1096 1547 1172 (Hist.
1589 1098 1628 1153 l.
1662 1113 1739 1164 νι,
1782 1114 1899 1167 cap.
1931 1095 2051 1168 21),
2081 1094 2191 1151 Ma-

593 1192 858 1249 ximinum
883 1192 1095 1249 scilicet
1120 1192 1506 1262 imperatorem
1551 1191 1605 1246 in
1636 1188 1978 1282 Christianos
2004 1203 2194 1260 perse-

594 1287 812 1343 cutione
864 1296 1010 1341 mota
1050 1285 1283 1356 jussisse
1325 1285 1472 1340 solos
1522 1284 1884 1340 Ecclesiarum
1934 1282 2194 1353 praesides

597 1390 872 1451 tamquam
912 1389 1165 1439 auctores
1206 1377 1475 1433 doctrinae
1513 1376 1854 1448 Evangelica:
1889 1374 2010 1430 neci
2051 1372 2191 1428 dari.

595 1474 746 1530 Tunc
785 1473 896 1530 duo
936 1473 1134 1529 summi
1180 1470 1468 1543 pontiﬁces
1514 1470 1833 1536 Pontianus,
1865 1477 1919 1524 et
1963 1470 2198 1523 Anterus

596 1582 703 1623 nou
730 1566 913 1623 adhuc
949 1564 1140 1637 elapso
1165 1564 1395 1621 duorum
1423 1564 1693 1620 mensium
1725 1562 1904 1633 spatio
1930 1570 2198 1632 martyres

596 1662 872 1718 obierunt.
902 1661 1131 1717 Constat
1161 1661 1325 1716 etiam
1350 1676 1418 1715 ex
1447 1659 1504 1716 S.
1535 1657 1792 1731 Cypriani
1836 1656 2061 1728 epistola
2083 1696 2099 1723 ,
2144 1664 2200 1710 et

2289 434 2423 503 Quae
2460 433 2667 505 quidem
2695 430 2955 486 Chronica
2988 426 3184 483 notatio
3222 424 3408 481 tumin
3451 434 3570 477 mss.
3615 422 3845 490 omnibus,

2286 536 2394 581 tum
2413 518 2473 580 in
2494 524 2723 580 editione
2748 522 2918 591 prima
2946 519 3135 575 Veneta
3165 518 3338 589 potant
3365 528 3429 570 tu:
3452 514 3681 569 distincte
3704 517 3854 587 posits

2285 629 2383 686 est,
2415 635 2508 674 nec
2537 618 2639 672 nisi
2666 617 2725 671 in
2770 615 3041 688 posteriori
3082 610 3305 667 editione
3338 608 3640 675 Veronensi,
3666 623 3728 663 ea:
3765 618 3854 678 qua

2287 713 2408 767 alia:
2452 714 2696 783 profecta:
2724 715 2844 765 sunt
2880 708 2943 762 ab
2966 704 3244 762 editoribus
3267 703 3509 775 (Perotto
3546 708 3602 756 et
3635 696 3855 771 Bagam)

2289 820 2625 860 numerorum
2661 802 2902 857 mendum
2944 797 3302 855 incusantibus
3330 794 3540 868 proprio
3578 801 3731 846 inerte
3761 800 3860 847 uno

2291 909 2398 956 tato
2423 910 2483 953 eo
2513 910 2615 951 uno
2656 894 2959 969 prtejudieio
2985 900 3242 956 movente,
3264 887 3403 961 quod
3427 886 3691 942 Auctorem
3716 886 3852 940 tertio

2292 992 2480 1048 atecqu
2531 991 2720 1045 vixisse
2780 988 3139 1058 opinarentur.
3196 1003 3215 1037 ι
3262 980 3416 1049 Quod
3464 978 3712 1051 obiicitur
3759 979 3857 1047 (im

2293 1087 2531 1159 quium),
2582 1093 2890 1139 sermonem
2921 1079 2989 1135 de
3010 1074 3359 1135 Continenti:
3390 1084 3501 1130 non
3532 1084 3655 1128 esse
3680 1067 3746 1127 8.
3775 1070 3869 1126 Ze-

2296 1179 2456 1233 nonis
2487 1173 2759 1247 martyris,
2802 1186 2925 1228 cum
2959 1170 3013 1225 in
3045 1169 3350 1239 eo‘legltur
3385 1174 3577 1221 auctor
3602 1162 3868 1219 abfuisse:

2298 1272 2359 1328 S.
2407 1268 2557 1325 Pauli
2600 1266 2850 1322 doctrina
2878 1262 3155 1333 divulgata
3188 1259 3348 1314 annis
3371 1255 3788 1329 quadringentis,
3822 1259 3874 1308 et
3971 1296 3981 1303 .

2298 1378 2365 1420 eo
2391 1361 2691 1433 amplius...
2730 1357 2967 1414 dicimus
2997 1365 3225 1419 textum,
3258 1350 3418 1408 sicuti
3461 1350 3642 1404 muttis
3674 1348 3723 1401 in
3753 1346 3874 1401 locis

2298 1467 2383 1516 est
2411 1455 2721 1520 mendosus,
2754 1454 2825 1508 ita
2884 1460 2942 1505 ut
2982 1462 3128 1522 saepe
3178 1449 3237 1501 lit
3275 1447 3328 1500 in
3374 1442 3638 1510 numeris,
3668 1443 3740 1497 ibi
3767 1450 3876 1496 esse

2301 1552 2671 1622 depravatum.
2712 1564 2732 1599 ι
2780 1544 2947 1613 Quam
2976 1540 3263 1613 corrigendi
3289 1538 3542 1593 rationem
3560 1537 3701 1592 nullo
3717 1538 3880 1593 codice

2301 1645 2558 1707 innixam,
2588 1641 2748 1694 immo
2796 1645 2973 1692 contra
3002 1634 3156 1704 ﬁdem
3191 1632 3426 1687 codicum
3457 1640 3749 1702 usurpatam
3783 1630 3880 1702 (qui

601 1757 665 1812 D.
715 1756 975 1824 Zenonis,
1019 1766 1182 1812 attate
1220 1754 1493 1812 Valeriani
1534 1718 1880 1824 imperatoris
1921 1750 2097 1806 edicto
2142 1749 2194 1804 in

2323 1744 2548 1790 trieterea
2573 1747 2673 1787 non
2721 1744 2812 1801 per
2834 1726 3125 1782 numerate:
3158 1725 3355 1779 litteras
3402 1718 3593 1788 CCCC,
3638 1721 3724 1777 sed
3748 1728 3876 1785 eote.

601 1849 910 1920 episcopos,
934 1849 1306 1922 presbyteros,
1343 1855 1398 1903 et
1429 1846 1690 1901 diaconos
1732 1843 1902 1899 fuisse
1931 1842 2199 1913 pratcipue

600 1942 1061 2010 animadversum,
1091 1955 1259 2011 quare
1286 1948 1342 1996 et
1366 1938 1550 1995 Sixtus
1579 1950 1823 1993 summus
1850 1935 2112 2006 pontifex,
2147 1947 2203 1991 et

606 2036 662 2092 S.
705 2035 1029 2091 Laurentius
1071 2035 1358 2101 diaconus,
1403 2041 1564 2105 atque
1600 2032 1745 2088 idem
1786 2030 1846 2087 S.
1875 2030 2200 2102 Cyprianus,

604 2128 803 2199 aliique
832 2128 1097 2199 episcopi,
1128 2127 1319 2184 eodem
1349 2141 1493 2182 anno
1543 2125 1802 2197 martyrio
1831 2123 2074 2179 coronati
2127 2122 2206 2179 le-

606 2227 824 2291 guntur.
855 2218 1201 2290 Quapropter
1223 2217 1509 2275 dicendum
1549 2226 1653 2285 est,
1693 2216 1751 2274 S.
1783 2216 2054 2273 Zenonem
2092 2215 2203 2284 fos-

574 2350 577 2353 -
608 2312 741 2368 saris
769 2312 986 2368 nomine
1025 2311 1126 2368 hos
1155 2318 1375 2367 sanctos
1406 2309 1666 2382 prtesules
1708 2308 1998 2374 indicasse,
2031 2322 2208 2378 neque

609 2405 725 2461 sola
751 2404 1146 2475 suppositione,
1177 2404 1320 2475 quod
1350 2403 1409 2462 S.
1436 2402 1584 2459 Zeno
1604 2411 1799 2472 quarto
1815 2401 2015 2457 smculo
2036 2385 2210 2471 scrip—

611 2496 765 2565 serit,
796 2495 866 2551 ad
888 2497 1174 2568 episcopos
1200 2506 1396 2568 quarto
1423 2496 1623 2552 seculo
1648 2498 1699 2551 in
1725 2494 2052 2552 Arianorum
2081 2508 2209 2564 per-

610 2589 894 2645 secutione
934 2588 1197 2661 martyrio
1240 2588 1466 2645 allectos
1513 2587 1877 2660 effugiendum
1919 2595 2026 2644 est.
2065 2585 2211 2643 Nus-

613 2695 774 2752 quam
800 2680 1002 2738 eteuim
1032 2680 1231 2751 legitur
1253 2681 1308 2738 in
1332 2681 1711 2739 Ecclesiastica
1737 2680 1986 2748 historia,
2014 2691 2213 2751 quarto

615 2771 814 2828 surculo
841 2772 1024 2829 edicto
1055 2773 1337 2844 preposito
1366 2775 1803 2844 persecutionem
1842 2775 1895 2830 in
1923 2774 2214 2846 episcopos

617 2865 957 2936 potissimum
989 2866 1233 2922 szevisse.
1261 2867 1443 2937 Neque
1482 2868 1648 2922 ullum
1679 2866 1777 2925 SS.
1803 2867 2026 2923 Patrum
2048 2884 2077 2923 a
2107 2868 2217 2923 Do-

619 2959 781 3015 minis
825 2958 1137 3015 Balleriniis
1184 2959 1408 3016 allatum
1458 2960 1851 3026 testimonium,
1908 2974 1978 3016 ne
2024 2960 2219 3017 leviter

2300 1826 2705 1899 quadringentos
2724 1835 2991 1877 numerum
3014 1816 3351 1892 "ccepi-imum),
3396 1812 3746 1871 “lentandus
3771 1822 3883 1899 con-

2292 1896 2542 1979 .siderans
2559 1916 2893 1971 adnotatione
2912 1913 2947 1969 6
2972 1913 3027 1967 in
3064 1910 3413 1983 persecutione
3443 1906 3722 1975 Valeriani,
3748 1896 3884 1962 illam

2302 2015 2426 2072 satis
2455 2023 2668 2079 certam,
2699 2020 2746 2064 et
2775 2019 2936 2064 tutam
2958 2022 3068 2062 esse
3093 2007 3189 2073 ait,
3226 2013 3281 2059 ut
3308 2021 3362 2060 se
3387 2005 3505 2073 quis
3531 2018 3563 2058 a
3592 2000 3885 2076 gravissimis

2304 2102 2699 2178 difﬁcultatibus
2729 2103 2883 2174 facile
2905 2100 3180 2162 subducat,
3206 2106 3357 2168 atque
3386 2096 3649 2169 etpediut.

2378 2200 2563 2271 itaque
2592 2196 2651 2255 S.
2686 2194 2923 2252 Zenonis
2950 2201 3131 2249 textus
3158 2190 3513 2262 incorruptus
3542 2189 3646 2244 hoe
3693 2188 3742 2243 in
3776 2187 3887 2242 loco

2307 2304 2394 2351 est
2435 2291 2750 2356 habendus;
2784 2287 2991 2345 notatio
3021 2299 3154 2358 ergo
3178 2284 3702 2356 quadringentorum
3729 2290 3888 2336 annos

2310 2403 2429 2444 rum
2460 2384 2710 2442 eumdem
2739 2384 2796 2441 S.
2824 2382 3115 2437 Ductorem
3144 2379 3343 2433 saccqu
3364 2378 3563 2448 quinto
3585 2377 3893 2434 scribentem

2309 2480 2465 2535 lateri
2494 2493 2594 2534 nos
2620 2483 2798 2547 coget.
2830 2473 2967 2530 Nam
2993 2487 3118 2528 cum
3162 2469 3391 2541 epistola
3414 2470 3594 2541 prima
3625 2469 3690 2523 ad
3718 2465 3895 2523 Corin-

2314 2574 2455 2629 thios
2481 2574 2633 2643 juxta
2667 2570 2884 2626 Baronii
2922 2564 3346 2638 Chronologiam
3386 2580 3537 2620 anno
3566 2562 3773 2619 Domini
3813 2559 3895 2627 57,

2314 2666 2625 2735 cumscripta
2671 2664 2759 2729 sit,
2794 2663 2940 2718 hunc
2978 2660 3142 2733 igitur
3171 2658 3232 2715 S.
3263 2657 3413 2714 Zeno
3442 2670 3756 2713 sermonem
3783 2667 3897 2725 pro-

2317 2754 2435 2815 tulit
2462 2773 2603 2812 auno
2629 2756 2754 2812 457.
2781 2755 2837 2810 id
2867 2768 2969 2825 ego
2996 2752 3221 2811 minime
3241 2749 3577 2806 crediderim
3607 2748 3898 2806 adrisurum

2316 2852 2702 2910 eruditissimis
2741 2847 3092 2911 Balleriniis',
3128 2845 3220 2916 qui
3263 2859 3362 2915 pro
3410 2859 3466 2900 tv
3520 2843 3719 2899 sarculo
3761 2853 3901 2894 accr-

2317 2946 2457 3002 rime
2500 2952 2741 3016 pugnant
2780 2960 2793 2994 :
2835 2955 3010 3011 neque
3059 2952 3212 3006 vero,
3261 2950 3317 2991 ttt
3359 2935 3530 2993 facile
3560 2929 3903 2992 demonstrari

619 3053 835 3125 quidem
858 3053 963 3110 hoe
991 3052 1226 3120 indicat;
1258 3070 1380 3125 quae
1405 3055 1709 3111 testimonia
1731 3056 1777 3111 si
1798 3024 1920 3111 cum
1952 3053 2019 3112 s.-
2041 3055 2220 3111 Zeno-
2256 3119 2286 3125 _
2322 3039 2514 3111 possit.
2546 3036 2775 3107 tempori
2823 3035 2951 3090 huic
2974 3041 3173 3089 cetera
3202 3030 3411 3125 quatit}
3444 3044 3522 3087 eo
3565 3034 3790 3085 tractatu
3832 3024 3901 3078 le-

618 3147 704 3203 nis
747 3148 928 3204 verbis
965 3147 1197 3203 invicem
1225 3149 1600 3216 conterantur,
1640 3147 1916 3205 diversum
1959 3149 2213 3205 eternium

2323 3141 2518 3205 guntnr
2543 3129 2675 3185 satis
2704 3127 3058 3184 conveniunt.
3392 3117 3408 3126 ’

622 3239 848 3296 indicari
888 3241 1117 3311 quisque
1147 3241 1322 3310 primo
1350 3252 1573 3311 aspectu
1618 3240 1938 3310 conspiciat,
1979 3255 2048 3295 eo
2075 3239 2219 3312 quod

621 3334 675 3389 in
726 3333 918 3389 iisdem
969 3332 1293 3390 testimoniis
1333 3334 1539 3399 Ariani,
1584 3333 1859 3389 Nicasnum
1904 3333 2218 3400 concilium,

626 3424 823 3481 Valens
865 3426 1159 3495 imperator
1190 3427 1409 3497 proprio
1454 3426 1672 3481 nomine
1698 3435 2218 3494 commemorentur,

625 3516 767 3588 quod
795 3516 1075 3574 a‘Zenone
1098 3533 1321 3590 prorsus
1351 3518 1588 3573 alienum
1619 3526 1723 3586 est,
1751 3528 1808 3573 ut
1832 3532 1997 3591 supra
2022 3521 2221 3590 stt-pius

627 3619 873 3667 notatum
902 3620 1007 3667 εει.

630 3749 658 3821 ς
693 3748 783 3805 Vl.
830 3746 1336 3823 Quadringentorum
1363 3760 1620 3805 annorum
1642 3764 1885 3807 numerus
1925 3750 1978 3806 in
2003 3758 2224 3807 tractatu

702 3842 882 3915 quinto
918 3840 980 3898 S.
1008 3842 1233 3898 Zenonis
1261 3842 1378 3897 libri
1423 3845 1577 3914 primi
1621 3844 1684 3900 de
1714 3844 2056 3910 Continentia,
2098 3858 2226 3899 ana-

704 3937 1026 3995 chronismus
1051 3948 1126 3992 est
1168 3932 1574 3993 Tabellariorum
1617 3938 1739 3993 vitio
1764 3940 1818 3993 iu
1849 3954 1945 3993 ms.
1986 3938 2223 4010 itlapsus,

700 4042 943 4090 accurate
967 4035 1093 4090 satis
1121 4051 1152 4089 a
1178 4031 1426 4102 Baronio,
1465 4026 1695 4104 Perelio,
1741 4042 1789 4088 et
1816 4029 2035 4107 Bagatta
2057 4049 2228 4088 emen-

702 4133 878 4187 datus.

703 4268 833 4326 H820
856 4268 1370 4341 quadringentorum
1400 4282 1666 4324 annorum
1714 4276 1865 4337 nota,
1915 4281 2038 4339 quae
2081 4266 2135 4324 in
2165 4267 2223 4325 S.

633 4363 870 4420 Zenonis
901 4371 1130 4418 tractatu
1178 4362 1247 4418 de
1269 4361 1615 4419 Continentia
1644 4360 1860 4432 legitur,
1892 4367 2228 4434 praecipuum

2390 3224 2526 3283 Cum
2554 3223 2738 3295 itaque
2766 3221 3282 3294 quadringentorum
3313 3228 3590 3274 annorum
3622 3212 3781 3271 lectio
3808 3217 3910 3264 ter-

2324 3319 2397 3375 tui
2444 3318 2615 3389 ipsius
2662 3318 2930 3371 sermonis
2970 3314 3255 3383 repugnet,
3300 3318 3358 3365 ut
3406 3310 3620 3382 optime
3667 3300 3910 3361 Duronius

2324 3411 2554 3473 notavit,
2594 3406 2885 3464 manifesto
2914 3404 3251 3474 dignoscitur
3276 3402 3729 3463 anacronismus,
3754 3402 3805 3451 ct
3831 3405 3913 3447 cr-

2324 3512 2419 3560 ror
2443 3504 2589 3558 circa
2630 3510 2895 3555 annorum
2922 3504 3207 3553 numerum
3238 3495 3295 3550 in
3342 3498 3562 3550 testam
3609 3492 3669 3549 Β.
3695 3478 3913 3546 Zenonis

2326 3598 2572 3668 illapsus.

2397 3690 2524 3747 Sua:
2553 3695 2612 3744 ut
2657 3684 3060 3757 adstipulentur
3106 3681 3393 3740 sententia:
3422 3674 3622 3739 eximii
3664 3668 3918 3734 Ballerinli

2329 3788 2534 3840 textum
2557 3781 2930 3850 incorruptum
2955 3777 3165 3846 volunt,
3197 3785 3253 3832 et
3279 3775 3808 3848 quadringentorum
3832 3776 3921 3821 atl-

2327 3888 2519 3936 norutn
2550 3889 2832 3933 numerum
2856 3884 2964 3930 non
2992 3872 3159 3928 fuisse
3186 3871 3460 3926 vitiatum.
3487 3869 3561 3926 At
3598 3878 3718 3924 eam
3750 3858 3919 3919 ineunt

2329 3968 2622 4039 ratibnem,
2654 3978 2712 4025 ut
2761 3969 2828 4025 ad
2855 3976 3106 4040 quartum
3138 3964 3400 4022 saeculum
3445 3966 3507 4021 ὃ.
3542 3956 3816 4019 Zenonem
3845 3968 3921 4010 re-

2329 4074 2545 4129 vocent,
2577 4064 2784 4119 scilicet
2834 4060 3091 4116 usitatum
3150 4058 3340 4115 dicbnt
3370 4062 3637 4114 auctores
3685 4055 3841 4115 inter,
3874 4052 3922 4101 et

2329 4159 2652 4225 anteriores,
2712 4164 2768 4214 et
2809 4170 3045 4224 coaevus,
3099 4162 3154 4209 et
3206 4152 3549 4224 posteriores
3595 4144 3819 4211 Zenoni,
3874 4148 3925 4196 ιιι

2332 4255 2716 4330 quinquaginta
2785 4258 3051 4308 anndrum
3120 4258 3403 4305 excessum
3473 4256 3587 4303 non
3646 4243 3920 4299 curarent.

2333 4356 2494 4424 quam
2550 4349 2619 4405 ad
2673 4346 3048 4404 insinuandam
3111 4343 3476 4399 assertionem
3529 4354 3689 4398 suam
3735 4333 3927 4403 aliqum

634 4455 776 4512 forte
804 4462 1184 4526 argumentum
1228 4464 1328 4524 est,
1372 4468 1480 4528 quo
1508 4454 1575 4510 ad
1606 4423 1858 4524 ejusdem
1975 4423 2231 4514 Prtesulis
2256 4508 2309 4528 Ἀ
2336 4444 2640 4520 producunt
2679 4440 2950 4511 exempla,
2999 4448 3117 4509 (pne
3157 4432 3245 4528 hic
3292 4430 3689 4528 examinanda
3715 4423 3927 4528 pro-feri.-

635 4508 925 4605 ωιειθιιιυι
955 4549 1117 4605 tertio
1160 4508 1854 4604 saecuioitmoventiamuti
1897 4547 2105 4617 possint
2151 4547 2226 4613 hi,
2256 4508 2311 4575 D
2336 4508 2477 4596 inus.
2513 4535 2788 4599 Arnobius,
2831 4508 2918 4602 qui
2951 4522 3277 4617 Diocletiano
3316 4527 3637 4599 imperante,
3669 4518 3726 4577 id
3751 4522 3822 4575 est
3849 4511 3929 4571 sub

637 4644 728 4715 qui
759 4642 860 4699 sub
887 4642 1133 4700 Gallieno
1162 4644 1335 4714 ipsum
1364 4640 1612 4697 ﬂoruisse
1637 4647 1851 4710 negant.
1885 4638 2030 4694 idem
2059 4638 2228 4709 pluria

639 4737 928 4795 milacinnt
952 4752 1077 4792 cum
1105 4734 1453 4791 Tillemontio
1469 4731 1759 4788 clarissimi
1781 4730 2059 4787 Ballerinii
2084 4730 2231 4803 (Dis-

638 4840 760 4886 sert.
794 4831 844 4894 Ι,
875 4845 990 4902 cap.
1020 4829 1078 4893 2,
1110 4826 1138 4898 §
1164 4824 1241 4898 l).
1264 4824 1373 4880 Nos
1400 4834 1457 4880 ut
1483 4824 1629 4879 omni
1654 4839 1779 4879 cum
1805 4823 2073 4880 evidentia
2100 4825 2152 4880 in
2166 4840 2234 4881 eo

640 4922 997 4992 espendendo
1047 4919 1424 4990 procedamus,
1471 4916 1785 4973 eorumdem
1817 4917 1978 4973 verba
2023 4919 2235 4975 exseris

639 5016 852 5072 bemus.
876 5014 1083 5085 Itaque,
1100 5012 1616 5084 quadringentorum
1643 5010 1812 5067 ferme
1828 5024 2117 5079 annorum,
2139 5028 2235 5068 ηοε-

641 5108 790 5172 tatio,
824 5108 950 5179 quia
984 5105 1177 5163 tradita
1216 5105 1500 5161 Corinthiis
1547 5103 1783 5175 Epistola
1813 5102 1973 5160 Pauli
2009 5106 2080 5160 ad
2109 5120 2237 5160 auc-

641 5199 769 5257 toris
796 5209 995 5255 letalem
1018 5210 1360 5255 recensentur.
1380 5199 1561 5255 Tract.
1592 5210 1623 5250 v
1662 5198 1756 5253 lib.
1779 5214 1819 5264 ι,
1840 5198 2063 5254 evidens
2078 5212 2241 5269 argu.

644 5300 884 5348 mentum
909 5302 1012 5360 est,
1041 5309 1159 5347 eum
1184 5292 1374 5347 saeculo
1409 5300 1596 5362 quarto
1622 5291 1889 5357 scripsisse
1912 5306 1932 5345 :
1978 5290 2071 5347 Sic
2102 5291 2238 5345 enim

642 5388 714 5443 ibi
737 5388 984 5444 habetur:
1020 5406 1038 5439 ι
1075 5386 1148 5443 At
1172 5402 1293 5443 cum
1318 5395 1446 5442 ante
1472 5399 1645 5441 annos
1667 5385 1837 5442 ferme
1874 5383 2240 5455 quadringen-

645 5497 753 5553 tos,
784 5484 869 5539 vel
898 5499 964 5539 eo
1003 5483 1237 5555 amplius
1272 5481 1631 5553 apostolicum
1670 5479 1772 5536 hoc
1798 5486 2055 5549 operetur
2094 5478 2240 5533 edic-

648 5592 783 5642 tum,
810 5591 921 5647 quo
957 5584 1011 5647 et
1049 5574 1356 5632 vivaciores
1394 5572 1544 5629 fuere
1588 5568 1853 5637 homines,
1896 5578 1952 5624 et
1980 5568 2242 5625 rarissimi

652 5664 978 5735 Christiani;
1005 5683 1107 5730 Cur
1136 5680 1267 5739 ergo
1297 5666 1610 5725 Chrlstiano
1650 5665 1781 5721 orbe
1818 5662 1934 5734 ipso
1968 5672 2107 5733 pene
2132 5661 2244 5733 jam

653 5770 782 5832 toto,
822 5760 1223 5836 ltontinumqne
1256 5759 1539 5821 vivacitate
1564 5754 1767 5818 mundo
1793 5758 2114 5817 seneScente
2151 5753 2248 5811 dea

2335 4633 2484 4688 initio
2527 4624 2696 4702 quarti
2742 4624 2921 4682 siccati
2950 4624 3157 4696 ﬂoruit,
3210 4614 3537 4690 Hieronymo
3588 4620 3738 4680 teste,
3778 4619 3931 4702 nonne

2334 4728 2445 4782 haec
2482 4698 2758 4780 Ethnicum
2787 4721 3031 4776 adversus
3056 4715 3373 4772 Christianos
3413 4706 3721 4781 loquentem
3748 4698 3936 4762 induxit

2334 4820 2465 4876 libro
2493 4834 2552 4886 ιι,
2582 4817 2773 4891 pagina
2813 4812 2979 4869 44....
3011 4810 3151 4867 Ante
3185 4807 3629 4880 quadringentos
3661 4813 3833 4858 annos
3860 4808 3935 4891 re.

2335 4914 2495 4987 ligio,
2527 4889 2722 4983 inquit,
2764 4918 2946 4965 vestra
2981 4920 3088 4962 non
3116 4899 3315 4959 fult...‘!
3361 4892 3431 4956 In
3485 4896 3755 4955 Formula
3797 4889 3935 4987 liciti.

2339 4980 2493 5078 quam
2521 4980 2958 5075 Pseudosynotlus
2988 4994 3305 5053 Antibchena
3333 4990 3550 5061 scripsit
3581 5002 3722 5044 anno
3749 4981 3870 5078 34?,
3900 4980 3941 5030 τι

2339 5071 2585 5154 recitatur
2601 5091 2662 5150 ab
2686 5071 2972 5148 Athanasio
2988 5086 3041 5144 in
3065 5089 3195 5144 libro
3210 5086 3272 5141 de
3293 5080 3555 5156 Synodis,
3588 5082 3701 5137 Ittec
3727 5080 3789 5134 de
3811 5071 3941 5129 Pau—

2343 5189 2566 5246 lianistis
2606 5190 2888 5260 leguntur:
2947 5206 2967 5241 ι
3013 5181 3285 5239 Christum
3311 5186 3500 5233 autem
3531 5176 3739 5246 ipsum,
3782 5162 3939 5225 etFi“

2344 5285 2477 5340 lium
2512 5283 2605 5338 Dei
2653 5281 2848 5336 factum
2889 5291 3032 5343 esse,
3075 5286 3143 5330 ex
3188 5286 3292 5343 quo
3323 5274 3585 5325 noStram
3629 5264 3849 5322 carnem
3883 5266 3939 5311 ei

2345 5378 2564 5448 Virgine
2603 5375 2915 5443 assumpsit,
2974 5376 3082 5424 nan
3121 5366 3248 5422 tutis
3296 5362 3503 5419 abhinc
3545 5347 3941 5448 qttadringcntit

2348 5442 2526 5525 annvis.
2571 5484 2589 5519 ι
2638 5442 2887 5519 Eusebius
2929 5454 3264 5516 Ctesttrierlsis
3291 5450 3530 5522 eiusdem
3564 5448 3750 5521 steculi
3782 5442 3943 5509 Sciit.

2351 5574 2430 5619 tor
2462 5560 2549 5633 qui
2591 5557 2724 5613 diem
2749 5556 2871 5612 obiit
2911 5564 3049 5610 anno
3076 5546 3205 5619 340,
3232 5552 3307 5604 sic
3329 5542 3532 5613 effatur
3557 5544 3654 5599 lib.
3690 5556 3729 5597 ιι
3784 5530 3945 5633 contrd

2357 5622 2664 5715 Marcellum
2678 5653 3072 5719 Arausicanunt,
3091 5662 3209 5719 cap.
3239 5658 3385 5709 t...,t
3407 5639 3471 5696 In
3504 5636 3705 5713 primis
3735 5622 3947 5707 parado-

2374 5765 2501 5809 xum
2533 5746 2665 5811 illud
2706 5756 2791 5805 est
2831 5744 3099 5818 incepisse
3136 5740 3239 5799 hoc
3272 5731 3507 5797 verbum
3538 5727 3613 5789 ab
3642 5724 3799 5788 annis
3836 5718 3949 5786 hinc
