4198 6160
347 287 448 342 ’701

1793 279 2265 342 lllSSERTATIO.

3593 297 3696 353 τινε

345 398 1241 472 retroquadringentisitnpletis...
1265 417 1285 453 ι
1310 401 1756 473 Pseudosynodus
1782 405 1963 459 Sardi-
1987 409 2042 466 Α
2068 403 2311 457 Fabricio
2340 401 2693 470 elaboratam,
2739 406 2847 462 lucc
2884 411 3045 463 tradit
3084 427 3200 482 cap.
3241 409 3370 468 3....
3405 413 3471 470 Et
3511 417 3635 472 inde
3674 435 3703 474 tt

343 498 518 552 censis
574 497 629 548 in
685 493 884 548 decreto
925 497 1070 565 apud
1135 494 1406 550 Hilarium
1472 500 1616 570 frag.
1665 499 1721 566 3,
1761 505 1968 555 nurnero

340 607 388 657 ι,
420 600 549 643 tom.
581 602 642 651 ιι,
673 602 792 657 pag.
823 585 950 652 648,
980 587 1224 643 editionis
1248 588 1582 646 Veronensis
1619 592 1826 663 (nostris
1852 607 1968 648 vero

342 683 612 749 editionis,
643 690 764 735 tom.
817 696 870 748 Χ,
917 681 1014 736 col.
1047 681 1213 754 659),
1244 681 1494 737 eumdem
1519 684 1821 740 Marcellum
1862 683 1969 738 An-

343 794 602 852 cyranum
642 775 960 847 reprehendit
1005 776 1156 830 inter
1203 788 1386 831 ctetera
1439 788 1713 850 prapterea
1761 780 1964 850 quod...

353 892 375 927 ι
396 870 684 928 initium...
709 869 940 938 inquit...
967 867 1245 938 regnandi
1275 871 1560 939 accepisse
1577 870 1860 925 Dominum
1888 869 1971 922 di-

343 973 440 1018 cat
465 971 594 1018 ante
618 960 1041 1032 quadringentos
1076 972 1331 1015 annos...
1366 959 1497 1017 Haec
1524 971 1704 1017 autem
1737 960 1969 1032 pseudo-

343 1056 594 1130 synodus
617 1053 795 1108 habita
822 1063 900 1108 est
932 1067 1020 1107 an.
1047 1051 1190 1106 547.
1227 1069 1246 1102 s

421 1148 650 1205 Arnobii
681 1146 1047 1204 testimonium
1095 1144 1246 1214 quod
1278 1145 1559 1205 adducunt
1600 1147 1816 1204 Domini
1846 1147 1971 1204 Bal-

347 1244 530 1301 lerinii
559 1257 821 1297 annorum
850 1241 919 1298 90
953 1240 1183 1296 circiter
1207 1253 1494 1297 excessum
1533 1242 1782 1300 continet
1810 1257 1824 1295 :
1860 1242 1972 1297 An-

345 1336 621 1392 tiocltentc
651 1342 829 1388 autem
853 1330 1284 1404 pseudosynodi,
1313 1333 1356 1387 si
1398 1334 1532 1389 illud
1564 1349 1677 1387 non
1712 1335 1832 1388 totis
1872 1348 1974 1403 pro

346 1430 546 1484 ultimo
575 1441 717 1481 anno
759 1440 862 1480 non
893 1425 1168 1495 completo
1207 1424 1528 1492 accipiatur,
1575 1425 1974 1493 quinquaginta

345 1531 602 1593 quatuor.
648 1517 870 1573 Eusebii
899 1526 1085 1571 cnntra
1131 1503 1442 1570 Marcellum
1484 1514 1567 1569 60
1612 1526 1670 1569 et
1699 1517 1972 1585 amplius:

345 1611 757 1686 pseudosynodi
802 1609 1137 1665 Sardicensis
1159 1605 1557 1679 quinquaginta
1607 1607 1776 1660 trium
1805 1621 1977 1662 anno-

344 1722 469 1762 rum
503 1718 785 1760 excessum
815 1703 1084 1772 exprimit.
1126 1698 1404 1769 Quomodo
1438 1697 1630 1768 igitur
1663 1713 1728 1752 ex
1777 1699 1842 1754 iis
1871 1709 1976 1755 tam

2067 496 2304 550 Domina
2330 509 2515 566 usque
2537 509 2685 552 nunc
2711 501 2839 555 anni
2862 501 2992 570 490,
3024 501 3168 573 plus.
3210 505 3316 560 Sed
3358 505 3699 578 Pliilastrius,

2065 589 2216 643 addit
2261 601 2388 643 mox
2416 589 2470 642 in
2517 590 2752 661 subjecta
2795 594 3126 650 adnotatione
3167 593 3534 655 Fabricius....
3579 611 3705 656 ante

2067 696 2277 737 annum
2308 679 2526 734 Christi
2567 681 2669 737 591
2706 685 2990 756 scripsisse
3048 701 3106 743 se
3145 687 3414 759 significat
3443 705 3565 762 cap.
3607 692 3698 757 85,

2067 783 2237 845 atque
2261 768 2516 825 interfuit
2552 773 2783 830 concilio
2810 776 3143 847 Aquileieusi
3175 793 3316 833 anno
3343 780 3543 836 Christi
3565 782 3694 837 587.

2070 866 2211 922 Hinc
2243 878 2542 919 numerum
2569 868 2853 924 manifeste
2870 880 3179 940 corruptum
3203 871 3274 925 ita
3296 875 3693 930 restituendum

2068 972 2194 1012 esse
2238 953 2512 1026 judicavit
2546 957 2770 1014 Latinus
2810 960 3074 1027 Latinius,
3123 962 3208 1016 cui
3251 964 3340 1017 alii
3365 965 3463 1017 viri
3495 966 3692 1020 eruditi

2069 1049 2474 1105 assentiuntur.
2547 1049 2613 1104 Et
2656 1052 2706 1106 in
2765 1062 2905 1106 textu
2986 1054 3200 1124 proinde
3281 1054 3688 1130 Hamburgcnsis

2069 1142 2318 1204 editionis
2363 1142 2658 1197 emendavit
2699 1145 2863 1198 sic....
2911 1144 2978 1199 Et
3028 1146 3151 1201 inde
3195 1162 3222 1199 a
3256 1147 3485 1204 Domino
3518 1165 3688 1220 usque

2075 1250 2220 1289 nunc
2245 1233 2371 1288 anui
2397 1232 2528 1300 580,
2565 1235 2775 1304 plus...
2807 1235 2934 1291 Hcce
2973 1245 3142 1291 tanien
3179 1254 3242 1292 ex
3279 1255 3381 1293 non
3421 1240 3686 1296 observata

2076 1331 2188 1400 ejus
2223 1327 2400 1382 steculi
2434 1330 2804 1383 consuetudine
2840 1330 2890 1384 in
2921 1333 3071 1384 annis
3100 1331 3415 1388 adnotandis
3437 1334 3679 1406 pendent.

2077 1418 2331 1490 Equidem
2371 1435 2472 1472 non
2507 1420 2605 1474 hoc
2641 1438 2746 1476 uno
2784 1424 2951 1494 capite
2976 1424 3151 1477 cadent
3183 1428 3450 1480 notatione
3475 1426 3685 1482 Philas-

2079 1514 2214 1567 trius
2243 1527 2368 1566 usus
2415 1513 2622 1584 legitur,
2666 1516 2753 1569 sed
2789 1526 2834 1569 et
2885 1518 3050 1589 capite
3096 1517 3222 1579 106.
3266 1537 3389 1590 pag.
3434 1522 3559 1588 206,
3596 1519 3681 1575 ubi

2078 1604 2409 1658 scribitur....
2433 1605 2574 1674 quod
2603 1609 2930 1662 contrarium
2957 1610 3248 1679 invenitur,
3271 1612 3322 1666 si
3347 1613 3417 1667 ita
3443 1615 3531 1685 qui
3554 1629 3680 1670 seu-

2081 1696 2270 1761 serint,
2323 1709 2426 1750 non
2457 1697 2877 1770 quadringentos
2903 1700 3012 1771 jam
3046 1703 3164 1772 plus
3208 1719 3382 1760 annus
3418 1707 3680 1763 transisse

345 1798 585 1855 diversis
607 1810 875 1851 annorum
903 1796 1170 1865 enmputis
1197 1806 1371 1847 canon
1393 1789 1829 1861 chronologicus
1859 1792 1975 1847 ins-
2007 1792 2054 1850 Β
2081 1789 2453 1859 cognovimus,
2495 1805 2562 1846 ex
2593 1807 2701 1862 quo
2734 1795 2880 1849 venit
2919 1795 3202 1864 Dominus,
3235 1809 3396 1870 atque
3437 1803 3681 1874 comple.

347 1891 633 1948 titucndus
661 1899 767 1955 est,
799 1897 853 1944 ut
880 1887 1156 1942 Ballerinii
1207 1883 1392 1938 volunt
1433 1883 1839 1954 quinquaginta
1880 1903 1979 1941 an-

348 2003 550 2044 norum
592 1999 878 2042 excessum
917 1997 947 2037 a
993 1978 1359 2051 scriptoribus
1400 1974 1591 2030 stcculi
1636 1979 1819 2047 quarti
1866 1993 1976 2034 nnn

348 2076 607 2137 attendi?
645 2077 879 2133 Obstant
925 2075 1050 2129 huic
1082 2072 1304 2143 penitus
1349 2083 1490 2122 novo
1519 2070 1721 2123 canoni
1761 2079 1815 2125 et
1871 2070 1975 2139 i;=si

347 2172 509 2227 allati
537 2180 743 2225 textus.
785 2165 976 2223 Obstat
1022 2159 1435 2237 pseudosynodi
1466 2158 1826 2216 Antiochense
1856 2173 1976 2218 tex-

353 2276 444 2320 tus
469 2280 486 2328 ;
531 2262 621 2316 illa
648 2259 796 2316 enim
819 2258 985 2315 verba
1016 2273 1118 2312 non
1149 2256 1296 2320 totis,
1325 2250 1588 2317 indicant,
1615 2261 1671 2306 et
1701 2267 1970 2311 annorum

349 2374 478 2429 qum
529 2370 691 2425 supra
734 2352 921 2407 decem
952 2351 1039 2406 vel
1092 2358 1315 2406 centum
1373 2355 1732 2400 numerantur
1781 2346 1972 2405 haberi

351 2451 669 2506 rationem:
720 2444 926 2500 Iudicat
971 2443 1115 2500 idem
1159 2438 1385 2498 Eusebii
1431 2445 1609 2492 textus
1645 2438 1749 2492 illis
1787 2442 1971 2496 verbis

349 2540 752 2613 quadrinqentis
780 2537 1025 2608 impletis.

431 2633 503 2688 At
529 2633 676 2688 enim
704 2646 832 2684 vero
857 2630 958 2684 hoc
989 2643 1098 2684 non
1129 2641 1256 2683 esse
1288 2626 1343 2680 in
1373 2638 1532 2680 more
1556 2623 1792 2693 positum
1826 2624 1971 2680 inter

358 2735 620 2783 auctores
655 2724 832 2794 quarti
872 2723 1055 2778 saeculi
1089 2720 1322 2776 evidens
1352 2727 1463 2772 est.
1503 2715 1776 2770 Arnobius
1821 2717 1967 2772 enim

355 2820 456 2876 lib.
486 2819 662 2889 primo
689 2817 946 2874 adversus
971 2816 1179 2872 Gentes
1220 2827 1346 2868 cum
1375 2808 1703 2863 Christianae
1746 2810 1968 2879 religio-

355 2914 449 2969 nis
476 2913 685 2968 initium
713 2911 953 2978 deliniat,
988 2919 1180 2978 aperte
1207 2906 1342 2962 dicit
1374 2923 1387 2959 :
1419 2901 1660 2956 Trecenti
1686 2911 1803 2955 sunt
1832 2905 1969 2988 enim

354 3009 526 3078 ferme
561 3004 750 3069 minus,
791 3004 866 3058 uel
906 3001 1025 3074 plus
1066 2999 1288 3069 aliquid.
1334 3013 1398 3051 ea:
1438 3011 1542 3065 quo
1582 2994 1826 3063 capimus
1859 3010 1969 3050 esse

353 3096 665 3161 Christiani,
697 3105 741 3148 et
771 3105 1024 3150 terrarum
1043 3096 1099 3147 in
1119 3093 1242 3148 orbe
1262 3088 1485 3145 censeri.
1515 3087 1632 3152 Quo
1655 3093 1804 3140 textu
1833 3086 1968 3142 Sev-

2079 1893 2164 1937 tos
2323 1881 2420 1937 Ubi
2449 1885 2616 1940 minus
2647 1886 2918 1958 legendum
2961 1888 3235 1947 Fabricius
3283 1906 3520 1954 censtt...
3553 1908 3684 1966 qtza-

2077 1973 2394 2044 dringentos
2411 1975 2520 2044 jam
2555 1977 2674 2045 plus
2705 1980 2881 2034 minus
2904 1997 3142 2037 annos...
3185 2001 3303 2039 cum
3331 1986 3374 2041 si
3405 1987 3498 2042 hoc
3524 1986 3684 2058 signi-

2079 2067 2239 2134 ﬁcare
2264 2068 2502 2122 uoluisset
2540 2068 2599 2124 S.
2631 2072 2906 2144 episcopus
2936 2074 3076 2128 haud
3115 2077 3475 2135 addidisset...
3520 2089 3682 2150 atque

2077 2159 2448 2229 completos...
2496 2160 2774 2219 Immerito
2827 2166 3042 2235 quidem
3087 2168 3315 2224 arbitrio
3358 2187 3458 2228 suo
3496 2185 3684 2228 curre-

2079 2251 2225 2308 xisse
2260 2253 2320 2308 8.
2353 2253 2627 2308 Philastrii
2667 2265 2846 2313 textus
2882 2260 3162 2316 incusatur
3193 2263 3516 2322 Fabricius:
3560 2279 3684 2320 nam

2076 2347 2285 2416 objecta
2324 2351 2660 2404 consuetudo
2700 2355 2983 2419 asseritur,
3028 2370 3133 2410 nun
3187 2359 3484 2428 probatur;
3529 2369 3585 2416 et
3619 2373 3684 2414 ex

2076 2453 2186 2492 uno
2215 2440 2528 2506 incorrupto
2559 2453 2707 2498 textu
2740 2446 2876 2500 alios
2903 2448 3198 2506 manifesto
3237 2462 3527 2524 corruptus
3563 2466 3688 2506 enr-

2076 2531 2271 2602 rigere,
2303 2543 2362 2587 ut
2390 2532 2671 2590 Fabricius
2689 2538 2933 2609 corrigit,
2961 2540 3085 2608 quis
3107 2542 3308 2597 audeat
3331 2543 3684 2615 redarguere?

2073 2625 2131 2678 Si
2178 2625 2323 2679 enim
2361 2624 2419 2678 S.
2466 2624 2785 2683 l‘ltilastrius
2829 2629 3084 2698 ipsemet,
3120 2647 3182 2687 se
3212 2643 3339 2689 ante
3364 2635 3424 2690 C.
3458 2636 3522 2692 A.
3556 2635 3682 2700 591,

2073 2717 2358 2785 scripsisse
2384 2725 2632 2787 testatur,
2657 2723 2778 2791 quis
2805 2738 2908 2778 non
2938 2723 3088 2780 videt
3117 2727 3368 2783 vitiatum
3397 2743 3681 2786 numerum

2074 2808 2586 2879 quadringentorum
2633 2827 2898 2868 annorum
2950 2816 3001 2868 in
3055 2816 3182 2874 aliis
3222 2820 3491 2888 testibus;
3537 2822 3681 2892 quod

2073 2903 2258 2956 vitium
2309 2919 2374 2959 ex
2425 2904 2614 2961 iisdem
2666 2907 2835 2962 vitiati
2892 2917 3074 2965 textus
3119 2913 3302 2969 verbis
3347 2916 3576 2983 eruitur,
3617 2926 3678 2972 ea

2071 2997 2215 3051 enim
2247 2997 2440 3052 verba:
2476 2999 2592 3066 plus
2623 3001 2794 3054 minus
2838 3013 2990 3072 atque
3027 3006 3314 3078 completos
3341 3009 3590 3075 indicant,
3625 3017 3683 3066 ut

2066 3087 2177 3158 jam
2213 3091 2516 3145 notavimus
2543 3108 2646 3147 non
2680 3094 2796 3147 rudi
2826 3095 3063 3151 Minerva
3096 3112 3270 3154 annos
3296 3100 3552 3170 describi,
3585 3103 3680 3158 sed

353 3189 587 3245 sechius
627 3188 804 3242 adnot.
859 3187 983 3255 106,
1031 3188 1082 3241 in
1134 3185 1336 3240 librum
1380 3179 1681 3237 secundum
1711 3177 1961 3249 Arnubii,
1991 3176 2036 3241 Ο
2068 3182 2307 3248 circiter,
2340 3184 2459 3253 quis
2485 3200 2616 3240 vero
2647 3187 2747 3241 hoc
2789 3187 3009 3268 circiter
3051 3195 3281 3263 accipiat
3311 3209 3408 3264 pro
3451 3210 3678 3254 excessu

351 3281 832 3336 anacbronistnum
877 3294 1000 3335 esse
1033 3278 1232 3350 probat
1272 3278 1322 3329 in
1353 3274 1523 3328 allato
1553 3285 1780 3324 numero
1823 3285 1964 3340 qua.

350 3375 770 3443 dringenturutn
794 3387 1082 3428 annorum.
1121 3369 1319 3423 Locum
1343 3366 1583 3420 vitiosum
1611 3378 1719 3416 esse
1745 3377 1846 3415 non
1882 3371 1964 3417 at-

352 3470 484 3522 tinet
512 3468 678 3520 dicere
716 3483 775 3520 em
815 3483 890 3533 eo,
934 3467 1072 3536 quod
1104 3464 1362 3518 Arnobius
1403 3461 1493 3514 lib.
1541 3459 1706 3528 primo
1755 3457 1966 3528 scripsit

351 3577 528 3615 annos
555 3559 677 3625 500,
709 3561 820 3629 plus
849 3563 1018 3614 minus
1039 3576 1102 3614 ea:
1126 3574 1228 3630 quo
1251 3555 1534 3611 Christiani
1555 3569 1664 3607 esse
1688 3553 1959 3622 coeperint,

350 3664 405 3708 et
438 3653 491 3705 in
523 3651 639 3705 orbe
672 3662 915 3706 terrarum
947 3651 1178 3706 censeri:
1215 3649 1368 3721 facile
1397 3647 1568 3701 videre
1603 3655 1678 3699 est
1708 3645 1763 3698 in
1789 3645 1962 3716 objec-

351 3746 500 3797 tione
527 3742 619 3795 illa
646 3744 848 3812 pagani,
875 3759 991 3797 cum
1021 3743 1251 3811 inquit...
1277 3739 1748 3809 quadringentos...
1779 3735 1833 3788 in
1862 3753 1962 3790 nu-

352 3851 617 3890 merarunt
665 3837 795 3889 notis
823 3834 968 3890 valde
999 3851 1109 3888 esse
1146 3833 1458 3887 oberratum.
1515 3828 1598 3883 Ad
1659 3826 1961 3899 pseudosy-

353 3929 567 3986 nodum
622 3945 748 3985 vero
801 3929 1294 3985 Antiochenam...
1356 3925 1478 3979 dico
1517 3921 1756 3978 Marcelli
1803 3935 1962 3976 erro-

351 4037 482 4080 rem
512 4021 752 4089 iudicari,
783 4031 840 4076 ut
869 4023 1050 4076 statim
1080 4030 1202 4091 post
1231 4018 1401 4074 relata
1433 4015 1596 4072 verba
1625 4031 1638 4070 :
1685 4010 1807 4066 Non
1830 4013 1958 4068 satis

352 4114 550 4172 abhinc
597 4115 975 4186 quadringentis
1003 4115 1175 4179 annis,
1207 4112 1589 4183 subjungitur:
1621 4107 1699 4164 Ab
1735 4123 1793 4162 eo
1821 4109 1958 4163 enim

353 4223 588 4278 tempore
631 4209 801 4265 soluat
848 4207 1110 4262 Christum
1152 4207 1356 4260 initium
1391 4207 1535 4276 regni
1577 4204 1820 4272 adeptum
1848 4218 1959 4257 esse

352 4305 602 4376 regnique
627 4306 780 4374 ﬁnem
809 4305 1102 4358 habiturum
1129 4311 1245 4374 post
1263 4301 1771 4360 consummationem,
1803 4305 1848 4351 et
1864 4298 1956 4364 ju-

352 4397 576 4452 dicium.
629 4395 781 4451 Tales
841 4407 959 4451 sunt
1011 4396 1255 4466 discipuli
1305 4392 1563 4459 Marcelli,
1620 4399 1671 4444 et
1729 4388 1951 4445 Scotini.

349 4489 617 4560 Ejusdem
643 4488 878 4544 Marcelli
901 4504 1146 4544 errorem
1190 4487 1456 4542 Eusebius
1481 4485 1676 4555 carpit,
1705 4491 1763 4539 et
1797 4498 1956 4552 pseu-

2069 3277 2157 3336 90.
2190 3276 2276 3330 vel
2307 3278 2571 3342 etiam50,
2602 3294 2867 3336 annorum
2892 3284 3073 3353 spatio
3099 3303 3112 3340 :
3143 3302 3264 3342 eum
3289 3291 3488 3346 etenim
3517 3308 3680 3363 snpe-

2067 3368 2179 3423 rius
2201 3368 2398 3425 dixerit
2423 3371 2538 3440 plus
2566 3373 2756 3438 minus,
2795 3384 2904 3428 tum
2937 3379 3218 3445 posterius
3246 3383 3497 3454 corrigit,
3531 3397 3679 3456 atque

2065 3460 2363 3530 completos,
2402 3470 2460 3515 ut
2508 3462 2554 3516 si
2595 3463 2712 3533 quis
2749 3465 2945 3520 dixerit
2984 3478 3222 3538 quatuor
3262 3485 3478 3529 centum
3521 3478 3678 3532 armis

2065 3553 2184 3622 plus
2216 3553 2414 3618 minus,
2443 3555 2748 3624 quinitnmo
2777 3559 3088 3628 completis.
3125 3561 3259 3616 Nam
3288 3579 3410 3619 cum
3460 3565 3516 3622 S.
3552 3566 3677 3623 Phi-

2065 3644 2282 3698 lastrius
2312 3644 2567 3711 afﬁrmet,
2621 3661 2681 3700 se
2715 3657 2840 3703 ante
2889 3665 3093 3705 annum
3124 3654 3326 3708 Christi
3357 3656 3455 3711 591
3499 3660 3670 3727 scrip-

2062 3736 2221 3804 sisse,
2253 3736 2524 3806 quomodo
2562 3739 2863 3809 completos
2909 3739 3017 3797 400
3066 3759 3242 3799 annos
3273 3756 3456 3814 postea
3501 3750 3674 3818 potuit

2061 3841 2328 3881 asserere.
2372 3825 2672 3897 Corruptus
2717 3832 2897 3901 itaque
2935 3841 3116 3888 textus
3158 3842 3272 3901 est;
3318 3837 3398 3892 vel
3447 3839 3562 3908 ipse
3610 3843 3668 3894 8.

2061 3919 2298 3990 scriptor
2323 3921 2375 3974 in
2399 3922 2781 3990 computandis
2810 3925 2970 3979 annis
2995 3927 3202 3982 erravit
3226 3943 3240 3981 :
3269 3944 3393 3986 eum
3432 3945 3668 4000 namque

2062 4023 2246 4082 utpote
2279 4013 2492 4069 nou-ita
2518 4025 2768 4071 exactum
2801 4017 2853 4073 in
2893 4033 2951 4071 re
2975 4019 3360 4092 chronologica
3393 4023 3670 4094 redarguit

2058 4106 2402 4162 Christianus
2449 4107 2634 4179 Lupus
2663 4110 2732 4165 de
2778 4109 2990 4180 urigine
3033 4113 3303 4170 Meletiani
3343 4107 3667 4171 Schismatis

2057 4212 2245 4268 agens.
2279 4198 2459 4254 Miscst
2487 4209 2719 4271 tempora
2749 4207 2912 4274 facta,
2943 4207 3107 4272 uaria,
3137 4223 3254 4262 uera
3282 4209 3450 4278 falsis.
3491 4209 3569 4262 Ita
3599 4211 3666 4267 de

2057 4291 2116 4346 S.
2144 4291 2437 4347 Philastrio
2467 4291 2609 4348 idem
2632 4293 2834 4364 Lupus.
2855 4295 3120 4352 Barnnius
3148 4315 3277 4354 vero
3301 4299 3543 4356 vitiatum
3570 4319 3664 4357 co-

2057 4385 2232 4441 dicem
2263 4387 2406 4441 circa
2433 4385 2542 4442 400
2562 4403 2825 4443 annorum
2854 4406 3142 4446 numerum
3167 4401 3335 4464 putat.

2131 4484 2450 4540 Tertulliani
2482 4500 2697 4556 quoque
2747 4495 2951 4541 textum
2983 4487 3204 4543 laudant
3231 4489 3422 4544 eadem
3451 4489 3656 4547 disser—

349 4583 673 4653 dosynodus
697 4581 1034 4639 Sardicensis
1077 4579 1450 4652 reprehendit.
1485 4579 1704 4634 Minime
1733 4578 1949 4647 quidem
1981 4571 2035 4634 D
2060 4577 2282 4633 latione.
2311 4576 2660 4632 Tertullianus
2690 4579 2932 4650 adversus
2976 4578 3230 4635 Nationes
3279 4582 3369 4636 lib.
3411 4598 3427 4637 ι
3457 4623 3472 4648 ,
3508 4601 3658 4652 quem

348 4676 542 4738 video,
585 4691 682 4729 cur
719 4677 876 4729 unius
905 4674 1142 4730 haeretici
1172 4687 1330 4729 error
1362 4673 1588 4743 ejusque
1622 4681 1952 4731 sectatorum

349 4769 430 4826 ad
460 4767 710 4822 usitatum
739 4782 950 4822 morum
993 4765 1328 4836 probandum
1355 4765 1576 4836 allegari
1609 4764 1782 4832 possit
1812 4766 1952 4824 inter

350 4879 554 4921 omnes
575 4864 746 4934 quarti
774 4863 956 4918 saeculi
1000 4865 1316 4932 scriptores,
1348 4861 1438 4931 qui
1467 4871 1659 4916 contra
1697 4863 1950 4917 eumdem

349 4970 602 5014 errorem
644 4955 925 5010 sentiunt:
973 4967 1095 5008 cum
1147 4966 1277 5008 vero
1316 4958 1486 5007 totum
1531 4968 1779 5010 errorem
1831 4969 1952 5011 rese

349 5058 553 5123 pnant,
593 5057 648 5103 et
688 5057 869 5104 notam
916 5047 1176 5116 temporis
1212 5060 1468 5116 respuere
1506 5047 1766 5104 censendi
1806 5059 1950 5105 sunt.

350 5141 626 5200 Eusebius
660 5151 813 5198 certe
849 5141 1183 5210 improbasse
1211 5140 1472 5196 dicendus
1506 5152 1605 5206 est,
1641 5143 1687 5197 si
1725 5157 1787 5198 ea
1831 5159 1954 5214 quae

349 5235 555 5292 scribit
602 5235 670 5290 de
730 5232 936 5288 Christi
997 5233 1282 5288 nativitate
1362 5247 1763 5292 recenseamus.
1815 5234 1954 5291 Vide

348 5328 705 5400 Spondanum
759 5329 812 5383 in
858 5329 1135 5399 Apparatu
1185 5325 1250 5381 ad
1301 5326 1537 5382 Annales
1587 5326 1807 5382 Barouii
1853 5341 1952 5384 nu-

349 5436 516 5480 ntere
543 5421 631 5476 31.

427 5514 552 5570 Alia
581 5519 879 5584 congerunt
917 5512 1223 5568 testimonia
1262 5511 1480 5567 Patrum
1511 5511 1728 5567 Domini
1773 5512 1948 5570 Balle-

345 5609 481 5668 rinii
523 5621 716 5679 nempe
756 5605 814 5663 8.
847 5606 1119 5662 Philastrii
1165 5604 1400 5675 episcopi
1449 5603 1706 5672 Brixiani,
1758 5605 1846 5676 qui
1878 5604 1942 5661 S.

346 5707 633 5765 Ambrosio
677 5717 964 5764 cotetaneus
993 5705 1194 5775 scripsit
1215 5716 1334 5760 ante
1361 5719 1552 5760 annum
1580 5704 1705 5771 591,
1748 5706 1801 5759 in
1839 5719 1946 5758 om-

346 5803 507 5861 nibus
555 5801 706 5858 editis
745 5810 862 5856 ante
894 5801 1164 5858 editionem
1209 5796 1647 5874 Hamburgensem
1673 5817 1705 5856 a
1743 5798 1947 5864 Joanne

2061 4674 2269 4729 ineunte
2312 4675 2464 4728 tertio
2507 4672 2698 4726 swculo
2743 4673 3021 4742 scripsit...
3078 4681 3418 4730 tercentos...
3474 4676 3661 4732 Fertne

2061 4786 2222 4824 annos
2244 4786 2404 4840 pro...
2440 4769 2762 4824 ducentis...
2793 4765 3104 4823 Christiana:
3127 4770 3367 4840 religioni
3396 4770 3618 4823 uindicat
3639 4811 3652 4835 ,

2059 4879 2104 4918 c.
2141 4863 2267 4917 7....
2315 4863 2478 4934 Igitur
2504 4862 2647 4917 aetati
2677 4868 2879 4916 nostra:
2926 4860 3163 4916 nondum
3203 4862 3330 4916 anui
3361 4861 3466 4916 ’500
3497 4864 3657 4932 (scri-

2057 4954 2294 5009 bendum
2341 4971 2410 5010 ex
2463 4954 2774 5008 testimonio
2817 4953 3088 5024 sequenti,
3143 4969 3242 5022 pro
3295 4968 3362 5009 eo
3408 4954 3550 5023 quod
3602 4956 3654 5011 in

2061 5048 2220 5103 editis
2246 5057 2329 5103 est
2351 5049 2477 5112 250,
2509 5053 2716 5103 mutato
2740 5062 2789 5102 c.
2818 5047 2869 5102 in
2897 5048 2961 5118 l.)
2990 5058 3043 5102 et
3067 5047 3386 5118 capite9;...
3412 5059 3469 5104 ut
3497 5065 3659 5120 supra

2061 5142 2318 5210 diximus,
2347 5143 2492 5197 atati
2517 5151 2714 5197 nostra:
2735 5141 2970 5196 nondum
2994 5144 3118 5196 anni
3146 5145 3440 5199 trecenti...
3468 5144 3539 5199 At
3563 5161 3659 5200 cur

2063 5251 2169 5290 non
2196 5236 2570 5306 corrigendum
2599 5237 2775 5304 potius
2797 5236 2987 5304 capitis
3017 5237 3146 5290 noni
3181 5245 3380 5299 textus.
3411 5237 3498 5292 ubi
3529 5240 3656 5294 anni

2063 5328 2291 5384 trecenti
2330 5327 2582 5398 leguntur
2610 5341 2677 5382 ex
2703 5328 2880 5398 capite
2910 5329 3162 5398 septimo,
3215 5329 3306 5384 ubi
3355 5329 3569 5384 ducenti
3601 5340 3658 5386 et

2055 5423 2437 5496 quinquaginta
2463 5431 2850 5483 numerantur;
2870 5436 2993 5476 cum
3017 5421 3232 5491 septimi
3257 5422 3449 5491 capitis
3478 5430 3657 5478 textus

2050 5518 2260 5574 veritati
2284 5517 2453 5587 magis
2482 5515 2784 5571 consonet?
2817 5514 2956 5570 Num
2986 5529 3052 5570 ex
3083 5515 3277 5569 vitioso
3303 5521 3450 5568 textu
3479 5511 3660 5567 incor‘

2049 5618 2240 5680 raptus
2271 5615 2451 5663 textus
2479 5607 2834 5678 corrigendus
2854 5609 2979 5663 est?
3003 5610 3084 5660 An
3119 5606 3330 5660 veritati
3360 5604 3658 5673 pracferen-

2049 5705 2150 5760 dus
2195 5712 2282 5760 est
2325 5704 2684 5762 errorilllud
2713 5706 2882 5787 enim,
2934 5711 2991 5759 ut
3024 5713 3186 5772 supra
3230 5701 3480 5766 diximus,
3521 5695 3667 5758 nihil

2051 5802 2223 5876 addit,
2251 5802 2297 5859 si
2321 5814 2418 5875 pro
2447 5802 2706 5863 trecentis
2730 5801 2948 5885 decepti
2994 5794 3379 5898 quinquaginta
3411 5791 3538 5849 anni
3577 5788 3678 5848 ‘0‘

3637 5972 3674 5988 κ
