4198 6160
611 219 718 276 703

1753 217 1840 276 DE
1885 219 2130 276 SANCTI
2172 219 2460 278 ZENONIS
2505 219 2770 278 EPOCHA

3782 235 3874 291 701

609 331 769 404 gendi
801 341 944 388 sunt.
980 331 1096 388 Non
1142 331 1286 388 enim
1327 332 1570 389 subsistit
1614 343 1970 405 exaggeratus
2000 352 2118 391 mos
2145 337 2212 392 de
2241 342 2294 400 Α
2318 353 2504 393 verum
2525 336 2847 394 Christianae
2872 355 2996 395 term
3023 355 3224 398 annum
3251 343 3536 400 recensuit.
3575 344 3651 401 Ne
3675 352 3752 420 qui
3777 368 3879 406 vero

612 425 1001 496 quinquaginta
1031 440 1299 480 annorum
1330 426 1508 497 spatio
1535 441 1566 481 a
1595 427 1949 498 scriptoribus
1975 431 2211 500 antiquis

614 536 723 576 non
771 519 955 575 haberi
1005 519 1292 576 rationem.
1340 520 1736 576 Tertulliauum
1769 538 1899 578 vero
1947 538 2210 578 annorum

613 613 812 671 Christi
841 628 1024 669 veram
1058 614 1334 684 Epocham
1359 617 1599 672 tenuisse
1621 626 1833 672 constat
1859 632 1927 672 ex
1952 631 2040 682 eo,
2069 616 2212 688 quod

613 719 784 761 annos
812 721 1138 762 enumerans
1156 708 1240 780 (ut
1267 718 1453 764 noster
1479 709 1534 764 8.
1565 709 1709 764 Zeno
1739 709 1886 781 fecit)
1913 725 1944 763 a
1972 720 2215 779 tempore

613 814 720 869 quo
751 797 921 870 prima
970 801 1087 854 Divi
1135 801 1286 856 Pauli
1327 802 1554 872 epistola
1603 804 1801 874 scripta
1851 802 1950 857 fuit
1993 814 2212 858 centum

615 893 892 963 sexaginta
929 907 1103 949 annos
1130 894 1407 964 exprimit,
1430 894 1628 965 quibus
1657 897 1701 951 si
1731 896 2136 967 quinquaginta,
2161 907 2216 951 et

614 993 822 1053 septem
858 985 1149 1054 addantur,
1173 987 1386 1057 quando
1411 988 1522 1057 ipsa
1555 989 1784 1058 epistola
1807 990 1928 1044 data
1959 989 2077 1056 fuit,
2119 1004 2217 1044 an-

616 1091 744 1130 num
790 1077 1222 1134 ducentesimum
1249 1079 1518 1135 decimum
1563 1082 1852 1152 septimum
1901 1081 2126 1148 indicat,
2163 1081 2214 1138 in

615 1183 722 1240 quo
749 1169 1024 1226 scribebat
1045 1171 1158 1240 ipse
1188 1171 1574 1228 Tertullianus.

689 1260 748 1315 ln
777 1261 1002 1332 reliquis
1029 1271 1232 1330 autem,
1268 1280 1388 1333 quae
1416 1267 1655 1321 citantur
1674 1266 2088 1339 Chronologicis
2121 1282 2218 1322 no.

620 1353 708 1419 tis,
766 1370 962 1423 nempe
1005 1357 1064 1411 S.
1106 1356 1252 1412 Petri
1299 1356 1642 1430 Chrysologi,
1675 1361 1762 1430 qui
1806 1362 1942 1414 circa
1993 1363 2216 1416 medium

616 1445 848 1516 quintum
887 1449 1131 1502 saeculum
1164 1451 1340 1520 ﬂoruit
1383 1468 1536 1506 serm.
1583 1451 1708 1521 145,
1762 1455 1826 1508 de
1880 1454 2219 1513 Generatione

617 1534 808 1592 Christi
828 1539 880 1593 in
900 1540 1072 1608 line...
1101 1556 1272 1597 annos
1287 1545 1614 1615 quingentos
1635 1545 1923 1602 circiter...
1955 1565 1987 1602 a
2013 1547 2218 1604 Christo

615 1645 738 1688 nato
779 1649 1062 1693 enumerat.
1106 1638 1205 1694 Cui
1248 1639 1306 1694 S.
1357 1641 1503 1696 Petri
1547 1640 1868 1714 Chrysologi
1907 1644 2212 1708 sententiae,

2314 440 2499 498 printer
2541 432 2791 486 rationem
2830 432 2900 485 ad
2919 448 3121 500 eorum,
3159 451 3273 504 grue
3301 452 3394 490 nos
3421 437 3554 492 docti
3572 456 3734 496 sumus
3759 460 3882 498 ever-

2314 525 2508 577 sionem
2537 524 2675 577 dicat
2699 535 2819 580 ante
2856 543 3018 580 annos
3044 537 3248 581 centum
3285 529 3669 601 quinquaginta,
3699 552 3783 588 nos
3807 555 3882 591 as-

2313 631 2540 670 severare
2587 615 2848 672 Christum
2901 620 2995 673 sub
3027 619 3246 690 Cyrenio
3291 631 3465 675 natum
3506 640 3628 689 esse,
3675 626 3883 684 docuisse

2314 716 2484 760 autem
2510 723 2626 776 qua:
2647 707 2820 762 docuit
2860 711 3113 782 posterius
3143 712 3233 765 sub
3260 711 3449 767 Pontio
3484 713 3670 783 Pilato,
3693 726 3814 783 εις..
3836 731 3886 775 et

2316 812 2381 851 ex
2414 797 2583 867 ipsius
2606 799 2782 854 verbis
2814 799 2871 855 S.
2908 800 3198 872 Epiphanii
3226 801 3620 860 demonstratur
3645 808 3883 865 anacbro-

2319 889 2544 943 nismus.
2576 890 2707 958 Quis
2731 907 2858 962 ergo
2885 893 3212 950 inficiabitur
3243 911 3308 951 ex
3339 895 3441 952 hoc
3467 913 3574 951 uno
3600 914 3795 957 canone
3828 902 3886 958 ad

2321 984 2676 1038 reseeaudum
2734 986 2784 1038 in
2839 986 3270 1043 anachronismis
3316 1005 3579 1045 annorum
3629 1006 3885 1050 excessum

2320 1085 2486 1132 totam
2519 1078 3063 1148 pessumdari,cverti
3096 1093 3150 1138 et
3186 1082 3440 1138 confundi
3468 1083 3888 1157 chronologiam?

2321 1169 2516 1224 Fateor
2546 1187 2637 1239 per
2670 1172 2820 1241 plura
2852 1173 3110 1228 Ecclesiae
3133 1176 3328 1230 smcula
3359 1190 3424 1231 ex
3454 1177 3730 1233 consulum
3765 1178 3891 1234 serie

2318 1277 2492 1316 annos
2526 1264 2692 1319 fuisse
2718 1264 3100 1335 consignatos:
3134 1268 3199 1321 At
3233 1267 3350 1323 haec
3390 1278 3472 1323 est
3502 1283 3623 1324 vera
3649 1285 3891 1325 annorum

2318 1350 2516 1408 Christi
2546 1355 3002 1410 recensendorum
3053 1359 3213 1423 ratio,
3263 1368 3322 1412 ut
3358 1360 3689 1428 Augustinus
3730 1360 3891 1415 docet.

2323 1443 2428 1500 Per
2469 1446 2828 1518 Olympiadas,
2874 1459 2921 1502 et
2965 1450 3234 1503 consulum
3286 1451 3516 1518 nomina,
3569 1453 3728 1507 multa
3775 1469 3897 1522 serpe

2319 1550 2619 1610 queruntur
2643 1557 2676 1594 a
2698 1540 2862 1607 nobis,
2903 1551 2948 1595 et
2974 1542 3269 1611 ignorantia
3290 1543 3611 1611 consulatus,
3640 1560 3735 1614 quo
3763 1554 3900 1599 natus

2321 1644 2394 1688 est
2426 1633 2697 1701 Dominus,
2729 1645 2774 1690 et
2803 1651 2901 1707 quo
2945 1653 3128 1708 passus
3157 1648 3252 1703 est,
3290 1638 3476 1692 multos
3519 1639 3680 1710 coegit
3723 1655 3898 1694 errare.

616 1728 844 1783 assertio
875 1728 932 1784 S.
973 1730 1158 1784 llilarii
1196 1731 1290 1786 lib.
1325 1733 1501 1802 primo
1529 1735 1594 1788 ad
1622 1733 2020 1804 Constantium,
2053 1751 2216 1806 quam
2253 1723 2293 1782 Β
2322 1725 2500 1794 Quare
2546 1742 2610 1780 ex
2651 1725 2837 1799 ίῑεςιθηι
2876 1728 3161 1784 cumulum
3200 1728 3354 1784 rasus
3403 1745 3589 1785 "eram
3645 1739 3902 1786 assecutus

615 1818 829 1874 Domini
887 1823 1162 1879 Balleriuii
1212 1826 1417 1894 pariter
1452 1826 1707 1890 aﬂ‘erunt,
1758 1829 2056 1884 conformis
2097 1839 2216 1895 est;

617 1914 1024 1970 concedendum
1069 1917 1309 1985 quidem,
1339 1935 1460 1973 cum
1489 1920 1720 1975 rotundo
1750 1936 1979 1977 numero
2021 1923 2219 1978 stecula

619 2016 977 2062 numerantur
1018 2009 1160 2064 inter
1201 2010 1437 2065 medium
1475 2026 1740 2066 annorum
1787 2028 2073 2068 numerum
2112 2030 2218 2070 11011

616 2099 842 2165 attendi,
875 2099 1017 2170 quod
1055 2110 1109 2155 et
1143 2102 1193 2156 in
1236 2101 1488 2172 praesenti
1529 2103 1610 2169 fit,
1654 2118 1777 2160 cum
1812 2115 2045 2172 sextum,
2078 2106 2224 2163 deei-

619 2207 783 2257 mmu,
819 2192 1197 2249 duodecimum
1238 2197 1494 2251 smeulum
1525 2211 2034 2254 commemoramus.
2087 2200 2218 2255 Nam

617 2295 671 2339 et
714 2300 856 2340 nunc
893 2285 1106 2341 decimo
1136 2298 1333 2343 octavo
1371 2290 1570 2345 saeculo
1597 2291 1778 2347 vivere
1812 2292 2064 2360 dicimur,
2098 2309 2219 2348 cum

617 2377 793 2434 adhuc
823 2379 1058 2434 medium
1091 2381 1348 2436 saeculum
1379 2383 1602 2438 minime
1625 2384 1983 2454 attigerimus.
2012 2385 2080 2440 At
2108 2387 2222 2442 hare

615 2473 940 2528 szeculorum
975 2483 1097 2528 nota
1141 2474 1274 2530 nihil
1319 2477 1525 2546 proficit
1559 2479 1625 2534 ad
1671 2479 1959 2547 intentum,
1999 2497 2120 2536 eum
2160 2483 2218 2538 S.

619 2566 766 2622 Zeno
794 2567 846 2622 in
885 2567 986 2623 hoc
1010 2583 1264 2626 sermone
1292 2586 1399 2626 non
1428 2572 1623 2629 smcula
1651 2585 1956 2637 enumeret.
1987 2577 2080 2631 sed
2124 2592 2220 2632 an-

620 2677 718 2716 nos
748 2677 778 2716 a
809 2664 1007 2732 scripta
1040 2663 1209 2733 prima
1243 2666 1306 2720 D.
1339 2666 1487 2721 Pauli
1519 2667 1744 2737 epistola
1779 2668 1847 2722 ad
1886 2667 2216 2736 Corinthios,

621 2764 679 2809 nt
709 2757 940 2824 ipsemet
979 2755 1178 2812 indicat
1208 2757 1313 2813 illis
1340 2760 1519 2815 verbis
1551 2777 1563 2814 :
1595 2765 1755 2830 ferme
1785 2763 1863 2816 vel
1887 2779 1946 2817 eo
1974 2766 2217 2836 amplius,

619 2864 740 2918 quze
769 2851 821 2904 iu
851 2865 951 2905 usu
984 2867 1090 2906 non
1118 2864 1264 2919 sunt,
1303 2869 1423 2908 cum
1457 2854 1662 2926 integra
1692 2856 1890 2910 saecula
1916 2856 2222 2927 significan-

623 2951 708 2996 tur
737 2962 749 2997 :
776 2959 839 2999 ac
861 2945 1086 3014 proinde
1115 2961 1222 3001 non
1253 2947 1442 3002 eadem
1475 2950 1684 3005 ratione
1714 2966 1776 3005 ac
1805 2951 1861 3015 ii,
1903 2952 1993 3023 qui
2025 2953 2220 3008 saecula

625 3035 888 3102 indicant,
921 3037 1276 3108 explicandus
1297 3049 1400 3094 est.

2321 1816 2688 1873 Christianam
2733 1819 3030 1889 epoeham,
3074 1823 3125 1877 in
3156 1823 3387 1893 epistola
3420 1822 3490 1878 ad
3540 1825 3836 1880 llesichium
3876 1840 3899 1877 a

2321 1907 2522 1964 Christi
2554 1911 2764 1967 Domini
2797 1913 3076 1970 nativitate
3105 1915 3172 1970 ad
3201 1931 3297 1970 sua
3341 1932 3515 1988 usque
3545 1929 3778 1988 tempora
3818 1931 3900 1971 ve.

2321 2017 2440 2056 rum
2469 2018 2732 2058 annorum
2760 2019 3044 2060 numerum
3069 2006 3324 2063 reddidit.
3352 2009 3395 2062 Α
3424 2010 3690 2065 nativitate
3713 2009 3904 2064 Domini

2324 2097 2478 2151 hodie
2544 2108 2902 2170 computantur
2961 2101 3084 2154 antri
3155 2105 3313 2172 [erute
3370 2102 3505 2158 420.
3566 2103 3612 2158 Α
3674 2120 3906 2158 resurrec-

2322 2192 2458 2246 tione
2479 2201 2669 2258 autem,
2704 2193 2778 2248 vel
2806 2195 3101 2250 ascensione
3129 2198 3360 2268 ejusdem
3405 2199 3536 2252 antri
3565 2198 3687 2254 590.
3716 2198 3824 2252 Non
3851 2213 3906 2252 ea

2322 2286 2482 2356 igitur
2507 2288 2829 2342 necessitate
2874 2289 3227 2360 adigebantur
3256 2291 3351 2346 SS.
3397 2291 3615 2358 Patres,
3663 2307 3778 2348 cum
3826 2306 3910 2360 per

2323 2379 2516 2434 seriem
2548 2380 2830 2434 eonsulmn
2868 2383 2996 2436 anni
3037 2383 3418 2453 digerebantur
3461 2385 3696 2441 rotundo
3746 2385 3909 2456 aliquo

2323 2487 2576 2539 numero,
2597 2474 2687 2544 qui
2719 2489 2823 2528 non
2853 2475 3034 2542 unius,
3064 2487 3156 2530 aut
3185 2477 3443 2545 duorum,
3473 2490 3570 2536 aut
3597 2481 3801 2547 decem,
3829 2479 3910 2535 sed

2325 2566 2413 2632 50,
2457 2566 2537 2622 Vel
2587 2569 2748 2622 etiam
2798 2569 2892 2634 90,
2937 2585 3201 2626 annorum
3253 2587 3557 2630 excessum
3607 2575 3908 2630 contineret.

2323 2657 2636 2723 Quinimmo
2661 2672 2885 2716 auctore
2911 2663 3228 2732 Augustino,
3261 2665 3308 2719 si
3329 2664 3459 2735 quis
3494 2681 3650 2722 error
3679 2666 3730 2720 in
3755 2680 3912 2720 anuo-

2324 2767 2442 2806 rum
2471 2767 2695 2808 numero
2725 2755 3112 2824 reperiebatur.
3135 2772 3200 2811 ex
3225 2758 3541 2827 ignorantia
3566 2758 3908 2814 consularium

2324 2844 2608 2901 Fastorum
2637 2847 2933 2918 contigisse
2959 2847 3244 2904 dicendum
3276 2859 3382 2905 est.
3407 2849 3718 2920 Ignorantia
3741 2865 3912 2903 causu-

2325 2941 2480 3009 latus,
2514 2958 2614 3012 qno
2634 2951 2784 2996 natus
2809 2954 2881 2997 est
2908 2942 3178 3006 Dominus,
3209 2953 3254 2996 et
3284 2960 3389 3013 quo
3415 2962 3605 3018 passus
3643 2953 3716 2998 est
3745 2943 3912 2997 multos

2323 3038 2485 3107 coegit
2507 3052 2679 3090 errare
2707 3053 2725 3091 :
2759 3037 2900 3107 quod
2947 3038 3181 3093 maxime
3208 3039 3509 3094 notandum
3540 3049 3646 3106 est,
3682 3037 3914 3108 Angusti-

693 3127 937 3183 Arduum
977 3105 1110 3186 sane
1133 3140 1220 3186 est,
1244 3147 1308 3186 ex
1347 3148 1454 3188 uno
1487 3134 1900 3193 anachronismo
1949 3138 2223 3210 (frequen-
2249 3105 2294 3166 Ω
2329 3105 2428 3181 11118
2457 3131 2600 3182 enim
2650 3143 2755 3182 non
2808 3129 2944 3184 hanc
2986 3129 3183 3199 allegat
3217 3131 3678 3186 consuetudinem
3707 3129 3769 3183 ad
3796 3143 3910 3182 ana-

623 3217 832 3276 tissime
859 3221 1003 3276 enim
1047 3223 1431 3278 vetustioribus
1476 3225 1530 3280 iu
1563 3225 1715 3281 libris
1742 3229 2109 3298 reperiuntur)
2135 3232 2224 3284 tir-

623 3325 764 3366 mam
817 3314 1150 3370 constituere
1198 3317 1478 3385 epoeham,
1529 3334 1687 3386 quam
1734 3320 1800 3374 ad
1850 3324 2222 3380 sustinendam

625 3419 762 3458 nova
811 3419 1033 3472 prorsus
1101 3408 1411 3478 conjectura
1471 3411 1864 3468 adinvenieuda
1917 3425 2044 3480 est,
2104 3434 2224 3486 qua:

623 3497 754 3553 nulli
797 3498 1057 3554 hactenus
1093 3503 1404 3557 criticornm
1448 3504 1500 3558 in
1542 3514 1779 3561 mentem
1824 3510 2000 3573 venit,
2050 3525 2224 3581 neque

624 3594 834 3647 ratione
861 3593 966 3647 ulla
999 3594 1216 3662 probari
1245 3607 1440 3666 potest.
1475 3599 1867 3670 Quinquaginta
1898 3602 2105 3658 scilicet
2130 3620 2226 3659 an-

625 3699 816 3740 norum
848 3700 1131 3740 excessum
1163 3701 1266 3758 pro
1295 3687 1466 3745 nihilo
1515 3690 1566 3745 in
1617 3691 1959 3762 antiquorum
2009 3695 2226 3765 scriptis

624 3777 1001 3834 habendum...
1057 3781 1169 3837 Iloc
1216 3784 1398 3851 utique
1450 3784 1735 3842 divinitare
1774 3796 1880 3851 est,
1930 3789 1974 3843 si
2018 3805 2226 3847 canone

625 3871 728 3927 isto
752 3869 1119 3942 ehronqlogia:
1159 3873 1502 3932 difficultates
1531 3887 1656 3932 sunt
1680 3877 2061 3936 dissolvendte.
2087 3882 2226 3950 Quid

625 3981 755 4034 ergo
799 3973 945 4021 tanta
975 3971 1312 4026 concertatio
1339 3971 1479 4027 inter
1504 3973 1648 4028 viros
1671 3975 1915 4032 eruditos
1935 3977 2003 4032 de
2035 3977 2092 4034 S.
2120 3978 2230 4036 Ire-

626 4057 728 4111 n:ei
772 4057 1029 4128 opinione
1058 4060 1200 4116 circa
1240 4061 1368 4116 Jesu
1397 4063 1593 4119 Christi
1628 4069 1890 4122 aetatem?
1939 4068 2228 4141 (Coincidit

624 4153 1036 4219 qutestiomam
1063 4153 1384 4212 Christianm
1415 4159 1694 4230 religionis
1722 4163 1926 4232 epocha
1966 4163 2036 4218 ab
2073 4167 2228 4222 annis

624 4242 754 4298 Jesu
785 4242 984 4299 Christi
1032 4247 1240 4302 initium
1294 4248 1497 4322 habet).
1550 4251 1654 4322 Ipsi
1701 4268 1934 4326 namque
1977 4256 2230 4312 tribuitur

626 4347 845 4408 putasse
877 4339 1086 4394 nonnisi
1112 4353 1232 4412 post
1253 4344 1753 4416 quinquagesimum
1793 4362 1992 4404 annum
2038 4349 2225 4406 Chris-

627 4441 737 4486 tum
773 4432 1056 4488 Dominum
1089 4451 1154 4489 ex
1203 4435 1303 4491 hac
1341 4439 1446 4492 vita
1495 4439 1786 4495 sublatum.
1819 4440 1928 4495 Cur
1958 4442 2009 4496 in
2057 4441 2228 4512 ipsius

627 4523 1000 4580 defensionem
1048 4527 1335 4592 adducere,
1384 4530 1551 4586 libros
1592 4532 1712 4599 ejus
1759 4530 1924 4587 fuisse
1974 4532 2226 4588 vitiatas?

629 4617 818 4672 Minori
849 4629 998 4675 certe
1028 4620 1244 4676 licentia
1292 4637 1422 4678 usus
1468 4631 1614 4678 esset
1650 4621 1918 4688 Irenzeus,
1957 4623 2000 4678 si
2038 4625 2222 4695 viginti

625 4729 891 4768 annorum
922 4715 1097 4784 spatio
1119 4715 1496 4770 tantummodo
1524 4715 1652 4771 Jesu
1681 4716 1881 4771 Christi
1913 4719 2074 4772 vitam
2103 4735 2228 4788 pro-

628 4809 900 4870 traxisset,
933 4821 1092 4875 quam
1123 4817 1338 4862 veteres
1369 4807 1456 4861 alii
1507 4808 1823 4877 scriptores,
1877 4811 1964 4878 qui
2006 4826 2071 4866 ex
2125 4810 2226 4868 hac

628 4914 761 4952 nova
814 4899 1123 4970 conjectura
1181 4901 1540 4956 Christianam
1597 4918 1760 4958 :eram
1815 4904 2222 4976 quinquaginta,

627 4993 938 5064 nonaginta,
959 5003 1024 5062 .et
1049 4994 1278 5063 amplius
1317 5009 1488 5049 annos
1512 4996 1867 5052 excedentem
1897 4999 2009 5052 suis
2040 5000 2092 5052 in
2127 5013 2224 5052 an-

627 5101 817 5139 norum
866 5085 1088 5140 caleulis
1128 5084 1443 5142 exhibuere.
1476 5085 1661 5156 Neque
1705 5087 1761 5142 S.
1814 5088 2095 5159 Epiphauii
2139 5090 2221 5143 lo-

625 5191 770 5240 cum,
800 5193 907 5244 quo
933 5175 989 5232 8.
1028 5176 1222 5233 Justiui
1252 5179 1564 5250 martyrium
1596 5180 1696 5236 sub
1729 5179 1999 5236 Hadriano
2030 5196 2224 5250 posue-

624 5269 713 5329 rit,
750 5266 1102 5323 insanabilem
1135 5268 1362 5323 dixisset
1404 5269 1676 5335 Petavius,
1708 5271 1834 5325 licet
1883 5271 1941 5326 8.
1981 5270 2221 5327 Justinus

627 5358 843 5428 triginta
912 5369 1033 5428 post
1072 5375 1242 5416 annos
1280 5363 1498 5418 circiter
1539 5363 1640 5418 sub
1693 5363 1966 5419 Antonino
2017 5375 2223 5437 martyr

624 5451 840 5507 abierit.
872 5451 1064 5508 Sanari
1089 5453 1233 5507 enim
1267 5463 1474 5521 poterat
1497 5452 1612 5508 lucc
1633 5453 1966 5523 conjectura,
1987 5470 2088 5522 qua
2113 5471 2219 5511 non

627 5553 736 5598 tam
782 5558 1062 5611 excessus,
1093 5558 1253 5614 quam
1290 5560 1552 5600 annorum
1588 5542 1832 5600 defectus
1859 5545 2093 5616 suppleri
2128 5562 2222 5616 po-

619 5641 744 5688 test.
775 5634 839 5693 At
871 5644 1079 5693 certum
1103 5646 1210 5700 est,
1234 5634 1502 5692 Justinum
1525 5653 1588 5690 ea
1622 5652 1727 5692 non
1749 5651 1870 5692 esse
1892 5653 2067 5706 usum,
2096 5655 2219 5695 cum

614 5727 667 5779 in
716 5727 972 5796 Apologia
1008 5730 1210 5798 prima,
1238 5730 1443 5798 absque
1464 5743 1714 5788 excessu.
1741 5729 1823 5785 vel
1855 5728 2065 5784 defectu
2111 5726 2220 5786 ulla

2326 3220 2669 3275 chronismos
2697 3220 2949 3275 Veterum
2979 3221 3370 3287 conciliandos,
3406 3225 3504 3279 sed
3535 3238 3696 3278 veros
3721 3233 3915 3276 errores

2325 3312 2458 3368 dicit
2501 3314 2663 3385 coegit
2690 3329 2881 3367 errare.
2929 3314 3058 3380 Quis
3089 3323 3268 3369 autem
3298 3315 3476 3386 magis
3518 3329 3808 3385 agnoscere
3833 3311 3915 3366 de-

2327 3406 2444 3461 buit
2474 3406 2919 3462 consuetudinem
2953 3407 3114 3471 hanc,
3163 3408 3207 3462 si
3242 3416 3372 3463 tunc
3399 3409 3659 3478 viguisset
3687 3427 3698 3460 :
3729 3408 3918 3475 Augus-

2330 3499 2473 3554 tinus
2507 3515 2694 3554 eorum
2725 3509 3028 3568 temporum
3074 3515 3292 3570 suppar,
3339 3513 3439 3557 aut
3477 3513 3788 3563 coetaneus,
3833 3513 3914 3549 seu

2329 3593 2663 3647 recentiores
2691 3593 2861 3646 nostri
2892 3594 2990 3646 :evi
3019 3593 3317 3661 scriptores
3361 3602 3445 3648 tot
3473 3593 3692 3648 saxulis
3726 3592 3790 3645 ab
3822 3589 3917 3643 illis

2328 3681 2610 3745 distantes,
2641 3683 2732 3753 qui
2775 3682 2888 3738 ltu'c
2925 3684 2990 3738 ad
3023 3699 3150 3739 suas
3175 3683 3419 3753 epochas
3449 3683 3684 3740 tuendas
3716 3678 3918 3736 commi-

2330 3775 2648 3830 niscuntnr?

2403 3871 2478 3927 Ne
2503 3881 2684 3926 tamen
2711 3873 2922 3943 longius
2951 3873 3271 3943 divagcmur
3293 3889 3323 3929 a
3349 3889 3527 3944 scopo
3549 3873 3616 3928 ad
3651 3883 3914 3927 numerum

2330 3963 2439 4018 400
2485 3979 2795 4029 armorum,
2848 3981 3007 4034 quem
3063 3967 3114 4019 in
3169 3975 3408 4022 tractatu
3465 3968 3528 4022 l).
3591 3964 3821 4020 Zenonis
3865 3959 3924 4012 dc

2330 4056 2680 4114 Continentia
2714 4060 2959 4128 legimus,
2987 4060 3270 4114 redeamus
3293 4071 3543 4130 oportet.
3590 4057 3840 4128 Quamvis
3865 4053 3923 4104 δι’

2332 4167 2598 4207 annorum
2648 4168 2932 4208 excessum
2987 4155 3039 4208 in
3099 4154 3341 4223 antiquis
3403 4154 3769 4224 scriptoribus
3831 4161 3924 4201 non

2329 4245 2750 4317 computandum
2781 4289 2794 4312 ,
2825 4257 2879 4300 ut
2915 4247 3124 4302 Domini
3180 4246 3465 4302 Ballerinii
3496 4254 3751 4303 asserunt
3777 4283 3792 4306 ,
3841 4254 3925 4311 pm

2330 4349 2480 4395 certo
2511 4339 2860 4395 haberemus:
2903 4347 3137 4394 attamen
3168 4339 3240 4392 ita
3271 4350 3495 4395 certum
3538 4349 3626 4396 est
3676 4345 3848 4394 notam
3871 4330 3925 4385 il-

2332 4430 2438 4485 lam
2490 4431 2599 4486 400
2637 4445 2902 4485 annorum
2955 4432 3006 4484 in
3061 4431 3252 4486 eodem
3311 4431 3377 4486 D.
3419 4431 3665 4486 Zenonis
3717 4435 3926 4483 tractatu

2309 4526 2807 4581 ianachronismum
2837 4525 3138 4590 continere,
3167 4535 3224 4577 ut
3252 4524 3570 4581 liberaliter
3604 4525 3729 4580 licet
3753 4533 3930 4576 conce-

2330 4617 2621 4681 deremus,
2651 4632 2716 4671 ex
2749 4617 2941 4672 eadem
2968 4615 3076 4671 400
3119 4631 3392 4671 annorum
3427 4626 3560 4672 nota
3598 4613 3787 4670 inferri
3834 4622 3925 4664 non

2333 4725 2493 4780 posse
2521 4711 2577 4763 S.
2615 4709 2907 4764 Praesulem
2929 4710 3122 4779 quinto
3151 4708 3358 4764 saeculo
3405 4710 3702 4773 claruisse,
3751 4714 3929 4772 nempe

2329 4819 2474 4860 anno
2505 4804 2609 4858 457
2637 4803 2724 4872 qui
2757 4818 3014 4858 numerus
3051 4819 3079 4857 a
3131 4805 3330 4871 scripta
3387 4807 3574 4874 prima
3617 4799 3842 4871 epistola
3869 4793 3927 4848 ad

2329 4893 2644 4950 Corinthios
2672 4909 2816 4949 anno
2845 4893 3048 4949 Christi
3076 4895 3143 4950 57
3182 4893 3389 4952 additis
3418 4897 3534 4953 400
3563 4895 3724 4950 annis
3750 4895 3799 4946 in
3820 4891 3925 4944 lau-

2329 4985 2456 5039 dato
2477 5000 2731 5040 sermone
2751 4985 3024 5056 expressis
3055 5027 3068 5050 ,
3098 4985 3338 5054 exurgit;
3381 4987 3543 5040 nullo
3574 4996 3752 5039 lzttttett
3785 4979 3927 5035 modo

2330 5078 2390 5133 8.
2420 5076 2656 5132 Zenonis
2683 5077 3029 5148 episcopatus
3056 5075 3259 5145 epocha
3293 5076 3369 5130 ab
3401 5093 3556 5134 anno
3583 5078 3692 5134 556
3727 5073 3789 5130 ad
3835 5067 3927 5126 380

2331 5169 2586 5224 constitui
2609 5179 2814 5242 posset,
2845 5180 2902 5223 ut
2933 5170 3090 5224 iidem
3125 5168 3375 5237 przeclari
3408 5171 3514 5225 viri
3547 5180 3786 5224 statuere
3805 5178 3922 5220 eon-

2332 5260 2578 5317 tendunt.
2612 5262 2721 5316 lloc
2749 5278 2810 5316 ea
2845 5259 3175 5315 iueluctabili
3213 5259 3434 5316 ratione
3469 5261 3768 5330 probatur,
3799 5251 3924 5328 quod

2329 5353 2579 5423 ejusdem
2608 5354 2873 5409 sermonis
2905 5362 3084 5407 textus
3116 5369 3221 5408 non
3263 5354 3439 5407 modo
3491 5356 3671 5424 aptari
3719 5367 3818 5409 non
3845 5363 3924 5420 pn-

2337 5455 2445 5502 test
2470 5445 2652 5501 saeculi
2683 5446 2853 5514 quinti
2899 5446 3236 5501 oeconomica
3273 5445 3554 5503 Ecclesiae
3597 5447 3799 5511 statui,
3840 5437 3919 5496 sed

2331 5557 2436 5597 nec
2469 5539 2651 5594 sarculi
2681 5539 2881 5608 quarti,
2935 5550 2989 5594 et
3034 5523 3306 5608 praecipue
3339 5558 3495 5596 anno
3525 5544 3638 5599 356
3664 5543 3728 5598 ad
3759 5541 3853 5597 580
3877 5535 3921 5590 id

2340 5633 2503 5689 modo
2533 5630 2982 5686 considerandum
3006 5632 3355 5702 suscipimus.

2411 5724 2772 5778 Christianam
2803 5704 3080 5778 mulier-ein
3112 5723 3163 5780 in
3191 5721 3390 5778 eadem
3427 5720 3664 5782 tractatu
3699 5726 3919 5779 avertam
