4198 6160
298 345 413 401 705

1724 329 2200 392 DISSEBTATIO.

3566 348 3672 405 706

288 461 529 517 studens
555 456 614 512 S.
646 453 898 509 Antistes
925 468 954 506 a
978 452 1248 508 connubio
1270 467 1395 507 cum
1450 452 1567 506 viro
1613 451 1799 522 gentili
1837 450 1922 504 lu-
1953 454 2002 514 Α
2031 442 2329 499 consecrari
2361 443 2472 498 sine
2513 447 2798 518 sacrilegio
2817 447 2986 503 videri
3017 461 3209 522 potest.
3255 457 3559 516 Antithesis
3591 463 3682 521 hic

287 558 548 613 culenter
571 546 874 604 admodum
897 545 1243 601 incommoda
1265 546 1343 600 illi
1366 545 1608 610 exhibet,
1640 560 1760 614 qua:
1782 544 1926 597 circa

286 646 580 720 religionis
609 639 947 700 exercitium
1001 655 1068 694 ex
1103 640 1205 694 hoc
1254 639 1529 695 connubio
1576 636 1924 707 proveniunt.

287 745 442 802 Inter
472 739 577 795 alia
619 736 744 791 lucc
796 732 1008 787 habet:
1061 730 1198 796 Quid
1226 731 1364 800 quod
1419 730 1562 784 illius
1613 728 1929 796 sacri/icium

287 836 558 911 publicum
575 841 650 885 est
681 870 698 896 ,
723 836 773 881 et
803 835 964 880 tuum
1005 824 1297 877 secretum?
1329 822 1484 877 Illius
1518 838 1550 874 a
1574 821 1748 890 quovis
1776 820 1931 874 libere

287 927 507 985 tractari
527 931 714 998 potest,
739 929 901 974 tuum
951 916 1112 970 etiam
1140 933 1172 969 a
1203 913 1514 969 Christianis
1560 913 1689 983 ipsis
1723 912 1930 965 minime

289 1018 604 1080 consecratis
651 1016 763 1070 sine
795 1010 1092 1080 sacrilegio
1143 1009 1311 1062 videri
1355 1024 1458 1061 non
1503 1015 1689 1074 potest.
1751 1007 1824 1060 Ita
1877 1005 1930 1060 in

289 1117 533 1173 editione
575 1110 759 1165 ultima
826 1099 1152 1159 Veronensi
1195 1117 1209 1154 :
1257 1110 1314 1154 at
1359 1101 1410 1154 itt
1462 1099 1565 1153 hoc
1614 1098 1930 1153 PiStoriensi

292 1225 399 1266 tus.
423 1223 516 1280 pro
540 1199 820 1272 sacrilegio
846 1196 1004 1250 habet
1026 1193 1320 1261 sacriﬁcio.
1346 1190 1514 1244 Tuum
1531 1193 1683 1244 etiam
1710 1207 1740 1243 a
1758 1189 1935 1246 Chris-

293 1304 452 1360 tianis
478 1299 599 1371 ipsis
623 1295 842 1348 minime
865 1285 1190 1344 consecratis
1215 1285 1331 1338 sine
1350 1283 1620 1356 sacrilegio
1649 1283 1809 1337 videri
1832 1298 1934 1336 non

294 1406 478 1470 potest.
501 1393 554 1447 In
570 1386 908 1444 Bibliotheca
942 1382 1212 1437 Patrum:
1245 1377 1420 1430 Tuum
1440 1376 1595 1470 etiam
1621 1393 1652 1429 a
1681 1374 1937 1470 Christia-

294 1467 376 1548 nis
406 1489 532 1556 ipsis
561 1485 761 1541 mininte
791 1471 1100 1534 consecrari
1143 1471 1267 1524 sine
1317 1468 1593 1539 sacrilegio
1647 1467 1806 1521 videri
1845 1481 1934 1535 po-

296 1593 413 1640 test.
442 1579 566 1635 Hazc
586 1577 742 1631 verba
765 1589 782 1630 :
809 1571 974 1625 Illius
1005 1562 1341 1629 sacri/icium
1386 1560 1648 1629 publicum
1669 1569 1762 1625 est,
1791 1569 1938 1612 tuum

298 1683 570 1731 secretum.
613 1667 764 1722 Illius
813 1659 1061 1734 aquosis
1109 1655 1271 1709 libere
1294 1653 1506 1738 tractari
1549 1662 1755 1724 potest,
1795 1660 1938 1704 tuum

300 1767 464 1821 etiam
492 1780 525 1816 a
568 1757 876 1815 Christianis
911 1752 1048 1826 ipsis
1079 1746 1297 1800 minime
1338 1745 1628 1798 consecrari
1671 1744 1768 1814 (ita
1807 1758 1929 1797 cum

2031 546 2116 590 est
2147 535 2257 590 duo
2287 534 2581 592 continens
2609 540 2884 595 orationTs
2937 544 3184 599 membra
3239 549 3474 609 invicem
3505 571 3680 628 oppo.

2031 627 2158 682 sita.
2201 627 2450 682 Primum
2482 645 2497 680 :
2529 629 2700 684 Illius
2744 633 3070 701 sacri/icium
3110 639 3379 707 publicum
3409 653 3506 712 est,
3537 657 3684 704 tuum

2030 729 2311 775 secretam.
2369 720 2747 789 Apertissime
2788 723 2881 780 hic
2917 729 3249 800 exprimitur
3280 737 3544 795 solemnis
3573 782 3588 808 ,
3619 758 3684 799 ac

2033 812 2296 884 frequens
2328 812 2610 869 idolorum
2658 816 2874 887 cultus;
2921 821 3012 876 cui
3062 840 3128 880 ex
3170 828 3405 888 adverso
3458 850 3684 908 respon-

2033 905 2172 962 dent
2204 909 2394 974 verba,
2419 906 2605 961 Tuum
2633 922 2891 968 secretum
2918 957 2932 980 ,
2965 933 3086 986 quae
3117 932 3310 990 aperte
3332 905 3590 996 vetitam,
3621 947 3686 988 ac

2031 1000 2298 1070 peniculis
2347 999 2685 1071 poenisque
2746 1020 2777 1058 a
2817 1010 3064 1078 tyrannis
3117 1011 3336 1072 indictis
3389 1019 3682 1080 obnoxiam

2035 1091 2364 1161 religionem
2409 1091 2804 1151 Christianam
2849 1099 3175 1170 signiﬁcant.
3228 1104 3432 1164 Ilorum
3489 1113 3681 1170 verbo-

2008 1190 2158 1238 'rum
2189 1200 2412 1241 sensum
2446 1200 2642 1255 neque
2670 1193 2892 1260 quinto.
2927 1209 3100 1264 neque
3126 1212 3328 1267 quarto
3349 1206 3551 1259 swculo
3590 1225 3680 1264 ac-

2035 1277 2383 1333 commodari
2410 1292 2578 1350 posse
2596 1278 2717 1346 jam
2752 1283 3002 1338 vidimus.
3047 1286 3362 1346 Secundum
3389 1297 3669 1367 orationis,

2039 1384 2140 1423 seu
2185 1371 2472 1427 antithesis
2501 1375 2815 1431 membrum
2855 1378 3044 1433 :Illius
3073 1396 3104 1432 α
3144 1387 3330 1452 quovis
3361 1389 3518 1444 libere
3539 1401 3674 1446 trac-

2039 1464 2146 1516 tari
2188 1475 2376 1535 potest.
2425 1466 2682 1524 Libertas
2723 1470 2812 1526 hic
2853 1471 3069 1541 publice
3113 1473 3280 1532 idolis
3327 1482 3671 1540 sacriﬁcandi

2038 1559 2338 1614 manifesto
2360 1560 2614 1616 edicilur.
2650 1562 2818 1618 Tuum
2845 1567 3003 1619 etiam
3023 1563 3386 1626 aC/zristianis
3412 1575 3540 1643 ipsis
3569 1577 3669 1630 nti-

2040 1650 2187 1703 nime
2213 1655 2502 1708 consecrari
2533 1654 2646 1710 sine
2695 1657 2974 1726 sacrilegio
3012 1658 3176 1713 videri
3223 1675 3390 1733 potest
3423 1681 3442 1720 :
3468 1668 3668 1737 quibus

2046 1744 2237 1799 verbis
2283 1746 2586 1803 libertatem
2621 1749 2901 1821 religionis
2949 1749 3281 1811 Christianis
3329 1759 3564 1816 ablatam
3594 1763 3668 1818 si-

301 1859 471 1916 cduis
501 1855 678 1925 legere
715 1851 900 1922 placet
929 1839 1248 1900 rationibus
1303 1836 1530 1892 inferius
1582 1833 1935 1907 deducendis)
1969 1838 2016 1898 Β
2043 1835 2290 1902 gnificari
2321 1855 2482 1895 nemo
2502 1839 2625 1910 jure
2659 1842 2860 1911 poterit
2888 1841 3121 1899 inliciari
3152 1888 3168 1912 ,
3197 1865 3264 1905 ac
3302 1853 3531 1920 proinde
3560 1869 3663 1924 op-

307 1954 420 2006 sine
451 1945 719 2017 sacrilegio
742 1939 912 1997 videri
945 1941 1156 2007 potest;
1180 1930 1298 1986 hazc
1323 1928 1508 1994 verba,
1533 1929 1776 1998 inquam,
1803 1936 1938 1981 letu-

309 2042 538 2115 poribus
562 2034 807 2092 indicatis
837 2042 1063 2098 nempe
1087 2025 1156 2078 ab
1199 2036 1344 2076 anno
1375 2018 1481 2076 556
1507 2019 1574 2074 ad
1601 2035 1800 2074 annum
1832 2018 1939 2074 580

309 2114 612 2192 convenire
668 2128 812 2184 nullo
866 2120 1060 2180 modo
1109 2125 1360 2188 possunt.
1405 2114 1564 2170 Anno
1594 2117 1792 2186 quippe
1830 2114 1939 2169 5:36

312 2225 639 2284 Constantio
665 2213 1027 2277 Constantini
1059 2209 1232 2280 Magni
1282 2207 1420 2262 Filio
1451 2206 1750 2276 imperante
1774 2248 1789 2273 ,
1822 2207 1940 2277 lege

316 2322 390 2376 ab
412 2318 605 2375 eodem
636 2310 966 2369 Constantio
994 2305 1103 2358 lata
1137 2343 1152 2366 ,
1197 2301 1394 2370 templa
1419 2299 1683 2355 idolorum
1712 2301 1892 2355 clausa
1923 2341 1939 2367 ,

321 2432 389 2472 ac
417 2410 681 2467 sacriﬁcia
716 2401 1018 2460 interdicta
1050 2398 1290 2460 fuerant,
1323 2408 1423 2449 nec
1455 2400 1692 2448 reserata
1720 2393 1940 2462 templa,

323 2525 391 2562 ac
415 2502 680 2560 sacriﬁcia
707 2497 867 2552 idolis
923 2489 1197 2562 permissa
1232 2529 1246 2553 ,
1281 2485 1382 2542 nisi
1409 2501 1553 2539 anno
1594 2486 1692 2540 561
1729 2484 1944 2540 Juliano

325 2602 592 2670 Aposlala
615 2592 682 2648 ad
713 2586 1008 2659 imperium
1041 2589 1162 2651 post
1211 2578 1587 2634 Constantium
1639 2577 1803 2632 elato.
1849 2577 1946 2631 Ju-

328 2694 508 2747 lianus
533 2699 711 2741 tamen
737 2679 899 2736 idolis
930 2677 1062 2731 licet
1090 2675 1293 2728 cultum
1315 2673 1603 2727 restituere
1622 2670 1942 2736 studuisset,

332 2753 632 2849 numquam
663 2786 845 2830 tamen
869 2766 1308 2824 Christianorum
1337 2762 1603 2817 sacriﬁcia
1627 2763 1797 2818 vetuit
1826 2762 1946 2818 bre-

332 2875 563 2929 νὶδπῑιιιο
589 2865 831 2938 imperii,
863 2877 961 2918 seu
986 2858 1289 2932 tyrannidis
1319 2873 1432 2912 sua:
1465 2855 1715 2911 decursu.
1751 2855 1946 2912 Postea

332 2983 471 3022 vero
492 2961 780 3019 Joviniano
809 2957 863 3011 in
899 2951 1188 3022 imperium
1215 2949 1537 3005 succedente
1559 2989 1573 3013 ,
1599 2962 1663 3003 ac
1695 2948 1946 3014 Valente,

333 3071 396 3116 et
428 3056 834 3116 Valentiniano,
867 3058 979 3102 tum
1004 3044 1286 3109 Gratiano,
1319 3059 1384 3098 ac
1429 3041 1812 3097 Valentiniano
1856 3041 1950 3095 Ju—

335 3153 518 3216 niore,
549 3164 611 3203 ac
641 3147 862 3201 demum
887 3137 1198 3196 Theodosio
1222 3137 1287 3190 ad
1318 3152 1519 3190 annum
1554 3133 1660 3188 590
1694 3149 1865 3203 usque
1897 3145 1952 3189 et

2044 1928 2249 1996 positio
2275 1946 2437 1999 quam
2463 1933 2726 1989 orationis
2749 1935 2852 1999 vis,
2877 1943 2935 1990 et
2963 1947 3192 1996 ornatus
3225 1944 3394 2015 exigit
3433 1945 3534 2000 hac
3559 1947 3668 2003 lec-

2045 2017 2196 2074 tione
2219 2023 2631 2080 evidentissima
2669 2037 2773 2082 est.
2820 2027 2900 2082 Eo
2925 2043 3054 2083 vero
3086 2034 3274 2101 modo,
3304 2052 3416 2106 quo
3438 2038 3623 2110 legunt
3647 2081 3663 2106 ,

2043 2119 2210 2183 atque
2239 2117 2761 2187 explicantDomini
2791 2121 3070 2178 Ballerinii
3101 2141 3301 2186 sensus
3341 2131 3399 2188 8.
3430 2133 3665 2188 Zenonis

2047 2219 2156 2259 non
2194 2218 2409 2264 constat
2435 2211 2793 2269 etantitbesis
2817 2214 2919 2282 vis,
2959 2223 3014 2270 et
3039 2229 3269 2278 ornatus
3289 2224 3517 2280 tollitur.
3555 2225 3664 2279 Vo-

2046 2297 2166 2352 lunt
2193 2302 2398 2372 quippe
2427 2320 2524 2375 per
2561 2305 2650 2361 illa
2695 2308 2856 2362 verba
2899 2318 3047 2362 tuum
3075 2324 3326 2370 secretum
3370 2319 3664 2390 signiﬁestri

2052 2389 2316 2448 Ecclesiae
2341 2396 2684 2468 disciplinam
2708 2400 2761 2453 in
2808 2391 3132 2457 occultanda
3171 2389 3513 2466 sanctissima
3547 2411 3662 2466 Eu-

2051 2480 2309 2538 charistia
2360 2502 2469 2542 non
2513 2489 2674 2544 modo
2704 2489 3008 2547 Gentilibus
3039 2533 3054 2556 ,
3105 2498 3202 2550 sed
3231 2501 3659 2558 cateclnnnenis.

2053 2578 2321 2635 Secretum
2344 2595 2490 2638 vocat
2507 2625 2522 2649 ,
2559 2585 2752 2657 quippe
2775 2587 2914 2656 quod
2939 2603 3003 2642 ea;
3032 2589 3226 2646 Arcani
3269 2596 3549 2664 disciplina
3576 2613 3665 2651 sa-

2049 2672 2306 2741 criﬁcium
2326 2692 2417 2730 seu
2461 2675 2806 2731 Eucharistia:
2837 2679 3138 2749 mysterium
3181 2700 3284 2738 non
3316 2703 3550 2758 paganos
3578 2704 3664 2742 so-

2057 2763 2161 2816 lum
2180 2805 2194 2831 ,
2229 2766 2319 2818 sed
2347 2767 2487 2837 ipsos
2508 2769 2900 2822 catechumenos
2939 2783 3185 2828 accurate
3210 2776 3483 2831 colendum
3499 2789 3663 2834 esset:

2053 2853 2123 2908 Et
2155 2871 2250 2924 pro
2275 2856 2369 2912 illo
2397 2859 2566 2914 verbo
2599 2862 2931 2928 consecrari,
2967 2863 3035 2917 ita
3078 2866 3382 2935 corrigunt.
3426 2867 3661 2943 Legeba-

2055 2948 2206 3002 turin
2227 2949 2378 3004 editis
2407 2954 2721 3007 consecrati:
2740 2951 3069 3010 Cori-eximus
3092 2974 3156 3013 ex
3183 2975 3279 3015 ms.
3308 2958 3658 3031 Pompeiano,

2056 3053 2102 3096 et
2125 3044 2326 3098 duobus
2349 3045 2668 3101 Zenonianis
2699 3050 2925 3119 (scilicet
2966 3055 3328 3125 consecratis)
3367 3055 3664 3114 Consecrati

2056 3145 2230 3190 autem
2279 3138 2582 3194 dicebantur
2623 3143 2710 3210 qui
2750 3141 3020 3213 Baptisma
3076 3161 3426 3218 susceperant.
3475 3150 3665 3222 Itaque

338 3243 592 3304 ulterius,
617 3235 871 3309 quamvis
899 3231 1180 3306 gentilium
1233 3228 1548 3299 superstitio
1595 3227 1773 3282 adhuc
1824 3243 1948 3297 pero
1977 3226 2022 3288 C
2057 3233 2268 3287 minime
2295 3237 2587 3289 consecrati
2622 3247 2739 3291 sunt
2770 3240 3118 3294 rateclmmeni
3148 3282 3161 3305 ,
3187 3245 3275 3311 qui
3295 3244 3402 3298 alia
3437 3247 3664 3316 formula

339 3340 685 3399 mitteretur,
725 3341 906 3386 tamen
945 3326 1382 3382 Christianorum
1431 3323 1687 3378 ecclesias
1721 3322 1896 3390 palam
1931 3365 1946 3390 ,

339 3448 409 3488 ac
468 3427 677 3499 publice
733 3425 1147 3496 frequentatas,
1205 3418 1386 3486 ibique
1442 3416 1612 3471 libere
1684 3416 1949 3471 sacriﬁcia

341 3523 648 3581 christiano
671 3533 825 3574 more
860 3524 1074 3586 peracta
1107 3512 1275 3567 fuisse
1301 3525 1367 3565 ex
1396 3509 1619 3564 historia
1651 3507 1952 3563 Ecclesias-

347 3619 457 3673 tica
513 3613 869 3668 indubitatum
939 3617 1044 3664 est.
1099 3606 1239 3662 Toto
1295 3604 1476 3674 itaque
1535 3603 1637 3658 isto
1709 3610 1952 3672 tempore

346 3725 548 3778 nempe
579 3708 647 3764 ab
667 3723 811 3761 anno
843 3702 949 3760 556
980 3701 1046 3756 ad
1077 3714 1279 3754 annum
1308 3697 1414 3751 580
1442 3705 1496 3751 et
1520 3697 1662 3751 ultra
1691 3694 1951 3751 Christia-

345 3818 549 3862 norum
572 3799 838 3861 sacriﬁcia
860 3796 1072 3868 publica
1105 3794 1255 3849 fuere
1280 3833 1295 3858 ,
1333 3799 1389 3846 et
1416 3790 1585 3846 libere
1631 3789 1813 3862 peragi
1856 3807 1953 3863 po-

349 3907 598 3960 tnet-unt,
625 3911 731 3951 non
760 3901 1005 3949 secreta:
1035 3891 1220 3960 itaque
1262 3901 1368 3942 non
1396 3885 1498 3941 hoc
1537 3895 1778 3956 tempore
1821 3886 1952 3940 scri-

346 3994 521 4049 bebat
549 3993 607 4045 8.
634 3989 798 4054 Zeno,
829 3986 918 4057 qtti
950 3994 1170 4040 econtra
1202 3981 1298 4046 ait,
1347 3978 1641 4036 Gentilium
1686 3977 1952 4034 sacriﬁcia

350 4085 570 4159 publica
593 4097 734 4146 esse,
763 4088 862 4135 eta
894 4076 1085 4147 quovis
1111 4075 1283 4131 libere
1311 4072 1528 4129 tractari
1558 4086 1739 4142 posse,
1769 4069 1954 4125 Chris-

352 4179 627 4233 tianorum
685 4188 812 4227 vero
854 4179 1086 4226 secreta.
1143 4166 1329 4222 Tertio
1373 4164 1553 4235 itaque
1591 4163 1793 4219 saeculo
1843 4172 1951 4217 tum

351 4287 486 4327 cum
540 4267 832 4324 Gentilium
893 4262 1162 4320 sacriﬁcia
1223 4258 1440 4330 publica
1490 4266 1686 4325 erant,
1741 4267 1955 4313 secreta

352 4359 816 4422 Christianorum,
848 4352 1223 4412 constituenda
1257 4361 1341 4406 est
1370 4351 1426 4405 8.
1461 4351 1694 4405 Zenonis
1723 4350 1950 4420 epocha,

355 4466 421 4510 ut
445 4452 728 4518 Batonius,
753 4450 999 4506 Perettus
1023 4491 1037 4513 ,
1062 4457 1117 4504 et
1143 4446 1366 4516 Bagatta
1395 4443 1732 4498 constituunt
1771 4450 1952 4496 notam

355 4548 513 4605 illam
542 4545 646 4601 400
696 4557 958 4597 annorum
1005 4555 1112 4595 non
1155 4555 1220 4594 ex
1274 4536 1500 4592 arbitrio
1529 4576 1546 4602 ,
1595 4550 1695 4588 non
1745 4534 1956 4605 proprio

2057 3327 2266 3381 minime
2287 3329 2482 3382 initiati
2503 3331 2821 3398 dicebantur,
2864 3333 2928 3388 de
2946 3335 3133 3400 quibus
3160 3352 3225 3390 ea;
3254 3349 3534 3393 memorata
3555 3340 3664 3394 dis-

2056 3421 2251 3486 ciplina
2279 3425 2460 3477 arcani
2481 3410 2688 3479 cautum
2727 3435 2871 3494 erat,
2898 3445 2959 3482 ne
2981 3428 3036 3482 in
3083 3428 3427 3487 Eucltaristia:
3466 3434 3663 3490 Sacra-

2058 3526 2283 3568 mentam
2311 3517 2490 3572 oculos
2520 3519 2853 3592 conjicerent.
2883 3520 2937 3576 Si
2983 3537 3083 3592 pro
3110 3525 3332 3580 minime
3374 3542 3664 3584 consecra-

2059 3605 2127 3661 tis
2164 3608 2546 3664 catechumeni
2595 3611 2931 3680 intelligendi
2964 3623 3170 3679 essent,
3225 3617 3357 3671 nihil
3389 3619 3458 3674 ad
3487 3621 3665 3677 inten-

2057 3705 2170 3751 tum
2214 3700 2697 3768 argumentationis
2744 3700 2990 3758 facerent
3047 3705 3112 3758 Ι).
3161 3705 3402 3764 Zenonis
3452 3710 3660 3777 verba,

2057 3787 2344 3844 antithesis
2388 3790 2534 3845 nulla
2565 3790 2620 3846 in
2653 3791 2758 3847 illis
2792 3803 2974 3848 esset:
3007 3793 3140 3850 Nam
3173 3799 3336 3852 etiam
3369 3800 3413 3854 si
3445 3817 3476 3854 a
3502 3816 3661 3856 cons-

2057 3880 2310 3951 picicndo
2356 3882 2625 3939 sacriﬁcio
2675 3894 2997 3942 arcerentur
3051 3890 3664 3963 catechumeni,publi-

2058 3989 2181 4030 cum
2235 3975 2584 4034 nihilominus
2633 3979 2822 4036 luisset
2886 3983 3259 4053 sacrificium,
3315 3997 3369 4042 et
3419 3987 3589 4044 libere
3631 4004 3660 4043 a

2059 4066 2386 4125 Christianis
2414 4072 2596 4143 peragi
2626 4072 2926 4142 potuisset:
2965 4090 3250 4145 perperam
3285 4078 3466 4149 itaque
3496 4081 3663 4135 dixis-

2058 4171 2144 4217 set
2168 4162 2225 4218 S.
2261 4162 2462 4218 Doctor
2496 4182 2508 4217 :
2543 4163 2875 4232 Sacriﬁcium
2907 4167 3168 4234 publicum
3196 4178 3300 4237 est,
3331 4181 3474 4225 tuum
3497 4188 3664 4228 secre-

2060 4262 2185 4307 tum.
2226 4251 2378 4307 Illius
2404 4270 2437 4306 a
2463 4255 2641 4322 quovis
2678 4254 2834 4310 libere
2860 4259 3076 4311 tractari
3103 4269 3267 4328 potest
3297 4299 3312 4325 ,
3345 4269 3487 4314 tuum
3507 4264 3661 4316 etiam

2060 4363 2092 4400 a
2114 4345 2424 4401 Christianis
2453 4348 2579 4419 ipsis
2609 4348 2819 4402 minime
2839 4351 3127 4403 consecrari
3158 4351 3266 4405 sine
3289 4352 3561 4427 sacrilegio
3587 4355 3663 4408 vi-

2061 4441 2173 4494 deri
2212 4447 2396 4507 potest.
2428 4437 2732 4494 Occultatio
2762 4455 2994 4511 namque
3039 4443 3396 4499 sanctissima:
3441 4445 3660 4502 Eucha-

2060 4531 2228 4587 ristiac
2253 4531 2698 4596 catechumenis,
2754 4540 2810 4588 et
2847 4547 3036 4588 eorum
3081 4535 3150 4590 ab
3191 4536 3422 4592 ecclesia
3466 4539 3662 4608 eiectio

357 4648 546 4704 nmrte,
590 4653 746 4707 neque
773 4636 878 4690 ullo
901 4634 1075 4687 codice
1109 4631 1296 4695 innixi,
1325 4627 1405 4683 vel
1425 4637 1602 4682 contra
1628 4626 1784 4696 ﬁdem
1813 4626 1950 4680 codi-
1983 4620 2032 4680 D
2061 4631 2305 4694 tempore
2349 4624 2596 4680 sacrificii
2623 4665 2638 4692 ,
2687 4640 2862 4696 neque
2908 4635 3182 4682 secretum
3226 4629 3660 4687 Christianorum

359 4748 504 4797 utin,
531 4727 624 4784 sed
651 4745 714 4783 ex
747 4728 864 4797 ipso
892 4726 1049 4795 hujus
1083 4731 1341 4779 tractatus
1392 4728 1651 4776 contextu
1679 4721 1958 4791 corrigen-

360 4835 471 4883 ωε,
506 4832 560 4875 ut
591 4821 691 4875 alia
715 4818 988 4889 corrigunt
1016 4818 1066 4871 in
1092 4811 1176 4870 bis
1202 4813 1405 4870 eisdem
1443 4814 1502 4870 S.
1555 4811 1787 4869 Zenonis
1815 4820 1955 4867 trac-

362 4916 567 4972 tatibus
593 4910 981 4968 accuratissimi
1006 4906 1307 4963 Ballerinii.

446 5008 510 5060 lit
569 5005 685 5061 haec
730 5003 1011 5075 potissima
1053 5002 1194 5057 ratio
1250 5009 1374 5066 est,
1431 5013 1527 5054 cur
1573 5015 1693 5069 quae
1745 4999 1799 5054 in
1847 4996 1957 5055 edi-

319 5129 336 5136 α
365 5103 440 5155 tis
467 5099 623 5153 lectio
648 5097 898 5160 habetur,
925 5093 1000 5148 illi
1023 5092 1362 5165 przeferalur,
1395 5106 1556 5161 quam
1599 5090 1760 5146 iidem
1793 5091 1847 5146 in
1875 5089 1958 5145 ul-

364 5194 501 5249 tima
529 5189 824 5247 Veronensi
854 5187 1092 5242 editione
1112 5183 1378 5249 afferunt;
1400 5182 1541 5254 quod
1565 5183 1681 5236 hare
1711 5182 1956 5247 minime,

365 5286 462 5342 illa
510 5298 640 5339 vero
667 5280 901 5338 maxime
945 5278 1126 5334 sensui
1165 5274 1460 5331 conformis
1500 5273 1700 5329 existat
1731 5316 1745 5338 ,
1798 5288 1956 5343 quem

367 5379 490 5449 ipse
519 5378 574 5432 S.
610 5375 845 5431 Zenonis
890 5379 1151 5427 tractatus
1180 5367 1364 5440 exigit.
1404 5368 1463 5422 S.
1497 5364 1697 5421 etenim
1727 5363 1918 5419 doctor
1941 5405 1956 5431 ,

368 5482 434 5527 ut
471 5470 829 5526 Christianam
856 5465 1125 5520 deterreat
1153 5461 1428 5516 mulierem
1472 5473 1500 5511 a
1531 5457 1803 5513 connubio
1838 5471 1959 5511 cum

369 5562 558 5637 gentili
589 5563 724 5627 viro,
751 5558 1069 5615 Christianae
1109 5551 1387 5624 religionis
1414 5594 1429 5618 ,
1463 5563 1517 5606 et
1545 5549 1811 5605 idolorum
1853 5547 1968 5602 cul-

373 5667 489 5712 tum
523 5654 749 5709 invicem
780 5650 1010 5706 confert.
1042 5645 1198 5700 Illius
1226 5645 1322 5717 (ita
1359 5643 1415 5700 S.
1447 5642 1623 5712 Zeno)
1657 5641 1968 5712 sacriﬁcium

374 5749 638 5815 publicant
668 5756 741 5801 est
777 5787 790 5808 ,
825 5753 965 5796 tuum
998 5749 1241 5795 secretum
1272 5754 1289 5802 ;
1337 5735 1492 5790 Illius
1536 5753 1567 5790 a
1611 5736 1786 5806 quovis
1817 5735 1972 5789 libere

377 5842 586 5896 tractari
608 5846 769 5908 potest
797 5876 811 5903 ,
838 5846 984 5892 tuum
1027 5831 1178 5887 etiam
1211 5845 1243 5882 a
1271 5825 1579 5885 Christianis
1615 5826 1741 5898 ipsis
1768 5824 1973 5882 minime

2063 4716 2388 4772 sacrilicium
2418 4715 2673 4785 faciebat,
2704 4732 2884 4788 neque
2910 4717 3015 4775 illis
3055 4718 3362 4778 libertatem
3391 4721 3665 4780 adimebat

2068 4809 2427 4865 sacriﬁcandi.
2471 4809 2541 4867 Ut
2590 4809 2752 4881 igitur
2791 4822 3006 4867 COIISlei.
3046 4827 3240 4875 sensus
3283 4814 3663 4885 prtedictorum

2063 4903 2374 4969 verborum,
2402 4919 2494 4971 pro
2516 4903 2849 4970 consecratis,
2876 4906 3169 4960 consecrari
3206 4905 3491 4978 legendum
3534 4920 3617 4965 est
3644 4952 3658 4976 ,

2063 5006 2116 5051 et
2147 4994 2217 5050 de
2248 4995 2497 5051 libertate
2532 4994 2855 5051 Christianis
2908 5012 2940 5052 a
2980 4997 3226 5068 tyrannis
3281 4999 3458 5056 ablata
3509 5016 3662 5058 sacra

2065 5087 2365 5144 ministeria
2407 5086 2699 5158 peragendi
2740 5097 2867 5144 sunt
2897 5089 3244 5161 intelligenda
3265 5134 3280 5160 ,
3308 5093 3380 5149 ita
3415 5095 3665 5165 exigente

2068 5181 2186 5251 ipso
2215 5180 2485 5236 sermonis
2511 5188 2770 5236 contextu
2801 5222 2816 5246 ,
2848 5181 2992 5252 quod
3024 5198 3198 5254 neque
3237 5187 3416 5256 quarti
3444 5229 3458 5254 ,
3491 5205 3666 5261 neque

2065 5271 2240 5342 quinti
2276 5271 2457 5326 saeculi
2504 5269 2910 5327 conditionibus
2948 5275 3241 5343 convenit;
3285 5277 3381 5334 sed
3411 5294 3662 5335 necessa-

2066 5367 2150 5423 rio
2182 5365 2324 5422 tertii
2345 5366 2528 5422 saeculi
2555 5374 2755 5423 statum
2782 5366 3005 5436 indicat,
3033 5370 3252 5439 quando
3279 5372 3664 5442 imperatorum

2068 5457 2229 5514 editis
2252 5468 2523 5527 tamquam
2548 5459 2808 5530 sacrilegi
2837 5502 2854 5527 ,
2883 5461 3219 5533 deorumque
3263 5471 3667 5535 contemptores

2069 5549 2272 5607 Christi
2316 5548 2503 5606 ﬁdeles
2529 5550 2893 5622 puniebantur
2918 5597 2932 5621 ,
2970 5553 3060 5626 qui
3103 5570 3256 5611 sacra
3303 5565 3664 5627 peragerent,

2070 5643 2155 5697 vel
2187 5641 2358 5698 sacris
2386 5642 2735 5701 interessent.

2143 5736 2282 5794 Nihil
2309 5735 2711 5805 freqttcntiusin
2739 5738 2976 5808 antiquis
3006 5739 3566 5795 mssamannensiutu
3591 5737 3673 5792 in-

2072 5832 2223 5890 curia
2251 5845 2416 5890 unam
2439 5827 2680 5891 litteram
2714 5847 2809 5902 pro
2860 5832 2963 5887 alia
3016 5831 3267 5890 scribere
3297 5872 3310 5899 ,
3362 5827 3440 5886 ita
3471 5842 3530 5889 ut
3583 5845 3682 5901 pro
