4198 6160
605 312 712 364 707

1759 306 1849 362 DE
1883 301 2129 364 SANC'H
2167 298 2465 362 lamnis
2497 302 2770 364 EPOCIIA
3771 312 3860 372 ’ῖθὲ

601 430 911 495 consecrari,
938 426 1220 484 consecrati
1245 433 1568 482 exorarent:
1608 440 1767 497 quam
1804 424 2199 480 correctionem
2227 422 2282 482 Α
2305 443 2427 482 mss.
2455 443 2688 495 nuntero,
2718 442 2835 482 cum
2860 428 3034 482 omnia
3065 428 3132 482 ab
3153 427 3331 482 eodem
3357 435 3598 498 corrupto
3619 433 3864 500 esetnpluri

599 521 758 576 unius
785 521 982 577 litterae
1008 519 1435 591 repugnantibus
1472 519 1636 576 etiam
1667 520 1851 585 editis,
1883 527 1938 575 et
1970 533 2100 574 mss.
2148 527 2204 573 et

600 615 700 685 ipsi
725 615 930 670 domini
963 615 1240 672 Ballcrinii
1284 615 1337 669 in
1367 614 1450 670 bis
1477 613 1704 670 edendis
1731 611 2078 669 sermonibus
2109 610 2205 666 ad-

601 706 908 772 hibuerunt,
945 716 1004 761 ut
1055 708 1114 760 in
1163 705 1518 760 adnotatione
1563 705 1631 760 2i
1675 705 2065 760 adtractatum
2111 717 2203 758 se-

595 800 832 855 cundum
867 799 992 854 libri
1034 799 1188 870 primi
1207 817 1220 852 :
1239 797 1541 868 Urbempro
1555 798 1745 852 Orbem
1770 797 1916 868 facili
1935 797 2089 850 unius
2117 795 2205 848 lit-

595 905 724 949 terte.
743 894 1026 948 mutatione
1051 909 1318 963 perperam
1340 893 1394 945 in
1423 908 1546 946 mss.
1581 900 1627 944 et
1652 890 1804 944 editis
1831 891 2078 960 scriptum
2100 894 2195 941 est.

594 987 1024 1043 Emendutionem
1077 1002 1259 1042 sensus
1312 985 1586 1055 persuasit.
1645 983 1928 1038 Editur-val
1979 993 2203 1051 quoque-

596 1080 886 1135 lectioncm
915 1093 1047 1134 mss.
1066 1078 1360 1148 prmiernnt
1380 1078 1436 1132 in
1457 1076 1811 1131 adnotatione
1833 1072 1891 1140 4,
1921 1073 1992 1128 ad
2011 1072 2192 1128 Tract.

597 1190 692 1229 xm
736 1174 827 1229 lib.
861 1189 903 1228 ιι
930 1191 944 1227 :
971 1172 1150 1228 Editio
1179 1172 1614 1241 Venetacaptulo,
1644 1179 1839 1224 creterte
1862 1169 2050 1240 capulo
2071 1183 2192 1221 mss.

594 1277 762 1320 autem
789 1267 1021 1334 capitulo
1043 1307 1060 1333 ,
1098 1264 1240 1335 quod
1283 1264 1670 1318 retinuissemus
1693 1305 1708 1329 ,
1742 1263 1788 1316 si—
1824 1277 1933 1332 quo
1966 1258 2199 1330 exentplo

594 1359 803 1429 probari
850 1360 1097 1427 potuisset
1128 1368 1176 1412 et
1214 1359 1267 1412 in
1293 1359 1543 1420 eamdem,
1583 1374 1683 1426 qua
1706 1356 1946 1428 capulum
1991 1352 2197 1422 signiﬁ-

592 1452 843 1506 cationem
871 1461 1174 1522 usurpatum
1201 1453 1374 1522 fuisse.
1419 1449 1518 1504 llic
1541 1461 1710 1504 autem
1732 1450 1974 1518 capulum
2001 1491 2015 1515 ,
2043 1450 2098 1503 id
2123 1456 2203 1503 est

593 1543 924 1597 manubrium
957 1543 1128 1613 gladii"
1153 1542 1439 1612 signiﬁcari
1479 1543 1865 1612 apertissimum
1899 1551 1975 1596 est
1994 1557 2013 1596 .°
2044 1537 2201 1612 Capi—

594 1639 757 1692 tulum
773 1653 891 1692 vero
913 1638 1052 1693 itkns
1070 1639 1365 1710 signiﬁcare
1387 1637 1566 1691 nullibi
1589 1636 1720 1691 alias
1740 1636 2046 1691 invenimus.
2085 1633 2198 1690 Ita-

591 1747 689 1799 que
716 1732 908 1800 capulo
933 1733 1254 1801 reliquimus,
1278 1742 1334 1784 ut
1364 1731 1581 1800 inferius
1605 1746 1808 1800 quoque
1829 1730 2074 1801 capulum
2113 1746 2197 1783 re-

2307 522 2442 590 forte
2465 521 2699 590 profecta
2725 537 2834 575 esse
2855 520 3072 589 possint,
3105 537 3140 573 τι
3159 536 3260 589 quo
3282 515 3488 574 easdem
3515 535 3699 590 quoque
3711 539 3864 576 macu-

2307 610 2386 664 las
2415 611 2764 679 conceperint.
2798 605 3150 684 Intelligentia
3187 610 3394 681 quidem
3409 651 3424 677 ,
3458 620 3507 664 et
3522 621 3742 667 contextu
3773 629 3866 668 ser-

2307 701 2474 755 monis
2515 711 2822 772 argumento
2861 719 2973 756 esse
2996 712 3232 774 poterunt
3280 702 3356 755 ad
3398 703 3554 757 verba
3592 705 3794 759 auctoris
3813 707 3867 760 ab

2305 794 2638 848 antanuensi's
2671 794 2839 849 verbis
2873 797 3204 850 secernenda.
3258 794 3377 849 Hac
3409 795 3594 866 regula
3639 797 3718 851 usi
3758 808 3870 853 sunt

2306 885 2624 941 critiesrutn
2645 887 2986 943 celeberrimi
3009 931 3022 952 ,
3055 888 3366 958 Stephanus
3387 888 3639 944 Bahizios
3657 890 3867 957 scilicet,

2305 989 2359 1032 et
2387 978 2636 1035 Nicolaus
2682 981 2978 1051 “ignitius,
3013 983 3233 1053 aliique.
3270 981 3522 1039 Betucius
3563 984 3628 1039 ad
3670 985 3872 1041 verbum
3913 966 3920 977 ’

2306 1071 2588 1141 ΑόιόπιΙιὶα,
2622 1073 2674 1128 ἰιι
2706 1074 2850 1129 notis
2874 1075 2940 1129 ad
2974 1074 3292 1131 Salvi-annm
3313 1077 3392 1131 sic
3420 1077 3610 1133 habet:
3639 1078 3782 1133 Hune
3806 1082 3874 1135 lo-

2305 1181 2422 1219 cum
2444 1167 2516 1220 ita
2543 1169 2860 1224 correximus
2890 1171 3100 1242 propria
3121 1171 3444 1237 auctoritate,
3471 1174 3685 1239 tametsi,
3713 1183 3758 1227 et
3781 1174 3879 1228 edi-

2303 1258 2485 1326 tiones,
2521 1269 2570 1312 et
2591 1276 2712 1314 mss.
2744 1261 2863 1315 libri
2894 1272 3254 1335 repugnarent.
3286 1262 3568 1334 Uti-altique
3597 1266 3724 1319 enim
3744 1282 3878 1321 cons-

2306 1359 2475 1405 tanter
2495 1353 2702 1423 legitur.
2733 1353 2876 1422 Quid
2909 1355 3062 1424 juvat
3085 1356 3423 1413 stomachum
3467 1358 3778 1415 abstinentia
3799 1362 3876 1424 si,

2304 1454 2412 1498 ete.
2445 1445 2558 1499 Sed
2577 1447 2699 1503 vitio
2720 1448 3055 1504 librariorum
3083 1452 3288 1520 irrepsit
3318 1447 3401 1507 hic
3423 1469 3586 1508 error.
3614 1453 3748 1507 Nam
3773 1454 3882 1509 Sal-

2304 1540 2486 1594 vianus
2511 1541 2770 1596 absinthia
2816 1558 3094 1614 opponere
3119 1545 3291 1601 voluit
3329 1546 3597 1616 dulcibus,
3620 1558 3673 1603 ut
3697 1547 3884 1604 silentia

2302 1634 2533 1699 clamoris
2565 1644 2611 1688 et
2655 1636 2949 1690 antidotum
2987 1655 3200 1694 veneno.
3259 1639 3514 1696 Nostram
3557 1645 3882 1714 conjecturam

2303 1729 2580 1797 conﬁrmat
2607 1730 2716 1798 ipse
2746 1730 3048 1787 Salvianus.
3079 1731 3230 1788 Unde
3259 1735 3470 1790 interim-
3508 1737 3784 1807 colligitur,
3813 1753 3888 1791 ve-

593 1826 860 1889 tinuimus,
895 1841 1014 1878 eum
1039 1825 1222 1891 editis,
1266 1826 1351 1877 ubi
1388 1841 1510 1878 mss.
1543 1825 1731 1878 habent
1773 1824 2076 1895 capitulum.
2128 1825 2196 1878 Et
2228 1813 2562 1874 Brissimam
2586 1838 2693 1876 esse
2719 1821 2935 1878 Nicolai
2986 1826 3210 1896 Rigaltii
3234 1827 3638 1884 observationem
3669 1871 3683 1895 ,
3723 1829 3804 1894 qui
3841 1829 3887 1881 in

591 1917 892 1971 amanuensi
919 1918 1154 1987 mitique,
1177 1934 1243 1971 ea:
1265 1933 1364 1987 quo
1393 1918 1488 1970 alii
1511 1920 1845 1989 profecerim,
1874 1918 2197 1972 tribuendum

591 2014 870 2078 credimus,
895 2014 1030 2083 quod
1057 2030 1173 2067 cum
1195 2029 1364 2067 vocem
1394 2012 1603 2084 capulo,
1637 2022 1684 2067 et
1718 2015 1962 2082 copulant
1992 2030 2081 2082 per
2103 2014 2195 2066 ab-

590 2105 957 2160 breviationem
984 2106 1228 2174 scriptam
1256 2115 1462 2175 putaret
1487 2147 1502 2170 ,
1525 2105 1754 2173 capitulo
1779 2153 1792 2176 ,
1835 2115 1882 2159 et
1910 2105 2197 2176 capitulum

591 2197 912 2268 expresserit.
948 2196 1212 2268 integram
1254 2212 1472 2267 quoque
1515 2196 1808 2251 dictionem
1840 2182 2042 2275 a-ddei-e
2094 2195 2195 2250 ali-

589 2291 808 2362 quando
875 2291 1038 2346 iidem
1106 2291 1447 2346 solertissimi
1509 2291 1867 2347 adnotatores
1932 2293 2197 2362 com-pulsi

591 2392 750 2451 sunt,
810 2391 870 2439 ut
924 2390 1155 2438 tractatu
1189 2399 1241 2438 In
1283 2383 1379 2439 lib.
1413 2398 1464 2449 ι,
1499 2383 1686 2439 adnot.
1742 2384 1806 2439 l3
1843 2399 1855 2436 :
1887 2381 1954 2437 In
2007 2385 2194 2451 editis,

595 2477 827 2543 clausis;
859 2493 1013 2546 porro
1069 2486 1177 2530 tum
1218 2477 1274 2530 in
1315 2492 1439 2529 mss.
1490 2484 1594 2530 tum
1652 2476 1706 2529 in
1746 2476 1897 2530 editis
1937 2476 2019 2530 hic
2055 2475 2198 2530 locus

592 2585 702 2624 uiro
719 2578 959 2624 contextu
988 2568 1224 2638 effertur,
1247 2571 1319 2624 ita
1345 2579 1400 2624 ut
1417 2570 1570 2641 plane
1590 2569 1806 2644 intelligi
1846 2581 2095 2641 nequ-sat;
2123 2573 2206 2624 sic.

589 2665 724 2717 enim
746 2665 1022 2718 scribitur:
1045 2664 1260 2719 Clausis
1291 2663 1462 2718 oculis
1496 2664 1654 2718 tertio
1691 2663 1844 2720 dives
1889 2674 1973 2719 est
2012 2665 2193 2718 avari-

589 2757 680 2810 tia.
715 2753 1042 2810 Correximus
1066 2757 1199 2809 utin
1240 2766 1416 2810 textu:
1444 2756 1530 2809 ubi
1561 2772 1677 2809 cum
1703 2757 1907 2810 verbum
1948 2757 2196 2827 dispergit

587 2858 766 2917 aperte
788 2848 1136 2916 supplendum
1168 2849 1296 2919 fuit,
1325 2857 1380 2901 ut
1411 2864 1593 2902 sensus
1613 2857 1868 2903 constaret
1895 2865 1914 2915 ;
1943 2857 2053 2903 tum
2077 2864 2206 2903 vero

585 2949 840 3008 punctum
859 2939 1192 3010 affigendum,
1217 2950 1331 3010 post
1351 2939 1486 3009 quod
1511 2941 1661 2994 tertia
1684 2941 1934 2994 orationis
1959 2957 1992 2994 α
2023 2938 2194 2995 Paulo

585 3034 865 3105 proposita:
893 3050 1038 3102 pars,
1071 3049 1186 3105 quat
1205 3035 1476 3088 avaritiam
1516 3046 1710 3105 spectat
1741 3052 1772 3088 a
1801 3033 2009 3090 Zenone
2034 3052 2196 3104 expo-

584 3130 722 3183 nitur
751 3129 862 3184 illis
890 3130 1054 3183 verbis
1083 3146 1096 3182 :
1125 3128 1310 3184 Tertio
1344 3130 1495 3184 dives
1532 3138 1615 3184 est
1645 3128 1876 3184 avaritia
1906 3171 1920 3193 ,
1960 3140 2066 3184 etc.
2119 3129 2195 3183 ita

2302 1913 2610 1981 prtcfatione
2655 1914 2732 1966 ad
2771 1913 3155 1970 Tertu'llianum
3188 1917 3460 1972 adnotavit
3491 1921 3653 1975 etiam
3688 1928 3891 1976 veterum

2304 2004 2553 2059 ltbrorum
2573 2002 2677 2074 ﬂde
2705 2008 3015 2078 falsissimas
3041 2010 3282 2065 lectiones
3319 2013 3504 2067 asseri'.
3547 2013 3680 2068 Nam
3704 2022 3755 2068 et
3778 2021 3892 2067 sunt

2305 2094 2463 2163 libri,
2489 2097 2683 2168 inquit,
2709 2099 3158 2168 depravatissimo
3173 2103 3431 2162 correcti.
3449 2119 3628 2173 neque
3655 2104 3759 2159 ulla
3783 2117 3896 2174 spes

2303 2189 2626 2244 reducenda:
2658 2206 2890 2262 unquam
2919 2193 3183 2263 veritatis,
3217 2195 3321 2251 nisi
3364 2205 3484 2252 tam
3522 2209 3731 2255 veteres
3774 2213 3902 2252 nam

2303 2284 2590 2348 ciscamnr,
2622 2295 2678 2338 ut
2713 2284 2826 2340 sint
2851 2288 2999 2342 omni
3037 2297 3409 2344 correctorum
3453 2291 3775 2362 antiquitate
3817 2305 3901 2345 ve-

2303 2377 2560 2432 tustiores
2583 2388 2636 2433 et
2658 2378 2782 2433 alibi
2809 2379 2947 2434 idem
2973 2380 3244 2437 Baluzius.
3279 2381 3366 2437 Ita
3403 2387 3724 2441 correximus
3747 2400 3808 2439 ea:
3829 2385 3902 2437 in-

2302 2468 2473 2537 genio,
2507 2485 2625 2522 cum
2647 2479 2796 2524 antea
2823 2471 3100 2544 legeretur,
3130 2473 3343 2544 injuria
3361 2517 3379 2543 ,
3427 2477 3565 2532 sicut
3580 2479 3724 2532 enim
3747 2477 3905 2530 molli-

2303 2560 2420 2612 tiem
2443 2560 2719 2631 voluptatis
2736 2565 2951 2634 apponit
2978 2567 3360 2637 asperitatibus,
3391 2572 3472 2625 sic
3495 2572 3688 2642 longas
3703 2571 3903 2625 delicias

2301 2649 2547 2720 injurias:
2570 2653 2800 2721 alioquin
2830 2657 2967 2709 enim
2995 2672 3094 2712 voa:
3121 2658 3334 2728 injuriae
3362 2662 3575 2716 nullum
3626 2664 3708 2718 hic
3736 2663 3907 2717 bonum

2301 2762 2507 2799 sensum
2537 2749 2682 2818 facit.
2713 2749 2836 2804 Haec
2858 2751 3140 2807 attulimus
3166 2756 3448 2825 exempla,
3478 2773 3606 2827 qua:
3633 2767 3759 2812 sunt
3779 2772 3907 2828 pne-

2301 2837 2436 2903 eisa,
2467 2853 2589 2894 cum
2620 2849 2671 2896 et
2703 2841 2756 2895 in
2783 2841 2842 2897 S.
2877 2842 3111 2899 Zenonis
3139 2855 3287 2901 textu
3322 2849 3628 2906 antithesis
3654 2849 3911 2920 oppositio

2302 2930 2454 2986 nullo
2481 2933 2588 2989 alio
2629 2949 2812 3000 sensu,
2846 2953 3007 3006 quam
3041 2955 3130 3006 eo,
3163 2956 3268 3009 quo
3318 2941 3446 3012 ejus
3487 2945 3658 3000 verba
3689 2943 3912 3015 explica-

2299 3027 2498 3088 vimus.
2532 3029 2754 3098 reperiri
2781 3030 2992 3100 possit:
3023 3033 3278 3103 nullaque
3303 3037 3500 3106 major
3521 3037 3704 3094 atferri
3758 3034 3917 3108 possit

2301 3119 2452 3172 ratio
2473 3119 2543 3173 ita
2567 3122 2871 3192 corrigendi
2920 3133 3126 3181 textum
3159 3167 3173 3191 ,
3199 3141 3370 3197 quam
3400 3128 3587 3200 ipsius
3633 3139 3913 3187 contextus

581 3225 846 3279 commode
863 3223 1173 3294 intelligitur
1197 3226 1368 3294 utique
1408 3224 1592 3295 referri
1618 3225 1687 3278 ad
1723 3223 2065 3294 eloquentiam
2091 3266 2105 3288 ,
2140 3231 2190 3276 et
2215 3199 2264 3266 (ἶ
2300 3214 2589 3268 saltemia-

582 3318 936 3387 fortitudinem
958 3317 1190 3370 avaritia:
1213 3317 1478 3387 facientes,
1511 3316 1574 3370 de
1609 3317 1792 3386 quibus
1814 3317 2056 3369 hactenus
2082 3314 2188 3367 dis-

584 3419 830 3463 seruerat.
865 3408 1184 3478 Huiusmodi
1216 3411 1591 3464 correctiones
1644 3420 1842 3479 prmter
1863 3408 2129 3464 editorqu
2170 3448 2184 3471 ,

583 3511 639 3555 et
661 3515 794 3556 mss.
823 3501 1111 3555 lectionem
1142 3499 1195 3553 in
1224 3500 1610 3555 eruditissimis
1651 3500 2091 3554 adnotationibus
2118 3498 2194 3556 ad:

582 3595 867 3649 Tractatus
914 3594 970 3650 S.
1024 3593 1262 3649 Zenonis
1306 3611 1334 3648 a
1388 3594 1449 3648 D.
1502 3593 1806 3649 Balleriuiis
1855 3593 2187 3649 elucubratis

585 3689 788 3757 passim
819 3686 1003 3742 videre
1026 3695 1110 3741 est
1137 3727 1152 3754 ,
1187 3701 1247 3742 ea
1278 3685 1484 3740 ratione
1526 3687 1687 3741 allata
1712 3729 1727 3754 ,
1752 3696 1809 3740 ut
1838 3702 2017 3741 sensus
2037 3702 2187 3740 cons-

581 3789 687 3833 tet:
729 3796 791 3832 ne
830 3795 1021 3834 sensus
1048 3788 1175 3833 esset
1214 3795 1530 3842 suspensus:
1580 3790 1847 3834 contextus
1891 3779 2181 3849 persuasit:

581 3871 838 3926 sensentia
876 3873 1160 3940 persuasit:
1207 3881 1260 3925 ut
1279 3873 1531 3925 sententia
1585 3873 1878 3942 efflagitat:
1920 3870 2188 3924 sententia:

578 3973 750 4017 autem
780 3964 945 4034 magis
971 3980 1272 4035 congruum.
1317 3962 1452 4017 Cum
1507 3964 1684 4033 itaque
1729 3973 1784 4018 et
1832 3964 1882 4017 in
1912 3963 2013 4018 hoc
2065 3965 2184 4019 loco

579 4055 852 4110 editorum
878 4055 1039 4110 lectio
1060 4055 1338 4110 contextui
1393 4057 1564 4126 magis
1596 4063 1898 4122 consonet,
1926 4071 2034 4125 pra:
2061 4056 2182 4111 aliis

577 4146 904 4202 lectionibus
932 4147 1214 4202 retinenda
1246 4157 1350 4214 est,
1373 4157 1428 4202 et
1463 4146 1770 4218 legendum.
1810 4146 1967 4202 Illius
2003 4164 2183 4216 aquo-

577 4241 654 4294 vis
679 4239 834 4293 libere
861 4240 1076 4292 tractari
1107 4247 1314 4309 potest:
1344 4251 1488 4294 tuum
1517 4240 1675 4294 etiam
1701 4257 1733 4293 a
1763 4237 2068 4295 Christianis
2095 4241 2179 4310 ip—

575 4333 646 4388 sis
673 4333 881 4387 minime
909 4332 1201 4387 consecrari
1234 4333 1344 4387 sine
1371 4332 1642 4404 sacrilegio
1672 4333 1834 4386 videri
1879 4343 2064 4404 potest.
2108 4331 2178 4388 Ut

573 4443 767 4484 sensus
798 4429 864 4482 sit
887 4427 1225 4483 Christianos
1245 4427 1414 4483 sacris
1441 4429 1830 4483 interesseutes
1857 4438 2046 4482 contra
2078 4427 2179 4481 im-

575 4534 886 4594 peratorum
919 4523 1092 4578 edicta
1126 4535 1379 4593 tanquam
1410 4523 1706 4594 sacrilegos
1749 4523 1907 4593 plecti
1941 4563 1954 4587 ,
1989 4535 2045 4577 ut
2061 4523 2172 4590 jam

2366 3305 2504 3361 Illud
2531 3309 2580 3362 in
2612 3309 2714 3364 hoc
2741 3311 2930 3380 quinto
2975 3314 3033 3368 S.
3066 3314 3304 3372 Zenonis
3335 3326 3589 3376 tractatu
3622 3318 3781 3390 primi
3805 3315 3917 3374 libri

2294 3400 2710 3467 expendendnm
2744 3414 2912 3458 restat
2935 3418 3315 3477 argumentum
3342 3426 3420 3466 er
3463 3413 3535 3468 iis
3582 3413 3768 3468 verbis
3795 3426 3920 3465 con-

2294 3489 2500 3547 ﬂatum.
2532 3494 2596 3547 At
2639 3512 2757 3548 cum
2785 3505 2902 3551 ante
2944 3514 3110 3574 annos
3154 3503 3316 3570 ferme
3359 3503 3780 3574 quadringentos
3807 3500 3921 3573 (du-

2293 3595 2486 3642 centos
2507 3603 2574 3642 ex
2597 3591 2935 3648 correctione
2957 3592 3268 3666 legendum)
3286 3597 3373 3651 vel
3393 3615 3458 3652 eo
3483 3597 3743 3667 amplius,
3768 3596 3926 3667 Apos-

2291 3679 2504 3733 tolicum
2535 3681 2632 3734 hoc
2657 3694 2895 3750 operetur
2938 3685 3182 3754 edictum,
3209 3703 3312 3757 quo
3349 3699 3402 3744 et
3444 3692 3740 3745 vivaciores
3785 3690 3924 3756 fuere

2293 3772 2548 3841 homines,
2581 3784 2625 3828 et
2648 3778 2901 3832 rarissimi
2951 3778 3273 3846 Christiani;
3302 3799 3413 3836 cur
3464 3801 3598 3857 ergo
3640 3783 3927 3838 Christiano

2294 3868 2417 3922 orbe
2440 3869 2553 3938 ipso
2577 3885 2732 3938 plene
2737 3874 2853 3942 jam
2883 3881 3015 3937 toto,
3037 3874 3423 3945 hominumque
3454 3878 3760 3942 vivacitate,
3786 3862 3929 3927 nian-

2293 3962 2360 4014 do
2409 3973 2700 4018 senescente
2747 3965 2955 4030 detrita,
3009 3967 3291 4020 obtundam
3357 3970 3544 4025 verbis
3601 3967 3932 4042 palpantibus

2290 4059 2454 4112 aciem
2485 4059 2734 4125 veritatis,
2762 4069 2868 4115 etc.
2920 4059 3014 4114 Illa
3058 4061 3226 4115 verba
3272 4063 3596 4131 adhibeant,
3643 4063 3934 4118 Christiano

2290 4151 2412 4205 orbe
2440 4153 2550 4220 ipso
2580 4169 2725 4224 pcene
2753 4154 2859 4218 iant
2911 4162 3046 4222 toto,
3091 4156 3292 4225 quibus
3345 4169 3628 4228 quartum
3680 4157 3932 4213 smculnm

2293 4245 2514 4300 iudicari
2564 4245 2908 4301 contendunt
2956 4247 3169 4302 Domini
3223 4247 3568 4316 Balierinii,
3638 4244 3935 4305 Marcellini

2288 4340 2666 4395 auctoritatem
2707 4341 2978 4410 propriam
3020 4342 3086 4396 ad
3118 4344 3584 4400 conllrmandam
3612 4343 3938 4401 sententiam

2285 4431 2647 4499 adducentes,
2676 4433 2766 4495 qui
2799 4433 2888 4488 lib.
2923 4449 3042 4502 χχι,
3076 4447 3125 4489 c.
3155 4434 3212 4496 2',
3252 4437 3410 4506 ipsos
3464 4453 3692 4508 quoque
3717 4432 3938 4489 Romani

2285 4523 2489 4592 imperii
2509 4525 2693 4579 milites
2714 4525 3032 4580 Christianos
3055 4528 3216 4596 fuisse
3237 4529 3431 4596 prodit
3453 4544 3479 4594 ;
3509 4531 3604 4585 cui
3638 4539 3697 4586 et
3716 4525 3940 4583 Zonara:

571 4628 761 4675 contra
791 4617 1197 4674 Tillemontium
1236 4618 1646 4688 explicavimus.
1693 4616 1774 4670 Ex
1815 4617 1915 4669 hac
1940 4617 2173 4686 genuina

2292 4617 2726 4671 textum'addunt
2758 4619 2840 4672 his
2873 4620 3190 4688 supplentes
3221 4621 3445 4678 verbis.
3487 4621 3654 4678 Unde
3697 4619 3942 4674 Julianus

571 4721 750 4768 textus
804 4712 1146 4767 restitutione
1170 4718 1432 4781 patenter
1463 4708 1914 4762 anachronismus
1947 4710 2179 4778 emergit

570 4807 714 4862 circa
743 4821 804 4862 ea
827 4849 842 4874 ,
869 4822 988 4876 qum
1044 4805 1131 4858 hic
1157 4804 1334 4858 allatis
1377 4801 1689 4873 pr:ecedunt
1730 4801 1910 4856 verba.
1948 4803 2008 4854 At
2052 4817 2170 4855 cum

570 4915 734 4953 annos
779 4898 938 4967 ferme
989 4897 1394 4968 quadringentos
1431 4895 1508 4949 vel
1553 4911 1613 4948 eo
1661 4895 1907 4963 amplius.
1957 4896 2170 4967 Quippe

570 5006 692 5045 cum
727 5005 867 5044 anno
888 4986 1092 5043 Christi
1132 4987 1242 5042 4'75
1271 4986 1442 5041 asseri
1475 5001 1580 5041 non
1612 4997 1795 5057 posset
1831 5029 1846 5054 ,
1882 5004 2055 5059 neque
2100 4988 2169 5042 ab

569 5098 716 5138 anno
734 5082 932 5137 560ml
952 5081 1058 5138 580
1086 5081 1518 5136 Chrisdanorum
1550 5080 1814 5137 sacriﬁcia
1842 5092 2074 5150 secreta,
2101 5097 2166 5138 ac

567 5177 735 5232 vetita
769 5175 934 5232 luisse
958 5219 972 5243 ,
1003 5174 1270 5231 idolorum
1316 5191 1448 5230 vero
1476 5175 1686 5246 publica
1711 5219 1726 5241 ,
1759 5191 1822 5232 ac
1850 5176 2018 5233 libera
2045 5219 2059 5243 ,
2091 5179 2174 5233 le-

567 5269 800 5340 gendum
835 5269 1020 5339 procul
1056 5269 1230 5324 dubio
1263 5278 1346 5324 est
1376 5282 1474 5339 pro
1503 5269 1905 5340 quadringentos
1927 5314 1942 5338 ,
1974 5270 2168 5324 ducen-

569 5371 677 5428 tos,
709 5369 766 5416 ut
792 5361 1056 5416 Baronins
1107 5360 1312 5429 optime
1355 5358 1499 5414 hunc
1533 5367 1738 5413 textum
1786 5361 2028 5430 corrigit.
2065 5359 2172 5415 Ne-

566 5471 672 5528 que
699 5455 824 5511 ltuic
843 5453 1011 5509 officit
1036 5452 1382 5516 correctioni,
1397 5452 1577 5508 omnia
1600 5466 1729 5507 mss.
1747 5452 2170 5522 quadringentos

563 5551 903 5620 exprimere,
943 5564 1064 5603 nam
1095 5553 1152 5601 et
1201 5545 1302 5601 hoc
1334 5541 1639 5599 amanuensi
1683 5545 1902 5611 antiquo
1927 5585 1941 5609 ,
1967 5559 2032 5598 ex
2062 5561 2170 5614 quo

562 5644 653 5696 alii
683 5644 1012 5713 profecerunt
1033 5684 1046 5710 ,
1074 5638 1405 5694 tribuendum
1450 5638 1722 5693 credimus.
1749 5637 1928 5704 Quare
1953 5640 2170 5708 sapien-

563 5735 769 5791 tissime
800 5745 981 5792 monet
999 5732 1346 5793 clarissimus
1386 5732 1449 5788 P.
1495 5731 1801 5789 Honoratus
1831 5747 1860 5786 a
1913 5732 1972 5788 S.
2001 5733 2170 5789 Maria

557 5827 734 5894 quod:
767 5826 1160 5900 Nihilo-magis
1190 5826 1521 5898 deferendum
1567 5835 1642 5883 est
1681 5843 1870 5899 magno
1924 5827 2171 5882 similium

2283 4708 2546 4780 Augustus
2570 4710 2624 4762 iu
2654 4707 2844 4765 Galliis
2869 4712 3190 4766 acclamatus
3227 4731 3247 4765 ‹
3289 4722 3358 4766 ιιι
3412 4729 3629 4771 attines
3663 4713 3816 4770 nullo
3841 4711 3941 4766 im-

2287 4801 2538 4869 pediente
2581 4801 2647 4856 ad
2694 4802 2782 4857 sui
2823 4801 3064 4859 favorem
3117 4802 3386 4871 illiceret,
3441 4807 3750 4862 adhaerere
3781 4801 3955 4859 cultui:

2279 4891 2590 4949 Christiano
2615 4895 2884 4964 ﬁngebat;
2915 4912 3040 4952 nam
3074 4896 3438 4953 verebatur)
3475 4901 3562 4956 ait
3588 4897 3833 4955 Zonaras
3855 4893 3940 4950 lib.

2279 4998 2398 5051 xm,
2433 5001 2486 5038 n.
2522 4986 2609 5052 ll,
2640 4987 2861 5051 milites,
2891 5003 3028 5058 quos
3061 5002 3228 5057 prope
3253 4990 3588 5047 universos
3602 4990 3944 5048 Christianos

2279 5093 2406 5133 esse
2434 5090 2677 5134 noverat.
2705 5081 2836 5138 Dein
2862 5081 3260 5138 Tertullianum
3291 5099 3482 5155 quem
3517 5086 3637 5146 sibi
3661 5076 3955 5146 adversari

2276 5173 2524 5228 sentiunt
2548 5175 2821 5245 explicare
2849 5185 3154 5231 conantur:
3189 5175 3307 5241 Qui
3357 5195 3465 5235 suo
3499 5191 3751 5251 tempore
3775 5191 3950 5234 omnes

2279 5265 2542 5321 Romanas
2563 5269 2711 5325 urbes
2742 5266 3053 5324 Christianis
3078 5269 3350 5340 impletas
3378 5284 3649 5331 testatur.
3696 5270 3956 5332 Oratorie'

2279 5358 2351 5414 ibi
2399 5359 2547 5416 illum
2593 5361 2740 5433 loqui
2770 5372 3137 5428 autumantes,
3187 5360 3567 5424 Tertulliani
3615 5369 3789 5439 verba
3837 5367 3942 5421 baac

2278 5465 2452 5509 sunt:
2501 5455 2720 5510 Emerui
2771 5473 2970 5518 sumus,
3021 5466 3070 5511 et
3117 5465 3296 5511 vestra
3343 5463 3546 5518 omnia
3578 5463 3939 5536 implevimus,

2280 5547 2455 5612 urbes,
2487 5547 2686 5600 insulas
2715 5589 2730 5614 ,
2765 5548 2997 5616 castella,
3026 5548 3353 5620 municipia,
3387 5557 3792 5621 conciliabula,
3831 5567 3944 5606 cas-

2280 5651 2360 5694 tra
2388 5642 2522 5712 ipsa,
2555 5641 2740 5708 tribus,
2786 5642 3046 5709 decurias,
3080 5643 3386 5714 palatium,
3425 5662 3710 5720 senatum,
3754 5651 3941 5722 forum,

2279 5734 2392 5786 sola
2421 5731 2557 5787 vobis
2579 5733 2878 5802 reliquimus
2908 5736 3102 5805 templa
3124 5735 3205 5808 (in
3231 5740 3398 5805 apol.
3429 5759 3562 5815 cap.
3591 5744 3715 5815 57).
3747 5745 3957 5800 Demus-

2282 5829 2518 5885 oratorie
2544 5828 2770 5898 dictum,
2800 5839 2856 5888 et
2902 5831 3133 5902 quodam
3185 5844 3335 5889 cum
3386 5851 3643 5899 excessu
3681 5859 3694 5895 :
3734 5845 3802 5897 At
3832 5834 3945 5911 quis
