4198 6160
342 286 452 353 ’ἒθθ

1793 259 2274 379 ωξεειιτωίο.

3566 289 3670 362 πο

340 411 497 475 putet
521 399 926 460 Tertullianum
953 402 1212 472 gentibus
1261 415 1360 473 pne
1399 401 1829 464 Christianorum
1855 406 1951 463 de-
1985 408 2031 468 Α
2061 405 2131 461 de
2175 405 2522 463 sermonibus
2567 406 2626 464 S.
2675 410 2909 468 Zenonis
2953 414 3138 484 capite
3178 415 3468 472 undecimo
3509 433 3538 472 a
3584 435 3670 474 nte

339 496 592 554 lensione
643 492 774 555 uilia
828 494 1166 564 prolaturum
1210 496 1410 563 luisse,
1451 498 1500 553 si
1547 514 1774 554 numero
1823 499 1959 554 adeo

341 588 502 659 pauci
531 584 842 646 Christiani
881 585 1046 644 iidem
1081 587 1356 646 fuissent?“
1390 588 1697 646 Ridiculum
1740 606 1969 660 prorsus

341 680 559 738 fecisset
587 677 916 748 Apologiam
941 694 1118 736 suam.
1146 678 1470 738 Tertulliani
1493 683 1671 752 itaque
1693 691 1958 754 tempore,

341 773 388 828 si
435 787 548 834 non
598 772 802 838 urbes,
855 771 1101 837 insulas,
1161 773 1421 842 castella,
1480 775 1792 846 nmnicipia,
1850 785 1964 845 etc,

341 865 638 926 Christiani
679 865 758 922 ita
814 863 1210 934 impleverant,
1261 875 1321 920 ut
1369 866 1617 937 gentibus
1666 885 1778 924 non
1813 878 1961 926 esset

346 960 529 1026 locus;
577 960 714 1018 adeo
778 968 962 1016 tatuen
1019 957 1338 1030 frequentes
1381 970 1569 1027 erant,
1630 970 1690 1017 ut
1735 963 1960 1033 implere

343 1053 580 1124 quodam
615 1051 784 1112 modo
811 1051 1152 1110 viderentur.
1195 1053 1538 1124 Quapropter
1563 1057 1708 1112 sicut
1744 1056 1957 1111 Tertul-

345 1146 474 1204 liani
502 1147 788 1217 expressio
819 1147 872 1201 in
913 1155 1171 1218 quartum
1199 1149 1464 1204 saeculum
1497 1149 1690 1205 cadere
1738 1151 1961 1205 nutritae

347 1247 544 1311 potest,
575 1256 751 1312 neque
780 1241 840 1296 υ.
871 1239 1114 1296 Zenonis
1139 1249 1344 1307 textus,
1376 1242 1434 1296 in
1461 1258 1572 1313 quo
1592 1243 1780 1299 orbem
1822 1258 1960 1313 pene

339 1335 456 1406 jam
490 1343 662 1390 totum
681 1332 1063 1389 Christianum
1095 1334 1362 1406 legimus,
1397 1335 1464 1390 ad
1494 1347 1745 1407 quartum
1788 1352 1962 1392 sarcu-

347 1427 463 1483 lum
493 1414 783 1483 trahendus
812 1433 922 1480 est.
954 1425 1100 1481 ldem
1144 1425 1212 1482 de
1245 1426 1368 1481 aliis
1412 1426 1634 1482 Eusebii
1675 1429 1963 1484 sententiis

344 1536 378 1578 a
401 1520 642 1582 dominis
671 1519 978 1577 llalieriniis
1004 1519 1251 1575 adductis
1279 1519 1595 1574 dicendum.

425 1615 633 1671 Verum.
652 1615 800 1674 enim
816 1629 966 1670 vero
985 1621 1046 1668 ut
1066 1613 1181 1670 hac
1208 1614 1381 1685 magis
1403 1622 1619 1670 constet
1641 1614 1702 1668 D.
1728 1612 1964 1669 Zenonis

288 1761 296 1767 .
347 1707 637 1772 sententia,
669 1707 940 1776 praecipua
969 1706 1414 1763 consideratione
1462 1705 1693 1760 Gallieni
1722 1707 1962 1761 edictum

2061 509 2193 554 sunt
2246 501 2496 570 allegata.
2556 503 2631 556 Ex
2689 505 2856 573 ipsius
2903 507 3150 576 epistolae
3201 519 3455 564 contextu
3511 510 3672 580 plane

2061 602 2284 646 constat
2331 592 2388 648 S.
2425 593 2765 650 Ambrosium
2815 613 2990 667 neque
3034 599 3446 667 Veronensem,
3493 619 3674 673 neque

2061 683 2383 752 episcopum
2423 684 2609 741 dicere
2632 728 2646 752 ,
2693 703 2850 758 quem
2903 692 3150 747 nominat
3186 693 3482 748 Zenonem.
3518 693 3670 748 Indi-

2061 774 2207 830 ciam
2235 790 2366 830 vero
2393 775 2620 848 Syagrio
2654 795 2761 833 non
2790 780 2954 837 fuisse
2979 784 3253 840 subditam
3277 827 3290 850 ,
3320 786 3418 840 nisi
3445 786 3673 842 obtentu

2062 864 2286 931 delicti,
2321 867 2506 939 cujus,
2541 870 2666 925 licet
2697 871 2866 941 falso,
2903 873 3318 932 insimulabatur
3361 878 3477 933 lucc
3509 877 3677 950 Virgo

2063 958 2530 1016 manifestissimis
2550 964 2882 1034 conjeeturis
2902 983 2965 1021 ex
2991 969 3234 1038 ejusdem
3256 971 3498 1041 epistola:
3522 979 3675 1030 textu

2062 1054 2260 1119 cratis,
2292 1055 2458 1110 citato
2486 1057 2605 1112 loco
2633 1059 3022 1116 demonstravi.
3057 1059 3168 1118 Hoc
3195 1074 3251 1118 ut
3276 1067 3444 1134 magis
3473 1068 3677 1137 magis-

2062 1160 2176 1215 que
2217 1154 2434 1216 pateat,
2481 1152 2774 1207 notandum
2809 1162 2896 1209 est
2926 1155 2978 1208 in
3006 1154 3112 1211 hac
3142 1156 3203 1209 D.
3235 1158 3513 1213 Ambrosii
3555 1175 3676 1215 res-

2064 1239 2296 1307 ponsiva
2335 1241 2565 1310 epistola
2597 1244 2662 1298 ad
2693 1243 3016 1316 Syagrium,
3051 1249 3135 1318 agi
3166 1249 3238 1304 de
3265 1249 3549 1320 illegitimo
3581 1251 3676 1321 ju-

2065 1330 2220 1385 dicio
2246 1332 2471 1390 Verona:
2495 1353 2523 1390 a
2549 1337 2772 1409 Syagrio
2796 1341 3050 1396 instituto
3072 1353 3267 1397 contra
3287 1343 3544 1399 lndiciam
3564 1345 3679 1400 :Trt

2067 1431 2258 1478 autem
2291 1427 2402 1482 sine
2442 1429 2673 1503 alicujus
2707 1435 2888 1504 fratris
2926 1435 3148 1490 consilio
3173 1436 3269 1490 hoc
3290 1438 3558 1507 judicium
3586 1440 3680 1494 tibi

2066 1514 2218 1568 solus
2234 1520 2584 1588 judicandum
2609 1528 2827 1594 putaris,
2856 1529 2908 1580 in
2943 1545 3045 1597 quo
3075 1539 3242 1584 tamen
3273 1543 3391 1585 ante
3410 1533 3679 1604 judicium

2068 1611 2445 1680 prtejudicium
2484 1617 2696 1686 feceris,
2741 1628 2794 1671 ut
2834 1621 3064 1690 puellam
3095 1621 3321 1677 Zenonis
3348 1635 3546 1679 sancta:
3574 1643 3680 1679 tne-

2073 1702 2256 1755 moria:
2276 1707 2478 1776 judicio
2521 1710 2822 1778 probatam,
2871 1715 3084 1784 ejusque
3126 1717 3477 1786 santiﬁcatam
3529 1719 3679 1773 bene-

344 1801 738 1873 cxpcndatnus.
790 1799 979 1856 Refert
1023 1800 1154 1855 illud
1211 1799 1507 1855 Eusebius.
1568 1796 1962 1868 lndulgentiam
1993 1790 2040 1849 Β
2070 1789 2298 1850 dictione
2342 1807 2458 1868 post
2505 1810 2578 1854 tot
2627 1819 2790 1857 annos
2838 1804 2948 1860 sine
2998 1819 3210 1861 auctore
3262 1809 3677 1873 criminationis-,

347 1895 454 1968 (ita
480 1892 782 1964 Gal-lienus)
816 1893 1052 1962 beneﬁcii
1081 1896 1243 1978 nostri
1295 1911 1392 1966 per
1444 1895 1742 1946 universum
1792 1892 1967 1947 orbant

346 1989 579 2056 diffundi
608 1989 936 2060 pracipintus
954 2028 968 2052 ,
1005 1997 1058 2041 ut
1086 1989 1262 2042 cuncti
1291 1985 1599 2060 (Gentiles)
1639 2002 1672 2039 α
1706 1985 1970 2056 religiosis

239 2155 250 2161 _
346 2083 483 2137 locis
508 2084 797 2138 abscedant.
818 2080 986 2138 lubet
1010 2082 1308 2151 imperator
1335 2099 1429 2152 per
1460 2081 1761 2134 imi—uersum
1790 2079 1972 2133 orbem

347 2177 673 2233 Christianis
698 2177 954 2247 religiosa
977 2174 1094 2228 loca
1127 2175 1366 2230 restitui.
1402 2173 1594 2228 Tertio
1632 2173 1822 2242 itaque
1861 2185 1972 2226 sae-

345 2271 482 2328 culo
507 2269 684 2326 diﬁ‘usi
724 2285 821 2340 per
857 2268 1172 2324 tmiversutn
1209 2269 1402 2322 orbem
1451 2264 1748 2320 Christiani
1781 2271 1972 2321 erant.

345 2363 492 2420 Num
518 2374 572 2420 et
596 2364 901 2424 Gallienum
949 2363 1192 2417 oratorie
1221 2362 1324 2416 hoc
1375 2361 1432 2415 in
1482 2360 1666 2415 edicto
1716 2359 1972 2414 locutum

347 2458 639 2515 dicemus?
663 2456 745 2512 Ab
773 2456 993 2526 Trajani
1040 2456 1201 2510 etiam
1236 2465 1482 2523 tempore
1514 2455 1567 2507 in
1617 2461 1836 2507 tantum
1874 2469 1976 2507 nu-

350 2564 564 2604 merum
612 2547 952 2604 excreuissse
995 2546 1198 2602 Christi
1245 2545 1437 2600 ﬁdeles
1481 2560 1551 2598 ex
1594 2559 1660 2598 eo
1704 2553 1970 2611 constat,

350 2642 508 2712 quod
530 2643 873 2713 magistratus
915 2639 984 2694 ad
1023 2640 1169 2709 ipsos
1210 2637 1488 2694 necandos
1522 2637 1757 2706 impares
1790 2639 1974 2692 fuisse

354 2739 628 2807 legamus;
678 2739 1090 2794 demonstratur
1138 2747 1356 2805 quoque
1406 2730 1730 2786 exuberanti
1777 2729 1971 2786 f-ructu

355 2829 523 2886 [idem
543 2829 744 2887 Christi
766 2831 966 2887 eodem
991 2831 1154 2884 tertio
1183 2828 1384 2883 saeculo
1408 2834 1760 2896 propagatum
1787 2866 1804 2890 ,
1846 2842 1969 2882 cum

354 2923 788 2997 Thaumaturgus
835 2924 1139 2995 Gregorius
1180 2921 1490 2992 quindecim
1520 2918 1809 2988 reliquisse
1844 2920 1971 2974 inli-

354 3017 514 3075 dcles
544 3019 782 3090 (totidem
838 3033 1079 3087 namque
1107 3015 1296 3070 ﬁdeles
1332 3023 1488 3071 erant
1510 3054 1526 3080 ,
1559 3012 1776 3083 quando
1821 3013 1964 3088 Neo-

355 3112 738 3168 casariensem
758 3108 1380 3181 suscepitCathedram)
1396 3108 1448 3160 in
1470 3106 1702 3159 Domino
1724 3109 1973 3162 moriens

2070 1884 2185 1939 sine
2213 1903 2530 1959 accusatore,
2561 1895 2677 1948 sine
2692 1901 2986 1967 professors
3008 1899 3280 1954 delationis
3307 1902 3359 1955 in
3390 1901 3680 1969 periculum

2072 1989 2246 2034 reatus
2294 1984 2647 2041 deducendam
2692 1973 3020 2050 arbitrarere
3080 1991 3174 2046 Cui
3223 1993 3420 2047 invidia
3467 2003 3596 2047 esset
3648 2010 3682 2046 tt

2072 2075 2222 2130 vanis
2241 2118 2256 2142 ,
2301 2079 2555 2135 latereticis
2576 2124 2590 2148 ,
2638 2091 2690 2135 ut
2736 2084 2837 2153 ipsi
2877 2085 3088 2151 volunt,
3119 2104 3151 2139 a
3180 2089 3418 2158 turpibus
3448 2087 3682 2158 personis

2075 2167 2310 2235 conﬂata
2350 2188 2441 2240 per
2467 2172 2653 2227 scelus.
2704 2173 2781 2227 Ea
2808 2190 2946 2230 vero
3005 2188 3154 2245 erat,
3202 2189 3255 2233 et
3299 2178 3358 2232 D.
3411 2177 3683 2232 Ambrosii

2078 2262 2415 2328 temporibus
2451 2264 2502 2317 in
2545 2263 2788 2319 Ecclesia
2829 2267 3152 2335 judiciorum
3194 2269 3488 2341 disciplina
3521 2283 3680 2324 cons-

2079 2349 2238 2405 tituta
2280 2369 2379 2423 per
2419 2353 2668 2410 Nicmnos
2709 2372 2945 2414 canones
2985 2362 3266 2430 quintum,
3321 2370 3376 2417 et
3412 2362 3678 2417 deciruum

2078 2450 2328 2510 sextum,
2374 2461 2408 2500 a
2448 2447 2763 2503 Sardicensi»
2806 2452 3036 2506 concilio
3081 2469 3288 2509 canone
3326 2470 3424 2508 sm
3464 2466 3515 2510 et
3564 2469 3679 2520 Juv,

2077 2534 2470 2606 conﬁrmatos,
2519 2549 2576 2593 ut
2619 2541 2793 2596 nullus
2835 2545 3116 2614 episcopus
3140 2548 3342 2618 judicet
3366 2589 3378 2610 ,
3427 2550 3681 2612 retineat,

2078 2633 2525 2698 emcammunicat,
2575 2633 2778 2689 ordinet
2829 2637 3062 2691 aliarum-
3102 2639 3493 2708 parochianum.
3548 2639 3682 2694 Nam

2079 2723 2203 2778 licet
2261 2733 2507 2796 tempore
2561 2733 3003 2798 persecutionum
3049 2733 3309 2802 exigente
3355 2733 3684 2789 necessitate

2077 2815 2346 2886 episcopo.
2366 2819 2417 2872 in
2444 2819 2622 2874 aliena
2652 2821 2875 2877 dioecesi
2897 2864 2912 2890 ,
2940 2823 3026 2878 vel
3059 2823 3112 2878 in
3143 2823 3378 2880 alienum
3409 2825 3684 2880 subditum

2071 2911 2512 2980 jurisdictionem
2537 2903 2686 2972 suam
2711 2933 2968 2974 exercere
2991 2915 3313 2988 permissum
3341 2919 3537 2976 fuerit:
3570 2921 3686 2974 haec

2078 3017 2265 3060 tamen.
2288 3010 2630 3065 consuetudo
2660 3027 2756 3082 per
2793 3012 2994 3067 relatos
3022 3012 3273 3070 Nictenos
3313 3029 3550 3070 canones
3588 3029 3685 3070 su-

2075 3097 2222 3153 blata
2263 3110 2381 3167 est,
2428 3114 2490 3157 ut
2527 3105 2736 3174 optime
2773 3117 2960 3162 contra
2998 3106 3276 3163 Socratem
3316 3117 3466 3163 notat
3494 3107 3686 3163 Chris-

357 3207 586 3278 gloriari
631 3208 839 3276 poterit.
894 3206 1153 3260 'l‘esxatur
1198 3203 1304 3256 hoc
1344 3199 1608 3256 Nissenius
1637 3197 1968 3269 Gregorius:
2001 3182 2047 3243 Ο
2085 3191 2264 3248 lia-Ilus
2290 3193 2493 3265 [νημαι.
2531 3197 2776 3253 Secundo
2805 3202 3001 3271 falsum
3023 3209 3094 3255 εει
3123 3200 3427 3272 (Ml-ullus
3460 3201 3604 3258 Τονη·
3635 3219 3682 3270 1,

359 3299 624 3356 Cresceret
649 3311 814 3354 autent
852 3297 1156 3369 mysterium
1187 3294 1627 3354 Christianortmt,
1667 3301 1714 3343 et
1749 3294 1804 3344 in
1835 3294 1973 3347 mul-

331 3381 642 3446 titudinem.
671 3391 852 3460 ubique
891 3400 1149 3445 terrarum
1181 3393 1559 3458 propagaretur
1606 3381 1842 3436 Ecclesia
1883 3400 1974 3452 per

359 3498 478 3546 eos,
510 3482 596 3551 qui
628 3499 818 3549 semper
846 3481 1074 3536 sermoni
1107 3469 1517 3550 adjtmgerentur
1564 3477 1617 3528 in
1648 3475 1974 3546 magnitudi-

361 3593 487 3632 nem
509 3575 889 3649 exurgensﬂo.
919 3591 1002 3642 tu,
1035 3575 1089 3627 in
1123 3572 1238 3627 Vita
1267 3570 1503 3644 Gregorii
1530 3569 1959 3642 Thaumamrgi).

359 3669 510 3736 Quin
553 3679 607 3726 et
655 3670 769 3739 ipse
815 3668 1195 3724 sanctissimus
1254 3677 1462 3736 martyr
1518 3661 1830 3734 Cyprianus
1869 3663 1972 3719 sub

360 3764 694 3831 imperatore
739 3763 986 3820 Gallieno
1039 3761 1305 3831 martyrio
1355 3768 1674 3819 coronatus,
1725 3755 1793 3811 de
1839 3772 1972 3826 pace

361 3856 537 3926 lapsis
565 3871 826 3912 concessa.
847 3857 915 3910 ad
948 3855 1318 3912 Antonianum
1347 3854 1536 3909 scribit
1569 3870 1582 3905 :
1622 3850 1754 3916 Quae
1787 3850 1973 3904 litteris

363 3965 466 4020 per-
509 3959 669 4002 totum
695 3948 938 4003 annulum
968 3949 1142 4002 missa:
1171 3959 1312 4012 sunt,
1356 3955 1404 4001 et
1434 3947 1490 3999 in
1517 3943 1760 3998 notitiam
1789 3939 1973 3996 Eccle-

357 4043 462 4098 sis's
488 4041 738 4107 omnibus,
768 4051 814 4096 et
835 4041 1082 4096 universis
1109 4040 1360 4112 fratribus
1391 4037 1602 4110 perlatis
1631 4042 1772 4088 sunt.
1798 4031 1972 4089 Cous-

362 4143 448 4188 tat
476 4133 634 4202 igitur
673 4149 742 4190 ex
769 4134 833 4188 iis
867 4133 1154 4197 omnibus,
1201 4148 1320 4202 quae
1350 4133 1420 4186 ab
1446 4127 1678 4186 exordio
1708 4127 1972 4183 hactenus

358 4226 862 4296 consideravimus,
897 4220 1108 4283 nullum
1131 4242 1197 4281 ex
1229 4227 1291 4281 ι).
1330 4225 1564 4279 Zenonis
1607 4219 1846 4276 testibus
1873 4223 1969 4277 de-

356 4319 491 4377 duci
543 4330 916 4390 argumentum
963 4335 1158 4392 posse,
1213 4329 1280 4373 ut-
1327 4319 1451 4388 quis
1503 4317 1650 4371 illius
1706 4315 1970 4384 epocham

356 4412 701 4471 constituere
751 4424 941 4484 quarto
982 4414 1186 4470 saeculo
1223 4411 1493 4481 adigatur.
1537 4409 1658 4463 Mox
1713 4407 1780 4461 ad
1829 4409 1967 4474 alia,

356 4524 490 4579 qua:
539 4515 764 4563 extenuo
818 4517 1073 4579 petuntur
1129 4513 1445 4578 argumenta
1497 4504 1797 4574 opitulante
1855 4503 1976 4558 Deo.

360 4601 752 4674 procedamus.

981 4739 1210 4797 CAPUT
1263 4738 1352 4794 Ill.

361 4863 396 4936 θ
444 4859 486 4916 Ι.
530 4859 614 4916 Ea:
645 4859 708 4920 8..
741 4859 999 4918 Ambrosii
1025 4857 1270 4931 Epistola
1296 4857 1362 4914 ad
1397 4855 1679 4928 Syagrium
1714 4853 1980 4911 Veronenv-

442 4967 554 5014 sem
581 4953 914 5025 episcopum,
951 4952 1012 5008 S.
1047 4950 1305 5010 Zenonem
1333 4960 1520 5020 quarto
1549 4949 1738 5004 seculo
1768 4947 1985 5015 uicisse,

444 5047 665 5118 p-robari.
684 5063 786 5110 non
813 5055 997 5118 potest.

446 5160 765 5231 Syagrium,
795 5158 864 5214 ad
891 5175 1050 5230 quem
1080 5157 1610 5236 oceasioneludicize
1634 5157 1864 5226 virginis
1885 5155 1978 5210 lit-

363 5264 522 5310 teras
566 5252 714 5308 dedit
755 5252 1103 5319 Aaubrosius,
1145 5252 1488 5309 Veronensem
1523 5252 1822 5324 episcopum
1865 5261 1975 5304 tum

363 5345 572 5418 fuisse,
610 5346 790 5416 ipsius.
824 5345 1058 5416 epist-alte
1101 5354 1394 5399 contextum
1444 5345 1600 5415 plane
1641 5343 1970 5409 convincere,

364 5438 752 5508 [adiciamque
773 5440 1038 5509 virginem
1070 5450 1260 5495 contra
1288 5438 1426 5508 juris
1456 5438 1702 5491 ordinem
1745 5434 1814 5489 ab
1857 5435 1978 5503 ipso

363 5530 618 5604 Syagrio.
659 5532 1020 5602 inspectionis
1065 5530 1404 5602 subjectam,
1464 5529 1712 5601 ejusdem
1765 5526 1979 5598 Syagrii

358 5623 740 5697 jurisdictioni
795 5623 1076 5680 subditam.
1120 5633 1230 5678 tota
1285 5624 1522 5694 epistola
1581 5621 1728 5677 tradi
1773 5619 1986 5674 domini

365 5718 664 5776 Ballerinii.
713 5728 980 5775 asserunt.
1045 5716 1301 5773 Indicium
1368 5726 1548 5771 tamen
1604 5715 1986 5770 Veronensenr

368 5829 487 5869 non
520 5810 716 5879 fuisse,
754 5809 1621 5882 pluratad.ltocdemonstrandum
1653 5806 1984 5879 primolibro

2082 3284 2161 3338 In,
2195 3287 2422 3343 Scholia
2453 3291 2532 3345 (ιώ
2566 3292 2602 3345 2
2649 3308 2898 3348 canonem
2948 3295 3154 3348 cottcilii
3193 3292 3502 3368 Constant.)
3548 3295 3687 3365 quod

2081 3383 2450 3452 episcoporum
2495 3386 2565 3440 ad
2619 3387 2815 3442 alienas
2876 3386 3134 3441 Ecclesias
3199 3389 3504 3460 demigratio
3526 3430 3540 3454 ,
3597 3406 3686 3444 seu

2081 3473 2378 3530 alienarum
2428 3475 2782 3534 Ecclesiarum
2831 3482 3000 3551 quoad
3017 3480 3242 3553 judicia,
3297 3482 3684 3547 ordinationes,

2079 3578 2170 3620 aut
2204 3573 2436 3639 quamvis
2465 3574 2959 3629 administrationem
2997 3576 3060 3629 sit
3099 3576 3368 3629 interdicta
3407 3576 3479 3629 ad
3514 3577 3689 3630 exclu-

2080 3662 2306 3717 dendum
2347 3675 2600 3721 vetustum
2642 3685 2832 3722 morem
2860 3670 3131 3723 toleratam
3162 3669 3284 3723 olim
3315 3685 3475 3722 causa
3506 3669 3685 3723 Genti-

2079 3756 2218 3810 lium.
2252 3762 2684 3828 persecutionum.
2737 3761 3016 3816 Gentilium
3061 3763 3445 3832 persecutiones
3472 3762 3689 3831 jamdu-

2079 3849 2206 3902 dum
2227 3852 2465 3906 extincta:
2493 3864 2659 3921 erant,
2693 3865 2740 3910 et
2770 3872 2834 3909 ex
2859 3873 3035 3910 earum
3076 3856 3384 3910 necessitate
3415 3857 3689 3910 toleratam

2078 3954 2295 3999 mortem
2341 3947 2657 4018 jampridem
2711 3949 2994 4004 excluserat
3048 3947 3266 4003 Nicama
3318 3952 3544 4020 synodus
3597 3965 3689 4020 per

2077 4050 2319 4109 quartum
2379 4051 2426 4095 et
2493 4054 2693 4097 sextum
2759 4059 3047 4110 canonem-,
3093 4045 3486 4112 confirmatum,
3536 4055 3686 4112 atque

2077 4134 2377 4188 innovatum
2404 4153 2438 4188 ιι
2467 4138 2615 4190 tertio
2648 4137 2966 4192 Sardicensi.
3012 4136 3182 4206 Hujus
3222 4139 3436 4192 concilii
3477 4153 3688 4194 canone

2081 4241 2198 4292 xiv,
2231 4228 2343 4282 sola
2386 4230 2720 4298 permittitur
2750 4230 3046 4299 appellatio
3075 4231 3140 4298 ad
3170 4229 3681 4297 Metropolitanum,

2079 4318 2130 4372 ei
2159 4319 2251 4387 qui
2281 4335 2341 4374 se
2369 4320 2438 4373 ab
2464 4319 2755 4375 Ordinario
2782 4321 2978 4391 injuste
3005 4321 3528 4376 excommunit-atum
3556 4341 3683 4379 cau.

2077 4417 2248 4463 setur.
2295 4410 2395 4477 Qui
2439 4410 2662 4483 ejicitur,
2696 4420 2990 4480 potestatem
3013 4409 3193 4464 habeat
3242 4413 3570 4483 confugiendi
3611 4416 3681 4468 ad

2079 4503 2386 4568 cpiscOpum-
2403 4501 2708 4572 Metropolis
2733 4503 2956 4573 ejusdem
2979 4502 3290 4571 provincite;
3316 4504 3526 4559 interim
3555 4505 3682 4560 dum

2000 4574 2463 4662 Dappellationis
2495 4593 2758 4664 judicium
2799 4597 2976 4666 agitur
3005 4594 3268 4651 ordinarii
3312 4596 3464 4650 firma
3507 4608 3686 4655 stante

2082 4687 2388 4754 sententia,
2422 4687 2595 4742 donec
2634 4688 2880 4758 legitime
2921 4689 3189 4744 sententia
3212 4691 3276 4743 inv
3304 4692 3552 4746 secunda
3575 4693 3687 4747 ius-

2085 4783 2254 4836 tantia
2295 4783 2400 4836 lata
2442 4781 2623 4837 fuerit.
2659 4782 3172 4851 Priusquam-autem
3211 4784 3505 4854 diligenter,
3536 4797 3600 4840 er
3624 4803 3690 4842 ea:

2085 4876 2188 4943 [ide
2211 4878 2416 4948 singula
2438 4879 2734 4932 examinata
2758 4879 2981 4949 fuerint,
3015 4878 3110 4949 qui
3144 4879 3560 4934 communionem
3581 4899 3688 4938 non

2088 4967 2271 5035 habet,
2319 4985 2428 5022 non
2463 4969 2610 5023 debet
2653 4979 2780 5024 ante.
2814 4972 2903 5025 rei
2931 4970 3273 5041 cognitionem
3319 4970 3428 5024 sibi
3456 4987 3688 5027 comma-

2089 5061 2294 5115 nionem
2319 5076 2582 5129 arrogare.
2613 5053 2749 5128 ριιέ
2775 5061 2955 5115 omnia
2987 5061 3231 5116 secundo
3271 5075 3480 5118 canone
3510 5061 3688 5119 Cons-

2086 5152 2522 5224 ta‘ntinopolitani
2565 5153 2786 5209 concilii
2825 5170 2968 5210 anno
3010 5154 3224 5211 Christi-
3251 5155 3354 5213 δεῖ
3385 5158 3685 5228 celebrati,

2084 5246 2331 5302 innovari
2358 5253 2510 5301 notat
2538 5246 2679 5301 idem
2711 5247 2912 5317 Lupus.

2156 5339 2269 5406 Qua
2310 5337 2378 5395 de
2417 5355 2509 5407 re,
2552 5354 2674 5395 cum
2704 5349 2760 5397 et
2789 5341 2849 5395 Β.
2883 5343 3154 5399 Ambrosii
3185 5354 3344 5400 aetate
3378 5347 3496 5400 lucc
3521 5345 3690 5401 disci:

2089 5430 2234 5501 plina
2283 5432 2521 5503 vigeret,
2574 5432 2846 5502 quomodo
2896 5433 3037 5488 idem
3088 5434 3409 5491 Ambrosius
3463 5435 3690 5507 Syagrio

2089 5540 2415 5582 succensere
2452 5533 2740 5595 potuerat:
2785 5524 2861 5579 Tu
2900 5537 3070 5580 autem
3112 5530 3221 5582 sine
3260 5530 3488 5582 atterius-
3513 5529 3694 5597 fratris

2093 5620 2312 5674 consilio
2344 5619 2839 5691 ltoc'judicinm-tibi
2865 5618 3330 5689 soli-judicandum
3361 5619 3576 5688 putaris.
3633 5619 3693 5674 Si

2093 5713 2311 5769 subdita
2338 5710 2551 5784 Syagrii
2589 5712 2781 5770 luisset
2807 5711 3054 5767 Indicia?
3091 5713 3274 5770 Potuit
3313 5712 3540 5779 quidem
3560 5711 3703 5779 Sya-

2094 5806 2245 5878 g-rius
2264 5851 2278 5879 ,
2309 5815 2367 5864 et
2393 5807 2446 5860 in
2475 5821 2584 5863 non
2609 5806 2876 5864 subditam
2901 5803 3166 5874 judicium
3193 5815 3456 5861 exercere
3482 5811 3711 5874 propter
