4198 6160
623 247 717 302 711

1761 247 1849 303 DE
1898 246 2144 306 SANCTI
2181 242 2469 305 ZENONIS
2511 249 2784 307 EPOCllA

3821 249 3918 303 7l2

620 360 875 415 delictum
897 401 910 422 .
951 367 1008 414 ut
1043 357 1337 422 ferebatur,
1381 357 1609 415 Verona:
1649 360 2021 415 commissum.
2057 361 2126 415 At
2153 360 2220 414 il-
2251 364 2303 420 Α
2335 363 2514 430 tibus,
2548 359 3225 430 confabulationibusque,
3286 373 3348 414 ac
3390 358 3530 414 ludis
3575 358 3914 426 abhorreret;

620 454 728 510 lum
767 452 1112 525 reprehendit
1157 452 1477 508 Ambrosius
1501 495 1516 518 ,
1557 454 1699 525 quod
1731 455 1850 510 sine
1879 455 2108 509 consilio
2139 456 2220 510 al-

621 545 789 600 terius
816 544 996 600 fratris
1023 544 1222 616 (semet
1250 544 1494 600 modeste
1526 546 1778 616 innitens)
1806 546 2066 616 judicium
2096 561 2223 616 age-

616 646 718 693 ret.
752 637 901 691 Licet
932 636 1074 691 enim
1106 636 1318 692 ratione
1351 637 1547 706 patrati
1591 638 1764 708 stupri
1807 638 2006 694 Indicia
2051 638 2222 708 ipsius

614 727 822 799 Syagrii
855 726 1250 798 jurisdictionis
1289 728 1646 795 subderetur;
1691 739 1929 786 attamen
1965 745 2086 785 cum
2119 745 2219 784 ex-

617 831 728 878 tera
771 831 948 889 esset,
996 830 1054 876 ut
1095 821 1263 892 ipsius
1307 823 1472 878 vitam
1522 838 1585 879 ac
1631 838 1814 880 mores
1856 832 2217 895 agnosceret,

615 914 902 970 consilium
936 912 1163 985 Syagrio
1189 914 1552 984 expetendum
1583 914 1685 970 fuit
1725 915 1792 970 ab
1840 915 1961 985 ipso
2004 914 2221 985 potissi-

616 1022 761 1062 mum
783 1005 1103 1071 Ambrosio,
1147 1007 1232 1060 cui
1277 1016 1404 1060 nota
1453 1015 1573 1062 erat
1621 1004 1844 1062 indicia.
1899 1005 2058 1061 Nulla
2111 1005 2220 1062 alia

615 1099 752 1154 ratio
796 1097 1241 1168 reprehensionis
1289 1096 1450 1169 hujus
1493 1097 1688 1154 adduci
1738 1108 1937 1169 potest.
1987 1098 2122 1154 Nam
2171 1097 2221 1152 si

621 1192 948 1248 Veronensis
997 1191 1186 1247 fuisset
1233 1192 1423 1262 virgo,
1475 1200 1533 1247 ut
1589 1191 1729 1248 falso
1774 1192 2060 1263 putabatur
2104 1201 2220 1246 stu-

615 1295 764 1354 prata
785 1327 798 1349 ,
842 1293 896 1339 et
933 1283 1034 1354 ipsi
1073 1282 1302 1354 Syagrio
1340 1293 1466 1339 nota
1492 1326 1505 1346 ,
1537 1299 1635 1340 cur
1663 1285 1732 1340 ab
1774 1284 1895 1340 aliis
1926 1283 2116 1339 notitia
2149 1283 2220 1340 de

613 1377 705 1432 illa
732 1376 1061 1448 exquirenda
1088 1377 1241 1432 erat?
1271 1377 1345 1432 De
1371 1376 1473 1432 bac
1500 1377 1687 1431 notitia
1716 1391 1878 1448 agere
1906 1377 1964 1432 S.
1991 1375 2221 1432 Ambro-

612 1471 752 1524 sium
797 1485 864 1526 ex
893 1469 1060 1538 ipsius
1090 1469 1336 1538 epistola:
1367 1469 1547 1525 verbis
1579 1469 1921 1524 manifestum
1950 1477 2064 1532 est,
2093 1483 2217 1522 cum

614 1561 752 1618 hanc
782 1561 1026 1624 notitiam
1069 1561 1298 1632 Syagrio
1343 1563 1621 1632 pra-beat,
1675 1561 2112 1617 benedictionem
2165 1567 2221 1615 et

610 1656 1100 1712 sanctificationem
1127 1654 1367 1711 Zenonis
1397 1669 1496 1726 pro
1523 1654 1725 1710 Indicia
1759 1653 2026 1726 allegans,
2064 1654 2215 1723 ejus-

2326 463 2488 521 atque
2519 463 2578 508 ut
2611 454 2724 508 Deo
2756 461 2973 508 vacaret
3002 453 3162 507 etiam
3204 451 3258 506 in
3288 465 3419 522 agro
3449 466 3563 506 suae
3592 453 3914 508 consortium

2323 543 2610 600 affinitatis
2638 543 2954 615 refugisset,
2979 553 3033 598 et
3054 543 3191 599 forte
3215 542 3428 598 Maximi
3458 543 3728 599 licentiam
3749 584 3762 609 ,
3783 544 3915 614 quod

2324 636 2554 691 innuere
2601 635 2815 691 videtur
2858 633 3217 699 Ambrosius,
3261 633 3502 700 addens,
3549 635 3753 705 aliaque
3794 635 3913 705 proli

2326 727 2511 782 dolor!
2553 727 2735 796 Quare
2781 727 3047 781 Maximus
3091 727 3218 782 odio
3259 725 3311 781 in
3357 725 3612 781 Indiciam
3659 725 3911 796 ﬂagrans,

2324 819 2583 876 conﬂavit
2608 821 2933 876 calumniam
2955 863 2970 887 ,
2999 822 3154 891 cujus
3197 821 3434 877 fautores
3462 821 3646 876 habuit
3678 837 3802 887 eos,
3831 822 3912 892 qui

2323 912 2550 983 virginis
2580 912 2802 968 Indicia:
2827 914 3185 976 continentia.
3218 928 3282 968 ac
3302 913 3643 969 smcularium
3688 929 3912 977 consuc-

2325 1003 2569 1060 tudinum
2600 1004 2722 1076 fuga
2753 1005 2944 1062 oﬂ‘ensi
2970 1016 3144 1060 erant.
3182 1005 3321 1060 Nam
3352 1015 3398 1060 et
3441 1006 3522 1059 hic
3559 1007 3778 1061 vidimus
3819 1007 3911 1061 du-

2323 1097 2483 1161 dum,
2515 1109 2562 1153 et
2592 1098 2700 1152 illic
2729 1115 2838 1154 esse
2865 1099 3208 1168 comperimus
3227 1139 3244 1164 ,
3287 1099 3375 1168 qui
3415 1099 3748 1167 compositam
3789 1100 3912 1152 lnmc

2321 1199 2606 1260 querantur
2633 1191 2985 1258 calumniam,
3030 1207 3156 1261 quos
3196 1191 3339 1245 aiunt
3361 1233 3375 1257 ,
3409 1199 3454 1245 et
3485 1189 3706 1258 o/I'ensos
3736 1190 3914 1260 favisse

2325 1280 2592 1349 Maximo,
2624 1282 2761 1353 quod
2800 1283 2899 1336 ista
2946 1286 3086 1354 virgo
3113 1300 3216 1336 non
3254 1284 3533 1338 circumeat
3573 1284 3749 1338 domos
3771 1323 3787 1348 ,
3827 1300 3912 1338 nec

2321 1390 2501 1428 eorum
2528 1385 2786 1430 matronas
2815 1376 3033 1441 salutet,
3057 1386 3208 1445 atque
3232 1375 3442 1429 ambiat.
3472 1375 3550 1430 Ita
3579 1375 3910 1430 Ambrosius.

2320 1464 2478 1521 Nulla
2523 1465 2610 1522 hic
2651 1467 2720 1522 de
2761 1483 2820 1522 re
2861 1466 3116 1522 familiari
3158 1467 3360 1522 mentio
3389 1468 3480 1533 fit;
3525 1479 3850 1539 quapr0pter
3871 1470 3912 1524 si

2321 1558 2593 1615 Ambrosii
2639 1559 2800 1614 verba
2851 1560 3070 1630 proprio
3116 1559 3464 1630 inspiciamus
3499 1568 3759 1630 aspectu,
3804 1560 3914 1616 haec

2319 1649 2450 1707 facti
2484 1653 2640 1723 hujus
2673 1653 2872 1708 veritas
2901 1653 3244 1722 apertissime
3272 1669 3337 1708 ex
3370 1654 3502 1722 ipsis
3529 1655 3707 1710 verbis
3735 1669 3911 1710 emer-

609 1767 716 1822 que
764 1752 1029 1806 innocuos
1079 1763 1261 1804 mores
1313 1749 1551 1803 textibus
1589 1747 1980 1818 comprobans,
2012 1756 2068 1801 at
2106 1762 2212 1801 non
2243 1745 2414 1819 Bgit.
2469 1745 2700 1812 Indicia,
2753 1760 2873 1816 qua:
2912 1745 3132 1812 Romae,
3184 1755 3238 1802 et
3283 1745 3408 1801 alibi
3458 1745 3628 1804 multo
3675 1756 3913 1817 tempore

610 1843 1052 1906 Veronensibus,
1085 1841 1180 1896 sed
1209 1841 1444 1907 exteris,
1479 1849 1537 1893 ut
1564 1839 1756 1895 eodem
1790 1840 1850 1894 ll
1882 1839 2060 1907 capite
2099 1837 2217 1908 plu-

609 1935 760 1991 ribus
789 1933 1000 1990 ostendi
1034 1932 1170 2005 (lib.
1203 1948 1220 1986 ι
1261 1932 1324 1986 de
1379 1931 1554 1987 Serm.
1590 1931 1650 1986 S.
1683 1929 1816 1984 Zen.
1845 1930 1884 2001 ).
1929 1929 2048 1986 Non
2085 1943 2216 2000 ergo

610 2025 940 2084 Veronensis
962 2024 1162 2080 Indicia
1191 2022 1310 2078 fuit.

678 2119 857 2190 Ipsum
901 2132 1033 2173 vero
1076 2117 1137 2172 D.
1183 2114 1457 2171 Ambrosii
1501 2121 1710 2170 textum
1752 2113 1986 2168 afferunt
2029 2113 2213 2169 eximii

605 2211 881 2269 Ballerinii
903 2252 917 2278 ,
950 2224 1058 2279 quo
1085 2207 1391 2264 evidentius
1420 2217 1672 2286 constare
1699 2206 1887 2263 dicunt
1905 2248 1921 2274 ,
1955 2207 2210 2264 lndiciam

609 2306 977 2363 Veronensem
1008 2303 1194 2358 fuisse.
1229 2301 1368 2368 Quid
1396 2300 1441 2355 si
1466 2317 1530 2357 ea:
1557 2301 1621 2356 iis
1647 2301 1777 2372 ipsis
1800 2342 1817 2369 ,
1848 2317 1962 2371 qua:
2006 2303 2059 2356 in
2088 2301 2212 2355 Am-

606 2400 764 2458 brosii
806 2397 1024 2469 epistola
1065 2408 1346 2452 narrantur
1373 2441 1388 2464 ,
1451 2397 1704 2452 Indiciam
1756 2397 2006 2468 virginem
2053 2396 2211 2452 Vero-

606 2513 814 2553 nensem
859 2495 1020 2567 fuisse
1060 2493 1370 2549 luculentius
1414 2492 1814 2564 conﬁrmemus?
1842 2491 2047 2547 Etenim
2090 2491 2210 2547 Ma-

603 2591 774 2644 ximus
819 2589 1012 2643 sororis
1062 2587 1140 2642 air
1194 2598 1466 2657 postquam
1515 2587 1604 2640 lite
1655 2586 1900 2641 adversus
1945 2585 2208 2641 Indicium

607 2691 744 2736 mota
770 2682 833 2735 de
858 2679 1164 2750 quibusdam
1195 2679 1370 2733 bonis.
1391 2719 1406 2734 .
1428 2678 1631 2747 judicia
1664 2687 2013 2734 attentasset.
2049 2719 2061 2732 .
2091 2696 2207 2734 cum

608 2773 926 2828 vehementer
963 2780 1233 2843 angeretur
1264 2810 1276 2825 .
1312 2812 1325 2825 .
1381 2771 1523 2840 quod
1558 2771 1719 2842 Virgo
1767 2771 1822 2826 in
1864 2787 1994 2842 agro
2032 2773 2207 2828 affini-

606 2866 731 2921 tatis
757 2879 870 2919 sua:
900 2862 1187 2934 refugisset
1216 2863 1551 2918 consortium
1570 2905 1584 2928 ,
1618 2878 1772 2918 muro
1801 2863 2088 2933 interjecto
2121 2864 2139 2936 (
2150 2865 2206 2918 in

605 2957 782 3013 eadem
812 2956 983 3027 utique
1025 2953 1210 3025 domo)
1256 2953 1516 3010 discretas
1560 2954 1707 3010 mdes
1753 2955 1939 3010 uxoris
1981 2971 2096 3010 sua:
2140 2970 2204 3011 ac

605 3051 862 3122 virginis,
904 3049 1238 3119 divi~amque
1263 3048 1638 3119 germanitatis
1678 3050 1820 3105 inter
1850 3063 2069 3105 sorores
2114 3064 2203 3105 so-

2322 1842 2453 1908 luit,
2505 1851 2562 1896 ut
2608 1857 2675 1896 ex
2725 1839 2883 1910 hujus
2924 1839 3170 1911 epistola:
3211 1849 3391 1907 textu,
3434 1855 3498 1896 ac
3535 1856 3602 1897 ex
3647 1841 3752 1906 iis,
3799 1857 3911 1911 qua:

2318 1932 2454 1988 alias
2485 1931 2876 2002 expendimus,
2907 1940 3118 2005 constat
3140 1973 3153 1997 ,
3193 1932 3456 1987 Veronam
3497 1947 3558 1988 se
3592 1931 3876 1989 conferens
3897 1974 3910 2000 ,

2319 2035 2377 2079 ut
2402 2025 2544 2096 apud
2576 2039 2818 2080 sororem
2850 2024 3116 2080 habitaret
3139 2066 3152 2090 ,
3183 2025 3492 2097 contiguam
3524 2025 3708 2082 domui
3749 2027 3910 2082 Maxi-

2317 2119 2413 2186 mi,
2446 2118 2566 2189 ipso
2595 2117 3204 2174 consentienledomum
3225 2118 3489 2173 conduxit
3514 2127 3705 2188 aperto
3736 2135 3908 2184 tnuro,

2316 2223 2408 2280 ut,
2444 2227 2721 2268 accessum
2751 2212 2818 2266 ad
2849 2227 3094 2269 sororem
3127 2212 3333 2268 habens
3352 2254 3366 2279 ,
3389 2201 3578 2283 posset
3609 2223 3718 2270 tam
3749 2215 3910 2270 libere

2312 2322 2495 2364 secum
2549 2307 2824 2371 habitare,
2874 2309 3066 2364 nolens
3111 2309 3163 2363 in
3210 2308 3374 2364 domo
3420 2311 3635 2381 cognati
3685 2311 3908 2367 aliorum

2311 2399 2706 2455 consuetudine
2744 2399 3010 2468 distrahi,
3040 2416 3210 2471 quare
3241 2416 3342 2456 nec
3373 2402 3487 2457 ruri
3517 2417 3638 2456 cum
3683 2403 3909 2458 Maximo

2310 2508 2435 2549 esse
2460 2495 2647 2549 voluit.
2675 2493 3020 2550 Continentia
3051 2493 3266 2551 Indicia:
3292 2495 3515 2566 virginis
3542 2496 3785 2553 offensus
3808 2498 3911 2556 hla-

2310 2585 2488 2640 ximus
2521 2585 2693 2656 primo
2719 2586 2970 2658 jurgatus
2992 2629 3005 2653 ,
3039 2597 3096 2643 ut
3140 2588 3370 2655 videtur,
3424 2601 3646 2660 propter
3685 2593 3908 2648 liberum

2309 2676 2526 2733 Indicia:
2553 2694 2832 2735 accessum
2876 2696 2906 2735 e
2947 2695 3043 2736 sua
3076 2682 3128 2736 in
3161 2681 3382 2738 domum
3414 2685 3600 2740 uxoris
3622 2725 3639 2751 ,
3676 2697 3790 2742 tum
3819 2702 3908 2741 ac-

2307 2769 2456 2824 tione
2479 2769 2725 2840 judiciali
2761 2772 3016 2826 intentata
3043 2813 3056 2838 ,
3099 2773 3183 2828 cui
3223 2775 3569 2830 occasionem
3609 2792 3912 2833 consensus

2307 2865 2584 2934 prrestitus
2612 2864 2679 2920 de
2707 2865 3005 2934 aperiendo
3033 2881 3186 2922 muro
3215 2883 3244 2920 a
3277 2868 3512 2924 Maximo
3539 2870 3674 2926 dare
3703 2873 3910 2943 potuit,

2307 2972 2462 3013 muro
2506 2957 2776 3013 obstruxit
2819 2959 3061 3024 aditum,
3106 2975 3438 3031 uxoremque
3482 2963 3800 3033 prohibuit,
3849 2980 3911 3020 ne

2307 3048 2373 3103 ad
2413 3064 2658 3106 sororem
2698 3049 2957 3108 Indiciam
2995 3051 3318 3120 accederet,
3359 3070 3508 3126 aegro
3544 3055 3595 3111 id
3651 3057 3795 3114 forte
3835 3058 3912 3112 fe—

603 3143 855 3200 cietatem
888 3183 900 3196 .
933 3182 947 3196 .
974 3158 1084 3197 esse
1103 3143 1336 3213 jusserat
1368 3183 1380 3194 .
1413 3183 1425 3196 .
1455 3143 1592 3213 quod
1621 3152 1974 3213 argumentum
2001 3152 2077 3196 est
2104 3142 2204 3197 evi-
2229 3131 2276 3195 C
2312 3153 2466 3201 rente
2509 3145 2692 3200 animo
2750 3147 2862 3216 ipsa
2909 3162 3080 3203 uxore
3134 3164 3253 3203 sua.
3288 3149 3514 3205 Demum
3558 3153 3610 3207 in
3655 3153 3908 3210 lndiciam

605 3237 731 3292 dens
749 3277 764 3304 ,
811 3236 996 3291 media:
1025 3236 1208 3290 domus
1237 3243 1436 3306 partem
1463 3233 1531 3288 ad
1560 3232 1818 3288 Indiciam
1845 3244 2136 3307 spectasse;
2162 3236 2208 3290 si

604 3333 740 3388 enim
778 3348 844 3387 ea:
882 3331 988 3385 alia
1030 3330 1154 3384 urbe
1189 3328 1444 3384 Veronam
1472 3328 1790 3394 advenisset,
1823 3327 2084 3383 Maximus
2113 3345 2206 3398 pro

605 3423 780 3479 hostili
797 3463 812 3490 ,
854 3433 901 3477 et
941 3439 1120 3477 averso
1150 3423 1203 3476 in
1229 3422 1378 3476 illam
1405 3421 1580 3476 animo
1601 3463 1615 3488 ,
1647 3438 1760 3476 eam
1790 3420 1942 3475 domo
1964 3463 1979 3486 ,
2009 3431 2058 3476 et
2085 3421 2208 3476 urbe

603 3515 822 3588 pellere,
867 3531 928 3569 ac
963 3515 1017 3568 in
1059 3531 1206 3568 suam
1249 3515 1470 3585 patriam
1510 3515 1766 3569 remittere
1820 3514 2084 3585 potuisset.
2127 3514 2204 3570 Ita

603 3625 671 3666 ex
705 3609 823 3680 ipso
851 3608 914 3664 D.
941 3607 1213 3664 Ambrosii
1239 3616 1386 3663 textu
1416 3607 1663 3678 praeclari
1693 3607 1793 3663 viri
1824 3615 2208 3679 argumentan-

605 3712 711 3760 tur.
741 3702 798 3759 Si
828 3717 960 3758 vero
986 3700 1236 3758 eumdem
1265 3710 1474 3758 textum
1505 3701 1572 3757 ad
1602 3715 1828 3757 examen
1859 3715 2202 3768 revocemus,

602 3813 712 3854 non
741 3797 804 3868 de
829 3795 1130 3864 quibusdam
1153 3795 1298 3850 bonis
1320 3795 1606 3852 Maximum
1631 3794 1832 3865 judicio
1857 3809 1980 3850 cum
2003 3793 2204 3850 Indicia

600 3887 967 3957 contendisse,
1001 3904 1176 3960 neque
1203 3887 1392 3944 eadem
1431 3888 1596 3944 fuisse
1637 3885 1887 3952 domum,
1921 3886 2204 3956 interjecto

601 3996 760 4038 muro
789 3981 857 4037 ab
883 3980 1074 4037 eodem
1101 3980 1337 4036 Maximo
1364 3979 1580 4036 Indicia:
1611 3988 1841 4047 cognato
1866 3962 2094 4033 divisam
2127 3978 2204 4032 fa-

599 4075 702 4130 cile
729 4073 1150 4145 competiemus.
1186 4072 1455 4144 lntegrum
1490 4072 1550 4126 Ι).
1586 4070 1856 4127 Ambrosii
1888 4079 2090 4126 textum
2122 4071 2202 4126 af-

601 4168 862 4226 feramus.
907 4166 978 4222 Te
1019 4168 1178 4222 miror
1205 4165 1530 4238 Frater(ita
1573 4165 1892 4221 Ambrosius
1929 4163 2200 4237 Syagrio)

597 4263 687 4333 qui
717 4269 985 4331 tantopere
1008 4259 1255 4330 defendas
1285 4255 1577 4313 Maximum
1608 4273 1709 4312 non
1739 4258 1898 4326 fuisse
1937 4267 2199 4312 accusato-

598 4368 736 4419 rem,
778 4353 868 4407 sed
907 4351 1133 4422 parentis
1174 4349 1354 4404 dolore
1379 4350 1605 4405 doluisse
1633 4349 1878 4404 invidiam
1910 4349 2080 4420 sparsi
2107 4366 2197 4403 ru-

600 4443 788 4506 moris,
833 4459 949 4498 cum
987 4443 1076 4498 ille
1102 4459 1157 4498 se
1185 4442 1484 4510 inimicum,
1517 4451 1564 4497 et
1591 4441 1943 4498 adversarium
1969 4442 2196 4515 litigato-

597 4553 707 4592 rem
735 4537 1000 4608 proposito
1016 4538 1131 4610 jam
1149 4535 1328 4607 jurgio
1357 4552 1544 4608 negare
1573 4551 1672 4588 non
1705 4537 1922 4605 potuerit
1948 4535 2192 4589 adversus
2216 4515 2272 4576 Ῑ)

596 4647 796 4687 sacram
835 4629 1080 4704 uirginem
1121 4629 1327 4702 judicia
1367 4629 1722 4695 attentavisse,
1767 4643 2011 4698 muroque
2037 4629 2197 4681 inter-

592 4725 729 4795 jecto
772 4722 1018 4776 discretas
1064 4719 1199 4774 ardes
1243 4723 1420 4774 uxoris
1463 4734 1590 4785 suae,
1631 4728 1678 4772 et
1732 4719 1943 4787 virginis
1985 4718 2198 4775 divisam

595 4814 945 4884 germanitatis
971 4813 1108 4866 inter
1130 4826 1330 4865 sorores
1360 4809 1684 4875 societatem,
1715 4810 1919 4878 aliaque
1950 4812 2080 4880 proh
2106 4813 2197 4868 do-

597 4906 722 4961 lor!
759 4915 804 4959 et
840 4904 979 4976 quod
1024 4901 1188 4973 Virgo
1219 4903 1271 4956 in
1309 4917 1435 4974 agro
1472 4901 1732 4972 affinitatis
1771 4919 1880 4958 sua:
1924 4906 2197 4976 refugisset

595 4996 930 5052 consortium.
963 4992 1307 5050 Inimicitiam
1363 4991 1580 5048 Maximi
1639 4993 1830 5065 probat
1875 5010 1941 5051 ex
1987 4995 2191 5068 jurgio,

595 5089 859 5160 proposito
900 5091 1015 5160 jam
1050 5086 1266 5160 jurgio,
1315 5094 1371 5143 et
1415 5086 1610 5152 divisa,
1641 5103 1886 5160 muroque
1905 5089 2191 5162 interjecto,

593 5179 858 5236 societate
903 5180 1037 5235 inter
1110 5195 1344 5247 sorores,
1395 5188 1452 5237 et
1495 5179 1898 5238 cohabitatione
1948 5183 2196 5238 discretas

591 5273 747 5330 (edes.
780 5271 837 5330 Si
877 5271 946 5328 de
986 5271 1146 5328 bonis
1182 5271 1326 5329 civili
1366 5271 1574 5344 judicio
1599 5282 1776 5330 actum
1807 5284 1988 5341 esset,
2019 5276 2195 5330 inimi-

590 5367 773 5422 citiam
806 5376 1031 5438 propter
1058 5365 1378 5422 intentatam
1408 5366 1556 5422 litem
1587 5367 1818 5436 probare
1847 5383 1956 5422 non
1987 5366 2194 5438 potuis-

590 5468 677 5516 set
705 5461 1046 5516 Ambrosius.
1079 5458 1179 5515 Jus
1208 5459 1410 5516 etenim
1442 5473 1600 5514 suum
1629 5459 1774 5514 civili
1815 5460 2030 5515 actione
2071 5475 2195 5530 pro-

589 5553 743 5623 sequi
777 5552 1045 5609 infensum
1074 5552 1351 5617 animum,
1385 5567 1481 5608 seu
1511 5552 1694 5608 odium
1735 5553 1955 5610 minime
1996 5557 2190 5626 arguit.

589 5645 658 5700 At
685 5661 749 5702 ex
781 5661 849 5702 eo
881 5644 1163 5701 inimicum
1195 5628 1537 5700 demonSIrat
1560 5643 1872 5706 Maximum,
1905 5646 2048 5716 quod
2071 5662 2192 5704 cum

584 5737 782 5795 indicia
837 5735 987 5807 virgo
1029 5738 1302 5812 propositi
1337 5749 1494 5798 tenax
1520 5753 1551 5796 a
1577 5739 1927 5798 saecularibus
1956 5755 2200 5801 convena

2311 3236 2486 3308 stupri
2515 3237 2840 3296 calumniam
2873 3240 3153 3296 conflavit.
3187 3240 3314 3296 llaec
3352 3257 3420 3297 ex
3461 3243 3562 3311 iis,
3591 3262 3736 3316 .qua:
3775 3245 3911 3314 apud

2310 3327 2658 3385 Ambrosium
2689 3330 2968 3399 leguntur,
3001 3333 3161 3387 obvio
3188 3325 3476 3405 emergunt
3514 3351 3706 3394 sensu.
3746 3339 3914 3393 Cazte-

2309 3438 2429 3478 rum
2474 3423 2622 3479 litem
2667 3424 2735 3479 de
2777 3425 3100 3495 quibusdam
3147 3426 3300 3482 bonis
3325 3467 3339 3491 .
3369 3443 3431 3483 ac
3460 3445 3626 3486 unam
3657 3446 3784 3488 esse
3823 3432 3916 3486 do-

2310 3532 2457 3573 mum
2485 3533 2516 3574 a
2547 3517 2779 3572 Maximo
2803 3517 3033 3574 divisam
3060 3519 3245 3577 dicere
3272 3521 3515 3579 divinare
3543 3536 3655 3582 est.
3687 3527 3746 3582 Si
3775 3528 3912 3582 enim

2308 3625 2562 3682 reponas,
2592 3611 2737 3666 nulla
2761 3627 2897 3682 opus
2923 3612 3091 3670 fuisse
3121 3614 3214 3670 lite
3239 3615 3305 3670 ad
3332 3616 3738 3677 obstruendum
3766 3635 3916 3676 muro

2308 3704 2510 3760 aditum
2535 3747 2549 3772 ,
2580 3705 2623 3760 si
2653 3705 2775 3762 duae
2814 3704 3047 3764 fuissent
3089 3707 3283 3764 domus
3323 3725 3447 3769 cum
3486 3711 3761 3770 Maximus
3798 3728 3916 3785 pro-

2307 3797 2428 3866 prio
2470 3797 2698 3853 arbitrio
2742 3797 2795 3853 id
2840 3799 3020 3856 facere
3063 3802 3348 3869 potuisset.
3393 3803 3462 3859 At
3501 3807 3637 3876 quid
3687 3809 3735 3862 si
3784 3806 3918 3862 forte

2307 3891 2589 3946 attentavit
2619 3889 2794 3947 facere
2821 3933 2836 3957 ,
2868 3903 2923 3948 et
2953 3909 3019 3949 ex
3059 3908 3278 3950 suorum
3301 3938 3315 3962 ,
3357 3908 3409 3953 et
3436 3899 3662 3954 lndicim
3692 3900 3920 3956 familiac

2306 3981 2444 4036 rium
2498 3983 2840 4051 resistentia,
2890 4001 2992 4055 qua
3032 3985 3268 4058 jurginm
3312 3991 3381 4044 ab
3428 3991 3732 4049 Ambrosio
3775 4009 3918 4048 com-

2305 4085 2664 4130 memoratum
2692 4086 2870 4132 ortum
2902 4077 3069 4134 fuisse
3099 4080 3334 4145 videtur,
3368 4081 3435 4138 ad
3471 4083 3686 4154 judicia
3728 4087 3917 4142 cotifn-

2302 4184 2433 4238 gere
2477 4184 2700 4226 necesse
2742 4169 2944 4226 fuerit?
2989 4171 3045 4228 Si
3092 4189 3225 4229 vero
3272 4174 3390 4232 haec
3433 4192 3540 4234 non
3591 4181 3915 4250 probentur,

2304 4261 2484 4316 minus
2507 4276 2570 4316 ea
2600 4261 2874 4331 probanda
2904 4265 3338 4322 esse‘dicendum
3361 4308 3375 4333 ,
3403 4285 3525 4339 qua:
3558 4272 3717 4328 nullo
3746 4280 3919 4326 textus

2299 4351 2664 4422 adstipulante
2702 4354 2960 4428 suffragio
2998 4359 3299 4429 excogitata
3343 4373 3699 4431 promuntur.
3747 4363 3917 4420 Litem

2298 4444 2476 4515 jurgio
2515 4456 2755 4503 exortam
2799 4453 3060 4520 proposito
3094 4453 3206 4522 jam
3247 4455 3438 4525 iurgio,
3480 4465 3539 4512 et
3580 4459 3917 4528 prohibitum

2300 4548 2504 4594 tantum
2536 4539 2748 4596 Indicia:
2787 4557 3062 4600 accessum
3090 4544 3372 4617 interjecto
3404 4564 3563 4606 muro
3590 4551 3662 4606 ad
3696 4566 3917 4608 uxorem

2299 4632 2517 4700 dicere,
2565 4634 2710 4690 nulla
2757 4635 2827 4692 de
2870 4652 2928 4693 re
2965 4637 3216 4694 familiari
3261 4642 3540 4699 mentione
3583 4644 3769 4711 facta,
3815 4659 3917 4698 non

2299 4724 2493 4792 civile,
2527 4726 2620 4782 sed
2659 4728 2805 4798 quod
2835 4731 3039 4786 crimen
3071 4745 3424 4790 concerneret
3449 4776 3462 4802 ,
3509 4735 3790 4806 judicium
3841 4737 3920 4792 in-

2299 4815 2463 4872 dicat.
2511 4818 2687 4874 Potnit
2727 4837 2959 4894 namque
2999 4823 3294 4892 Maximus,
3351 4827 3443 4898 qui
3485 4831 3671 4900 stupri
3714 4832 3919 4886 facinus

2301 4908 2518 4965 lndiciae
2559 4913 2816 4985 impegit,
2848 4921 2902 4971 et
2943 4915 3066 4972 furti
3101 4918 3348 4974 timorem
3389 4921 3683 4980 insinuare
3716 4923 3916 4996 judici.

2303 5012 2361 5056 ut
2385 5002 2700 5060 obstruendi
2729 5005 2936 5063 aditum
2955 5051 2969 5076 ,
2998 5019 3117 5080 post
3143 5011 3442 5081 praestitum
3469 5028 3816 5074 consensum
3841 5015 3916 5069 fa-

2301 5093 2474 5150 cultas
2501 5097 2914 5156 concederetur.

2372 5186 2510 5254 Quid
2535 5205 2665 5246 vero
2691 5192 2930 5265 scirpula
2965 5193 3015 5249 in
3041 5195 3182 5251 nodo
3206 5197 3502 5266 quarrimus
3521 5198 3548 5252 ?
3586 5199 3784 5256 Fuerit
3813 5199 3911 5253 Ve-

2301 5283 2551 5338 ronensis
2579 5283 2802 5340 Iudicia.
2833 5286 2975 5354 Quid
3007 5288 3178 5344 inde?
3222 5287 3362 5344 Num
3392 5306 3457 5345 ex
3481 5304 3558 5346 eo
3592 5290 3790 5348 Zenon
3829 5287 3911 5361 qui

2302 5371 2352 5428 ei
2385 5373 2690 5440 benedixit,
2743 5393 2973 5449 eamque
3019 5380 3376 5436 sanctificavit
3415 5381 3728 5455 episc0pus
3773 5381 3914 5438 fuit?

2304 5463 2386 5520 Nil
2415 5466 2611 5524 minus.
2646 5468 2982 5535 Benedictio,
3007 5480 3062 5526 et
3090 5473 3447 5528 sanctiﬁcatio
3498 5487 3533 5528 a
3565 5474 3794 5532 Zenone
3837 5474 3914 5530 ln-

2297 5558 2454 5616 diciae
2480 5559 2778 5632 impertita,
2812 5562 3041 5618 nonfuit
3071 5565 3333 5621 solemnis
3387 5565 3654 5636 ejusdem
3698 5565 3912 5638 virginis

2296 5655 2653 5718 consecratio,
2683 5654 2826 5724 quod
2850 5665 2908 5710 ut
2937 5656 3218 5713 evidenter
3247 5667 3534 5729 appareat,
3569 5657 3910 5719 observanda

2295 5747 2565 5805 Ambrosii
2593 5748 2754 5806 verba
2783 5757 2950 5808 sunt:
2981 5749 3219 5808 Puellam
3271 5751 3498 5811 Zenonis
3549 5753 3775 5812 Sancta
3803 5767 3909 5809 me-
