4198 6160
556 242 662 296 715

1695 234 1786 290 DE
1824 231 2074 291 SANCTI
2111 232 2408 293 ZENONIS
2441 232 2711 292 EPOCHA

3746 238 3838 296 7l6

554 360 824 418 extarent,
882 359 995 407 tum
1025 365 1090 408 ex
1118 363 1307 406 eorum
1365 362 1488 404 cum
1533 347 1813 421 Rhythmo
1859 350 2161 405 collatione
2190 362 2237 421 Α
2335 352 2436 406 Ast
2458 366 2562 423 ego
2602 351 2653 407 id
2682 352 2825 425 quod
2864 351 3042 409 sentio
3067 358 3255 421 aperte
3273 350 3471 407 dicam.
3505 349 3687 423 Neque
3713 354 3843 423 epis-

557 445 803 519 dignosci
836 453 1042 514 posset,
1075 457 1200 496 num
1232 440 1301 496 ab
1344 440 1535 495 iisdem
1571 440 1849 511 Diptycltis
1904 450 2161 511 acceptus

561 547 751 601 esset;
785 550 906 589 cum
938 548 1068 589 vero
1090 547 1196 588 non
1249 541 1457 596 extent,
1501 529 1725 588 arbitrio
1781 546 1881 587 suo
1929 531 2163 602 quisque

564 637 744 700 potest
784 625 925 682 unde
973 624 1060 681 hic
1108 623 1417 696 Rhytbmus
1456 622 1537 687 sit,
1556 622 1774 678 habitus
1823 624 2159 694 excogitare.

565 722 684 777 Non
713 720 878 775 luisse
900 732 1032 774 vero
1058 727 1367 787 acceptum,
1397 730 1506 772 non
1549 716 1651 772 levi
1682 724 2005 786 argumento
2039 729 2164 771 esse

562 825 747 886 potest
773 815 1248 871 Monumentorum
1301 809 1649 880 antiquorum
1680 809 1943 866 Ecclesia:
1992 809 2165 865 Vero—

565 908 750 964 nensis
779 916 835 963 et
860 905 1123 978 Bliytbmi
1155 903 1316 973 hujus
1339 902 1677 958 dissonantia
1704 920 1718 957 :
1754 903 1807 956 in
1830 900 1934 958 hoc
1958 900 2163 956 etenim

566 1004 844 1075 thythmo
868 1000 1156 1058 Secundus
1180 998 1414 1056 Verona:
1441 997 1744 1067 Episcopus
1775 996 2163 1061 Dimidrianus,

568 1098 787 1155 Tertius
816 1096 1152 1167 Simplicius,
1205 1109 1269 1149 ac
1321 1091 1599 1162 Septimus
1643 1089 1896 1147 Griciuus
1923 1089 2125 1145 dicitur
2148 1128 2164 1143 .

566 1195 640 1248 At
668 1193 722 1246 in
755 1190 939 1246 tabula
961 1189 1196 1258 lapidea,
1220 1202 1342 1257 quas
1371 1185 1778 1256 propejanuam
1821 1184 2083 1240 Ecclesiae
2104 1182 2165 1239 S.

566 1284 786 1341 Proculi
812 1282 1093 1353 aspicitur,
1120 1280 1239 1336 haec
1259 1279 1429 1336 series
1452 1279 1750 1349 primorum
1787 1277 2169 1347 episcoporum

569 1380 769 1451 legitur
796 1395 812 1433 :
837 1376 953 1433 Hac
976 1378 1087 1432 aede
1129 1374 1474 1431 vetustissima
1514 1373 1743 1443 plurium
1798 1370 2036 1425 Virorum
2073 1367 2171 1423 Di-

566 1490 747 1530 uorum
789 1471 1036 1529 Sacrario
1092 1469 1370 1541 Euprepii,
1429 1466 1574 1522 Petri
1622 1464 1859 1537 Apostoli
1902 1463 2168 1534 discipuli,

567 1566 723 1637 hujus
762 1564 901 1620 urbis
950 1563 1179 1635 episcopi
1232 1562 1283 1629 1,
1315 1560 1513 1616 Gricini
1542 1558 1629 1627 ll,
1658 1558 1846 1629 Agapii
1885 1554 2007 1623 Ill,
2038 1555 2173 1609 Pro-

570 1661 674 1716 culi
740 1656 848 1726 IV,
912 1656 1302 1728 Martyrumque
1357 1653 1591 1720 Cesntae,
1653 1663 1703 1707 et
1760 1649 2031 1715 Damiani,
2062 1656 2170 1704 etc.

2264 456 2524 512 coporum
2547 443 2943 500 Veronensium
2967 444 3187 507 seriem,
3215 459 3336 513 qua:
3360 442 3414 499 in
3446 441 3737 515 llbythmo,
3760 459 3843 500 ne-

2266 548 2373 602 que
2396 549 2514 589 eam
2537 549 2659 606 quae
2683 537 2735 590 in
2759 536 3032 591 veteribus
3076 526 3442 590 monumentis
3468 534 3662 605 legitur
3682 550 3713 591 e
3735 536 3844 608 Dip-

2267 624 2449 695 tychis
2475 626 2806 684 Veronensis
2845 626 3108 683 Ecclesiae
3137 626 3477 698 desmnptam
3518 635 3650 697 puto
3678 644 3691 682 :
3717 628 3845 699 quod

2268 718 2371 774 hac
2392 721 2600 776 ratione
2626 719 2889 788 adducor,
2916 731 2974 777 ut
2993 720 3235 786 credam,
3267 735 3390 776 nam
3411 720 3538 776 etin
3563 720 3845 792 Bliytltmo,

2269 821 2326 867 et
2373 812 2426 867 in
2481 816 2845 870 monumentis
2895 813 3297 872 Veronensibus
3351 814 3670 871 manifestus
3716 815 3846 871 circa

2269 903 2647 987 episcoporum
2680 914 2926 975 tempora
2955 906 3224 974 reperitur
3270 920 3450 961 error.
3515 904 3573 960 In
3623 905 3850 976 utrisque

2270 996 2474 1052 etenim
2520 998 2576 1054 8.
2622 997 2887 1053 Proculus
2928 1004 3153 1068 quartus
3199 997 3529 1054 Veronensis
3576 998 3851 1068 episcopus

2270 1086 2471 1144 dicitur
2492 1128 2508 1154 ,
2536 1098 2593 1144 et
2618 1089 2671 1144 in
2719 1089 2963 1159 utrisque
2990 1099 3117 1145 ante
3143 1088 3450 1146 Gallienum
3480 1091 3849 1161 imperatorem

2272 1178 2505 1248 vixisse,
2530 1196 2655 1238 cum
2700 1182 2991 1254 utrobique
3015 1190 3240 1252 quartus
3269 1183 3557 1254 episcopus
3585 1198 3850 1253 nuncupe-

2275 1280 2385 1339 tur,
2416 1283 2474 1329 et
2494 1283 2719 1331 octavus
2756 1276 2817 1331 8.
2860 1269 3041 1343 Zeno,
3083 1291 3245 1347 quem
3269 1274 3503 1335 Gallieni
3534 1276 3855 1347 temporibus

2275 1366 2658 1438 Episcopatum
2687 1368 3057 1427 Veronensem
3096 1370 3333 1442 gessisse
3362 1370 3700 1437 apertissime
3720 1369 3858 1424 sitir-

2275 1468 2426 1514 mant
2453 1478 2468 1514 :
2493 1461 2539 1514 Α
2578 1461 2716 1516 malo
2761 1462 2950 1532 spiritu
2999 1462 3199 1517 saltauit
3246 1460 3477 1516 Gallieni
3528 1462 3709 1530 ﬁliani.
3741 1460 3859 1516 Haec

2277 1550 2603 1623 Rhymmus.
2631 1554 2789 1609 Anno
2813 1553 2922 1610 956
2963 1554 3021 1610 S.
3055 1553 3344 1610 Proculum
3376 1553 3577 1609 vixisse
3619 1553 3671 1607 in
3712 1551 3858 1607 Psal-

2276 1646 2438 1701 mista
2485 1649 2709 1717 antiquo
2749 1647 3012 1705 Ecclesiae
3042 1646 3138 1703 SS.
3183 1645 3567 1717 Apostolorum
3615 1636 3856 1700 notatur:

574 1752 695 1808 Fuit
741 1749 960 1820 quidem
989 1747 1077 1804 ltic
1107 1748 1246 1818 lapis
1276 1762 1419 1802 anno
1452 1744 1595 1802 1502
1624 1743 1817 1799 eadem
1849 1742 1902 1797 in
1929 1740 2174 1798 Ecclesia
2203 1757 2254 1818 Β
2280 1740 2428 1794 Anno
2475 1738 2689 1795 Domini
2710 1739 2819 1797 256
2846 1740 3039 1795 uiuebat
3069 1740 3131 1795 8.
3177 1738 3436 1794 Proculus
3477 1748 3693 1810 quartus
3735 1739 3864 1811 epis-

572 1846 798 1909 Iocatus,
829 1843 927 1899 sed
955 1844 1030 1901 illi
1059 1843 1242 1897 omnia
1270 1841 1569 1898 vetustiora
1595 1847 1947 1894 monumenta
1971 1851 2174 1892 conso-

570 1947 723 1994 nant.
778 1937 1056 1993 Consonat
1103 1943 1319 1990 vetusta
1370 1931 1687 1988 membrana
1740 1928 1876 2002 (SS.
1921 1928 2171 1998 Episcop.

588 2031 771 2086 Veron.
807 2029 1035 2098 Antiqua
1064 2027 1211 2082 Man.
1260 2041 1349 2098 per
1370 2024 1647 2096 Bagattam
1686 2033 1734 2078 et
1768 2022 2031 2077 Perettum
2070 2020 2177 2075 col-

576 2128 705 2182 lecta
744 2123 867 2180 Ven.
897 2139 987 2178 an.
1034 2119 1198 2191 i576)
1233 2139 1245 2172 :
1281 2118 1409 2174 Hinc
1433 2127 1554 2173 sunt
1601 2132 1821 2187 corpora
1863 2114 2177 2171 Sanctorum

574 2215 779 2286 sepulto
824 2215 880 2268 in
928 2212 1159 2267 Ecclesia
1208 2210 1269 2267 S.
1306 2209 1562 2273 Proculi,
1609 2218 1655 2263 et
1699 2212 1865 2277 primo
1907 2207 1961 2260 in
2007 2204 2177 2258 Alteri

572 2307 810 2379 inferiori
836 2304 1066 2374 eiusdem
1086 2307 1225 2377 jacet
1244 2318 1432 2369 corpus
1455 2302 1494 2357 8
1555 2298 1769 2355 Proculi
1812 2297 2040 2367 episcopi
2082 2293 2179 2349 Ve-

573 2402 828 2468 ronensis,
859 2409 906 2455 et
943 2399 1043 2468 fuit
1070 2406 1282 2463 quartus
1327 2396 1720 2466 episcopus.....
1762 2391 1830 2446 lu
1884 2391 1991 2446 alio
2020 2389 2177 2445 altari

577 2496 647 2552 ad
676 2495 915 2549 dextrum
936 2492 1071 2546 latus
1093 2489 1301 2559 praefati
1325 2487 1510 2542 altaris
1523 2490 1666 2559 jacet
1689 2489 1890 2555 Corpus
1914 2483 1974 2538 S.
1992 2481 2175 2553 Agabii

576 2588 824 2660 episcopi,
851 2593 899 2640 et
921 2584 1021 2655 fuit
1048 2583 1249 2639 tertius
1276 2580 1602 2636 Veronensis.
1648 2578 1718 2633 In
1755 2579 1860 2633 alio
1897 2577 2055 2632 altari
2105 2576 2176 2630 ad

575 2683 845 2738 sinistrum
871 2679 1005 2735 latus
1030 2676 1240 2749 praefati
1265 2675 1449 2730 altaris
1461 2678 1643 2747 jaceat
1667 2688 1892 2740 corpora
1913 2670 2021 2725 88.
2062 2666 2175 2721 Eu-

575 2774 742 2847 prepii
767 2783 814 2828 et
842 2770 1045 2828 Gricini
1094 2786 1108 2822 :
1140 2770 1227 2839 qui
1276 2767 1488 2838 quidem
1517 2765 1819 2838 Euprepius
1850 2764 1947 2834 fuit
1976 2762 2175 2834 primus

574 2870 845 2939 episcopus
881 2862 1209 2925 Veronensis,
1257 2861 1446 2914 missus
1480 2868 1525 2913 et
1572 2864 1897 2912 consecratus
1939 2869 1974 2907 a
2012 2852 2173 2907 Beato

576 2958 731 3015 Petro
761 2954 1033 3029 Apostolo,
1066 2962 1115 3009 et
1137 2951 1373 3007 similiter
1400 2950 1640 3005 Gricinus
1680 2947 1934 3002 secundus
1977 2945 2173 3015 episco-

572 3069 668 3123 pus
717 3048 1038 3105 Veronensis.
1097 3045 1374 3101 Consonat
1420 3051 1477 3099 et
1509 3040 1777 3112 inscriptio
1824 3039 1878 3094 in
1909 3036 2080 3094 Alteri
2110 3034 2167 3091 S.

2280 1849 2437 1903 copus
2466 1831 2772 1889 Veronensis
2789 1874 2806 1901 ,
2840 1838 3000 1905 frater
3028 1832 3090 1890 8.
3114 1832 3296 1889 Tusca!
3335 1832 3584 1904 Virginis,
3613 1834 3863 1905 nugistrar

2280 1926 2343 1982 S.
2386 1926 2638 1983 Teuteriw
2692 1927 2953 2000 Virginis;
3005 1937 3062 1984 et
3102 1928 3156 1982 in
3195 1926 3586 1997 Martyrologlo
3616 1924 3867 1981 Ecclesia

2279 2018 2619 2076 Catbedralis
2666 2018 3002 2075 Veronensis
3041 2018 3131 2075 die
3174 2018 3248 2074 23
3293 2018 3471 2075 Martii
3511 2019 3594 2075 sic
3634 2018 3863 2090 legitur:

2280 2108 2476 2164 Eadem
2500 2110 2583 2166 die
2599 2110 2663 2167 S.
2692 2111 2900 2167 Proculi
2926 2108 3231 2166 Veronensis
3251 2108 3521 2183 Episcopi,
3541 2109 3633 2181 qui
3649 2120 3867 2177 tempore

2223 2206 2227 2214 '
2281 2199 2557 2257 Maximini
2595 2202 2899 2273 sequebatur
2935 2202 3253 2258 beatissimos
3296 2201 3558 2273 Martyres
3600 2198 3863 2268 Firmum,

2279 2305 2325 2349 et
2353 2294 2647 2361 Rusticum,
2671 2297 2886 2364 cupiens
2916 2313 3023 2357 una
3044 2313 3164 2351 cum
3185 2296 3315 2367 ipsis
3335 2295 3590 2366 martyrio
3614 2293 3865 2358 coronari,

2278 2390 2369 2444 sed
2392 2399 2561 2445 tamen
2584 2409 2619 2445 a
2641 2390 2952 2446 satellitibus
2980 2392 3228 2460 expulsus
3255 2390 3310 2445 in
3332 2405 3459 2459 pace
3489 2390 3701 2461 quieuit.
3727 2386 3866 2442 Idem

2278 2481 2335 2535 in
2357 2481 2481 2537 aliis
2507 2496 2636 2537 mss.
2668 2482 2969 2553 inspicitur.
2984 2482 3224 2553 Tempus
3246 2496 3499 2551 veroquo
3525 2481 3588 2537 8.
3619 2478 3872 2536 Proculus

2278 2572 2579 2629 Veroneosi
2611 2587 2846 2647 priest-at
2887 2572 3150 2630 Ecclesiae
3195 2590 3264 2630 es
3304 2576 3471 2630 certis
3511 2572 3872 2629 monumentis
3941 2602 3947 2608 -

2278 2666 2546 2735 habetur,
2594 2678 2653 2724 ut
2689 2669 2977 2725 clarissimi
3004 2669 3278 2725 Ballerinii
3305 2668 3688 2725 demonstrant
3736 2667 3871 2722 dicta

2281 2760 2508 2817 Dissert.
2541 2763 2710 2831 prima
2754 2778 2876 2833 cap.
2908 2765 2978 2828 ὅ,
3011 2762 3098 2834 §5
3126 2780 3139 2816 :
3169 2762 3232 2817 8.
3278 2760 3539 2817 Proculus
3573 2760 3681 2834 [ita
3713 2758 3867 2814 iidem

2277 2851 2580 2925 Auctores]
2616 2863 2802 2924 quarto
2851 2854 3044 2910 sarculo
3082 2854 3287 2907 ineunte
3315 2853 3370 2906 in
3413 2853 3545 2907 uiuis
3583 2860 3694 2907 erat
3718 2892 3732 2913 ,
3761 2864 3875 2904 eum

2279 2946 2600 3003 Maximiano
2629 2948 2955 3020 lmperatore
2989 2947 3243 3004 Veronam
3271 2948 3415 3002 ducti
3440 2952 3593 3019 fuere
3621 2948 3731 3005 88.
3755 2945 3872 3001 Fir-

2276 3058 2412 3107 mus,
2440 3052 2489 3098 et
2511 3041 2779 3109 Rusticus,
2802 3042 2893 3110 qui
2918 3042 3138 3097 subinde
3161 3042 3419 3114 martyrio
3449 3043 3694 3097 coronati
3722 3050 3835 3097 sunt
3854 3079 3868 3103 ,

573 3144 781 3216 Agabio
801 3150 987 3199 erecto
1015 3158 1029 3193 ε
1056 3138 1251 3210 Agabio
1273 3138 1361 3208 qui
1403 3137 1459 3191 in
1512 3134 1828 3204 Pontiﬁcum
1879 3132 2031 3187 tertio
2048 3146 2170 3184 suc-
2196 3143 2242 3205 ρ
2274 3145 2331 3190 ut
2358 3135 2533 3204 palam
2581 3135 2643 3204 ﬁt
2684 3151 2751 3189 ex
2791 3135 3015 3206 antiquis
3061 3135 3294 3206 ipsorum
3351 3135 3483 3193 actis
3511 3153 3551 3190 ο
3579 3133 3875 3188 Marchione

570 3237 740 3291 cessit.
802 3235 1077 3290 Consonat
1134 3229 1416 3301 inscriptio
1447 3228 1500 3284 in
1546 3228 1717 3282 Alteri
1766 3225 1861 3282 SS.
1916 3222 2173 3293 Euprepii

570 3336 627 3383 et
652 3326 855 3384 Gricini
882 3326 988 3381 sito
1012 3325 1065 3379 in
1099 3322 1342 3379 Ecclesia
1370 3321 1429 3377 8.
1474 3319 1690 3375 Proculi
1724 3336 1737 3371 :
1766 3316 2028 3389 Euprepio
2073 3315 2171 3368 Ve-

568 3435 712 3473 rona:
738 3435 771 3473 a
821 3416 1015 3472 Christi
1051 3431 1187 3469 anno
1233 3413 1303 3467 78
1351 3410 1573 3467 Prtesuli
1617 3411 1804 3480 primo,
1860 3417 1907 3461 et
1959 3406 2172 3461 Gricino

572 3513 804 3568 laborant
833 3511 974 3566 socio
1017 3517 1067 3564 et
1092 3506 1266 3562 comiti
1309 3512 1454 3560 locus
1496 3503 1788 3558 restitutus.
1824 3501 1940 3555 Duo
1990 3500 2173 3567 itaque

569 3605 771 3661 diversi
794 3602 1190 3674 Episcoporum
1224 3596 1621 3654 Veronensium
1641 3592 1862 3651 ordines
1887 3592 2172 3662 reperiun-

573 3708 659 3754 tur
691 3715 706 3765 ;
737 3697 859 3768 quis
885 3710 1017 3765 ergo
1058 3709 1089 3749 c
1123 3690 1401 3762 Diptychis
1453 3702 1676 3745 manare
1728 3684 1992 3742 dicendus
2032 3684 2168 3740 est?

564 3790 665 3859 Qui
696 3791 747 3846 in
771 3788 1049 3860 Rbytltmo
1076 3785 1293 3855 legitur,
1323 3798 1391 3838 an
1420 3782 1509 3851 qni
1554 3782 1607 3835 in
1656 3779 1933 3835 veteribus
1976 3793 2169 3833 monu-

569 3882 811 3939 mentis?
838 3882 919 3937 Au
947 3878 1254 3935 censendus
1285 3884 1366 3931 est
1388 3874 1710 3945 Anonymus
1739 3871 2079 3941 Pipinianus,
2112 3881 2167 3927 ut

572 3974 783 4031 Domini
842 3970 1114 4028 Ballerinii
1162 3969 1421 4042 Rbythmi
1470 3976 1745 4022 auctorem
1795 3965 2079 4021 nominant
2137 3979 2170 4023 e

569 4067 841 4140 diptycbis
883 4065 1114 4129 eruisse,
1171 4062 1261 4134 qui
1309 4060 1567 4132 diptyclta
1623 4058 1767 4114 forte
1821 4058 1954 4113 vidit
2008 4072 2167 4112 num-

570 4161 780 4233 quam?
833 4161 915 4215 An
948 4172 1075 4213 vero
1104 4154 1388 4219 Ecclesiae,
1442 4153 1531 4208 ubi
1577 4151 1770 4207 eadem
1816 4157 2164 4205 tnonumenta

569 4256 784 4326 publice
805 4262 934 4309 sunt
982 4251 1248 4322 cuposita,
1298 4247 1581 4318 inquibus
1631 4246 1805 4300 donec
1833 4256 1951 4299 mos
1999 4242 2168 4312 viguit

569 4351 779 4423 legendi
814 4365 882 4407 ex
944 4347 1223 4420 Diptycbis
1269 4344 1490 4402 nomine
1540 4344 1804 4413 inscripta
1843 4382 1858 4407 ,
1918 4338 2165 4409 quotidie

569 4442 942 4516 legebantur?
984 4440 1322 4512 Antiquitate
1352 4445 1575 4509 praestet
1611 4434 1919 4507 Rbythmus
1951 4431 2166 4489 caeteris

568 4534 934 4593 monumentis
1010 4533 1275 4590 vetustior
1307 4572 1321 4598 ,

566 4630 610 4685 si
664 4641 718 4685 et
768 4629 821 4684 in
869 4643 935 4682 eo
983 4625 1299 4682 manufestus
1338 4618 1779 4693 deprehendatur
1833 4632 2022 4681 error,
2102 4617 2167 4671 li-

566 4732 656 4779 cet
702 4732 756 4779 et
823 4721 943 4776 aliis
999 4717 1365 4776 monumentis
1426 4712 1775 4770 communis?
1831 4710 2163 4781 Rhytbmum

568 4831 782 4870 errores
811 4814 1094 4869 continere
1145 4817 1334 4878 putant
1362 4806 1520 4862 iidem
1567 4802 1845 4860 Ballerinii
1882 4819 1895 4855 :
1929 4799 2012 4855 Ne
2053 4802 2167 4872 quis

569 4906 801 4960 omnibus
831 4914 1016 4973 praeter
1062 4901 1442 4971 Episcoporum
1488 4897 1719 4951 ordinem
1771 4894 2032 4966 Anonymi
2071 4893 2167 4948 Pi-

566 4997 767 5067 piniani
797 4994 948 5049 dictis
983 4995 1139 5065 ﬁdem
1172 4990 1665 5047 accommodandam
1711 4989 1997 5055 existimet,
2042 5004 2162 5045 cum

565 5108 625 5147 ea
668 5104 785 5161 (μιαί
831 5088 897 5142 de
925 5086 1155 5142 Gallieni
1205 5085 1428 5142 Cwsaris
1456 5085 1571 5155 filia
1608 5084 1825 5139 inseruit
1862 5082 2004 5154 falsa
2034 5084 2158 5139 sint.

564 5181 889 5239 Recentiora
919 5190 1272 5234 monumenta
1302 5179 1421 5250 quis
1446 5178 1638 5234 credat
1665 5185 1792 5233 tunc
1832 5176 2123 5234 adimente
2142 5217 2160 5244 ,

562 5290 683 5330 cum
713 5274 766 5329 in
799 5273 1066 5345 lapidibus
1097 5280 1154 5328 et
1209 5274 1261 5327 in
1304 5271 1640 5327 membranis
1690 5269 2162 5326 inscriberentur?

559 5368 752 5425 Nonne
776 5367 921 5423 omni
932 5367 1056 5437 jure
1079 5364 1578 5422 (eliserctlebemus
1602 5378 1669 5422 ex
1695 5363 1819 5420 aliis
1841 5363 2159 5433 antiquiori-

557 5462 659 5516 bus
715 5458 884 5515 fuisse
927 5458 1257 5529 desumpta?
1326 5456 1585 5513 Ludibrio
1652 5455 1871 5525 quidem
1941 5453 2154 5509 cunctis

551 5563 718 5618 esset,
743 5554 832 5624 qui
858 5554 979 5608 sine
1005 5553 1116 5608 ullo
1143 5552 1429 5607 vetusmtis
1452 5546 1844 5605 admininiculo
1876 5553 2152 5615 tamquam

539 5655 754 5701 vetusta
797 5646 1082 5702 exhiberet
1110 5685 1124 5711 ,
1168 5658 1292 5713 quae
1341 5643 1455 5713 ipse
1510 5642 1729 5715 proprio
1777 5649 1948 5697 marte
1999 5638 2150 5695 adin-

529 5746 710 5792 Vﬂlll.

2280 3226 2496 3295 ila/fcio
2538 3228 2690 3283 editis
2717 3229 2773 3282 in
2796 3228 2937 3283 calce
2964 3228 3315 3298 diplomaticw
3339 3226 3618 3296 historiis,
3656 3244 3710 3299 ρ.
3750 3225 3870 3281 505.

2276 3318 2345 3374 In
2372 3319 2635 3375 nonnullis
2657 3321 2863 3392 quidem
2889 3331 3127 3376 actorum
3147 3337 3243 3375 ms.
3269 3335 3365 3390 pro
3395 3319 3732 3375 Maximiano
3764 3316 3874 3371 He-

2273 3412 2500 3468 ximinus
2540 3411 2757 3483 legitur,
2787 3412 2856 3467 ad
2878 3414 3027 3480 cujus
3071 3413 3289 3479 proinde
3329 3409 3630 3484 Imperium
3665 3406 3875 3467 Proculi

2274 3514 2472 3561 letalem
2508 3507 2884 3575 provehendam
2921 3506 3155 3563 arbitrati
3182 3516 3339 3569 sunt;
3366 3515 3423 3562 at
3468 3523 3596 3561 eum
3640 3522 3707 3561 ex
3750 3503 3877 3558 artis

2274 3608 2444 3670 pateat
2473 3598 2842 3669 Imperatorem
2865 3600 2920 3654 id
2946 3599 3191 3670 temporis
3221 3597 3521 3655 Mediolani
3543 3598 3733 3668 fuisse,
3758 3594 3869 3649 Ma-

2272 3693 2498 3748 ximinus
2517 3702 2688 3749 autem
2714 3709 2774 3748 ea
2804 3693 2859 3746 in
2893 3692 3016 3748 urbe
3044 3707 3317 3762 numquam
3346 3694 3543 3762 fuerit,
3581 3692 3772 3762 pippe
3793 3687 3876 3757 qui

2273 3785 2363 3839 vix
2405 3783 2618 3843 Italiam
2647 3786 2909 3857 ingressus
2953 3784 3006 3839 in
3056 3784 3306 3854 Aquileia:
3341 3783 3624 3840 obsidione
3669 3790 3878 3837 mortem

2272 3881 2483 3950 oppetiit
2504 3920 2520 3944 ,
2546 3893 2599 3935 ut
2626 3889 2761 3936 recte
2790 3879 3027 3950 probarit
3047 3889 3220 3935 noster
3255 3878 3326 3933 P.
3362 3877 3566 3935 Petrus
3595 3878 3878 3934 Paduam

2271 3989 2337 4027 ex
2366 3973 2562 4031 Ordine
2582 3972 3009 4031 Conuentnalium
3036 3972 3176 4045 apud
3202 3971 3491 4043 Ugltellutss
3519 3982 3651 4028 tom.
3677 3986 3738 4027 τ.
3767 3968 3878 4023 lto-

2270 4064 2357 4120 lias
2381 4080 2543 4119 sacrte
2565 4081 2686 4135 pag.
2711 4063 2841 4128 685,
2873 4080 3088 4133 cumque
3109 4065 3342 4134 pluribus
3363 4064 3629 4135 amplis
3649 4064 3842 4134 liqueat
3858 4098 3875 4127 ,

2270 4157 2380 4212 haec
2416 4158 2517 4211 duo
2547 4158 2754 4211 nomina
2789 4156 3097 4213 Maximiani
3139 4167 3188 4212 et
3213 4155 3499 4213 Maximini
3534 4159 3595 4214 in
3622 4155 3883 4214 codicibus

2269 4253 2557 4324 promiscue
2605 4250 2790 4316 scribi,
2836 4253 3089 4321 facileque
3136 4253 3428 4322 confundi,
3464 4254 3646 4324 potior
3690 4253 3878 4311 immo.

2270 4353 2319 4398 et
2343 4344 2564 4415 genuine
2592 4352 2807 4417 apparet
2831 4342 3053 4397 aliorum
3077 4343 3309 4397 codicum
3339 4342 3744 4401 Maximianum
3766 4340 3884 4398 scri-

2272 4436 2497 4490 bentium
2526 4435 2827 4505 lectio,quu:
2846 4435 3049 4503 quidem
3080 4436 3133 4489 in
3159 4434 3400 4505 Antiquis
3434 4452 3569 4491 mss.
3600 4450 3720 4505 qua:
3746 4432 3882 4488 eide-

1403 4532 1584 4598 itaque
1632 4538 1686 4583 et
1736 4526 1962 4585 verior?
2028 4521 2167 4589 Quld
2195 4525 2247 4584 D
2270 4540 2391 4584 runt
2438 4540 2487 4584 et
2519 4530 2814 4602 allegarunt
2854 4527 3100 4584 Bollandi
3129 4528 3275 4585 Socii
3302 4529 3371 4583 ad
3412 4530 3565 4585 diem
3590 4528 3666 4585 24
3708 4522 3884 4584 Martii

2266 4625 2323 4679 in
2351 4624 2414 4679 8.
2442 4623 2655 4678 Proculi
2689 4624 2893 4677 inventa
2919 4632 2995 4678 est
3013 4640 3033 4690 ;
3059 4639 3121 4678 ac
3139 4625 3266 4695 jure
3301 4612 3594 4694 propterea
3641 4621 3705 4679 S.
3751 4618 3883 4674 Pre—

2268 4718 2415 4773 culus
2441 4727 2487 4772 et
2517 4715 2624 4774 SS.
2670 4712 2881 4770 Firmus
2902 4758 2917 4783 ,
2963 4724 3011 4771 et
3037 4714 3280 4770 Rusticus
3318 4714 3377 4770 in
3410 4713 3657 4786 antiquis
3684 4710 3884 4780 Martyo

2267 4810 2479 4882 rologiis
2501 4808 2768 4875 omnibus,
2796 4824 2885 4862 nec
2916 4808 3094 4888 nonin
3126 4807 3359 4863 Romano
3385 4812 3641 4879 referunt
3670 4807 3740 4860 ad
3761 4803 3884 4859 Dio-

2268 4902 2506 4968 cletiani,
2552 4899 2963 4970 Maximianique
2991 4900 3429 4969 persecutionem,
3476 4916 3603 4971 qua:
3643 4896 3885 4955 desinite

2269 4994 2418 5062 erepit
2463 5010 2528 5046 un
2559 4992 2685 5046 505.
2724 4992 2951 5057 Quartus
2998 4994 3167 5062 itaque
3218 4990 3544 5048 Veronensis
3592 4992 3883 5062 EpiscOpus
3988 5002 3995 5007 '

2264 5095 2449 5157 quarto
2471 5084 2675 5141 ineunte
2700 5087 2889 5141 saeculo
2916 5086 3114 5155 ﬂoruit.

2336 5177 2552 5249 Optime
2595 5177 2815 5249 quidem
2850 5179 2997 5234 circa
3039 5177 3098 5235 8.
3131 5176 3343 5234 Proculi
3376 5186 3617 5235 aetatem
3646 5194 3677 5243 ;-
3706 5186 3765 5232 at
3806 5175 3884 5229 in-

2263 5270 2395 5326 ferri
2428 5270 2649 5326 minime
2677 5279 2857 5341 potest
2883 5289 2896 5324 :
2931 5270 3159 5338 Quartus
3188 5271 3356 5341 itaque
3402 5267 3731 5327 Veronensis
3752 5266 3881 5340 epis-

2263 5379 2454 5433 copus,
2494 5376 2677 5433 quarto
2713 5364 2922 5418 ineunte
2960 5364 3149 5421 stacqu
3186 5362 3387 5432 ﬂoruit.
3433 5361 3585 5424 Nam
3616 5364 3881 5423 ratio‘cer

2262 5465 2456 5524 quarto
2488 5455 2606 5512 loco
2631 5456 2703 5510 sit
2727 5457 3057 5511 constitutus
3086 5457 3142 5512 8.
3178 5454 3455 5510 Proculus
3507 5456 3570 5511 in
3600 5455 3753 5513 serie
3781 5450 3877 5507 Ve.

2258 5549 2572 5604 ronensimn
2614 5550 2994 5618 episcoporum
3025 5565 3086 5605 ea
3118 5558 3240 5614 est,
3280 5562 3391 5617 quo
3434 5552 3635 5605 omnia
3687 5562 3876 5604 monu-

2257 5651 2437 5698 menta
2464 5641 2725 5699 Ecclesiae
2755 5641 3083 5699 Veronensis
3110 5651 3168 5697 et
3193 5639 3309 5712 ipse
3332 5638 3669 5715 Rbytiimus
3700 5643 3873 5714 ipsmn

2255 5731 2531 5788 Maximini
2596 5738 2837 5803 tempore
2902 5731 3153 5791 ﬂoruisse
3226 5730 3481 5789 referunt
3516 5774 3533 5802 ,
3626 5744 3685 5791 ct
3751 5739 3873 5788 ante
