4198 6160
448 249 552 305 719

1646 243 1733 299 DE
1765 243 2008 302 SANCTI
2048 244 2346 302 'LENONIS
2387 245 2655 304 EPOCHA

3638 247 3736 303 720

447 360 539 427 16,
566 361 811 416 diversus
836 358 1051 429 legitur.
1079 357 1210 412 Post
1230 354 1613 424 Apostolorum
1643 355 1858 411 nomina
1892 355 2035 411 Moz«
2067 367 2122 429 Α
2143 357 2502 427 οοιιεῃῑοὶιυπ.
2533 358 2589 412 In
2617 360 2790 427 primo
2839 358 3113 414 Memento
3148 376 3159 411 :
3222 360 3331 415 Sed
3384 371 3429 414 et
3476 362 3737 437 beatorum

446 452 754 507 zarabicum
786 452 865 505 sic
891 450 1054 505 habet
1086 465 1099 499 :
1131 447 1290 514 Item,
1319 456 1366 500 et
1385 463 1479 517 pro
1501 446 1768 517 spiritibus
1817 463 2043 511 pausan—

449 545 599 609 tium,
628 541 845 609 Hilarii,
870 540 1163 605 Athanasii,
1186 538 1424 603 Martini,
1447 538 1725 604 Ambrosii,
1748 536 2040 608 Augustini,

451 638 741 710 Fulgentii,
781 635 1026 702 Leandri,
1062 635 1278 701 Isidori,
1311 634 1497 703 David,
1528 635 1753 701 Juliuni,
1796 634 1915 687 item
1944 632 2039 686 Ju-

452 733 600 786 liani.
637 730 893 797 Hilarius,
950 729 1301 793 Athanasius,
1357 728 1641 792 Martinus,
1700 726 2043 791 Ambrosius,

451 824 782 897 Augustinus
811 825 896 879 hic
922 832 1299 889 recensentur,
1352 824 1443 893 qui
1492 823 1827 878 diversarum
1858 819 2050 876 Eccle—

448 923 650 977 siarum
682 919 1024 991 episcopales
1053 919 1212 975 sedes
1239 918 1546 985 obtinuere,
1603 925 1657 972 et
1700 917 1775 971 in~
1803 914 2046 980 Oriente,

451 1016 583 1070 etin
614 1014 928 1079 Occidente,
954 1027 1054 1068 nec
1083 1013 1223 1066 ullus
1246 1012 1659 1081 ilispauicarum
1687 1008 2049 1064 Ecclesiarum

453 1106 551 1161 fuit
578 1106 903 1177 Episcopus.
960 1106 1302 1175 Quapropter
1332 1102 1477 1158 nulla
1523 1102 1663 1156 ratio
1715 1098 1922 1156 ordinis
1963 1097 2051 1152 hic

452 1200 633 1256 habita
664 1198 955 1263 videbitur,
983 1198 1080 1253 sed
1105 1206 1318 1252 tantum
1348 1195 1655 1251 devotionis
1682 1208 1843 1247 causa
1884 1192 2051 1246 fuisse

452 1295 505 1349 in
528 1293 837 1366 dipthyehis
868 1292 1070 1348 relatos
1090 1291 1317 1348 Sanctos
1340 1290 1441 1345 hos
1462 1287 1722 1359 praesules
1760 1284 2049 1341 dicendum

453 1396 557 1443 est.
588 1386 896 1457 Sequuntur
923 1396 1109 1456 postea
1140 1386 1193 1440 in
1219 1384 1411 1440 eodem
1468 1381 1836 1439 Mozzarabico
1880 1379 2053 1434 Lean-

451 1480 547 1535 der
578 1488 634 1535 et
662 1480 923 1544 Isidorus,
947 1479 1186 1549 episcopi
1208 1478 1554 1547 Hispalenses
1579 1492 1593 1541 ;
1623 1474 1865 1529 lsidorus
1880 1472 2055 1528 Lean-

452 1572 552 1627 dro
578 1570 862 1637 successit,
888 1579 943 1625 at
966 1569 1213 1625 Leander
1233 1570 1606 1638 episcopatum
1630 1567 1871 1635 suscepit
1911 1579 2054 1618 anno

451 1665 580 1731 584,
606 1664 756 1735 juxta
781 1664 1203 1733 Chronologiam
1230 1660 1406 1717 Cenui
1448 1662 1615 1717 nostri
1653 1680 1665 1713 :
1706 1658 1803 1714 luit
1834 1673 1901 1715 ne
1938 1658 2055 1727 ipse

2146 452 2534 518 Apostolorum,
2566 462 2612 505 et
2642 450 2934 523 Martyrum
2985 463 3192 506 tuorum
3246 452 3426 518 Petri,
3473 464 3522 507 et
3567 453 3735 517 Pauli,

2148 544 2387 612 Andreat,
2421 544 2624 611 Jacobi,
2657 544 2907 607 Joannis,
2938 544 3151 601 Thoma'
3172 586 3186 611 ,
3217 544 3433 606 Jacobi.
3486 545 3737 618 Philippi,

2149 635 2541 704 Bartholomtei,
2573 637 2833 705 Mattluei,
2866 636 3095 693 Simonis
3125 679 3138 702 ,
3196 651 3243 692 et
3293 636 3536 704 Thadtei,
3585 637 3739 704 Xisti,

2148 727 2436 797 Laurentii,
2483 727 2779 801 Hippolyti,
2816 729 3111 796 ,l’incentii,
3172 730 3418 797 Cornelii,
3476 729 3740 801 Cypriani,

2151 820 2446 889 Clementis,
2478 823 2820 897 Chrysogoni,
2843 822 3070 878 Joannis
3096 866 3110 890 ,
3137 834 3185 878 et
3213 823 3373 879 Pauli
3408 866 3423 890 ,
3455 824 3668 890 Cosmte,
3699 836 3744 881 et

2151 913 2416 979 Damiani,
2445 914 2786 984 Apollinaris,
2828 914 3030 980 Vitalis,
3055 914 3299 982 Natat-ii,
3328 925 3375 970 et
3406 916 3562 984 Celsi,
3613 915 3746 972 Pro-

2152 1008 2293 1075 tasii,
2318 1018 2362 1062 et
2383 1006 2635 1072 Cervasii,
2672 1008 2918 1075 Victoris,
2947 1008 2998 1062 Ν
3003 1009 3196 1076 aberis,
3220 1009 3436 1077 Felicis,
3457 1020 3507 1066 et
3529 1011 3748 1067 Calime-

2152 1099 2216 1152 ri.
2249 1099 2379 1155 Post
2399 1099 2875 1155 Consecrationcm
2910 1116 3039 1156 vero
3068 1119 3083 1157 :
3111 1099 3277 1156 Nobis
3297 1118 3567 1173 quoque...
3588 1104 3747 1158 socie-

2156 1200 2307 1245 tatem
2337 1191 2531 1247 donare
2561 1193 2790 1264 digneris
2816 1210 2934 1248 cum
2986 1196 3089 1248 tuis
3121 1194 3350 1264 Sanctis,
3393 1194 3678 1267 Apostolis,
3701 1206 3747 1250 et

2156 1282 2479 1356 Martyribus
2505 1282 2731 1352 Joanne,
2762 1283 2986 1351 Jacobo,
3017 1286 3303 1358 Stephano,
3361 1286 3587 1355 Andrea,
3617 1287 3751 1343 Bar-

2155 1378 2312 1442 naba,
2346 1377 2524 1443 Petro,
2553 1378 2881 1445 Marcellino,
2930 1380 3144 1450 Agnete,
3199 1380 3423 1446 Caecilia,
3460 1380 3745 1448 Felicitate,

2158 1467 2438 1540 Perpetua,
2465 1470 2761 1537 Anastasio,
2795 1472 3020 1542 Agatho,
3056 1471 3367 1542 Euphemia,
3388 1471 3573 1540 Lucia,
3624 1473 3750 1531 Jus-

2158 1562 2286 1630 tina,
2318 1562 2534 1629 Sabina,
2561 1562 2775 1630 Thecla,
2809 1562 3050 1637 Pelagia,
3106 1575 3261 1637 atque
3307 1565 3605 1635 Camarina,
3639 1578 3747 1624 etc.

2161 1656 2325 1712 Vides
2353 1658 2440 1713 hic
2470 1658 2526 1714 8.
2554 1658 2905 1731 Hippolytum
2936 1701 2951 1727 ,
2973 1662 3063 1730 qui
3092 1661 3192 1716 sub
3236 1661 3551 1719 Alexandro
3577 1662 3750 1730 impe-

450 1759 658 1829 primus
698 1756 1036 1827 llispalensis
1088 1754 1419 1826 episcopus?
1466 1752 1653 1823 Neque
1702 1765 1839 1807 unus
1882 1750 2052 1819 ipsius
2083 1764 2132 1824 Β
2161 1761 2341 1804 ratore
2369 1750 2514 1806 circa
2560 1768 2763 1806 annum
2801 1751 2907 1809 229
2930 1753 3133 1826 Martyr
3162 1754 3323 1819 obiit,
3356 1767 3477 1826 post
3513 1755 3573 1812 S.
3626 1755 3752 1812 Xis-

450 1852 802 1908 decessorum
854 1849 1185 1904 nominatur.
1243 1847 1476 1904 Sabinus
1515 1855 1662 1901 certe
1718 1844 1811 1913 qui
1859 1851 2052 1914 quarto

448 1946 672 2001 ineunte
699 1944 902 2000 saeculo
925 1942 1169 1998 Concilio
1198 1942 1532 1997 Eliberitano
1582 1937 1923 2008 subscripsit,
1954 1935 2054 1990 luit

450 2038 739 2108 episcopus
771 2034 1138 2106 Hispalensis,
1165 2035 1255 2103 qui
1287 2032 1511 2087 minime
1541 2032 1596 2087 in
1627 2030 1710 2084 his
1737 2028 2051 2099 dipthychis

450 2137 1014 2198 recensetur;ueque
1041 2126 1185 2181 ullus
1209 2126 1369 2190 alius,
1419 2124 1513 2194 qui
1565 2132 1692 2178 ante
1740 2121 2048 2177 Leandrum

339 2238 353 2252 '
453 2233 576 2294 post
598 2221 857 2277 Sabinum
885 2218 1260 2289 Hispalensem
1284 2216 1587 2271 Eeclesiam
1619 2213 1847 2270 tenuerit
1883 2230 1895 2264 :
1925 2227 2048 2267 nam

451 2325 508 2371 et
526 2325 652 2372 ante
675 2314 983 2370 Leandrum
1015 2313 1068 2367 in
1097 2309 1427 2366 Cathedram
1484 2307 1860 2377 Hispaleusetn
1910 2304 2053 2360 sedit

453 2409 761 2475 Sallustius,
802 2408 893 2476 qui
928 2406 1074 2462 circa
1097 2419 1296 2459 annum
1323 2402 1430 2458 5l9
1450 2417 1575 2457 cum
1601 2400 1810 2455 Joanne
1832 2397 2051 2452 Illicita-

453 2517 524 2558 no
547 2502 615 2557 ab
635 2498 920 2555 Hormisda
953 2499 1179 2555 Summo
1213 2492 1471 2550 Pontilice
1504 2491 1751 2548 Viearius
1775 2489 2049 2559 Apostoli-

448 2613 546 2655 cus
590 2598 689 2654 fuit
731 2596 1079 2652 constitutus.
1132 2588 1324 2647 Nullus
1370 2590 1552 2659 itaque
1604 2586 1693 2642 hic
1751 2582 2052 2639 attenditur

450 2693 828 2763 episcoporum
874 2687 1030 2745 ordo.
1082 2686 1216 2742 Post
1269 2683 1535 2739 lsidorum
1591 2679 1807 2751 ponitur
1857 2677 2047 2732 David.

448 2784 557 2842 Iste
578 2784 812 2839 concilio
839 2781 1104 2837 Toletauo
1131 2788 1324 2849 quarto
1352 2773 1671 2843 subscripsit
1694 2787 1789 2842 per
1813 2772 2051 2827 Marcum

448 2877 831 2948 Presbyterum
854 2872 1129 2929 Vicarium
1152 2885 1334 2931 suum,
1361 2868 1447 2922 cui
1469 2865 1702 2921 concilio
1725 2863 1784 2920 S.
1810 2862 2051 2917 isidorus

449 2968 726 3040 praesedit,
756 2967 853 3021 fuit
878 2976 1059 3021 autem
1081 2963 1367 3019 Auriensis
1393 2961 1704 3031 episcopus.
1749 2957 1934 3026 Neque
1963 2955 2051 3010 hic

350 3124 353 3125 γ
449 3061 613 3131 igitur
638 3059 810 3115 series
865 3055 1263 3128 Hispalensium
1308 3054 1686 3123 episcoporum
1739 3049 2045 3120 reSpieitur,

2160 1854 2270 1898 tum
2300 1843 2645 1911 Pontilicent,
2690 1855 2747 1900 et
2790 1846 3078 1916 Martyrem
3109 1889 3124 1914 ,
3179 1857 3237 1903 et
3286 1848 3344 1904 8.
3399 1848 3750 1905 Laurentium

2157 1936 2446 2007 Martyrem
2472 1936 2764 2004 nominari,
2798 1937 2890 2008 qui
2910 1937 3139 1994 Gallieni
3182 1948 3426 2011 tempore
3468 1942 3611 1997 circa
3659 1957 3754 1997 an-

2154 2029 2418 2087 numiGt)
2452 2045 2550 2101 pro
2596 2030 2730 2086 Fide
2777 2041 3012 2088 mortem
3053 2034 3355 2102 oppetiere.
3413 2034 3750 2099 Vincentius,

2154 2124 2245 2193 qui
2271 2124 2372 2179 sub
2400 2124 2757 2189 Diocletiano,
2788 2124 3066 2193 Cornelio,
3118 2125 3299 2187 Gallo,
3323 2127 3651 2197 imperante,
3698 2137 3751 2183 et

2152 2212 2448 2284 Cypriano,
2477 2214 2705 2271 Gallieni
2738 2233 2855 2271 aevo
2892 2219 3151 2290 martyrio
3194 2220 3471 2274 coronatis
3525 2230 3746 2290 antepo-

2157 2307 2322 2361 nitur.
2349 2308 2625 2375 Clemens,
2651 2310 2740 2379 qui
2769 2311 2870 2365 sub
2905 2312 3139 2381 Traiano
3175 2312 3330 2368 initio
3383 2315 3608 2369 secundi
3650 2330 3751 2370 ste-

2153 2398 2285 2465 culi,
2316 2398 2571 2457 Cornelio
2620 2411 2676 2458 et
2719 2402 2994 2474 Cypriano
3023 2406 3384 2475 postponitur.
3415 2406 3661 2463 Joannes
3697 2415 3750 2462 et

2157 2491 2382 2559 Paulus,
2402 2495 2925 2565 iniperauteJuliauo
2948 2497 3233 2568 Apostata,
3257 2499 3518 2572 Martyrio
3546 2501 3745 2567 allecti,

2153 2582 2365 2641 Cosmae
2427 2596 2482 2642 et
2546 2588 2808 2646 Damiano
2875 2592 2977 2645 sub
3030 2592 3368 2650 Diocletiano
3419 2594 3750 2664 imperatore

2156 2680 2484 2750 martyribus
2512 2681 2911 2738 auteferuutur.
2947 2684 3186 2740 Tandem
3218 2703 3285 2741 ne
3330 2686 3535 2742 diutius
3564 2687 3618 2742 in
3649 2687 3749 2742 hac

2155 2787 2237 2837 re,
2261 2788 2380 2842 quae
2403 2772 2472 2828 de
2494 2789 2554 2829 se
2586 2783 2753 2843 patet,
2779 2776 3116 2832 ostendenda
3148 2777 3432 2836 ﬁctorem
3452 2779 3746 2845 detineam,

2154 2875 2274 2933 post
2301 2863 2781 2923 Cunsecrationem
2807 2869 2858 2929 in
2881 2870 3074 2925 eodem
3097 2870 3749 2929 Ecelesim.Ambrosianze

2154 2956 2356 3012 Missali
2386 2957 2582 3013 Thecla
2619 2960 2677 3015 D.
2711 2959 2865 3015 Pauli
2893 2960 3155 3034 discipula
3180 2973 3302 3032 post
3338 2964 3474 3020 alias
3512 2964 3575 3020 8.
3612 2979 3749 3019 mar—

2156 3058 2301 3119 tyres
2333 3051 2661 3119 nominatur,
2690 3068 2809 3123 quae
2835 3053 3100 3121 secundo,
3135 3055 3296 3111 tertio
3340 3070 3405 3112 ac
3432 3067 3632 3128 quarto
3652 3071 3749 3113 sw-

451 3153 751 3223 quinimmo
777 3149 1205 3220 interrumpitur.
1249 3145 1385 3201 Cum
1432 3152 1556 3214 post
1609 3140 1775 3197 David
1819 3140 2122 3209 Aurien—C
2155 3143 2277 3197 culo
2298 3152 2565 3215 martyres
2592 3145 2796 3201 obiere.

405 3239 408 3243 ’
450 3259 566 3301 sem
590 3244 904 3315 episcopum
928 3240 1173 3297 Julianus
1196 3237 1535 3309 Hispalensis
1554 3235 1868 3290 nominetur
1896 3274 1911 3301 ,
1957 3232 2048 3303 qui

453 3340 596 3395 circa
620 3352 822 3392 annum
863 3335 963 3392 681
1023 3334 1401 3405 ilispalensetn
1458 3329 1681 3401 regebat
1726 3327 2046 3395 Ecclesiam,

450 3428 669 3487 omissis
709 3428 855 3493 aliis,
888 3427 983 3496 qui
1012 3427 1278 3481 [siderum
1310 3424 1454 3479 inter
1483 3431 1539 3477 et
1578 3420 1850 3477 Julianum
1901 3434 2049 3474 eam—

452 3522 576 3579 detn
630 3522 1088 3598 gubernaverunt.
1136 3518 1352 3573 Juliauo
1399 3514 1704 3586 llispalensi
1739 3552 1753 3576 ,
1804 3513 2052 3568 Julianus

454 3628 592 3681 alter
620 3623 911 3678 Toletanus
940 3614 1229 3673 sufﬁcitur.
1265 3612 1393 3667 Haec
1429 3612 1577 3666 circa
1622 3607 2049 3664 Mozzarabicum

451 3717 673 3775 Missale
699 3713 1022 3770 observasse
1060 3708 1132 3763 sit
1160 3705 1316 3768 satis,
1346 3719 1412 3760 ex
1451 3703 1518 3757 iis
1546 3716 1780 3772 namque
1829 3700 2052 3757 eviden—

457 3821 540 3866 ter
565 3814 789 3878 apparet
840 3802 1043 3859 nullum
1076 3801 1128 3854 in
1158 3798 1224 3853 iis
1248 3793 1604 3852 recensendis
1659 3793 2049 3865 Episcoporum

457 3901 770 3962 nominibus
796 3895 1041 3953 ordinem
1073 3892 1240 3947 fuisse
1268 3897 1565 3945 servatum.

528 3992 685 4063 Quod
713 4005 844 4046 vero
873 3988 938 4042 ad
968 3986 1272 4041 Romanum
1294 3980 1551 4036 Ordinem
1580 4021 1594 4046 ,
1651 3992 1811 4048 quem
1844 3978 1896 4032 in
1930 3992 2056 4046 pro-

454 4086 756 4161 !egomenis
784 4082 851 4138 ad
877 4077 1224 4136 Anastasium
1251 4074 1437 4129 Tract.
1471 4074 1526 4138 ‘5,
1560 4086 1680 4142 pag.
1715 4072 1777 4127 51
1850 4086 1918 4125 ex
1949 4085 2052 4124 ms.

457 4180 690 4254 Capituli
714 4174 1047 4236 Veronensis
1090 4168 1476 4226 celeberrimus
1520 4164 1844 4221 Franciscus
1894 4163 2054 4218 Blatt-

458 4280 673 4336 chiuius
698 4271 941 4346 protulit,
966 4268 1039 4323 ita
1060 4267 1113 4322 in
1139 4279 1205 4320 eo
1237 4264 1432 4334 legitur
1457 4279 1469 4314 :
1498 4259 1705 4315 Exaudi
1733 4258 2054 4335 Christe.....

460 4384 635 4429 nostro
659 4369 737 4425 illi
763 4386 796 4422 a
817 4364 927 4419 Deo
949 4364 1107 4417 electo
1131 4357 1376 4428 Ponti/isi
1401 4356 1504 4410 vita
1545 4351 1665 4407 III.
1698 4351 1887 4407 Sancte
1928 4349 2056 4404 Fir-

462 4481 562 4519 me.
595 4456 974 4529 Respondetur.
1018 4452 1097 4506 Tu
1148 4449 1297 4504 illum
1339 4448 1552 4521 adjuva.
1605 4444 1796 4500 Sancte
1836 4442 2054 4498 Procul.

2224 3235 2371 3293 Idem
2401 3238 2453 3293 in
2481 3238 2701 3295 Canone
2728 3240 2963 3297 Romani
2990 3242 3220 3300 Missalis
3263 3243 3581 3301 observabit
3634 3242 3751 3302 dili-

2152 3344 2287 3400 gens
2318 3330 2514 3387 Lector
2542 3332 2657 3402 ipse
2686 3349 2782 3404 per
2823 3348 2965 3390 sese.
3024 3336 3368 3408 Quapropter
3420 3340 3613 3407 procul
3657 3338 3752 3394 du-

2154 3420 2245 3475 bio
2297 3431 2508 3478 constat
2561 3424 2810 3480 ordinem
2843 3425 2895 3479 in
2936 3425 3245 3496 huiusmodi
3288 3428 3569 3498 diptyehis
3601 3428 3756 3484 iniui-

2154 3529 2241 3569 me
2270 3514 2497 3582 attendi,
2525 3531 2702 3586 neque
2744 3518 2951 3574 attendi
2982 3535 3163 3590 posse,
3210 3536 3335 3576 cum
3359 3522 3751 3579 indescriben-

2154 3604 2239 3660 dis
2271 3608 2588 3662 Sanctorum
2630 3610 2942 3665 nominibus
2996 3612 3081 3668 vel
3137 3621 3350 3684 tempus
3403 3614 3751 3681 observetur,

2155 3716 2263 3770 quo
2290 3700 2342 3756 iu
2367 3695 2589 3759 Curione
2607 3744 2623 3769 ,
2648 3717 2740 3759 aut
2762 3705 2813 3759 iu
2838 3705 3063 3763 Litaniis
3085 3709 3246 3779 positi
3273 3720 3424 3779 sunt,
3458 3722 3515 3766 ut
3541 3720 3756 3771 constat

2157 3808 2222 3849 ex
2262 3792 2539 3851 additione
2564 3811 2737 3867 nuper
2760 3797 2901 3854 facta
2953 3816 2985 3854 a
3030 3802 3088 3857 8.
3146 3801 3208 3858 P.
3260 3803 3560 3861 Benedicto
3614 3805 3748 3869 XIV,

2156 3883 2247 3954 qui
2269 3883 2326 3940 S.
2359 3883 2563 3956 Joseph
2591 3896 2714 3957 post
2763 3887 3029 3947 Joannem
3081 3891 3378 3962 Baptistam
3426 3897 3480 3951 in
3529 3896 3753 3953 Litaniis

2157 3976 2551 4048 adnumeravit,
2581 3982 2661 4036 vel
2689 3982 2796 4040 alia
2822 3983 3007 4041 Sancti
3036 3989 3420 4058 praerogativa.
3453 3990 3571 4058 Qua
3600 3991 3671 4048 de
3696 4005 3755 4046 re

2159 4070 2421 4143 Martyres
2444 4083 2572 4129 ante
2604 4074 2906 4144 pontiﬁces,
2932 4087 2989 4134 et
3017 4076 3069 4133 bi
3115 4090 3244 4137 ante
3282 4081 3653 4147 confessores,
3699 4089 3754 4137 et

2158 4163 2406 4235 Virgines
2434 4176 2678 4237 tempore
2704 4169 2832 4226 licet
2858 4173 3191 4230 recentiores
3213 4173 3487 4232 locantur.
3521 4175 3750 4235 Accedit

2159 4256 2321 4313 etiam
2350 4259 2402 4313 iu
2456 4258 3058 4336 bniusmodidiptychis
3102 4277 3322 4325 sanctos
3373 4270 3679 4342 EpiscOpos
3724 4285 3754 4323 a

2160 4350 2385 4421 reliquis
2415 4355 2707 4423 separatim
2734 4355 2967 4413 describi
2985 4359 3178 4416 solitos
3200 4401 3216 4428 ,
3271 4377 3372 4418 nec
3398 4379 3508 4419 non
3542 4362 3755 4421 luet-eti-

2161 4456 2277 4509 cos,
2312 4443 2394 4499 vel
2415 4445 2790 4503 schismaticos
2810 4449 3109 4520 Episcopos
3134 4453 3364 4508 vetitum
3388 4454 3566 4513 fuisse
3592 4456 3647 4511 in
3686 4454 3752 4509 iis

466 4558 627 4627 Resp.
659 4550 738 4607 Tu
762 4550 913 4605 illum
942 4546 1154 4618 adiuva.
1188 4543 1378 4597 Sancte
1400 4538 1560 4594 Zeno.
1588 4536 1667 4590 Tu
1696 4535 1846 4589 illum
1898 4534 2057 4605 adju—
2082 4542 2138 4603 1)
2161 4538 2459 4592 accenseri.
2490 4538 2620 4607 Qua:
2647 4540 2828 4610 itaque
2856 4543 2996 4598 ratio
3036 4559 3105 4600 ex
3138 4545 3450 4615 huiusmodi
3480 4547 3755 4621 diptycltis

464 4667 548 4707 ua.
584 4643 813 4709 Exaudi,
845 4639 1065 4704 Christe,
1089 4634 1311 4689 Domino
1333 4643 1508 4687 nostro
1537 4630 1617 4684 illi
1650 4629 1920 4698 :Augusto
1963 4628 2060 4681 Se-

467 4741 735 4796 renissimo
766 4732 1063 4805 imperatori
1112 4742 1286 4782 nostro
1331 4744 1361 4778 a
1394 4724 1504 4778 Deo
1531 4731 1775 4776 coronato
1801 4736 1820 4785 ,'
1874 4735 2061 4791 magno

468 4843 516 4888 et
571 4832 786 4903 paciﬁca
819 4870 835 4896 ,
875 4827 980 4880 vita
1002 4833 1048 4878 et
1067 4820 1283 4876 victoria
1309 4818 1334 4871 Ι
1345 4817 1429 4882 Il,
1463 4816 1651 4872 Sancte
1677 4814 1862 4868 Paule.
1895 4812 2055 4880 Resp.

470 4923 552 4980 Tu
574 4923 722 4977 illum
750 4920 959 4989 adiuva.
980 4911 1189 4969 Exaudi
1216 4911 1434 4974 Christe,
1467 4906 1704 4963 Dominae
1733 4906 1940 4962 Nostra:
1962 4908 2060 4959 int-

472 5016 713 5090 peratrici
740 5013 902 5077 salus,
936 5019 983 5063 et
1007 5008 1132 5062 vita.
1167 5003 1360 5060 Sancta
1401 5000 1596 5057 Maria.
1626 4999 1781 5071 Resp.
1816 4999 1894 5055 Tu
1919 5001 2062 5055 illaut

472 5110 685 5181 adiuva.
717 5105 783 5161 Et
812 5100 1054 5174 proiecto
1098 5103 1227 5151 ante
1274 5096 1328 5151 S.
1370 5093 1646 5149 Zenonem
1701 5093 1758 5149 8.
1802 5092 2064 5147 Proculus

472 5203 797 5257 invocatur:
855 5203 909 5247 at
938 5207 1001 5248 ea
1032 5189 1241 5247 ratione
1294 5187 1546 5259 superius
1600 5185 1872 5253 adducta,
1920 5183 2064 5256 quod

471 5293 680 5350 scilicet
705 5287 886 5345 omnia
933 5284 1150 5354 antiqua
1182 5280 1517 5338 Veronensia
1569 5288 1918 5334 monumenta
1968 5278 2068 5334 sub

473 5384 703 5454 imperio
735 5377 1008 5435 Maximini
1038 5390 1133 5446 per
1164 5388 1407 5429 errorem
1439 5372 1497 5430 S.
1532 5371 1822 5427 Proeulum
1871 5382 2066 5439 posue-

462 5478 620 5542 ’runt,
647 5473 793 5546 quod
820 5479 876 5529 et
904 5474 955 5526 in
985 5469 1107 5525 aliis
1145 5467 1509 5523 monumentis
1541 5481 1573 5519 a
1600 5465 1841 5519 Dominis
1892 5463 2067 5521 Balle-

469 5572 623 5628 riniis
653 5568 833 5625 allatis
858 5563 1175 5622 notandum.

537 5659 721 5729 Neque
768 5658 820 5712 in
868 5654 1114 5713 Ecclesia
1169 5649 1526 5709 Ambrosiana
1555 5651 1609 5705 in
1639 5647 1861 5707 Canoue
1888 5649 2065 5708 Missae

463 5761 569 5807 tam
606 5763 739 5808 ante
799 5763 962 5820 quam
1011 5753 1130 5814 post
1178 5744 1650 5805 consecrationem
1671 5743 1809 5801 ordo
1857 5746 2063 5803 servari

2162 4629 2394 4700 emergit
2417 4630 2485 4686 ad
2517 4631 2702 4688 Sancti
2722 4635 2951 4705 alicujus
2979 4638 3418 4695 constituendam
3446 4640 3753 4711 Epocham,

2165 4723 2443 4790 potissime
2470 4740 2598 4782 vero
2626 4727 2683 4783 8.
2717 4726 2971 4797 Zenonis,
2997 4745 3121 4786 cum
3155 4732 3304 4786 nullo
3356 4733 3521 4790 modo
3564 4731 3758 4805 probe-

2166 4823 2253 4871 tur
2286 4826 2409 4873 octo
2457 4821 2751 4889 primorum
2804 4823 3183 4893 episeOporum
3234 4825 3635 4884 Veronensium
3675 4840 3759 4882 se-

2164 4910 2300 4965 riem
2330 4926 2361 4966 e
2380 4911 2649 4983 diptychls
2675 4914 2919 4982 ejusdem
2951 4917 3206 4974 Ecclesiae
3235 4919 3603 4993 desumptam,
3658 4933 3756 4975 ue-

2165 5013 2269 5073 que
2300 5004 2405 5058 ulla
2442 5005 2752 5076 huiusmodi
2799 5008 3052 5083 diptyeha
3109 5013 3346 5083 ampli'us
3391 5015 3757 5085 reperiantur.

2165 5096 2515 5167 Compertum
2544 5101 2724 5172 itaque
2743 5116 2867 5158 eum
2898 5106 2991 5173 sit,
3019 5119 3116 5176 per
3139 5121 3382 5163 errorem
3434 5108 3494 5164 8.
3557 5108 3759 5163 Procu-

2165 5189 2274 5243 lum
2306 5198 2501 5259 quarto
2527 5190 2648 5249 loco
2678 5195 2822 5250 inter
2845 5195 3192 5253 Veronenses
3222 5198 3518 5270 Episcopos
3561 5213 3755 5254 recen-

2164 5283 2328 5339 situm
2360 5282 2549 5351 fuisse,
2578 5302 2758 5358 neque
2778 5287 2884 5343 ulla
2908 5299 3158 5359 suppetat
3186 5292 3346 5359 ratio,
3370 5307 3474 5363 qua
3497 5292 3757 5362 probetur

2171 5373 2502 5448 lihythmum
2527 5376 2796 5452 Anonymi
2827 5381 3093 5450 Pipiniani
3123 5399 3155 5439 e
3185 5382 3455 5457 diptycbis
3500 5384 3757 5441 Ecclesia:

2172 5467 2504 5528 Veronensis
2528 5474 2907 5530 concinnatum
2938 5475 3108 5533 fuisse
3141 5495 3152 5530 :
3180 5477 3437 5550 Ordoque
3456 5477 3756 5549 Episcopo-

2170 5575 2289 5616 rum
2315 5562 2443 5619 licet
2467 5579 2531 5620 ex
2582 5565 2773 5622 iisdem
2800 5567 3075 5640 diptychis
3124 5569 3483 5643 desumptus,
3538 5578 3754 5639 tempus

2167 5661 2223 5709 et
2251 5654 2446 5711 seriem
2479 5654 2871 5728 Episcoporum
2899 5661 3125 5718 minime
3151 5662 3451 5720 ordinatam
3470 5660 3748 5722 exhibere.

2166 5750 2372 5807 corruit
2401 5742 2779 5820 argumentum
2794 5770 2823 5810 a
2837 5753 3081 5813 Dominis
3106 5754 3417 5817 Balleriniis
3439 5752 3750 5813 deductum.
