4198 6160
432 282 534 339 721
1006 304 1011 309 π
1455 267 1466 275 ’
1926 267 2401 328 DISSERTATIO.
3676 273 3778 327 τῃ

432 403 673 472 Quartus
701 400 879 469 itaque
931 397 1258 453 Veronensis
1308 393 1606 463 Episcopus
1653 392 1744 465 (8.
1786 390 2073 463 Proculus)
2103 398 2149 461 Α
2180 388 2290 444 lum
2317 389 2547 460 proinde
2570 400 2949 460 argumentum
2978 406 3042 446 ex
3069 389 3343 462 Rhytltmo
3369 391 3530 447 allato
3557 390 3662 462 peti
3683 406 3780 461 po—

427 503 613 565 quarto
644 495 870 549 ineunte
938 490 1148 546 εευοιιιυ
1201 487 1411 541 ﬂoruit.
1453 484 1590 541 Cum
1643 501 1777 541 vero
1813 485 1872 540 8.
1928 483 2073 539 Zeno
2179 490 2282 538 test
2305 482 2371 537 ad
2404 482 2463 537 8.
2497 481 2738 538 Zenonis
2771 483 3047 554 Epocham
3098 495 3293 555 quarto
3326 482 3525 539 saeculo
3572 484 3777 539 consti-

427 600 656 644 octavus
684 590 825 643 inter
843 583 1206 641 Veronenses
1235 580 1550 650 Episcopos
1574 589 1914 645 numeretur,
1947 580 2071 636 inde
2176 574 2433 630 tuendam
2465 592 2479 640 ;
2506 589 2631 630 cum
2661 576 2718 631 S.
2748 575 3028 642 Proculus,
3066 575 3161 646 qui
3183 583 3376 646 quarto
3407 575 3625 631 ineunte
3673 588 3778 629 sm-

428 679 779 744 eoncludunt,
810 683 955 747 post;
988 676 1232 733 medium
1275 680 1531 743 quartum
1578 674 1846 728 sseculum
1876 673 1934 729 8.
1967 673 2069 728 Ze-

432 788 631 829 nonem
663 768 929 829 Ecclesiae
964 767 1281 825 Veronensi
1304 755 1624 836 prmluisse.
1659 765 1730 821 At
1758 767 1901 822 enim
1942 780 2070 822 vero

435 867 568 922 licet
594 866 648 920 in
676 865 895 922 dubium
930 863 1186 918 revocari
1243 874 1356 914 non
1416 860 1623 927 possit,
1675 858 1733 914 S.
1783 859 2066 915 Proculum

437 968 624 1025 quarto
652 960 850 1013 ineunte
874 955 1089 1010 saeculo
1115 950 1558 1027 ﬂoruisse..illud
1585 965 1716 1005 vero
1743 950 1932 1005 falsum
1959 960 2062 1017 est,

441 1050 604 1105 exiis
628 1065 748 1120 quae
771 1061 937 1118 supra
994 1046 1357 1111 ostendimus,
1390 1040 1446 1097 8.
1478 1041 1783 1097 Proculum
1814 1052 2063 1114 quartum

442 1144 617 1198 fuisse
640 1143 969 1213 EpiscOpum
1008 1139 1401 1197 Veronensem.
1430 1134 1593 1191 Vixit
1620 1136 1802 1208 itaque
1828 1137 1882 1193 S.
1916 1136 2063 1191 Pro-

442 1237 603 1293 culus
634 1236 785 1291 initio
813 1235 993 1305 quarti
1024 1233 1229 1300 saeculi,
1256 1237 1312 1284 at
1337 1243 1446 1282 non
1485 1238 1622 1284 ante
1659 1229 1716 1285 8.
1760 1229 2058 1297 Zenonem,

442 1331 540 1400 qui
569 1327 803 1384 Gallieni
831 1333 995 1381 aetate
1046 1334 1171 1396 post
1222 1321 1461 1377 medium
1527 1321 1750 1377 tertium
1801 1322 2057 1376 saeculum

444 1419 1065 1480 VeronensiCathedrae
1088 1425 1357 1489 praeerat,
1382 1424 1443 1470 ut
1473 1414 1703 1473 inferius
1756 1418 1921 1472 etiam
1970 1431 2060 1472 os-

440 1513 776 1579 tendemus;
838 1525 1019 1581 neque
1063 1520 1288 1580 quartus
1345 1508 1659 1580 Episcopus
1724 1508 2057 1566 Veronensis

437 1606 709 1663 dicendus
730 1614 835 1671 est,
860 1603 958 1659 sed
978 1618 1101 1659 cum
1127 1602 1355 1675 Ughello
1376 1616 1578 1668 nonus,
1602 1602 1659 1656 8.
1683 1601 1941 1667 Zenonis,
1966 1602 2055 1673 qui

436 1712 669 1758 octavus
698 1698 818 1766 fuit,
850 1712 1159 1754 successor.

2174 670 2297 725 culo
2319 669 2693 726 Veronensem
2718 670 2938 741 regebat
2967 670 3266 726 Ecclesiam
3288 684 3495 735 errore,
3526 678 3585 724 ut
3614 683 3778 739 supra

2171 770 2450 817 ostensum
2481 770 2586 826 est,
2620 772 2816 832 quarto
2837 763 2957 818 loco
3002 763 3146 817 inter
3190 761 3476 831 episcopos
3504 761 3778 817 Veronen-

2170 869 2258 909 ses
2280 854 2591 933 descriptus
2613 855 2704 908 sit.
2736 854 2807 909 Et
2831 854 2890 910 8.
2921 854 3180 919 Lucilius,
3207 852 3298 923 qui
3326 864 3513 907 sextus
3560 852 3775 921 episco-

2169 959 2270 1014 pus
2294 954 2634 1010 numeratur,
2683 944 2938 1000 Lucidius
2974 958 3101 998 vere
3144 944 3214 999 sit
3259 942 3618 997 nominandus
3650 984 3664 1008 ,
3719 950 3774 996 et

2168 1036 2308 1092 alius
2337 1039 2408 1093 sit
2436 1054 2464 1092 a
2499 1038 2557 1095 8.
2583 1039 2809 1103 Lucilio,
2864 1040 2954 1109 qui
2987 1038 3299 1093 Sardicensi
3341 1036 3574 1092 concilio
3600 1037 3771 1091 inter-

2166 1129 2287 1195 fuit,
2322 1144 2444 1185 cum
2479 1130 2622 1186 inter
2650 1131 2987 1188 Veronenses
3013 1132 3303 1202 episcopos
3342 1146 3634 1203 numquam
3665 1129 3773 1184 Lu-

2164 1222 2324 1278 cilius
2350 1223 2584 1295 legatur,
2614 1225 2710 1280 sed
2740 1225 3014 1281 Lucidius.
3039 1224 3122 1280 An
3146 1240 3275 1280 vere
3302 1223 3436 1279 falsa
3460 1225 3587 1290 sint,
3646 1238 3771 1293 quze

2162 1314 2232 1369 de
2254 1314 2487 1371 Gallieni
2540 1318 2650 1373 tilia
2695 1318 2749 1373 in
2793 1318 2895 1373 hoc
2942 1317 3134 1374 eodem
3177 1315 3453 1387 thythmo
3493 1317 3766 1386 leguntur,

2162 1407 2326 1463 modo
2356 1408 2753 1479 inSpiciendum
2781 1420 2885 1466 est.

2163 1518 2192 1590 §
2227 1517 2317 1573 III.
2360 1520 2440 1574 De
2460 1524 2759 1578 narratione
2779 1522 3021 1579 Coronati
3049 1522 3258 1578 Notarii
3279 1539 3367 1577 seu
3390 1524 3494 1578 vita
3513 1524 3574 1580 8.
3595 1524 3765 1579 Zeno-

2161 1611 2289 1665 nisa
2314 1611 2569 1673 Coronato
2614 1613 2669 1669 Ν
2673 1616 2837 1670 otario
2859 1617 3114 1685 descripta
3136 1657 3150 1679 ,
3174 1614 3297 1684 quid
3324 1615 3643 1670 sentiendum
3674 1618 3763 1672 sit.

2233 1711 2485 1769 Coronati
2527 1714 2729 1771 Notarii
2758 1717 2825 1773 de
2856 1717 2912 1774 8.
2939 1717 3156 1772 Zenone
3182 1717 3546 1772 narrationem
3571 1716 3766 1773 labulis

512 1794 745 1850 Sextum
797 1791 1169 1847 Veronensem
1222 1789 1536 1860 episcopum
1590 1787 1693 1844 hoc
1750 1786 2045 1876 meadem
2078 1803 3064 1865 BaccensentDominiBalleriniibis
3083 1808 3423 1881 potissimum
3461 1810 3761 1866 rationibus

438 1887 720 1959 Rhythmo
740 1883 1006 1948 L‘hcilium
1052 1884 1303 1954 legimus.
1342 1883 1492 1937 Hunc
1524 1883 1584 1937 D.
1613 1867 1890 1938 Ballerinii
1934 1882 2044 1936 Lu-

432 1982 622 2037 cillum
667 1992 790 2035 esse
816 1978 1149 2033 contendunt
1179 2019 1193 2041 ,
1240 1977 1332 2047 qui
1383 1989 1529 2030 anno
1574 1976 1680 2030 547
1731 1974 2046 2031 Sardicensi

430 2072 685 2130 Concilio
711 2070 1057 2140 subscripsit.
1105 2070 1174 2125 At
1206 2068 1308 2139 ipsi
1335 2083 1398 2125 ea
1426 2068 1762 2139 integritate,
1794 2083 1896 2139 qua
1924 2066 2042 2139 pol-

431 2167 572 2232 lent,
604 2166 661 2219 in
694 2164 797 2218 hac
824 2162 1169 2233 petissimum
1197 2160 1508 2215 Zenoniana
1535 2159 1779 2215 editione
1828 2169 2041 2226 notant,

431 2261 487 2316 in
546 2259 686 2315 actis
739 2254 1613 2327 ConciliiejusdemSardicensis
1670 2257 2039 2327 subscriptum

430 2353 671 2425 reperiri
701 2352 950 2417 Lucium,
997 2349 1156 2405 sicuti
1197 2360 1250 2404 et
1298 2351 1351 2405 in
1397 2349 1670 2419 Synodica
1723 2352 1790 2407 ad
1837 2351 2040 2407 Julium

430 2449 655 2517 Papam.
691 2445 919 2502 Lucium
946 2443 1087 2500 hunc
1113 2444 1364 2499 eumdem
1388 2458 1532 2506 esse,
1555 2459 1719 2513 quem
1775 2446 1834 2501 8.
1882 2444 2042 2502 Atha-

431 2544 643 2607 nasius,
676 2550 732 2596 et
759 2540 810 2595 in
842 2538 1034 2609 prima,
1063 2547 1118 2593 et
1147 2540 1198 2593 in
1223 2537 1484 2601 secunda,
1535 2536 1605 2591 ad
1656 2535 2038 2593 Constantium

430 2641 693 2712 Apologia
740 2638 1007 2695 Lucillum
1064 2638 1355 2702 nominat,
1399 2651 1497 2707 pro
1533 2646 1686 2692 certo
1733 2638 2039 2694 habendum

434 2747 570 2808 puto
605 2753 620 2791 :
654 2750 780 2789 nam
810 2733 1061 2805 quamvis
1088 2735 1206 2804 ipse
1234 2747 1293 2788 se
1317 2732 1542 2787 Lucium
1591 2733 1840 2789 nominet
1868 2776 1883 2801 ,
1941 2734 2040 2788 Lu-

429 2829 586 2885 cilius
610 2832 744 2901 forte
781 2828 843 2883 ob
876 2844 1090 2898 parvam
1131 2837 1384 2882 staturam
1410 2824 1713 2882 diminutive
1762 2830 1917 2901 vulgo
1961 2829 2041 2881 di-

428 2933 542 2976 ctus
559 2923 678 2995 fuit,
694 2930 753 2977 ut
774 2921 935 2976 iidem
953 2920 1164 2975 Domini
1187 2916 1683 2986 Balleriniioplime
1698 2927 1888 2973 uolant
1909 2939 1920 2971 :
1947 2934 2041 2973 cu-

426 3016 519 3084 jus
540 3017 617 3071 rei
641 3015 953 3084 exemplum
968 3014 1021 3068 in
1038 3011 1340 3083 Episcopali
1363 3011 1613 3066 Oratorio
1636 3011 1955 3068 Pistoriensi
1977 3012 2034 3069 8.

433 3108 693 3164 Antonini
743 3106 1002 3178 EpiscOpi
1041 3105 1340 3162 Florentini
1368 3105 1595 3175 epistola
1626 3107 1847 3177 pr0pria
1878 3124 2040 3164 manu

2153 1894 2397 1966 (Dissert.
2417 1917 2452 1968 I,
2473 1917 2587 1971 cap.
2613 1902 2678 1969 3,
2702 1902 2728 1973 §
2755 1902 2809 1974 5)
2832 1902 3039 1958 :Printo
3067 1905 3253 1958 mirum
3279 1904 3412 1959 illud
3430 1907 3644 1976 factum,
3658 1921 3759 1976 quo

2152 1990 2310 2044 unica
2335 1991 2557 2048 Gallieni
2574 1995 2687 2064 filia
2708 1994 2912 2051 Zenone
2946 1997 3014 2050 ad
3035 1994 3410 2073 Imperatorem
3434 2014 3523 2069 per
3553 1999 3760 2053 nuntios

2149 2083 2316 2137 accito
2329 2101 2357 2137 a
2372 2084 2601 2140 dwmone
2616 2086 2825 2143 liberata
2836 2089 3076 2155 traditur,
3092 2089 3222 2143 adeo
3243 2090 3440 2161 insigne
3464 2099 3511 2145 et
3534 2090 3760 2145 solemne

2149 2190 2258 2229 esse
2275 2177 2465 2243 debuit,
2493 2189 2545 2233 ut
2564 2181 2862 2237 incredibile
2879 2184 3028 2250 plane
3047 2183 3142 2250 sit,
3156 2184 3293 2253 quod
3316 2201 3404 2252 per
3418 2186 3641 2255 quinque
3658 2184 3758 2238 cir-

2147 2272 2278 2327 citer
2319 2276 2510 2329 stecula
2542 2275 2674 2330 nihil
2704 2274 2768 2331 de
2806 2276 2896 2331 illo
2932 2276 3112 2330 litteris
3142 2277 3398 2348 quispiam
3443 2277 3753 2348 prodiderit.

2153 2368 2479 2439 primusque,
2504 2369 2590 2438 qui
2613 2371 2727 2440 ejus
2755 2370 2931 2439 fecerit
2962 2371 3289 2436 mentionem,
3313 2371 3531 2440 septimo
3561 2371 3639 2425 vel
3662 2387 3748 2424 oc-

2148 2468 2270 2516 tavo
2292 2464 2484 2515 sceculo
2507 2460 2796 2516 Coronatus
2823 2461 3074 2517 Notarius
3101 2464 3272 2534 fuerit.
3304 2461 3437 2517 Dein
3463 2480 3675 2519 numero
3692 2463 3748 2529 5,

2147 2555 2542 2619 monasterium,
2572 2554 2624 2607 in
2667 2569 2768 2624 quo
2801 2554 2862 2609 S.
2904 2552 3044 2607 Zeno
3075 2571 3191 2607 cum
3242 2554 3473 2624 pluribus
3516 2555 3633 2608 aliis
3700 2564 3748 2608 et

2147 2648 2324 2701 eodem
2350 2648 2558 2717 quidem
2598 2646 2821 2701 Zenonis
2844 2648 3046 2701 nomine
3072 2646 3368 2718 appellatis,
3394 2646 3617 2718 degeret,
3647 2646 3750 2701 Ve-

2146 2758 2291 2797 ronae
2319 2743 2582 2816 publicum
2613 2741 2776 2810 fuisse
2804 2740 3064 2795 indicatur
3083 2782 3097 2803 ,
3122 2739 3258 2810 quod
3283 2739 3345 2794 de
3371 2740 3535 2794 tribus
3564 2740 3744 2809 primis

2145 2836 2368 2902 swculis,
2400 2855 2516 2891 cum
2536 2836 2819 2892 Christiani
2842 2838 3252 2904 persecutionum
3283 2838 3438 2892 causa
3465 2837 3745 2899 latitantes,

2146 2926 2280 2983 nihil
2334 2928 2552 3000 publica:
2609 2929 2970 2998 ludiﬁcationis
3023 2928 3399 2999 praeferebant,
3449 2904 3748 2983 incredibile

2146 3023 2354 3076 omnino
2377 3033 2469 3077 est.
2495 3020 2725 3077 Prwtera
2749 3021 3088 3093 Imperatoris
3110 3024 3311 3077 nomine
3346 3022 3487 3078 Zeno
3512 3033 3742 3095 rogatus,

2132 3124 2201 3167 ut
2221 3113 2385 3183 ﬁliam
2406 3118 2521 3189 ejus
2550 3115 2834 3170 a‘diemone
2874 3124 3106 3170 vexatam
3132 3125 3355 3180 sanaret,
3387 3132 3503 3168 cum
3531 3132 3590 3170 eo
3618 3131 3745 3184 pro-

434 3200 741 3270 subscripta
764 3198 1100 3269 suppeditat,
1125 3212 1246 3267 qua“:
1268 3197 1731 3252 intersanctorum
1765 3198 2040 3271 Reliquias
2068 3208 2114 3270 Ο
2148 3207 2314 3277 fectus
2360 3208 2589 3277 ejecisset
2619 3208 2950 3275 dwmonium,
3003 3222 3258 3264 coronam
3290 3207 3551 3279 regalem,
3590 3224 3746 3278 quam

434 3296 689 3352 distincta
708 3296 1067 3351 veneratione
1086 3292 1419 3358 custoditur;
1452 3293 1504 3346 in
1534 3306 1596 3347 ea
1613 3293 1757 3347 enim
1790 3309 1849 3347 se
1872 3296 2039 3347 Anto-

437 3395 584 3447 nium
610 3388 957 3460 subscripsit,
984 3388 1091 3441 non
1107 3386 1462 3452 Antoninum,
1494 3394 1554 3440 ut
1574 3386 1734 3455 vulgo
1757 3401 2032 3456 nuncupa-

440 3496 545 3538 tur.
574 3482 844 3538 Lucillum
883 3481 1068 3551 itaque
1120 3478 1424 3534 Sardicensi
1484 3477 1717 3532 concilio
1763 3493 1907 3534 anno
1932 3476 2057 3532 547.

439 3577 826 3647 subscripsisse
857 3574 1053 3638 fateor,
1087 3587 1261 3640 neque
1292 3570 1521 3640 Ughello
1570 3570 1841 3624 assentior
1874 3610 1889 3633 ,
1946 3570 2035 3639 qui

440 3670 614 3725 eidem
634 3669 882 3727 Concilio
911 3683 1018 3721 non
1049 3665 1330 3727 Lucillum,
1361 3664 1454 3719 sed
1479 3662 1738 3718 Lucidum
1764 3664 2040 3731 Subscrip-

442 3761 576 3816 sisse
604 3760 755 3816 dicit.
791 3758 1156 3814 Nihilotamen
1191 3756 1369 3809 minus
1400 3756 1541 3809 hunc
1599 3753 1861 3808 Lucillum
1910 3769 2034 3809 sex-

447 3865 552 3910 tum
581 3869 690 3910 non
740 3855 909 3909 ﬁnisse
952 3852 1277 3922 Episcopum
1322 3850 1687 3905 \‘eronensem
1742 3863 1840 3915 pro
1889 3856 2039 3903 certo

448 3948 637 4003 habeo.
666 3947 721 4001 In
754 3944 1031 4015 Rhythmo
1054 3943 1254 3998 etenim
1278 3942 1517 3997 Lucilius
1542 3941 1732 4011 legitur
1764 3956 1859 4010 pro
1885 3940 2040 3995 Luci-

446 4039 554 4105 dio,
582 4053 691 4094 non
721 4037 963 4094 Lucillus
993 4049 1091 4105 pro
1116 4035 1288 4090 Lucio
1323 4054 1335 4090 :
1370 4052 1492 4090 nam
1541 4033 1682 4104 quod
1728 4047 1825 4103 pro
1871 4031 2039 4087 Lucio

447 4131 685 4187 Lucillus
706 4131 777 4185 sit
804 4136 1049 4191 vocatus,
1079 4128 1179 4183 hoc
1211 4129 1260 4182 in
1294 4128 1414 4182 aliis
1443 4127 1748 4182 nominibus
1803 4126 2040 4180 diminu-

444 4227 591 4280 tione
618 4223 853 4294 quadam
908 4222 1218 4293 frequenter
1266 4222 1499 4285 accidit;
1556 4235 1650 4290 pro
1696 4218 1857 4274 Lucio
1912 4234 2040 4273 vero

446 4322 528 4376 vel
558 4320 769 4375 Lut-illo
790 4316 1054 4372 Lucidum
1085 4317 1350 4382 scribere,
1402 4314 1545 4370 nulla
1591 4313 1878 4368 diminutio
1933 4322 2039 4378 est,

444 4431 563 4484 qua:
598 4414 681 4468 vel
706 4420 968 4466 staturam
1006 4409 1239 4464 hominis
1266 4449 1282 4474 ,
1324 4410 1405 4464 vel
1461 4407 1709 4463 allectum
1766 4405 2044 4476 proferen-

446 4510 512 4561 tis
535 4506 824 4573 exprimat,
863 4503 956 4557 sed
999 4502 1141 4558 aliud
1176 4516 1399 4573 prorsus
1448 4515 1664 4556 nomen.
1721 4499 1826 4553 Pro
1883 4499 2040 4555 Luci-

2146 3298 2256 3364 ipse
2313 3296 2583 3353 Gallienus
2624 3300 2923 3369 imperator,
2977 3301 3158 3371 capite
3202 3314 3301 3355 suo
3351 3300 3631 3370 gestabat,
3681 3299 3744 3353 ab

2144 3390 2320 3443 eodem
2346 3392 2605 3460 accepisse
2630 3392 2873 3456 traditur,
2901 3408 3055 3463 quam
3082 3410 3205 3447 mox
3229 3393 3541 3464 pauperibus
3569 3395 3745 3449 distri-

2147 3480 2254 3535 buit
2279 3498 2297 3535 :
2323 3498 2436 3535 cum
2467 3493 2586 3536 ante
2609 3483 2941 3538 Aurelianum
2956 3484 3011 3538 id
3029 3486 3229 3557 generis
3248 3496 3608 3539 ornamentum
3636 3486 3743 3540 Ro-

2148 3574 2314 3627 manis
2344 3572 2751 3644 lmperatoribus
2779 3592 2881 3629 non
2915 3577 3071 3645 fuerit
3092 3578 3144 3630 in
3164 3593 3284 3632 usu.
3313 3576 3439 3643 Quis
3468 3577 3585 3631 dein
3612 3580 3744 3633 tueri

2146 3667 2480 3735 probabiliter
2523 3670 2708 3739 poterit
2731 3672 2989 3723 ethnicum
3014 3670 3371 3742 imperatorem
3400 3670 3595 3725 Zenoni
3615 3688 3740 3726 con-

2143 3759 2376 3822 cessisse,
2431 3768 2488 3813 ut
2520 3760 2661 3815 idola
2690 3763 2874 3815 omnia
2898 3761 3229 3828 destrueret,
3256 3772 3312 3817 et
3337 3762 3388 3816 in
3415 3761 3617 3818 Christi
3643 3748 3741 3818 nol

2147 3851 2290 3906 mine
2321 3851 2596 3907 Ecclesias
2624 3852 2936 3920 fabricaret,
2962 3853 3114 3925 idque
3156 3870 3271 3908 cum
3302 3855 3348 3908 is
3385 3852 3635 3910 Veronam
3656 3872 3742 3909 re-

2143 3945 2375 4014 petisset,
2408 3946 2599 4016 {actum
2636 3944 2832 4016 fuisse?
2857 3946 2931 3999 ita
2962 3954 3017 3999 ut
3047 3962 3164 3999 cum
3192 3963 3255 4000 ne
3278 3963 3381 4001 una
3400 3948 3606 4017 quidem
3640 3965 3739 4013 pu-

2143 4034 2277 4088 blica
2303 4035 2429 4089 alibi
2457 4036 2648 4091 Christi
2670 4037 2883 4090 ecclesia
2912 4037 3086 4106 fuerit.
3126 4035 3340 4092 Verona:
3365 4055 3454 4110 per
3480 4037 3739 4093 Zenonem

2146 4129 2477 4199 imperatoris
2506 4133 2618 4202 ejus
2648 4130 2893 4184 mandato
2939 4132 3114 4200 plures
3152 4133 3345 4201 fuerint
3397 4141 3738 4196 constructte,

2146 4223 2224 4276 uti
2256 4224 2491 4291 proditur
2512 4240 2726 4278 numero
2749 4225 2800 4279 7.
2829 4223 2936 4279 Sed
2964 4225 3117 4296 plura
3138 4226 3263 4287 alia,
3286 4241 3402 4292 qua:
3420 4227 3742 4280 considerari

2146 4316 2379 4385 possint,
2417 4315 2751 4383 omittamus;
2780 4316 2888 4370 haec
2937 4317 3071 4370 enim
3115 4318 3184 4370 ad
3236 4319 3549 4372 narrationis
3586 4319 3741 4388 hujus

2146 4407 2446 4478 ﬁgmentum
2474 4407 2934 4462 demonstrandum
2971 4409 3114 4479 apud
3156 4409 3367 4465 idoneos
3388 4413 3595 4484 judices
3621 4414 3745 4467 satis

2146 4516 2400 4571 superque
2421 4501 2541 4555 sint.

442 4600 536 4653 dio
559 4596 823 4653 Lucilium
851 4596 951 4665 legi
1002 4594 1054 4649 id
1083 4593 1432 4649 amanuensis
1478 4592 1608 4647 vitio
1658 4590 1774 4645 ﬁeri
1828 4593 2040 4660 potuit:
2072 4602 2126 4664 D
2223 4591 2496 4662 Tanquam
2549 4594 2810 4651 incertum
2856 4604 2909 4650 et
2981 4595 3203 4651 dubium
3250 4612 3348 4653 nos
3391 4601 3554 4654 etiam
3605 4598 3744 4654 hanc

441 4704 495 4748 et
521 4691 665 4747 forte
690 4690 945 4759 antiquus
971 4688 1250 4742 character
1288 4695 1528 4757 tempore
1569 4684 1802 4741 detritus
1848 4698 2044 4753 corpus

441 4787 478 4839 ιι
509 4783 717 4847 amisit,
760 4781 1064 4850 lineamque
1102 4780 1352 4833 [tantum
1398 4778 1642 4843 retinuit,
1694 4791 1801 4847 quo
1846 4777 2042 4830 factum

438 4889 552 4943 est,
581 4886 638 4931 ut
671 4890 774 4945 pro
804 4873 839 4925 il
868 4873 1258 4937 (scriberetur,
1300 4879 1354 4925 et
1386 4886 1481 4941 pro
1512 4869 1746 4926 .Lucidio
1787 4867 2041 4947 Lucilius.

439 4974 594 5029 Inter
627 4969 974 5023 Veronenses
997 4979 1225 5035 namque
1246 4964 1496 5033 antiquos
1550 4963 1851 5033 Episcopos
1895 4960 2048 5016 Luci-

442 5067 574 5119 dius
604 5060 874 5131 reperitur
898 5069 953 5113 et
981 5056 1254 5121 Lucilius;
1288 5056 1527 5112 Lucilius
1553 5071 1683 5111 vero
1728 5071 2045 5126 numquam.

448 5160 519 5215 Et
545 5156 635 5211 hic
687 5153 944 5211 Lucidius
991 5153 1270 5206 sanctitate
1320 5150 1645 5219 conspicuus
1680 5148 1908 5204 Verona:
1956 5164 2051 5203 co-

446 5255 600 5316 litur,
631 5250 699 5305 de
721 5264 829 5318 quo
858 5247 928 5302 ita
970 5246 1199 5300 habetur
1234 5244 1286 5298 in
1318 5243 1639 5299 Sanctorum
1674 5242 2053 5312 episcoporum

457 5344 858 5401 Veronensium
885 5338 1121 5410 antiquis
1158 5335 1626 5392 monumentiszs.
1664 5334 1867 5389 Lucidii
1901 5333 2056 5403 Epis-

458 5440 575 5511 copi
601 5435 906 5491 Veronensis
920 5449 1109 5503 corpus
1122 5432 1385 5503 requiescit
1399 5431 1450 5484 in
1466 5429 1696 5484 Ecclesia
1711 5426 1771 5483 S.
1782 5428 2054 5497 Stephani,

458 5542 514 5585 ut
542 5546 608 5585 ex.
636 5527 814 5584 tabula
842 5534 1037 5582 vetusta
1066 5539 1128 5578 ea:
1153 5520 1459 5576 membranis
1492 5518 1546 5574 in
1580 5520 1822 5575 Sacrario
1846 5519 1906 5574 8.
1936 5520 2050 5575 Ste—

467 5625 653 5696 phani,
683 5637 749 5676 ea:
778 5618 1055 5673 Fruncisco
1079 5615 1268 5679 Carna,
1326 5625 1370 5667 et
1419 5631 1482 5668 ea:
1516 5613 1688 5667 tabula
1747 5611 2053 5667 Sanctorum

464 5719 550 5771 die
573 5715 648 5770 26
680 5712 871 5785 Aprilis
904 5711 967 5764 de
993 5709 1174 5779 quibus
1196 5722 1375 5777 supra.
1413 5708 1484 5759 Ile
1504 5705 1694 5760 eodem
1743 5702 1965 5757 Lucidio
1985 5706 2055 5759 96

472 5801 676 5879 Aprilis
702 5804 950 5859 meminit
987 5811 1040 5856 ut
1064 5800 1504 5869 Martyrologium
1557 5797 1874 5852 Romanam.
1927 5792 2058 5851 Nutu

2149 4682 2404 4739 Cormiati
2432 4688 2794 4743 narrationem
2820 4687 3107 4755 rejecimus
3132 4698 3351 4761 propter
3369 4691 3743 4747 diversitatem

2150 4777 2443 4846 praecipue,
2474 4792 2595 4847 qua:
2620 4779 2671 4834 in
2703 4779 2933 4833 diversis
2957 4794 3087 4833 mss.
3132 4782 3419 4849 reperitur.
3451 4781 3611 4838 Aliud
3634 4799 3737 4839 ms.

2148 4871 2352 4923 recenti
2393 4870 2609 4939 quidem
2647 4872 2959 4928 charactere
2986 4874 3385 4944 conscriptum,
3419 4888 3473 4930 at
3501 4879 3569 4932 ab
3599 4878 3744 4932 auti~

2151 4948 2455 5028 quioribus,
2487 4972 2544 5015 ut
2576 4977 2671 5031 par
2691 4969 2775 5017 est
2796 4962 3039 5028 credere,
3072 4966 3436 5035 exemplatum
3462 4982 3629 5038 penes
3654 4983 3743 5023 me

2153 5048 2358 5116 habeo,
2403 5065 2433 5104 a
2486 5052 2717 5120 quadam
2772 5052 3181 5109 Sanctimoniali
3239 5056 3523 5113 Abbatissa
3570 5058 3749 5113 Pisto-

2159 5141 2357 5197 riensis
2384 5139 2702 5197 Conventus
2741 5144 2798 5200 S.
2831 5143 3056 5201 Joannis
3087 5146 3342 5218 Baptistae
3375 5150 3518 5206 dono
3557 5166 3751 5222 accep-

2162 5245 2296 5302 tum,
2319 5236 2471 5307 cujus
2494 5240 2706 5308 copiam
2740 5239 2793 5293 in
2826 5239 2931 5293 line
2951 5239 3109 5311 hujus
3130 5243 3451 5314 paragraphi
3482 5246 3752 5315 inspicere

2163 5328 2366 5399 poterit
2411 5328 2627 5399 Lector.
2679 5330 2734 5385 In
2775 5331 3020 5401 pluribus
3052 5334 3119 5390 ab
3146 5349 3211 5390 eo
3240 5351 3345 5391 ms.
3375 5336 3577 5402 diﬁ‘ert,
3610 5337 3755 5405 quod

2162 5418 2399 5476 afferunt
2430 5423 2641 5478 Domini
2679 5423 2959 5481 Balleriuii
3003 5427 3146 5484 inter
3194 5439 3545 5483 monumenta
3593 5426 3661 5481 de
3695 5427 3752 5481 8.

2162 5515 2380 5573 Zenone
2415 5533 2538 5589 pag.
2584 5533 2785 5574 cnvu.
2818 5519 2963 5575 Inter
2992 5522 3094 5576 alia
3140 5521 3255 5577 hare
3305 5521 3469 5575 habet
3499 5534 3596 5573 ms.
3654 5519 3756 5572 hoc

2162 5610 2529 5673 Pistoriense,
2568 5627 2687 5682 qtue
2730 5612 2784 5667 in
2815 5612 2963 5668 edito
2991 5613 3060 5669 ab
3090 5615 3280 5669 iisdem
3330 5613 3602 5682 prasclaris
3627 5611 3760 5669 viris

2164 5708 2220 5763 in
2250 5708 2435 5762 ultima
2464 5706 2762 5780 Veronensi
2787 5708 3022 5763 editione
3045 5725 3151 5764 non
3178 5711 3425 5775 leguntur
3450 5721 3462 5757 :
3486 5705 3551 5759 In
3579 5703 3759 5761 diebus
3786 5702 3789 5703 ⁷

2172 5797 2511 5865 Imperatoris
2557 5796 2805 5857 Gallieni;
2855 5794 2944 5864 qui
2984 5810 3076 5867 per
3114 5796 3455 5853 successiones
3498 5791 3757 5849 (imarum
