4198 6160
493 288 599 343 res
1709 279 1794 335 or.
1836 267 2080 335 ssutzrt
2119 270 2408 336 zuNONts
2446 277 2720 335 crocus
3316 248 3317 251 γ
3687 276 3784 332 rei

498 407 769 477 vigesimus
785 404 1089 473 septimnsin
1110 415 1281 453 eorum
1298 397 1631 470 estfiataiogo
1648 399 2088 469 subrogottts.quo
2114 394 2167 457 Α
2195 398 2278 452 nis
2305 409 2562 453 canerent
2594 417 2606 452 :
2641 397 2864 470 Magnus
2893 398 3118 453 Επειδὴ
3144 397 3199 453 In
3227 388 3393 451 Festo
3420 393 3623 451 Natalis
3636 396 3788 451 diar-

494 505 644 554 etiam
671 506 895 566 tempore
920 491 1199 562 Dionysius
1225 488 1315 543 Vir
1338 488 1808 545 Reverendissimus
1834 504 1866 542 tt
1892 486 1956 543 Β.
1989 486 2089 543 Pe—
2194 499 2277 560 tyr
2310 487 2536 544 Excelsi.
2565 488 2642 543 Ita
2678 498 2733 543 et
2760 489 2815 545 in
2846 487 3169 545 lectionibus
3213 486 3469 558 religioni
3521 486 3787 543 habebant

496 602 574 645 tro
604 587 851 657 Apostolo
880 584 1155 656 vigesimus
1183 592 1352 637 setius
1372 597 1603 637 romanae
1628 580 1935 653 prwsidebat
1987 578 2090 633 Ec—
2194 596 2630 638 commemorare
2677 581 2989 653 Martyrium
3032 581 3084 635 in
3132 580 3296 636 Festo
3322 579 3693 637 Ordinationis
3725 579 3782 638 S.

495 683 703 749 clesite,
735 680 788 733 in
821 677 1100 732 Prouincia
1134 670 1310 730 Ιιαιὶω
1346 676 1399 729 in
1420 675 1629 730 Civitate
1666 674 1865 729 Verona
1897 673 1956 728 Β.
1990 673 2090 727 Ζε-
2196 670 2452 740 Zenonis,
2481 689 2650 746 quare
2690 676 2744 730 in
2774 689 2906 746 pace
2940 676 3255 731 defunctum
3289 674 3459 730 fuisse
3505 674 3788 745 lege-bant:

496 773 649 829 nonis
687 778 806 825 acta
851 769 1168 823 claruerunt.
1218 767 1425 822 Desunt
1467 781 1596 821 vero
1649 765 1765 821 haec
1799 784 1812 819 :
1844 765 2089 833 Quamvis
2198 770 2440 843 Martyrii
2468 779 2646 826 tamen
2678 772 3077 843 aequipnllcntia
3100 771 3262 827 verba
3291 770 3493 827 intacta
3522 771 3798 841 relinque-

498 867 648 938 plura
673 863 777 917 sint
808 861 1020 915 nomina
1042 859 1095 913 in
1118 860 1432 913 monasterio
1454 867 1630 913 nostra
1651 858 1943 925 de_nomine
1964 859 2086 924 isto,
2200 864 2348 930 bant,
2381 874 2438 917 ut
2468 865 2519 919 in
2544 863 2733 920 codem
2766 864 2993 938 hymno,
3032 864 3282 921 Prtesulis
3315 865 3518 922 Sancti.
3551 863 3660 919 Pro
3690 863 3797 919 Deo

499 970 651 1028 quem
677 966 765 1009 vos
791 952 980 1007 dicitis.
1011 950 1142 1019 Qute
1178 951 1229 1004 in
1269 949 1416 1004 edito
1452 950 1700 1020 leguntur
1724 965 1869 1005 num.
1897 950 1953 1005 4.
1983 949 2094 1005 Nu-
2201 955 2405 1009 tandem
2441 955 2685 1026 patiendo
2710 965 2956 1023 mortem,
2978 957 3098 1012 vivit
3125 959 3178 1011 in
3214 972 3402 1012 (eoum.
3438 956 3496 1012 ln
3535 956 3638 1012 hoc
3666 970 3800 1012 vero

499 1060 653 1103 mero
678 1059 811 1100 vero
841 1044 875 1099 5
898 1045 950 1098 in
980 1043 1127 1097 edito
1156 1041 1351 1113 legitur
1381 1058 1395 1095 :
1431 1043 1548 1109 Quo
1580 1041 1642 1097 S.
1680 1038 1777 1095 Dei
1805 1040 2093 1113 Episcopus
2203 1061 2307 1101 ms.
2348 1046 2697 1115 Pistoriensi,
2722 1048 2866 1118 quod
2906 1064 3077 1119 nuper
3102 1049 3680 1116 commemoravimus,
3714 1049 3799 1105 le-

499 1134 622 1194 dum
650 1139 747 1193 iter
774 1147 965 1209 ageret,
997 1144 1113 1191 ante
1138 1135 1384 1205 pervenit,
1417 1148 1569 1203 quam
1590 1132 1663 1201 hi,
1689 1135 1775 1204 qui
1801 1134 1946 1188 missi
1972 1138 2095 1205 fne-
2200 1140 2349 1209 gitur
2384 1157 2398 1195 :
2427 1141 2494 1194 In
2531 1139 2638 1195 Deo
2673 1142 2881 1197 tandem
2924 1142 3165 1213 patiendo
3202 1150 3435 1196 mortem.
3471 1140 3527 1195 Si
3554 1141 3638 1196 cui
3666 1155 3800 1197 vero

500 1241 617 1286 rant
636 1268 649 1295 ,
683 1229 889 1283 milites.
914 1227 968 1281 ln
995 1241 1095 1281 ms.
1124 1236 1256 1280 Vero
1281 1242 1294 1279 :
1324 1226 1547 1281 Sanctus
1576 1240 1776 1295 quoque
1800 1223 2095 1295 Episcopus
2204 1231 2321 1286 haec
2346 1248 2450 1288 non
2476 1233 2796 1304 probantur,
2834 1242 3042 1289 certum
3077 1242 3257 1289 tamen
3293 1242 3378 1289 est
3398 1277 3410 1299 ,
3443 1234 3559 1289 haec
3585 1235 3800 1302 eadem,

504 1338 619 1378 eum
655 1320 806 1375 celeri
847 1318 1255 1391 peregrinatione
1301 1318 1398 1372 iter
1444 1329 1646 1388 ageret,
1686 1326 1803 1371 ante
1846 1318 2094 1388 pervenit.
2203 1331 2261 1379 et
2302 1325 2656 1393 Auctoritati,
2688 1335 2741 1380 et
2780 1324 3082 1381 Traditioui
3108 1366 3124 1391 ,
3173 1324 3405 1395 aliisque
3449 1326 3799 1395 coniecturis,

502 1434 656 1487 quam
696 1417 783 1483 Iti,
825 1414 913 1484 qui
951 1413 1094 1467 missi
1131 1413 1367 1483 fuerant,
1396 1411 1601 1465 milites.
1656 1408 1861 1491 Desinit
1904 1424 2006 1465 ms.
2043 1412 2094 1464 in
2207 1430 2345 1485 quas
2373 1417 2778 1477 recensuimus.
2809 1418 2989 1472 inniti.
3030 1417 3414 1488 Excogitatum
3442 1433 3573 1473 vero
3602 1418 3806 1476 Gallie-

506 1507 819 1566 narratioue
844 1505 1085 1562 Miraculi
1103 1548 1119 1573 ,
1149 1521 1258 1575 quo
1283 1504 1510 1560 Gallieni
1544 1504 1650 1560 ﬁlia
1690 1520 1722 1558 a
1759 1504 2007 1561 daemone
2035 1504 2097 1559 li-
2211 1522 2339 1561 num
2364 1508 2567 1563 saeculo
2586 1523 2781 1579 quarto
2809 1509 2876 1565 ab
2898 1509 3235 1579 imperatore
3259 1509 3507 1566 Gallieno
3527 1511 3803 1568 diversum

507 1603 694 1658 berata
731 1599 869 1665 fuit,
901 1598 1001 1654 hac
1041 1597 1109 1653 dc
1132 1611 1317 1662 causa,
1351 1606 1410 1651 ut
1436 1606 1597 1667 puto,
1622 1596 1764 1666 quod
1789 1595 2096 1653 Sanctimo-
2152 1630 2157 1635 ι
2205 1600 2353 1655 nulla
2394 1600 2616 1658 ratione
2659 1602 2868 1666 fulciri;
2908 1612 2966 1657 ut
3002 1616 3068 1658 ex
3122 1603 3188 1658 iis
3232 1612 3354 1674 quae
3394 1604 3463 1658 ab
3494 1603 3652 1659 initio
3698 1605 3806 1662 huc

512 1694 688 1749 niales
712 1692 769 1749 S.
803 1690 1079 1747 Francisci
1119 1688 1341 1759 Regulae
1388 1688 1615 1744 addicta:
1642 1729 1657 1754 ,
1706 1688 1925 1745 Festum
1974 1700 2095 1742 tan-
2205 1708 2377 1762 usque
2411 1692 2705 1762 poudcrata
2738 1703 2884 1759 sunt,
2925 1702 2981 1748 et
3017 1708 3082 1751 ex
3113 1694 3202 1764 iis,
3239 1706 3362 1766 quae
3389 1706 3517 1753 mox
3546 1696 3803 1767 subjicie-

515 1783 797 1840 tummodo
828 1783 887 1840 S.
916 1780 1158 1836 Zenonis
1185 1780 1528 1836 celebrarent
1554 1780 1671 1835 sine
1701 1792 1918 1847 octava,
1954 1789 2013 1835 ut
2049 1787 2104 1836 et
2131 1786 2183 1847 B
2209 1798 2355 1848 mus,
2389 1784 2691 1852 constabit,
2712 1795 2766 1839 et
2790 1786 2967 1854 primo
2996 1805 3008 1838 :
3058 1832 3061 1833 ν

419 1864 422 1869 θ
510 1878 771 1947 praesenti
797 1886 1041 1945 tempore
1068 1872 1149 1939 fit,
1175 1873 1404 1943 ideoque
1427 1872 1575 1927 solas
1595 1887 1690 1927 eas
1712 1872 1972 1928 lectiones
2003 1888 2100 1942 pro
2280 1876 2475 1931 Mirum
2514 1875 2648 1931 illud
2683 1877 2907 1948 factum,
2944 1892 3049 1949 quo
3072 1878 3229 1933 unica
3273 1874 3502 1934 Gallieni
3533 1878 3673 1935 Filio
3701 1879 3779 1936 Ze

510 1969 840 2026 celebrando
868 1966 1046 2023 ofﬁcio
1075 1966 1177 2022 sibi
1198 1975 1620 2035 compararunt,
1646 1981 1766 2037 qua:
1803 1981 1901 2037 pro
1938 1966 2103 2023 Festo
2205 1985 2340 2024 none
2379 1968 2449 2023 ad
2486 1967 2860 2039 Imperatorem
2905 1985 2994 2041 per
3025 1971 3233 2026 nuntios
3281 1972 3445 2026 accito
3495 1988 3528 2026 α
3573 1972 3810 2029 dmone

512 2062 601 2117 die
631 2062 753 2117 usui
791 2070 968 2129 erant,
1003 2068 1272 2127 caeteras,
1298 2073 1419 2129 qua:
1448 2073 1547 2130 pro
1574 2057 1765 2115 diebus
1793 2071 1999 2115 octavae
2025 2060 2104 2117 le-
2206 2061 2421 2115 liberata
2460 2061 2678 2131 mirifice
2713 2064 2969 2130 traditur,
3011 2062 3207 2119 litteris
3244 2078 3352 2120 non
3395 2062 3561 2122 fuisse
3609 2082 3638 2120 a
3673 2082 3814 2138 quo-

508 2155 807 2225 gchantur,
859 2150 1212 2217 omittentes,
1268 2151 1321 2206 in
1379 2149 1577 2222 quibus
1639 2151 1843 2221 reliqua
1891 2151 2101 2222 digesta
2206 2157 2349 2225 piam
2421 2155 2711 2222 traditum,
2783 2157 2954 2212 asseri
3012 2158 3234 2212 minime
3276 2166 3476 2229 potest.
3539 2159 3815 2233 Numquid

508 2255 697 2311 erant,
730 2259 851 2316 qua:
881 2253 1000 2314 post
1041 2241 1420 2299 liberationem
1466 2241 1619 2299 Filia
1661 2240 1891 2300 Gallieni
1918 2243 1970 2300 in
1995 2260 2101 2301 ms.
2206 2251 2255 2305 si
2321 2249 2380 2306 S.
2444 2249 2679 2305 Zenonis
2747 2259 2865 2306 acta
2934 2252 2988 2305 in
3041 2250 3366 2307 Diocletiani
3429 2256 3815 2324 persecutione

511 2336 910 2394 describuntur.
2206 2343 2461 2415 periere?
2500 2342 2638 2398 Num
2716 2352 2960 2399 actorum
3023 2344 3287 2401 Ecclesiae
3354 2344 3686 2403 Veronensis
3758 2358 3819 2405 ct

583 2427 849 2484 Incertam
900 2426 1027 2483 licet
1052 2441 1115 2484 ac
1141 2426 1364 2483 dubiam
1386 2425 1526 2483 hanc
1546 2428 1796 2485 eamdem
1830 2432 2101 2489 narratio-
2206 2435 2680 2492 Monumeutorum
2718 2437 3073 2493 vetustiorum
3114 2437 3350 2494 indicem
3390 2436 3632 2509 proferre
3671 2454 3810 2513 pos-
3892 2466 3910 2477 -

513 2536 637 2577 nem
663 2519 990 2578 crediderim
1013 2560 1028 2586 ,
1060 2520 1115 2576 et
1153 2520 1327 2575 adhuc
1357 2521 1614 2590 credam,
1666 2530 1906 2580 attamen
1949 2540 2104 2597 aper-
2207 2545 2395 2587 sumus
2423 2571 2438 2596 ,
2479 2530 2533 2585 in
2566 2546 2672 2601 quo
2702 2530 2837 2586 nihil
2867 2530 2936 2585 de
2966 2546 3029 2586 ea
3057 2544 3117 2587 re
3147 2530 3462 2587 adnotatum
3488 2532 3818 2589 videamus?

518 2617 624 2674 tius
645 2615 713 2672 de
740 2630 802 2672 ea
826 2616 956 2686 quid
984 2616 1249 2684 sentiam,
1278 2631 1337 2672 re
1363 2617 1557 2672 melius
1584 2618 1923 2674 considerata
1956 2630 2107 2690 pate-
2206 2623 2396 2680 Nonne
2444 2622 2696 2682 incendio
2738 2632 2847 2680 tota
2889 2624 3002 2680 fere
3048 2623 3263 2680 Verona
3312 2633 3633 2697 consumpta
3674 2639 3771 2683 est
3792 2628 3818 2682 ἲ

514 2716 697 2773 facere
734 2728 843 2771 non
875 2712 1128 2770 verebor.
1167 2711 1378 2768 Nomen
1424 2711 1556 2768 illud
1608 2712 1817 2770 Notarii
1862 2716 2103 2776 additum
2210 2727 2371 2784 Facta
2394 2741 2531 2796 ergo
2559 2738 2681 2795 qum
2710 2722 2778 2778 ad
2813 2734 2913 2777 nos
2953 2735 3123 2792 usque
3159 2721 3367 2789 scripto
3396 2736 3504 2778 non
3535 2738 3816 2793 pervene-

512 2811 786 2865 Coronato
807 2806 1020 2863 videtur
1041 2805 1272 2861 innuero
1287 2805 1343 2861 S.
1368 2804 1602 2861 Zenonis
1617 2804 1792 2861 Vitam
1817 2824 1846 2862 a
1870 2811 2103 2879 quodam

2209 2829 2359 2887 runt,
2384 2819 2580 2874 litteris
2604 2813 2855 2871 mandata
2884 2827 2994 2869 non
3022 2811 3212 2878 fuisse,
3243 2802 3539 2870 dicendum
3563 2821 3668 2869 nan
3704 2825 3813 2870 est.

514 2902 759 2967 Notario,
794 2901 884 2972 qui
915 2899 1350 2971 persecutionum
1385 2909 1628 2970 tempore
1652 2902 1784 2956 Acta
1814 2901 2104 2977 Martyrum
2211 2915 2254 2970 Ε
2291 2913 2564 2969 veteribus
2595 2921 2778 2965 autem
2811 2907 3062 2977 scriptis,
3101 2919 3222 2977 quae
3250 2907 3321 2963 de
3349 2906 3408 2964 Β.
3448 2907 3671 2964 lenone
3720 2909 3822 2963 ιιι-

513 2996 923 3061 conscribebal.
946 3003 1000 3051 ei
1033 2994 1097 3051 De
1126 2992 1329 3049 Zenoni
1352 3002 1806 3064 contemporaneo
1829 3008 2107 3055 exaratam
2213 3006 2403 3061 bemus
2440 3003 2666 3061 confusa
2694 3002 2841 3066 licet,
2873 3000 3153 3056 derivasse
3188 3014 3256 3055 ex
3285 3015 3355 3057 eo
3377 3000 3817 3067 demonstratur,

512 3095 705 3151 fuisse.
735 3090 892 3161 Quod
927 3106 1055 3148 vero
1080 3090 1198 3146 haec
1223 3088 1333 3145 vita
1356 3090 1712 3145 inscrihatur:
1740 3092 1922 3147 Sermo
1949 3091 2110 3148 Vene-
2215 3096 2358 3170 quod
2392 3096 2444 3151 in
2473 3096 2561 3163 iis,
2589 3110 2708 3165 qua:
2738 3093 2838 3148 sub
2878 3091 3136 3147 Coronati
3179 3091 3385 3148 Notarii
3434 3093 3658 3149 nomine
3687 3100 3824 3147 sunt

510 3190 687 3246 rabilis
724 3185 992 3254 Coronati,
1019 3193 1155 3252 etc.,
1211 3183 1313 3239 hoc
1346 3183 1468 3239 ideo
1507 3182 1707 3241 factum
1757 3184 1921 3242 fuisse
1959 3195 2106 3256 puto,
2136 3179 2185 3243 C
2218 3188 2383 3254 cdita,
2415 3187 2611 3259 legitur
2644 3204 2656 3240 :
2691 3184 2986 3240 I'Ioolrimus
3014 3185 3143 3239 tanti
3179 3183 3295 3239 Viri
3331 3184 3577 3239 Virtutes.
3620 3185 3823 3240 Aduo-

509 3281 652 3351 quod
687 3280 741 3334 in
772 3278 1033 3334 lectiones
1064 3291 1162 3346 pro
1190 3274 1384 3330 Divino
1411 3272 1602 3330 Ofﬁcio
1634 3275 1849 3332 redacta
1884 3277 2003 3344 fuit,
2036 3294 2103 3334 eo
2210 3289 2329 3336 tant
2354 3280 2418 3336 ad
2456 3280 2569 3334 lucc
2587 3278 2754 3334 verba
2790 3276 3005 3332 Domini
3037 3276 3313 3332 Ballerinii
3341 3295 3355 3331 ε
3382 3274 3516 3332 Cm
3536 3294 3602 3334 ne
3623 3295 3690 3334 ea:
3719 3281 3825 3332 lmc

511 3375 653 3443 quod
687 3370 1020 3426 Veronensis
1050 3367 1307 3424 Ecclesiae
1339 3366 1610 3422 traditioni
1643 3368 1937 3425 conformis
1961 3378 2099 3426 erat.
2207 3389 2346 3437 voce,
2380 3371 2653 3434 voluimus,
2687 3369 2936 3440 scriptum
2960 3367 3159 3437 aliquid
3197 3376 3313 3424 ante
3352 3367 3675 3424 (Seronatum
3708 3372 3825 3425 eai—

509 3466 686 3532 Quare
725 3478 831 3517 non
865 3461 1092 3515 multum
1134 3474 1164 3514 a
1206 3459 1498 3515 vcrosimili
1529 3460 1732 3516 distare
1765 3461 1977 3517 videtur
2001 3478 2098 3517 nn-
2205 3464 2379 3519 stimes
2420 3462 2483 3515 de
2509 3460 2732 3516 Zenonis
2766 3459 2920 3530 gestis
2951 3499 2965 3523 ,
2988 3459 3123 3513 unde
3151 3459 3225 3524 is,
3264 3475 3380 3529 qua:
3416 3459 3602 3515 litteris
3637 3464 3823 3517 consi~

511 3556 739 3627 tiquitus
775 3553 967 3609 lacinia
1011 3550 1259 3623 quaedam
1291 3548 1458 3607 fuisse
1490 3561 1701 3621 reperta
1732 3551 1888 3621 hujus
1918 3553 2040 3608 vitae
2070 3570 2099 3609 a
2206 3556 2400 3628 gmwil,
2433 3552 2657 3608 ebiberit.
2700 3550 2843 3606 Nihil
2890 3549 3034 3604 aliud
3078 3548 3315 3605 alierum
3358 3565 3512 3605 suam
3557 3551 3710 3607 hanc
3750 3551 3825 3607 ad

508 3652 783 3707 Coronato
807 3645 1029 3703 Notario
1051 3644 1356 3714 descriptas,
1387 3660 1492 3699 non
1517 3659 1646 3698 vero
1673 3653 1859 3713 totam,
1890 3662 2009 3714 qum
2033 3649 2100 3703 ab
2204 3642 2630 3700 conﬁrmandam
2656 3640 2957 3706 cautelam,
2978 3640 3122 3712 quod
3150 3641 3203 3697 id
3226 3642 3502 3697 ostendat.
3529 3641 3678 3710 Quin
3712 3659 3825 3699 ms.

512 3743 629 3812 ipso
668 3739 974 3809 conscripta
1023 3737 1141 3793 fuit.
1197 3736 1535 3806 Quapropter
1567 3736 1633 3791 ad
1662 3737 1907 3793 eamdem
1934 3741 2098 3795 vitam
2207 3736 2519 3792 Pistoriensi
2558 3734 2702 3806 quod
2739 3732 3078 3803 proferemus
3126 3733 3354 3789 inferius
3406 3745 3597 3805 aperte
3651 3750 3830 3791 cons-

509 3828 926 3889 eontinuandam
957 3828 1063 3884 alia
1094 3827 1162 3882 ab
1202 3828 1322 3882 aliis
1354 3826 1557 3883 insecta
1588 3827 1712 3883 sint.
1749 3828 1880 3885 Hoc.
1910 3831 2101 3888 suadet
2205 3840 2313 3898 tat,
2343 3846 2408 3886 ex
2445 3828 2845 3898 antiquioribus
2867 3843 3000 3883 mss.
3030 3843 3094 3884 ea
3116 3866 3132 3895 ,
3167 3841 3289 3896 quae
3327 3841 3472 3884 nunc
3516 3827 3829 3895 habemus,

508 3922 795 3979 diversitas
821 3935 920 3976 ms.
943 3960 959 3986 ,
992 3932 1118 3976 nam
1157 3933 1279 3974 cum
1302 3918 1559 3975 Ecclesiae
1583 3960 1597 3984 ,
1630 3935 1751 3988 qua!
1783 3920 1839 3977 S.
1867 3921 2099 3978 Zenonis
2204 3931 2327 3972 esse
2371 3916 2679 3985 desumpta.
2715 3911 2830 3968 Nos
2864 3913 3038 3983 itaque
3058 3953 3073 3980 ,
3121 3913 3237 3971 licet
3265 3914 3353 3980 iis,
3381 3916 3469 3985 qui
3497 3916 3632 3971 talia
3660 3932 3832 3971 cons-

508 4014 705 4070 festum
733 4011 1087 4069 celebrabant
1107 4052 1121 4076 ,
1156 4010 1526 4081 imperfectam
1559 4010 1621 4067 S.
1647 4011 1880 4069 Zenonis
1907 4015 2095 4084 vitam,
2202 4008 2443 4079 eripiere,
2470 4007 2631 4062 simus
2649 4007 2895 4077 impares,
2912 4015 2957 4059 et
2985 4006 3187 4075 penitus
3213 4006 3678 4079 adesprimeuda,
3706 4024 3834 4081 qua:

505 4121 570 4161 ac
596 4119 768 4176 pauca
793 4119 820 4157 a
854 4103 1074 4160 Notario
1094 4110 1358 4159 coronato
1393 4103 1591 4174 scripta
1628 4102 1914 4173 viderent,
1946 4106 2097 4176 quis-
2200 4099 2449 4171 gessimus
2478 4099 2769 4169 inefﬁcaces
2793 4140 2808 4164 ,
2847 4098 3101 4169 quomodo
3125 4099 3202 4153 rei
3228 4100 3498 4155 materiam
3531 4102 3833 4157 verborum

504 4216 613 4274 que
641 4215 762 4273 qua:
793 4199 1019 4257 deerant
1045 4199 1252 4254 curavit
1270 4196 1502 4253 diversis
1523 4197 1740 4267 quidem
1761 4199 1940 4256 verbis
1969 4215 2096 4270 sup-

2200 4193 2500 4265 compositio
2522 4208 2624 4249 non
2652 4194 2969 4266 azquiparat,
2991 4209 3053 4248 ea
3083 4204 3251 4250 tamen
3276 4210 3403 4267 quin,
3431 4195 3496 4251 de
3524 4194 3594 4251 Β.
3632 4197 3802 4255 Zeno
3819 4228 3833 4239 -

505 4297 679 4368 plere,
707 4310 831 4360 cum
861 4311 970 4349 non
994 4296 1135 4348 umis
1165 4292 1218 4348 in
1245 4290 1316 4358 id,
1349 4289 1446 4347 sed
1476 4291 1658 4361 plures
1685 4294 1977 4363 separatim
2009 4294 2062 4349 in
2088 4326 2091 4329 -
2202 4288 2281 4342 nis
2339 4287 2641 4353 Virtutibus,
2697 4288 2774 4342 sel
2818 4288 3053 4360 scriptis,
3102 4288 3183 4343 vel
3233 4290 3545 4344 carminibus
3575 4292 3835 4348 ediscere

502 4389 824 4446 cutnberent
849 4406 862 4441 :
890 4401 1082 4442 omnes
1112 4394 1318 4453 tamen,
1341 4399 1460 4455 qua:
1489 4384 1542 4440 in
1568 4386 1813 4453 cartulis,
1845 4401 1942 4443 seu
1962 4386 2094 4444 reli-
2198 4381 2473 4445 ualuimus,
2524 4382 2858 4436 disseramus.
2909 4379 3043 4450 Quae
3087 4391 3271 4438 autem
3319 4381 3447 4437 huic
3470 4397 3617 4438 mss.
3683 4383 3840 4440 ﬁdes

502 4480 641 4552 quiis
667 4478 993 4549 scriptorum
1020 4476 1277 4532 Coronati
1311 4476 1631 4546 legebantur
1662 4479 1980 4545 retinentes,
2007 4478 2092 4535 vel
2201 4471 2445 4529 habenda
2478 4473 2578 4539 Sil.
2610 4487 2678 4530 ex
2712 4471 2939 4530 inferius
2987 4472 3314 4529 adnotandis
3357 4476 3672 4533 constabit.
3741 4478 3834 4533 Ex

503 4571 644 4628 forte
679 4569 885 4642 aliquid
923 4568 1217 4634 addentes,
1250 4566 1393 4637 quod
1421 4583 1526 4622 non
1570 4567 1624 4622 in
1676 4571 1929 4625 omnibus
1959 4584 2092 4624 mss.
2121 4578 2177 4641 ι)
2201 4564 2434 4623 residuis
2463 4566 2640 4638 itaque
2669 4565 2928 4631 cartulis,
2957 4580 3079 4636 quan
3113 4565 3184 4621 de
3216 4566 3474 4622 Coronati
3500 4566 3735 4626 Notas-ii
3762 4568 3833 4626 S.

495 4662 804 4735 inSpicitur,
853 4672 911 4717 ut
966 4658 1133 4725 illud,
1178 4657 1437 4714 Sanctum
1484 4658 1692 4713 scilicet
1743 4658 2020 4717 Zenonem
2059 4676 2091 4716 a
2196 4660 2403 4717 Zenoni
2439 4659 2883 4730 eontemporanei
2916 4659 3022 4715 vita
3062 4670 3480 4727 remanserunt,
3510 4660 3642 4717 haec
3676 4678 3835 4719 etin-

492 4756 679 4813 Matris
722 4766 877 4812 utero
919 4750 1338 4810 sanctiﬁcatum.
1392 4749 1708 4807 Ordinatum
1758 4753 2087 4824 Episc0pum
2195 4753 2409 4810 cinnata
2462 4751 2630 4808 fuisse
2675 4767 2704 4806 a
2759 4751 3058 4808 verosimili
3106 4766 3215 4807 non
3265 4751 3508 4819 abludit,
3548 4756 3841 4824 quamvis

492 4847 864 4903 Veronensem
889 4886 904 4910 ,
954 4853 1009 4900 et
1035 4829 1038 4832 ’
1061 4842 1281 4898 similia.
1312 4841 1432 4898 Alia
1472 4843 1866 4914 ampliﬁeasse,
1891 4863 2088 4918 nempe
2194 4847 2341 4902 enim
2361 4846 2500 4913 aliis,
2520 4853 2572 4901 et
2592 4844 2714 4900 aliis
2738 4845 2921 4901 verbis
2947 4846 3001 4901 in
3023 4846 3253 4903 diversis
3281 4860 3413 4901 mss.
3441 4846 3743 4916 legantur,
3779 4852 3840 4906 in

491 4936 675 4993 omnia
726 4936 868 4991 idola
915 4934 1150 4990 Veronae
1196 4933 1494 4990 destructa.
1549 4934 1740 4992 Plures
1794 4936 2086 4994 {adiﬁcatas
2192 4954 2253 4993 re
2282 4937 2939 5002 tamenconveniunt;ex
2967 4952 3076 5008 quo
3094 4937 3385 5008 conjicitur
3440 4953 3696 5009 omnes,
3734 4941 3842 5009 qui

493 5025 791 5084 Ecclesias.
841 5024 909 5081 Et
943 5022 1074 5079 illud
1104 5023 1245 5094 quod
1286 5023 1520 5080 diversis
1559 5026 1740 5083 verbis
1766 5027 1996 5097 exprimi
2032 5029 2083 5085 iu
2190 5028 2247 5086 S.
2284 5028 2521 5085 Zenonis
2554 5029 2813 5084 miracula
2845 5040 3207 5086 narraverunt
3230 5071 3246 5095 ,
3275 5046 3441 5086 unum
3469 5046 3593 5103 pra:
3630 5036 3838 5091 mani-

492 5135 597 5176 ms.
642 5119 847 5175 notavi.
888 5115 946 5173 in
986 5131 1122 5189 pace
1164 5116 1478 5173 defunctum
1534 5134 1658 5178 esse
1692 5121 1749 5178 S.
1792 5120 2086 5179 Zenonem.
2187 5120 2289 5178 bus
2314 5120 2570 5177 habuisse
2596 5121 2858 5192 scriptum
2888 5123 3136 5179 mutilum
3179 5123 3354 5190 licet,
3381 5133 3439 5179 et
3477 5138 3836 5197 corrosum,

490 5211 639 5269 Idem
676 5211 911 5284 quippe,
941 5220 997 5266 et
1048 5210 1100 5266 in
1144 5208 1362 5283 hymnis
1387 5211 1589 5270 factum
1618 5214 1785 5271 fuisse
1810 5214 2078 5284 videmus,
2188 5213 2277 5270 cui
2305 5226 2427 5270 sese
2455 5211 2899 5269 conformarint:
2942 5227 3049 5269 non
3107 5213 3272 5284 igitur
3335 5215 3497 5271 unica
3542 5221 3839 5290 populari

490 5303 762 5377 praecipue
790 5303 842 5359 in
872 5302 1077 5377 hymno
1122 5301 1378 5360 Prtesalis
1410 5302 1595 5362 Sancti
1620 5306 1672 5365 in
1705 5321 1813 5376 quo
1842 5306 2079 5377 legitur:
2187 5304 2484 5363 traditione
2513 5307 2763 5362 nituntur
2786 5321 2849 5363 ea
2872 5347 2888 5371 ,
2910 5322 3032 5377 quae
3058 5306 3127 5363 de
3156 5307 3215 5366 S.
3238 5307 3483 5375 Zenone,
3507 5318 3569 5364 et
3607 5314 3841 5381 praeci-

486 5393 715 5469 Magnus
759 5394 965 5450 Επειεὶ
1010 5394 1176 5465 fuerat
1220 5395 1480 5451 Sacerdos
1502 5436 1519 5465 ,
1547 5405 1607 5451 ut
1640 5397 1695 5453 in
1723 5395 1884 5453 editis
1909 5414 1940 5453 a
1968 5397 2078 5454 Do-
2186 5414 2291 5471 pue
2317 5415 2435 5471 qua:
2460 5401 2528 5456 de
2553 5399 2785 5456 Gallieni
2825 5399 2958 5456 Filia
2999 5402 3201 5472 scripta
3247 5401 3521 5472 leguntur.
3559 5403 3721 5463 Hec
3759 5409 3838 5464 de

478 5486 644 5544 minis
672 5486 978 5543 Balleriniis
1024 5486 1166 5543 inter
1193 5499 1546 5543 monumenta
1593 5502 1714 5559 pag.
1766 5486 1890 5542 168.
1946 5487 2079 5544 Fer-
2186 5494 2356 5564 prima
2376 5492 2708 5564 conjectura,
2735 5509 2840 5566 qua
2862 5493 3075 5551 Domini
3106 5495 3382 5553 Ballerinii
3409 5499 3829 5557 narrationem

471 5579 649 5636 rarius
692 5593 822 5635 vero
862 5594 930 5636 ex
956 5576 1079 5633 aliis
1102 5592 1235 5633 mss.
1273 5578 1399 5648 legit
1429 5597 1442 5633 :
1471 5577 1676 5649 Martyr
1700 5574 1907 5632 Επεὰὶ
1947 5580 2070 5651 fuit,
2180 5586 2466 5657 impetum.

468 5680 519 5725 et
544 5671 835 5731 Sacerdos.
892 5672 998 5727 Pro
1030 5671 1192 5727 variis
1233 5684 1467 5744 namque
1508 5669 1575 5725 D.
1610 5670 1847 5728 Zenonis
1875 5672 2072 5731 soletn-
2247 5682 2413 5755 Magis
2435 5681 2680 5753 profecto
2702 5693 2856 5757 urget
2874 5683 3118 5742 secunda
3139 5685 3302 5753 ratio,
3329 5699 3434 5757 qua
3463 5685 3657 5747 verba
3710 5692 3832 5751 ista

463 5762 737 5822 uitalibus
764 5764 925 5829 verba
956 5764 1258 5837 mutabant,
1287 5762 1359 5822 ita
1407 5779 1467 5833 ut
1500 5768 1558 5835 in
1580 5767 1722 5835 festo
1759 5769 2068 5843 Ordinatio-
2174 5777 2229 5839 in
2256 5775 2510 5839 Coronati
2539 5779 2853 5839 narratione
2878 5787 3154 5837 not-antur.
3187 5776 3376 5839 Indico
3404 5777 3555 5835 nobis
3607 5784 3667 5838 si
3733 5804 3773 5852 ιι
