4198 6160
386 234 495 290 723

1844 230 2314 292 DlSSEB’l‘A'l‘lO.

3644 241 3749 299 7i6

386 354 509 408 disti
535 352 804 411 Zenonem
828 355 1165 430 Episcopum,
1196 368 1353 426 quem
1390 371 1490 410 nos
1513 371 1580 411 ea:
1607 357 1753 423 iussu
1782 353 2013 427 Impera—
2044 358 2093 415 Α
2124 350 2399 407 Ballerinii
2429 350 2645 414 (Adnot.
2674 351 2740 406 l0
2767 392 2782 419 ,
2812 352 2866 403 in
2901 349 3141 404 Monam.
3175 365 3231 420 p.
3266 352 3418 428 M8).
3448 355 3657 426 Nempe
3687 356 3741 409 in

384 447 511 502 toris
530 448 907 517 perquirintus.
932 450 1012 504 Ita
1044 447 1248 503 milites
1280 444 1342 501 S.
1373 443 1615 503 Zenoni.
1648 446 1856 515 Quibus
1886 446 2015 501 ille:

387 538 453 593 At
485 538 577 594 ille
602 540 884 607 respondit
909 541 1085 596 dicens
1131 554 1151 594 :
1201 537 1470 603 Quamvis
1500 539 1651 609 plura
1678 540 1782 594 sint
1810 539 2021 592 nomina

382 633 437 687 in
456 632 785 687 monasterio
811 642 986 687 nostra
1020 632 1085 687 de
1122 628 1334 685 nomine
1363 630 1478 685 ista
1508 646 1655 701 quem
1680 646 1768 685 vos
1798 630 1968 683 dicitis
1998 646 2018 684 :

383 730 545 776 tamen
571 722 726 791 quod
747 723 892 777 missi
912 724 1053 790 estis,
1101 721 1278 776 dicite.
1339 720 1424 775 At
1466 720 1523 777 in
1552 737 1699 794 saepe
1728 721 1897 777 citato
1918 719 2020 775 hoc

382 812 711 870 Pistoriensi
763 828 867 870 ms.
910 814 1029 870 haec
1056 813 1219 870 verba
1248 810 1486 868 desunt.
1524 814 1612 870 Sic
1630 815 1780 870 enim
1814 813 2015 869 habet:

382 905 565 961 indica
594 906 756 961 nobis
778 907 824 961 si
848 907 1020 962 vidisti
1054 903 1313 961 Zenonem
1367 904 1720 977 Episcopum,
1751 921 1903 975 quem
1928 920 2021 961 nos

384 1014 445 1053 ea:
457 1001 618 1072 jussu
652 997 813 1068 Regis
843 1000 1208 1070 perquirimus.
1228 997 1293 1050 At
1317 996 1420 1051 ille
1448 999 1717 1069 respondit
1740 1014 1761 1053 :
1789 998 1871 1051 Ad
1894 997 2020 1067 quid

382 1090 525 1144 missi
549 1089 683 1145 estis
702 1091 877 1146 dicite.
909 1090 1179 1147 Videntur
1224 1090 1414 1159 itaque
1461 1092 1530 1146 ab
1572 1092 1684 1148 alio
1712 1090 1924 1161 adjecta
1955 1105 2021 1146 ea

381 1184 620 1247 ratione,
674 1198 780 1251 qua
828 1186 1121 1254 superius,
1176 1198 1376 1255 nempe
1411 1194 1472 1240 ut
1498 1198 1563 1240 ex
1594 1186 1825 1241 cartnlis
1849 1183 2022 1241 Coro-

384 1276 499 1330 nati
528 1274 744 1347 Notarii
764 1279 1031 1345 corrosis,
1056 1286 1111 1333 et
1136 1277 1342 1333 mutilis
1364 1278 1441 1332 ita
1467 1279 1712 1333 narratio
1731 1278 2021 1334 continua-

379 1376 559 1435 retur,
592 1379 653 1423 ut
682 1383 779 1437 pro
808 1368 1142 1426 lectionibus
1180 1371 1235 1424 in
1266 1369 1452 1425 ofﬁcio
1481 1370 1539 1426 8.
1570 1370 1813 1427 Zenonis
1860 1371 2016 1426 sufﬁ-

377 1458 534 1515 ciens
559 1467 710 1515 esset
731 1499 746 1525 ,
774 1475 883 1515 non
913 1459 1098 1515 solum
1143 1476 1248 1532 pro
1288 1460 1384 1517 die
1422 1459 1598 1527 festo,
1630 1462 1729 1518 sed
1762 1479 1860 1533 pro
1903 1470 2015 1517 tota

376 1562 608 1619 octava;
632 1552 770 1624 quod
796 1553 921 1608 etin
949 1554 1074 1610 aliis
1101 1554 1442 1611 narrationis
1469 1553 1632 1623 hujus
1656 1554 1790 1611 locis
1812 1555 2017 1611 factum

377 1661 529 1713 esse,
556 1661 625 1702 ex
648 1644 877 1701 diversis
906 1661 1044 1702 mss.
1075 1660 1334 1719 apparet.

2121 443 2380 500 Coronati
2410 444 2726 500 narratione
2756 448 2841 498 ter
2881 440 3103 496 unicam
3128 442 3393 514 appellari
3427 447 3593 503 ﬁliam
3618 447 3745 503 Gal-

2120 536 2271 601 lieni,
2303 550 2428 590 cum
2461 544 2660 604 prmter
2705 534 2876 588 filiam
2904 570 2920 596 ,
2968 531 3109 588 duos
3147 536 3316 592 etiam
3345 540 3617 596 masculos
3651 540 3747 596 lia-

2110 629 2316 709 buerit,
2343 638 2486 682 utex
2512 627 2850 683 Gruteriana
2881 625 3267 699 inscriptione,
3311 646 3368 703 p.
3410 633 3522 691 275
3566 648 3752 691 osten-

2120 722 2255 777 dunt
2276 720 2397 791 ipsi.
2425 719 2560 775 Nam
2580 736 2708 776 cum
2724 718 3024 776 Gallienus
3042 735 3210 778 unam
3227 731 3442 782 tantum
3470 728 3638 785 ﬁliam
3661 730 3760 788 ba-

2121 815 2318 879 buerit,
2353 814 2495 883 quod
2533 815 2709 870 verbo
2750 810 2925 868 unica
2952 817 3302 890 exprimitur,
3343 821 3450 879 hoc
3492 826 3763 883 sermonis

2120 906 2412 974 barbarici,
2443 920 2549 976 qua
2575 917 2692 963 tota
2716 906 2849 962 hzcc
2875 912 3116 968 narratio
3138 912 3431 987 redundat,
3456 918 3768 979 donandum

2122 1008 2240 1056 est.‘

2195 1090 2350 1159 Quod
2378 1090 2599 1147 tandem
2652 1108 2760 1149 non
2806 1095 3164 1164 probandum
3196 1102 3414 1162 videtur
3446 1126 3459 1162 :
3492 1107 3773 1167 Ethnicum

2126 1181 2498 1253 Imperatorem
2517 1182 2732 1240 Zenoni
2756 1189 3103 1258 concessisse,
3117 1201 3173 1247 ut
3192 1194 3337 1250 idola
3356 1202 3529 1256 omnia
3542 1203 3774 1260 destrue-

2125 1286 2222 1343 ret,
2242 1276 2354 1331 etin
2371 1276 2563 1331 Christi
2588 1279 2812 1332 nomine
2836 1276 3105 1336 Ecclesias
3126 1283 3435 1353 fabricaret:
3450 1305 3770 1367 exaggerate

2123 1370 2322 1427 dictum
2347 1368 2536 1436 fuisse,
2568 1370 2867 1426 fatendum
2896 1381 3003 1440 est,
3036 1388 3142 1428 non
3177 1388 3209 1426 a
3236 1376 3540 1451 Coronato,
3571 1387 3665 1442 sed
3696 1388 3766 1442 ab

2123 1462 2292 1531 ipsius
2340 1461 2918 1517 consarcinatoribus.
2975 1463 3285 1536 Carteroqui
3344 1475 3491 1529 enim
3544 1487 3762 1532 constat

2128 1554 2427 1612 Gallienum
2491 1554 2688 1611 edicto
2726 1554 2955 1625 publico
2997 1557 3290 1616 mandasse
3340 1564 3595 1638 religiosa
3638 1570 3759 1624 loca

2122 1645 2442 1704 Christianis
2484 1646 2869 1712 restituenda;
2914 1663 3093 1721 quare
3131 1666 3157 1703 a
3196 1655 3495 1713 verosimili
3533 1675 3639 1715 non
3673 1662 3759 1716 vi-

449 1740 619 1797 Tanti
637 1756 765 1796 vero
789 1739 1002 1796 iaciunt
1034 1744 1319 1813 prmcipue
1344 1740 1736 1800 Tillemontius
1767 1745 2006 1811 tertiam,
2048 1738 2094 1802 B
2123 1741 2279 1795 (Ιθιυτ
2306 1737 2564 1807 alienum.
2601 1749 2664 1795 ει
2689 1737 2754 1793 D-
2807 1736 3027 1795 Ζθηοηί
3076 1748 3439 1819 οοηοθεείεεθ,
3473 1761 3531 1807 ut
3562 1755 3755 1809 Ecclu-

377 1851 545 1908 quam
571 1833 833 1905 objiciunt
860 1833 1075 1889 Domini
1103 1834 1402 1891 Ballerinii
1425 1836 1821 1903 conjecturam.
1854 1844 1914 1891 ut
1943 1851 2010 1892 ea

378 1928 499 1985 sola
530 1937 696 1985 totam
724 1926 794 1982 de
819 1925 1056 1983 Gallieni
1086 1926 1483 1997 lmperationis
1523 1925 1630 1981 ﬁlia
1679 1942 1711 1982 a
1757 1929 2011 1984 daemone

380 2024 624 2079 liberata
648 2019 1011 2075 uenationem
1037 2032 1310 2075 corruere
1341 2017 1679 2075 existiment.
1709 2021 1892 2090 Quare
1922 2022 2008 2079 rel

377 2130 510 2172 cum
563 2113 871 2169 labilloaio
919 2112 976 2167 in
1019 2112 1239 2182 antiquo
1292 2109 1575 2183 Rhythnto
1621 2110 1862 2183 Gallum,
1897 2129 2009 2170 non

378 2208 696 2264 Gallienum
726 2204 1014 2277 legendum
1046 2211 1231 2274 putant
1263 2202 1378 2277 (At
1417 2202 1726 2261 Gallienum
1759 2222 1889 2263 vere
1918 2208 2003 2265 le-

379 2300 624 2372 gendum
651 2314 718 2354 ex
741 2296 1000 2354 Lobiensi
1042 2312 1144 2353 ms.
1189 2296 1429 2368 probant
1456 2297 1803 2355 solertissimi
1831 2300 2004 2356 Vero-

383 2405 589 2447 nenses
616 2388 875 2461 editores)
901 2388 987 2445 vel
1009 2388 1173 2443 alium
1202 2403 1231 2443 a
1260 2388 1515 2445 Gallieno
1532 2389 1874 2461 imperatore
1913 2393 2003 2448 di-

382 2499 609 2540 versum
636 2480 945 2538 Gallienum
970 2482 1304 2552 contingunt.
1336 2480 1662 2551 Coniectum
1701 2486 1912 2541 eruitur
1933 2501 2003 2541 ex

383 2592 454 2633 eo
490 2573 638 2644 quod
676 2572 958 2629 Gallienus
995 2572 1219 2628 liberata
1270 2587 1299 2625 a
1344 2572 1594 2627 daamone
1640 2573 1750 2630 ﬁlia
1796 2591 2002 2632 corona

382 2682 574 2734 aurea,
596 2683 749 2737 quam
774 2666 886 2736 ipse
914 2664 1182 2719 Gallienus
1214 2663 1508 2734 Imperator
1528 2667 1696 2738 capite
1716 2685 1812 2723 suo
1832 2681 2001 2743 gesta-

385 2764 496 2829 bat,
520 2762 727 2815 donarit
758 2762 817 2817 8.
850 2760 1201 2832 Episcopum.
1250 2758 1453 2814 Volunt
1494 2762 1642 2818 enim
1672 2775 1790 2820 ante
1827 2766 1997 2821 Aure-

383 2858 586 2910 lianum
613 2856 667 2909 in
693 2854 895 2926 generis
922 2863 1279 2909 ornamentum
1307 2851 1556 2911 Ilomanis
1583 2854 1996 2927 lntperatoribas

382 2966 491 3005 non
520 2950 681 3019 {uisse
699 2949 754 3002 in
774 2963 897 3003 usu.
919 2947 1088 3015 Quam
1117 2960 1249 3002 vero
1276 2946 1433 3016 longe
1453 2960 1484 3001 a
1510 2950 1740 3006 veritate
1763 2944 1992 3019 distent,

382 3055 451 3097 ex
482 3040 731 3112 pluribus
772 3038 1008 3109 antiquis
1041 3037 1460 3093 numismatibus
1506 3041 1850 3097 manifestum
1883 3053 1988 3099 est.

2119 1831 2255 1887 siam
2283 1840 2655 1900 construeret,
2705 1831 2776 1888 de
2816 1848 2925 1903 qua
2986 1834 3046 1890 S.
3096 1833 3393 1898 Praesulem
3438 1860 3752 1906 sermonem

2120 1923 2391 1988 habuisse,
2434 1924 2695 1993 superius
2734 1924 3004 1982 vidimus.
3055 1926 3171 1986 Non
3198 1944 3379 1992 autem
3410 1938 3465 1994 in
3495 1943 3753 1997 omnibus

2118 2032 2249 2072 mss.
2282 2016 2399 2073 huic
2448 2016 2827 2086 reperiuntur,
2896 2019 3106 2078 desunt
3170 2026 3316 2083 enim
3374 2032 3429 2086 in
3476 2048 3582 2089 ms.
3639 2035 3752 2091 Ab-

2117 2111 2273 2167 batia:
2344 2110 2404 2168 S.
2480 2111 2790 2167 Salvatoris
2855 2111 3061 2170 Montis
3112 2118 3343 2189 Amiati,
3402 2125 3548 2194 quod
3579 2126 3750 2183 refert

2115 2203 2392 2276 Ughellus.

2186 2297 2264 2353 De
2293 2299 2392 2353 hac
2420 2299 2582 2369 igitur
2612 2298 2873 2354 Coroaati
2916 2298 3127 2355 Notarii
3155 2309 3473 2367 narratione
3501 2312 3578 2366 ita
3606 2328 3738 2368 sen-

2115 2391 2354 2446 tiendum
2394 2392 2629 2447 videtur.
2660 2390 2956 2461 Prologum
3009 2393 3254 2451 additum
3299 2414 3425 2457 esse
3467 2418 3497 2457 a
3544 2406 3732 2469 variis,

2112 2483 2256 2553 quod
2287 2483 2406 2551 ipsa
2434 2484 2487 2537 in
2517 2483 2762 2553 pluribus
2790 2496 2893 2537 ms.
2926 2481 3222 2541 diversitas
3267 2491 3484 2547 suadet.
3522 2495 3598 2547 Ex
3641 2512 3739 2550 au-

2114 2574 2278 2644 tiquis
2300 2585 2481 2631 autem
2509 2574 2767 2631 Coronati
2794 2576 3167 2631 monumentis
3188 2580 3311 2634 sola
3334 2582 3444 2638 duo
3470 2586 3734 2642 miracula

2110 2678 2142 2717 a
2171 2665 2429 2733 temporis
2478 2665 2672 2735 injuria
2719 2665 2938 2721 residua
2972 2668 3350 2737 remansisse;
3383 2674 3595 2731 scilicet
3627 2677 3731 2731 mi-

2108 2758 2350 2813 raculum
2376 2758 2614 2815 hominis
2652 2758 2705 2815 in
2751 2758 3022 2825 Athesim,
3059 2758 3189 2814 dum
3220 2762 3465 2831 plaustro
3492 2766 3728 2824 ferretur

2104 2850 2366 2918 demersi,
2413 2865 2476 2906 ac
2524 2866 2557 2905 a
2587 2851 2643 2908 S.
2679 2850 2897 2905 Zenone
2951 2850 3189 2917 liberali,
3242 2864 3298 2907 et
3338 2854 3722 2914 liberationem

2104 2943 2256 2998 Filiae
2282 2943 2631 3015 Imperatoris
2656 2942 2924 3010 Gallieni;
2952 2958 3074 3013 qua:
3102 2952 3284 2999 tamen
3319 2947 3581 3003 miracula
3609 2968 3716 3009 non

2104 3035 2284 3092 verbis
2328 3036 2583 3093 Coronati
2635 3047 2943 3101 narrantur,
2996 3037 3099 3090 nisi
3158 3035 3301 3093 forte
3351 3040 3712 3114 quibusdam,

383 3133 661 3204 Augustus
681 3134 735 3187 in
764 3131 971 3187 nummi
998 3128 1178 3200 efﬁgie
1204 3143 1407 3184 corona
1449 3130 1656 3187 radiata
1696 3134 1873 3204 capite
1900 3151 1988 3191 re-
2024 3124 2071 3188 C
2104 3148 2225 3202 quae
2246 3131 2438 3187 eodem
2475 3135 2525 3187 in
2565 3146 2669 3185 ms.
2698 3130 2970 3200 leguntur.
3011 3128 3169 3197 Quod
3193 3133 3446 3187 evenisse
3474 3134 3708 3205 videtur,

384 3225 611 3281 dimittis
632 3223 941 3295 inspicitur.
965 3222 1233 3293 Trajanus
1258 3236 1475 3293 quoque
1503 3222 1715 3280 duobus
1742 3228 1793 3281 in
1826 3242 1990 3282 num-

386 3320 492 3376 mis
519 3325 577 3374 et
604 3318 923 3374 Valerianus
949 3314 1184 3373 Gallieni
1210 3315 1391 3384 Pater,
1423 3315 1702 3387 Gallienus
1729 3333 1858 3374 vero
1890 3322 1992 3374 tri-

386 3414 488 3470 bus
528 3413 581 3466 in
633 3409 1056 3467 numismatibus
1102 3410 1194 3464 tali
1245 3424 1449 3465 corona
1496 3410 1749 3466 videntur
1785 3414 1985 3467 ornati.

388 3505 515 3560 Haec
540 3504 872 3558 nomismata
896 3500 1117 3557 exhibet
1158 3500 1466 3556 llarduinus
1519 3509 1641 3569 post
1689 3503 1988 3559 secundum

383 3596 499 3653 Caii
531 3595 690 3651 Plinii
740 3602 949 3649 tomum
988 3594 1058 3648 ab
1084 3594 1202 3664 ipso
1231 3592 1458 3648 editum.
1511 3594 1577 3648 Et
1604 3594 1657 3648 in
1678 3595 1987 3651 numisma-

387 3690 532 3746 tibus
559 3691 742 3746 aureis
777 3690 1148 3745 Romanorum
1190 3689 1582 3762 ltnperatorum
1612 3694 1679 3750 ab
1698 3693 1899 3752 Jacobo
1920 3695 1989 3753 de

381 3785 477 3843 Bie
524 3787 797 3855 collectis,
844 3786 979 3842 Tab.
1037 3784 1111 3841 40
1163 3785 1459 3856 Pupienus,
1520 3787 1653 3845 Tab.
1706 3788 1770 3845 41
1814 3800 1869 3845 et
1914 3790 1985 3845 42

2099 3228 2228 3297 quia
2254 3223 2511 3281 Coronati
2542 3224 2711 3281 verba
2740 3224 3080 3293 interpolatis
3132 3233 3187 3279 et
3212 3229 3489 3297 corruptis
3516 3230 3707 3287 litteris

2098 3333 2322 3375 sensum
2358 3318 2657 3389 perfectum
2689 3331 2798 3371 non
2829 3315 3227 3387 exprimebant,
3276 3320 3343 3375 ad
3387 3322 3708 3379 continuan-

2096 3414 2221 3468 dam
2252 3414 2619 3467 narrationetn
2651 3410 2752 3464 alia
2783 3419 2906 3465 sunt
2948 3408 3151 3478 addita,
3180 3410 3235 3466 et
3273 3414 3550 3484 quaedam,
3581 3431 3705 3486 quae

2096 3520 2207 3559 non
2231 3505 2515 3575 probanda
2548 3503 2817 3570 videntur,
2856 3503 2969 3559 haec
3009 3518 3073 3559 ea
3114 3517 3260 3575 sunt,
3293 3523 3412 3579 qua;
3438 3509 3493 3564 in
3523 3512 3699 3566 omni-

2091 3601 2195 3656 bus
2220 3598 2629 3671 cxemplaribus
2660 3613 2766 3651 non
2793 3597 3159 3667 reperiuntur,
3206 3607 3267 3654 ιιι
3301 3616 3372 3654 ex
3400 3601 3698 3659 collatione

2093 3710 2197 3748 ms.
2247 3694 2484 3767 quisque
2528 3693 2797 3762 conjicere
2844 3699 3043 3762 potest.
3092 3692 3205 3747 Hoc
3252 3703 3309 3749 et
3353 3696 3405 3749 in
3443 3699 3701 3767 przesenti

2090 3800 2220 3853 ms.,
2267 3802 2439 3856 quem
2489 3786 2718 3843 ﬁdeliter
2770 3785 3106 3853 exhibemus,
3126 3788 3170 3843 si
3199 3802 3322 3844 cum
3353 3790 3499 3845 edito
3523 3808 3553 3847 a
3584 3793 3694 3848 Do-

378 3877 638 3951 Philippi,
681 3888 837 3949 pater
864 3885 920 3934 et
952 3878 1125 3944 filius,
1157 3877 1291 3932 Tab.
1350 3879 1421 3934 42
1473 3877 1825 3947 Hostilianas,
1880 3881 1985 3937 Ta-

378 3970 500 4025 bula
536 3972 611 4028 45
649 3970 1000 4035 ιΕηιίΙίτιηυε,
1049 3967 1181 4025 Tab.
1223 3969 1296 4025 44
1330 3969 1643 4028 Valerianus
1696 3982 1753 4029 et
1779 3974 1982 4030 Gallie-

372 4080 479 4121 nus
525 4066 719 4120 eadem
770 4078 974 4120 corona
1040 4064 1247 4119 radiata
1318 4065 1560 4137 insigniti
1621 4066 1975 4138 aspiciuntur.

372 4157 563 4215 Romae
592 4159 818 4227 insuper
865 4158 919 4212 in
961 4155 1272 4213 Barbarinis
1323 4156 1528 4213 aadibus
1577 4159 1703 4214 dum
1758 4160 1976 4231 antiqua

371 4260 622 4308 cementa
668 4248 1060 4316 el'foderentur,
1118 4249 1388 4305 nomisma
1428 4262 1701 4321 repertum
1747 4261 1867 4322 est,
1921 4264 1983 4311 ut

372 4346 637 4401 Romana:
713 4343 1097 4400 Litteratorum
1160 4343 1539 4414 ephemerides
1610 4347 1735 4400 anni
1816 4347 1978 4416 l677,
2157 4345 2214 4401 In
2246 4345 2590 4402 solemnitate
2615 4347 2671 4402 S.
2705 4345 2940 4403 Zenonis
2993 4347 3267 4421 Episcopi,
3318 4361 3373 4406 et
3416 4350 3551 4406 Con.
3601 4351 3685 4405 Ad

372 4453 495 4509 pag.
529 4437 658 4502 175,
699 4436 964 4504 referunt,
1022 4435 1193 4491 tribus
1240 4435 1564 4508 imaginibus
1622 4438 1969 4509 insculptum,
2004 4506 2045 4511 _
2096 4436 2344 4507 Vesperas
2374 4437 2495 4491 Ant.
2533 4437 2843 4493 :Dominus
2872 4437 3029 4494 Jesus
3060 4439 3306 4498 Christus
3331 4484 3346 4511 ,
3395 4459 3511 4498 cum
3562 4442 3686 4499 reli-

372 4506 572 4602 neinpe
599 4528 894 4595 Valeriani,
926 4528 1158 4585 Gallieni
1187 4506 1600 4599 honoratorum,
1625 4541 1679 4586 et
1705 4506 1973 4587 Valeriani
2002 4506 2057 4567 D
2081 4531 2193 4602 quis
2215 4528 2278 4585 de
2306 4528 2591 4598 Laudibus,
2625 4531 2678 4584 in
2703 4529 2806 4599 ﬁne
2831 4529 3001 4585 Laud.

366 4623 638 4695 iunioris,
671 4622 759 4678 ubi
786 4622 1068 4679 Gallienus
1102 4621 1305 4677 radiata
1351 4639 1553 4680 corona
1600 4623 1969 4697 distinguitur.
2732 4627 2796 4680 D.
2828 4640 3036 4681 omnes.

369 4716 599 4772 Cautius
628 4715 789 4785 igitur
814 4716 867 4770 in
899 4715 1062 4771 rebus
1090 4713 1323 4785 antiquis
1352 4718 1617 4788 agendum
1647 4728 1729 4772 est
1749 4760 1764 4786 ,
1798 4732 1975 4788 neque
2444 4719 2576 4776 CAP.
2607 4719 2750 4777 Ecce
2772 4719 3037 4779 Sacerdos
3063 4719 3285 4792 Magnus
3313 4739 3326 4774 :

370 4811 517 4866 enim
568 4809 750 4864 omnia
794 4808 1013 4878 antiqua
1079 4816 1426 4864 monumenta
1485 4822 1766 4880 perapecta
1818 4808 1975 4865 nobis
2739 4833 3037 4891 animus,

370 4912 517 4971 sunt,
552 4902 781 4973 plurima
808 4903 1104 4973 perierunt.
1130 4900 1359 4956 Temere
1392 4901 1682 4973 aliquando
1709 4917 1977 4973 spernun-

374 5006 461 5051 tur
488 4996 710 5067 antiqua
741 4992 1219 5063 mss.,qua:magis
1250 5007 1377 5047 vera
1402 5001 1549 5061 sunt,
1582 5004 1639 5049 ut
1658 4994 1710 5049 in
1742 4995 1841 5050 hac
1867 4992 1973 5050 Co-

371 5089 551 5146 ronati
592 5090 904 5145 narratione
951 5085 1255 5156 contingit:
1288 5102 1355 5144 eo
1403 5089 1602 5143 etenim
1635 5089 1835 5158 capite,
1866 5104 1973 5159 quo

370 5182 636 5240 inﬁrmari
668 5182 971 5252 putabatur,
1020 5178 1190 5249 magis
1214 5180 1527 5236 conﬁrmari
1568 5182 1971 5252 conspicimus;

373 5288 494 5330 cum
517 5288 589 5328 ex
617 5275 717 5328 hac
737 5289 766 5327 a
794 5271 1044 5329 Gallieno
1083 5270 1142 5328 8.
1176 5270 1383 5328 Zenoni
1410 5286 1612 5328 corona
1639 5272 1784 5326 dono
1826 5273 1971 5339 data,

377 5383 484 5422 non
534 5366 715 5421 omnia
741 5380 861 5436 quae
888 5366 940 5420 in
967 5380 1030 5421 ea
1060 5364 1408 5421 continentur
1452 5366 1594 5421 inter
1634 5362 1842 5420 fabulas
1880 5382 1971 5423 reo

374 5458 647 5514 censenda
678 5471 799 5512 esse
824 5457 1106 5513 evidenter
1132 5466 1386 5527 appareat
1412 5498 1428 5523 ,
1464 5458 1736 5529 praecipue
1763 5473 1883 5529 quae
1908 5459 1976 5517 de

374 5550 609 5606 Gallieni
640 5551 745 5606 ﬁlia
767 5550 1099 5606 scribuntur.

453 5644 641 5715 Neque
665 5645 877 5700 veritati
920 5643 989 5699 de
1022 5641 1259 5699 Gallieni
1290 5641 1417 5697 filia:
1449 5642 1764 5698 liberatione
1790 5642 1974 5711 ofﬁcit,

390 5736 535 5811 quod
564 5736 824 5794 adnatant
863 5734 1021 5794 iidem
1049 5750 1228 5797 rerum
1257 5732 1636 5793 historicarum
1671 5733 1980 5807 peritissimi

2089 3881 2254 3936 minis
2284 3880 2594 3940 Balleriniis
2619 3879 2948 3946 conferatur,
2983 3883 3180 3953 paterit
3204 3883 3502 3941 observari.
3548 3885 3694 3943 Nihil

2088 3984 2266 4031 autem
2298 3980 2506 4034 certius
2546 3976 2599 4031 in
2640 3975 2825 4031 eadem
2868 3977 3177 4033 narratione
3214 3978 3477 4035 contineri
3508 3980 3692 4036 dicen-

2086 4068 2215 4123 dum
2264 4077 2377 4138 est,
2432 4085 2593 4142 quam
2652 4084 2905 4125 coronam
2968 4085 2997 4125 a
3058 4069 3327 4127 Gallicum
3364 4073 3423 4127 D.
3482 4072 3689 4131 Zenoni

2084 4161 2363 4226 donatam,
2413 4173 2472 4218 ut
2506 4178 2577 4218 ex
2626 4161 2786 4216 variis
2834 4163 3248 4220 numismatibus
3282 4167 3689 4236 comprobatur.

2160 4252 2181 4307 Ι
2220 4251 2324 4307 Ms.
2351 4253 2685 4309 Pistoriense
2718 4252 3028 4309 Monasterii
3071 4253 3128 4310 8.
3160 4253 3381 4311 Joannis
3409 4255 3685 4327 Baptistae.

2456 4940 2624 4989 Sancti
2646 4936 2858 5000 Zenonis
2881 4939 3102 5000 praesulis

2391 5000 2632 5063 Hymnutn
2656 4999 2834 5051 Christi
2850 4999 3121 5052 deferimus

2391 5062 2483 5120 Qui
2503 5064 2706 5113 evitavit
2720 5063 2951 5112 saeculum

2390 5124 2635 5187 mercatus
2657 5124 2833 5187 Christi
2861 5126 3111 5187 praemium

2452 5184 2543 5244 Qui
2571 5186 2619 5233 in
2638 5184 2964 5236 adolescentia

2391 5247 2485 5296 Dei
2511 5255 2755 5309 praecepta
2780 5250 2959 5309 tenuit,

2389 5308 2687 5374 Stipemqtte’
2706 5308 2888 5374 largam
2904 5308 3095 5374 jugiter

2388 5371 2619 5433 Erogavit
2644 5371 2956 5433 pauperibus.

2454 5433 2678 5484 Piscandi
2701 5442 2804 5483 arte
2832 5446 2949 5486 usus
2970 5443 3049 5488 est

2391 5498 2580 5565 Qogma
2599 5509 2821 5565 sequens
2839 5499 3180 5565 orthodoxum,

2393 5560 2857 5627 gersit‘manutnin
2885 5564 3112 5627 gurgite,

2391 5622 2602 5685 Piscavit
2634 5619 2807 5685 Christi
2829 5619 3054 5685 gratiam.

2455 5684 2615 5734 Instat
2638 5683 2777 5746 Petri
2798 5683 3002 5746 apostoli

2394 5746 2559 5810 Digna
2574 5744 2780 5799 sortitus
2799 5744 3000 5811 merita,
