4198 6160
869 381 1016 431 Pater
1035 378 1429 435 Pistoriensinm,

869 442 1146 503 Confessor,
1160 452 1355 504 gemma
1372 438 1656 504 prarsulum.

932 500 1140 554 Crebris
1150 500 1349 565 quoque
1368 500 1571 564 jejuniis

873 565 1041 617 Carnis
1062 565 1246 626 repulit
1272 566 1404 622 vitia,

874 629 1020 691 Saepe
1043 627 1266 677 docendo
1290 628 1524 691 populum

874 688 1132 740 Destruxit
1152 688 1319 738 mundi
1345 688 1489 737 idola.

938 751 1144 813 Magnus
1167 752 1391 800 existens
1412 750 1632 801 medicus
1646 785 1660 808 ,

870 813 1064 864 Inﬁrma
1084 826 1261 863 sanans
1287 824 1506 874 corpora,

878 878 1023 940 Saepe
1051 875 1235 940 liberos
1258 876 1455 940 animos

876 937 1118 991 Obsessos
1138 951 1164 986 a
1183 937 1394 987 diabolo.

937 1002 1090 1050 'l‘auta
1116 999 1339 1061 repletus
1359 1001 1514 1060 gratia

875 1065 1009 1115 Obiit
1033 1063 1083 1110 in
1106 1062 1285 1112 Christi
1307 1063 1556 1123 requiem,

877 1127 939 1177 Et
960 1125 1103 1174 nobis
1124 1137 1324 1186 semper
1347 1124 1559 1172 maxima

878 1187 1110 1240 Ostendit
1132 1185 1385 1234 mirabilia.

938 1250 1190 1311 Rogemus
1212 1260 1333 1311 ergo
1355 1245 1521 1311 populi

877 1313 1221 1363 Confessorem
1246 1310 1484 1359 Altissimi
1500 1350 1513 1367 ,

880 1377 937 1425 Ut
967 1376 1074 1437 ipse
1099 1372 1239 1437 nobis
1262 1372 1500 1437 impetret

872 1431 1055 1488 Pacem
1080 1442 1133 1485 et
1155 1431 1527 1495 indulgentiam.
1596 1431 1771 1482 Amen.

649 1549 680 1618 ᾖ
707 1586 718 1598 .
752 1544 856 1600 Ora
889 1558 986 1613 pro
1014 1542 1190 1609 nobis,
1218 1540 1379 1594 Beate
1407 1539 1576 1594 Zeno.

652 1641 723 1710 ii).
759 1636 994 1707 Utdigni
1026 1634 1114 1690 elT.
1148 1649 1323 1705 prom.
1356 1631 1578 1686 Christi.

637 1733 718 1787 Ad
755 1731 897 1802 Mog.
923 1730 1043 1783 Ant.
1071 1729 1206 1781 Dum
1244 1726 1390 1781 Zeno
1428 1724 1777 1779 Pontificatus
1811 1721 2017 1775 honore
2047 1719 2164 1790 pol-

511 1822 520 1830 ’
567 1828 703 1883 leret
735 1822 909 1886 valde,
944 1820 1149 1875 meritis
1176 1833 1279 1873 non
1314 1817 1499 1888 paucis
1526 1815 1902 1880 existentibus,
1932 1811 2163 1867 Gallieni

564 1919 793 1974 Caesaris
839 1915 1005 1970 tiliam
1054 1929 1083 1966 a
1135 1912 1546 1981 ruinosa'peste
1574 1910 1669 1964 Dei
1700 1909 1898 1963 virtute
1927 1906 2164 1962 sanavit.

572 2009 663 2066 Ps.
689 2008 833 2082 Mog.

1039 2100 1120 2154 Ad
1149 2099 1281 2155 Mal.
1315 2097 1694 2151 Invitatorium.

649 2220 1030 2276 Confessorum
1062 2217 1263 2287 Regem
1296 2213 1605 2269 adoremus.
1651 2210 1749 2279 Qui
1791 2208 2035 2264 ctelestis
2080 2221 2169 2261 re-

570 2318 658 2385 gni
688 2314 940 2369 meritum
963 2354 977 2376 ,
1010 2319 1066 2365 et
1088 2309 1317 2380 gloriam
1347 2305 1575 2362 contulit
1596 2312 1786 2360 sancto
1813 2315 1911 2357 suo
1940 2298 2166 2355 Zenoni.

576 2410 667 2464 Pa.
711 2406 905 2472 Venite,
938 2405 1096 2459 ca'ult.

1073 2494 1137 2550 In
1166 2495 1333 2566 primo
1368 2493 1523 2549 Nact.
1549 2493 1668 2546 Aut.

641 2616 723 2670 Ab
748 2624 901 2669 utero
931 2612 1120 2667 matris
1153 2612 1249 2665 fuit
1276 2608 1611 2664 santilicatus
1641 2608 1827 2660 beatus
1861 2605 2030 2669 Zeno,
2061 2614 2116 2657 et
2140 2618 2167 2656 a

569 2707 852 2765 cunabulis
877 2706 1213 2763 benedictus.
1246 2702 1339 2757 Ps.
1370 2701 1561 2756 Beatus
1605 2701 1681 2753 vir
1727 2700 1836 2767 qui.
1870 2699 1989 2751 Ant.
2033 2695 2167 2749 Pro-

569 2803 754 2858 bitatis
806 2809 861 2854 et
896 2800 1136 2855 scientia:
1181 2796 1400 2868 jugibus
1445 2793 1793 2850 incrementis
1817 2792 1881 2844 ad
1916 2791 2019 2844 boc
2047 2805 2170 2860 per-

570 2897 781 2964 tingere
812 2891 1029 2958 meruit,
1062 2901 1122 2945 ut
1153 2904 1249 2959 per
1275 2886 1623 2942 sacerrimam
1657 2884 1820 2938 vitam
1874 2893 2058 2953 pastor
2116 2881 2167 2936 in

572 2987 785 3056 populis
814 2984 1143 3040 efﬁceretur.
1178 2981 1273 3036 Ps.
1325 2980 1495 3047 Quare
1541 2979 1692 3048 fretu.
1722 2976 1845 3029 Ant.
1887 2974 2169 3031 Continuis

568 3079 790 3149 jejuniis
818 3087 873 3132 et
915 3075 1249 3139 orationibus
1279 3072 1489 3128 crebris
1528 3085 1560 3124 a
1588 3069 1816 3124 Domino
1843 3070 2077 3138 petebat,
2113 3079 2167 3123 ut

1678 259 1765 314 DE
1805 255 2044 317 SANCTI
2089 252 2378 312 ZENONIS
2416 251 2690 309 EPOCHA

2186 380 2237 437 Λ
2265 375 2530 445 impares,
2560 381 2614 427 et
2668 371 2879 443 penitus
2921 369 2985 425 ad
3026 366 3377 440 exprimenda
3425 381 3543 438 qua!
3593 367 3843 438 gessimus

3749 245 3841 302 περ

2264 467 2592 532 inefﬁcaces,
2625 465 2897 536 quomodo
2948 463 3026 518 rei
3076 461 3357 517 materiam
3386 461 3673 517 verborum
3703 475 3842 516 com-

2267 561 2461 632 positio
2507 575 2612 614 non
2662 558 2977 627 :equiparat,
3025 571 3089 611 ea
3135 564 3313 610 tamen
3342 568 3465 626 qua:
3503 555 3573 610 de
3602 553 3738 609 beati
3758 553 3846 610 Ze-

2263 653 2421 708 nonis
2460 651 2747 707 virtutibus
2778 654 2860 706 vel
2882 649 3121 719 scriptis,
3149 648 3232 703 vel
3258 646 3590 704 carminibus
3616 644 3847 703 ediscere

2262 745 2555 807 valuimus,
2578 743 2932 798 disseramus.
2976 741 3012 809 ἢ
3035 784 3049 797 .
3079 739 3161 794 Ab
3188 740 3555 795 uteromatris
3583 737 3680 794 luit
3704 754 3852 795 sanc-

2268 836 2502 892 tilicatus
2533 835 2594 889 Β.
2620 835 2769 890 Zeno
2791 876 2806 900 ,
2836 842 2891 887 ct
2918 850 2949 887 a
2972 832 3255 888 cunabulis
3296 831 3614 888 benedictus
3652 832 3719 885 ab
3759 832 3851 886 ltoc

2266 924 2574 999 pertingere
2602 927 2818 991 meruit,
2853 934 2908 981 ut
2937 936 3118 995 pastor
3159 924 3212 979 in
3259 924 3471 995 populis
3509 938 3605 994 per
3632 924 3853 981 sacerri-

2267 1036 2410 1077 mam
2433 1020 2597 1075 vitam
2621 1019 2947 1076 efﬁceretur.

2354 1116 2427 1184 ἢν.
2468 1114 2524 1169 In
2572 1129 2789 1170 omnem
2842 1122 3039 1170 terram
3112 1112 3279 1168 exivit
3340 1126 3507 1169 sonus
3576 1126 3855 1168 conversa-

2267 1208 2429 1263 tionis
2471 1207 2612 1276 eius,
2640 1216 2697 1264 et
2719 1207 2989 1264 Sanctitas
3021 1207 3323 1264 luculenter
3359 1206 3598 1264 emicuit.
3644 1205 3716 1263 Ut
3767 1206 3858 1263 Pa-

2266 1309 2405 1365 διον,
2431 1310 2538 1355 etc.

2910 1395 3054 1450 Lect.
3098 1394 3220 1450 III.

2340 1489 2397 1544 In
2425 1488 2613 1545 diebus
2637 1489 2987 1560 Imperatoris
3024 1488 3257 1545 Gallieni
3284 1532 3299 1555 ,
3325 1489 3418 1559 qui
3446 1504 3541 1559 per
3569 1488 3862 1545 successio-

2271 1596 2369 1636 nes
2406 1579 2679 1638 Cmsarum
2705 1583 2997 1653 vigesimus
3022 1584 3287 1653 septimus
3315 1583 3367 1637 in
3395 1598 3581 1638 eorum
3620 1592 3704 1637 est
3732 1591 3864 1638 cata-

2273 1675 2395 1746 logo
2416 1675 2758 1744 subrogatus,
2805 1690 2935 1746 quo
2962 1678 3123 1731 etiam
3175 1688 3420 1747 tempore
3464 1675 3752 1747 Dionysius
3789 1676 3865 1730 vir

2197 1762 2241 1820 Β
2271 1766 2752 1824 reverendissimus
2786 1782 2817 1823 a
2862 1768 3022 1823 beato
3072 1767 3235 1823 Petro
3281 1768 3545 1839 Apostolo
3585 1769 3866 1839 vigesimus

2274 1869 2458 1915 sextus
2504 1858 2763 1915 Romanae
2814 1859 3138 1930 praesidebat
3186 1860 3475 1924 Ecclesiae,
3507 1861 3560 1915 in
3598 1860 3867 1931 provincia

2275 1950 2461 2017 italiae,
2493 1951 2547 2005 in
2570 1948 2803 2006 Civitate
2827 1951 3042 2007 Verona
3062 1952 3122 2006 Β.
3145 1951 3382 2007 Zenonis
3402 1961 3525 2008 acta
3541 1953 3865 2009 claruerunt.

2273 2042 2434 2113 Cujus
2481 2043 2579 2098 viri
2625 2043 2851 2098 virtutes
2892 2043 2959 2098 ad
3007 2043 3267 2114 liquidum
3313 2058 3449 2113 quas
3486 2043 3540 2099 iti
3582 2058 3868 2100 conversa-

2273 2136 2425 2191 tione
2480 2136 2564 2190 vel
2606 2136 2658 2191 in
2705 2135 2982 2191 miraculis
3013 2137 3224 2207 peregit
3252 2136 3528 2206 explicare
3571 2151 3681 2192 non
3731 2135 3870 2191 sufﬁ-

2273 2228 2500 2293 cientes,
2542 2228 2750 2298 aliquas
2781 2237 2964 2285 tamen
3003 2228 3162 2299 juxta
3206 2229 3351 2299 quod
3382 2229 3649 2300 attingere
3691 2244 3871 2301 possu-

2274 2334 2413 2385 mus,
2440 2334 2694 2377 enarrare
2722 2319 2958 2375 veridica
2981 2320 3190 2377 ratione
3214 2335 3494 2376 conamur.

2360 2409 2431 2479 ii).
2476 2410 2532 2465 lu
2571 2412 2851 2467 secretiori
2877 2421 3029 2482 parte
3058 2410 3296 2468 Oratorii
3345 2413 3620 2467 continuis
3663 2411 3872 2482 jejuuiis

2273 2512 2330 2557 ct
2355 2503 2563 2558 crebris
2591 2504 2924 2559 orationibus
2973 2520 3001 2559 a
3054 2505 3284 2560 Domino
3338 2506 3597 2575 petebat;
3661 2505 3730 2562 Ut
3777 2505 3870 2559 sibi

2271 2596 2584 2663 dignaretur
2635 2595 2813 2649 aditus
2854 2595 3254 2665 praedicationis
3286 2597 3337 2651 iu
3382 2596 3598 2667 populis
3642 2597 3868 2667 aperire.

2287 2690 2359 2756 ᾖ.
2410 2689 2492 2744 Ad
2540 2680 2941 2744 convertendas
2969 2690 3022 2743 in
3064 2704 3309 2744 amorem
3373 2690 3627 2760 Episcopi
3674 2689 3873 2745 animas

2274 2778 2549 2834 hominum
2583 2780 2671 2834 die
2695 2789 2965 2850 noctuque
3002 2779 3217 2836 deditus
3250 2791 3391 2837 erat.
3423 2780 3513 2846 Ut,
3544 2790 3652 2836 etc.

2347 2873 2410 2929 In
2432 2876 2657 2929 secundo
2682 2873 2839 2928 Noct.
2863 2874 2977 2928 Ant.
3005 2872 3251 2928 Alfabilis
3276 2873 3348 2928 ita
3377 2882 3496 2929 crat
3524 2874 3576 2927 in
3609 2871 3870 2928 sermoni-

2277 2967 2396 3029 bus.
2422 2977 2477 3022 ct
2508 2968 2561 3021 in
2593 2966 2778 3021 habitu
2807 2966 2956 3019 mitis
2976 3007 2990 3032 ,
3018 2975 3074 3019 ut
3100 2965 3239 3020 Deus
3270 2966 3321 3019 in
3354 2965 3450 3020 illo
3479 2964 3875 3019 collaudaretnr

2270 3060 2339 3113 ab
2357 3059 2607 3115 omnibus
2631 3058 2968 3114 venientibus
2988 3059 3052 3112 ad
3067 3073 3222 3114 se.--
3238 3057 3331 3112 Ps.
3359 3057 3489 3113 Cum
3509 3057 3873 3113 inuam—Ant.

576 3148 678 3225 s'ibi
710 3170 911 3224 aditum
960 3166 1365 3239 praedicationis
1414 3167 1465 3220 in
1514 3163 1727 3235 populis
1773 3163 2027 3233 aperiret.
2078 3162 2170 3217 Ps.
2200 3149 2244 3211 C
2281 3153 2415 3208 Dum
2446 3153 2706 3209 exercitio
2740 3152 3053 3221 piscationis
3084 3152 3399 3223 fungeretur
3437 3152 3490 3206 in
3531 3151 3724 3217 ﬂuvio,
3754 3148 3877 3203 vidit

576 3262 817 3331 Domine,
841 3265 964 3335 quid
989 3265 1140 3317 mult.

668 3358 699 3426 ᾖ
726 3395 739 3408 .
782 3358 863 3411 Ab
893 3365 1045 3410 utero
1059 3355 1247 3410 matris
1275 3353 1373 3407 fuit
1396 3351 1762 3408 sanctilicatus
1789 3350 1986 3406 Beatus
2004 3350 2173 3407 Zeno.

666 3450 702 3518 ii}
725 3491 737 3503 .
772 3451 838 3505 Et
865 3465 895 3503 a
923 3436 1203 3505 cunabulis
1234 3448 1573 3505 benedictus.

794 3564 859 3619 In
892 3563 939 3617 F
943 3575 1049 3619 esto
1092 3564 1154 3620 S.
1192 3562 1414 3618 Zenonis
1455 3562 1701 3634 Epitrapi
1732 3569 1778 3615 et
1806 3560 1960 3632 Conf.

1259 3677 1400 3734 Lect.
1441 3677 1493 3732 Ι.

650 3773 783 3828 Olim
834 3773 1287 3843 peritiSsimorum
1340 3770 1750 3842 disciplinabilis
1804 3786 1919 3826 mos
1946 3771 2173 3837 exstitit,

583 3867 823 3922 virorum
849 3867 1192 3938 indagatione
1218 3866 1458 3936 diligenti
1494 3875 1804 3921 sanctorum
1834 3868 1967 3921 vitas
1990 3866 2191 3935 eaquiJ

579 3972 729 4024 rere,
763 3972 1056 4028 earumque
1084 3960 1280 4013 seriem
1305 3958 1428 4029 styli
1476 3956 1657 4011 oflicio
1685 3956 1932 4023 sollicite,
1980 3973 2042 4013 ac
2094 3973 2180 4012 ra-

580 4049 913 4105 tionabiliter
943 4049 1216 4104 memoriae
1243 4048 1574 4118 posteritatis
1596 4050 1891 4120 assignare,
1913 4059 2177 4120 quatenus

522 4168 528 4175 ο
580 4142 651 4195 ob
672 4157 784 4197 sua:
811 4141 1044 4196 studium
1067 4141 1346 4207 doctrinm,
1369 4142 1605 4195 virorum
1636 4142 1688 4196 in
1724 4142 1856 4197 orbe
1881 4143 2178 4199 imitatione

586 4236 886 4306 potirentur
912 4279 928 4301 ,
953 4246 1006 4289 ct
1036 4251 1222 4290 eorum
1244 4233 1567 4305 quandoque
1604 4237 1881 4290 consiirtio
1910 4237 1959 4289 in
1988 4250 2179 4306 peren-

581 4331 664 4385 nis
693 4332 818 4385 vitae
837 4330 1007 4400 gloria
1030 4328 1356 4384 fruerentur.
1386 4329 1474 4383 Sic
1501 4330 1703 4385 etenim
1731 4331 1893 4386 instat
1916 4331 2178 4401 sapientis

584 4440 738 4481 mens
768 4424 832 4479 ad
862 4426 1260 4494 investigandas
1297 4433 1607 4480 sanctorum
1640 4426 1803 4494 ritas,
1830 4436 2101 4498 tamquam
2132 4427 2175 4482 si

2282 3244 2570 3315 quemdam
2620 3243 2894 3298 hominem
2950 3243 3005 3298 in
3048 3244 3289 3313 plaustro
3315 3243 3597 3300 sedentem
3623 3257 3725 3314 per
3748 3255 3877 3312 pra:-

2281 3350 2408 3405 ccps
2434 3336 2486 3390 in
2508 3350 2723 3389 amnem
2746 3334 3005 3404 demergi.
3044 3333 3319 3389 Ps.Verba
3352 3351 3485 3389 mea.
3508 3336 3633 3390 Ant.
3669 3335 3761 3391 Vir
3789 3331 3875 3387 Dei

2280 3428 2486 3483 elevata
2514 3444 2728 3484 sursum
2762 3443 2919 3482 manu
2950 3428 3078 3483 fecit
3104 3429 3313 3499 signum
3345 3437 3552 3484 sancta:
3578 3428 3772 3484 Urucis
3803 3425 3880 3480 di-

2279 3534 2441 3574 cens:
2475 3529 2751 3576 revertere
2783 3527 2953 3586 retro,
2981 3521 3232 3585 Satanas,
3250 3535 3319 3575 ne
3342 3522 3579 3590 perimas
3608 3520 3877 3577 hominem

2280 3626 2440 3682 quem
2497 3611 2638 3667 Deus
2678 3611 2902 3666 creavit.
2954 3610 3047 3665 Ps.
3107 3611 3329 3667 Domine
3377 3609 3638 3667 Dominus
3693 3621 3876 3667 noster.

2296 3702 2370 3772 Ῡ.
2423 3701 2691 3759 Sacerdos
2739 3703 2832 3758 Dei
2887 3702 3036 3758 Zeno
3096 3705 3321 3758 sedebat
3385 3718 3552 3775 super
3625 3703 3876 3779 lapidem.

2297 3795 2369 3861 ii.
2400 3784 2618 3852 Et'artis
2654 3797 2968 3867 apostolicze
3011 3797 3335 3854 documenta
3364 3813 3600 3870 sequens
3635 3796 3878 3870 piscaba-

2283 3897 2368 3944 tur
2399 3890 2450 3944 in
2484 3890 2729 3945 flumine.

2940 3981 3079 4037 Lect.
3105 3982 3131 4037 l
3152 3982 3210 4038 ν.

2355 4074 2479 4130 Fuit
2505 4074 2687 4144 itaque
2707 4089 2736 4128 a
2759 4075 2946 4129 matris
2972 4083 3128 4131 utero
3154 4077 3547 4144 sanctilicatus,
3574 4087 3635 4133 et
3662 4093 3694 4134 a
3721 4089 3881 4132 cuna-

2282 4169 2425 4224 bulis
2469 4168 2806 4234 benedictus,
2837 4180 2892 4223 ut
2921 4171 3221 4227 assertione
3250 4170 3433 4226 divina
3487 4172 3540 4226 in
3589 4186 3662 4227 eo
3716 4170 3881 4240 repeti

2280 4260 2576 4323 videretur,
2618 4262 2761 4332 quod
2810 4261 3059 4317 .lcremia:
3086 4262 3287 4317 dictum
3313 4273 3397 4319 est
3432 4283 3443 4317 :
3472 4262 3800 4334 Priusquam
3836 4271 3882 4315 te

2282 4350 2572 4408 formarem
2606 4354 2660 4407 in
2715 4363 2892 4419 utero,
2928 4355 3051 4408 novi
3096 4363 3170 4421 te,
3203 4365 3260 4410 et
3289 4366 3578 4427 antequam
3609 4358 3797 4413 exires
3819 4353 3881 4408 de

2284 4456 2475 4500 ventre
2507 4440 2544 4512 ,’
2576 4444 2909 4501 sanctilicavi
2954 4454 3028 4503 te.
3083 4446 3329 4519 Denique
3379 4448 3672 4518 probitatis
3728 4458 3883 4518 atque

582 4519 776 4589 aliquis
814 4517 1003 4573 sitiens
1054 4518 1250 4573 ardore
1299 4520 1431 4573 solis
1479 4518 1702 4575 adusms
1744 4519 1902 4575 avide
1948 4520 2173 4575 fontium

2282 4534 2757 4608 scie'iitiaajugibus
2788 4539 3139 4593 incrementis
3167 4517 3725 4611 adiltocipertingere
3769 4517 3880 4593 me-

580 4611 929 4681 concupiscat
955 4610 1178 4678 llue’nta,
1214 4611 1298 4668 vel
1338 4614 1500 4667 etiam
1549 4613 1594 4666 si
1634 4613 1754 4682 quis
1784 4613 2179 4668 desideratissi-

580 4720 727 4760 mum
751 4719 816 4758 ex
840 4714 1047 4758 remota
1070 4704 1287 4773 regione
1315 4703 1502 4759 audire
1531 4703 1731 4757 ambiat
1762 4704 2010 4758 nuntium
2044 4746 2058 4767 ,
2088 4716 2179 4759 aut

588 4806 739 4851 cette
761 4798 804 4850 si
834 4797 1055 4866 quilibet
1087 4795 1406 4850 deliciarum
1430 4795 1661 4865 dapibus
1681 4794 1942 4850 educatus
1974 4797 2024 4851 in
2039 4812 2177 4866 quo-

584 4889 706 4942 dam
737 4890 1030 4959 longinquo
1058 4889 1247 4944 itinere
1284 4890 1513 4959 positus,
1565 4889 1799 4944 esuriem
1854 4890 1919 4943 ad
1963 4891 2175 4943 solitam

583 4982 663 5034 sui
693 4982 875 5051 cupiat
899 4982 1102 5036 ventris
1151 4984 1436 5053 pervenire
1477 4982 1800 5037 satietatem.
1849 4982 1922 5049 ti.
1956 4982 2051 5037 llic
2098 4993 2180 5038 cst

582 5090 738 5131 sacer
770 5074 993 5129 antistes
1045 5075 1212 5141 Zeno,
1241 5092 1398 5149 quem
1429 5078 1643 5147 gemina
1684 5078 1879 5133 virtute
1922 5078 2176 5134 Dominus

583 5166 885 5222 sanctitatis
939 5177 995 5221 et
1048 5169 1324 5238 sapientire
1375 5170 1671 5226 decoravit.
1704 5172 1869 5241 Cujus
1916 5171 2175 5241 pra-clara

579 5257 851 5312 fulserunt
881 5258 932 5311 in
960 5258 1158 5314 mundo
1187 5262 1468 5327 miracula,
1500 5272 1554 5317 et
1583 5263 1635 5317 in
1669 5264 1820 5318 cmlis
1846 5262 2075 5333 adeptus
2095 5273 2172 5318 est

580 5351 908 5422 Angelorum
941 5352 1287 5406 commercia.
1335 5355 1368 5424 )‘r
1398 5396 1410 5409 .
1458 5354 1561 5408 iste
1590 5364 1672 5409 est
1700 5356 1791 5425 qui
1837 5363 1963 5409 ante
2008 5357 2173 5409 Deum

573 5458 797 5515 magnas
832 5444 1056 5498 virtutes
1077 5452 1329 5512 operatus
1348 5454 1453 5509 est,
1482 5453 1538 5499 et
1558 5448 1735 5500 omnis
1759 5455 1900 5500 terra
1922 5445 2167 5501 doctrina

573 5537 689 5604 ejus
718 5538 923 5605 repleta
943 5544 1045 5591 est.
1075 5533 1262 5607 Cujus,
1287 5544 1391 5589 etc.

1221 5647 1382 5721 .Lect.
1416 5649 1500 5704 11.

618 5760 732 5819 Nos
770 5762 949 5834 itaque
981 5762 1099 5819 licet
1131 5765 1211 5821 eis
1233 5802 1249 5831 ,
1296 5763 1386 5833 Qui
1419 5767 1539 5824 talia
1590 5758 1975 5839 conscripsere
2004 5766 2171 5826 simus

2282 4630 2411 4696 ruit,
2446 4639 2502 4684 ut
2524 4645 2619 4699 per
2644 4631 2993 4685 sacerrimam
3025 4632 3188 4685 vitam
3231 4642 3416 4701 pastor
3447 4632 3497 4686 in
3531 4632 3752 4702 populis
3774 4644 3886 4684 me-

2283 4735 2515 4780 reretur.
2545 4723 2746 4794 Nempe
2774 4724 2997 4779 audiant
3028 4724 3209 4794 populi
3239 4739 3452 4789 omnes,
3504 4726 3597 4796 qui
3643 4726 3769 4796 ejus
3795 4737 3884 4777 cu-

2285 4817 2437 4887 piunt
2467 4830 2626 4870 nosse
2659 4815 2914 4870 miracula
2946 4857 2960 4879 ,
2983 4815 3109 4885 quia
3146 4813 3199 4869 in
3228 4830 3444 4871 onmem
3485 4825 3692 4871 terram
3722 4826 3886 4871 sonus

2284 4912 2414 4965 exiit
2469 4909 2908 4964 conversationis
2962 4908 3113 4977 ejus,
3169 4919 3223 4962 et
3271 4909 3528 4963 sanctitas
3579 4908 3885 4963 luculenter

2283 5001 2523 5058 emicuit.
2563 5000 2602 5069 ii
2624 5038 2638 5052 .
2666 4999 2913 5055 All‘abilis
2941 5000 3015 5054 ita
3041 5009 3156 5055 erat
3183 5001 3232 5053 iu
3258 5001 3627 5065 sermonibus,
3656 5012 3884 5057 etman~

2282 5094 2588 5159 suetudine,
2619 5102 2778 5162 atque
2812 5092 2997 5147 habitu
3026 5092 3188 5146 mitis.
3220 5091 3291 5147 Ut
3321 5094 3461 5148 Deus
3481 5093 3533 5146 iu
3559 5093 3657 5148 illo
3682 5092 3884 5147 collatio

2280 5187 2502 5241 daretur
2527 5188 2596 5239 ab
2620 5186 2873 5241 omnibus
2900 5184 2965 5240 ad
2996 5200 3054 5240 se
3081 5185 3444 5241 venientibus.
3475 5187 3507 5255 ᾖ
3535 5228 3547 5240 .
3586 5186 3663 5240 lta
3681 5187 3883 5241 existe-

2279 5281 2372 5336 bal
2400 5280 2603 5346 alacer,
2634 5289 2692 5334 ιιι
2716 5276 2843 5335 inox
2873 5277 2940 5332 ad
2965 5292 3090 5333 eum
3123 5287 3475 5348 properantes
3505 5278 3741 5345 relictis,
3764 5276 3878 5332 ido-

2279 5372 2343 5427 lis
2370 5414 2387 5439 ,
2447 5372 2672 5427 Domino
2716 5370 3003 5427 crederent
3032 5369 3163 5425 Jesu
3209 5368 3446 5425 Christo.
3505 5368 3573 5426 Ut
3616 5371 3787 5425 Deus.

2948 5484 3087 5540 Lect.
3128 5484 3193 5539 γ.

2351 5579 2479 5634 Erat
2506 5578 2648 5633 enim
2680 5577 2874 5632 sedens
2896 5591 2948 5631 In
2971 5575 3297 5631 Monasterio
3327 5578 3379 5629 in
3407 5574 3696 5630 secretiori
3729 5583 3878 5645 parte

2280 5672 2462 5743 oppidi
2496 5670 2825 5726 Veronensis
2853 5670 3127 5725 coutinuis
3148 5668 3396 5745 jejuuiis,
3444 5679 3500 5725 et
3536 5668 3879 5724 orationibus

2279 5767 2486 5821 crebris
2515 5779 2545 5819 a
2587 5764 2814 5821 Domino
2841 5765 3076 5835 petebat;
3105 5773 3164 5820 ut
3192 5764 3294 5820 sibi
3324 5761 3640 5831 dignaretur
3669 5761 3874 5818 aditum
