4198 6160
360 250 467 312 729

355 469 752 526 convertendos
782 470 834 525 in
864 486 1122 529 amorem
1168 474 1373 535 Christi
1427 483 1634 539 animas
1689 484 1969 543 hominum

354 563 442 619 die
464 575 730 636 noctuque
758 563 987 620 deditus
1015 558 1158 622 erat;
1193 569 1403 629 Revera
1428 576 1569 646 quod
1599 578 1832 634 Sanctus
1854 579 1975 650 ejus

354 658 585 730 Spiritus
653 674 913 730 purarum
989 659 1338 720 illuminator
1408 671 1706 737 mentium,
1784 673 1977 730 doctor

353 751 639 816 existebat,
663 753 796 808 sicut
840 752 960 823 ipsa
1003 755 1212 811 veritas
1255 757 1515 830 loquitur,
1559 763 1751 821 dicens
1797 785 1811 820 :
1857 766 1976 823 Non

354 844 495 899 enim
557 860 652 899 vos
695 846 828 901 estis
881 845 980 917 qui
1037 846 1348 918 loquimini,
1391 855 1489 910 sed
1534 855 1774 927 Spiritus
1802 859 1977 917 Patris

351 935 543 1003 vestri,
584 937 669 1008 qui
699 937 943 1008 loquitur
968 938 1026 994 in
1067 939 1246 997 vobis.
1297 942 1374 999 lta
1403 960 1537 1002 sane
1580 948 1816 1007 aﬂ‘abilis
1861 963 1978 1009 erat

357 1028 411 1084 in
438 1043 706 1094 sermone,
738 1031 864 1087 etin
895 1031 1089 1088 habitu
1138 1034 1319 1102 mitis,
1354 1045 1415 1092 ut
1438 1038 1565 1107 jure
1596 1041 1743 1097 Deus
1774 1045 1827 1098 in
1860 1045 1979 1115 ipso

357 1122 752 1181 eollaudaretur
779 1124 846 1180 ab
868 1123 1132 1180 omnibus
1164 1127 1519 1183 venientibus
1547 1130 1618 1185 ad
1642 1146 1723 1188 se.
1756 1134 1834 1188 lta
1859 1136 1978 1191 ala-

356 1231 471 1283 cer,
501 1226 557 1272 et
586 1217 636 1271 in
664 1216 980 1287 splendiﬂco
998 1216 1179 1272 nitore
1198 1216 1474 1275 facundia:
1498 1222 1742 1290 vividus,
1773 1234 1834 1281 ut
1857 1243 1980 1283 mox

358 1311 426 1366 ad
456 1326 579 1366 eum
605 1317 977 1382 properantes,
1013 1310 1221 1366 relictis
1245 1311 1415 1367 idolis
1445 1322 1501 1367 et
1544 1318 1820 1384 pravitate
1850 1335 1983 1389 gen-

360 1404 588 1468 tilitatis,
616 1404 837 1459 Domino
863 1403 1155 1459 crederent
1180 1403 1318 1461 Jcsu
1354 1404 1598 1461 Christo.
1622 1408 1697 1478 ii}.
1747 1410 1882 1465 Dum
1926 1413 1980 1468 in

358 1497 523 1553 ﬂuvio
554 1497 711 1553 Adasi
743 1499 1056 1569 piscatiouis
1078 1501 1361 1555 exercitio
1410 1499 1753 1571 fungeretur,
1780 1507 1981 1561 erectis

362 1605 575 1645 sursum
607 1590 795 1655 oculis,
828 1592 961 1646 vidit
984 1593 1259 1648 hominem
1300 1593 1360 1647 in
1394 1592 1637 1663 plauSIro
1666 1596 1978 1664 sedentem,

362 1684 535 1740 bobus
562 1684 857 1753 subjunctis
885 1685 945 1739 in
960 1699 1173 1740 amnem
1196 1684 1474 1755 demergi.
1520 1686 1557 1755 Ῡ
1583 1726 1596 1738 .
1633 1686 1804 1741 Tanta
1829 1688 1976 1743 enim

1775 272 2259 336 IIISSERTATN).

356 372 758 446 pranlicationis
789 377 1086 434 mellifera:
1120 380 1173 436 iu
1205 386 1416 453 populis
1446 389 1674 459 aperire.
1709 368 1873 461 Igitur
1903 393 1970 447 ad
2006 397 2056 457 Α
2085 399 2214 455 lilia:
2258 402 2479 463 daemon
2528 410 2770 467 clamare

2920 364 2925 367 .
3604 316 3709 370 ’72³ιο

2812 412 3043 472 dicens:
3073 418 3193 478 Non
3238 428 3492 498 egrediar
3518 447 3547 486 τι
3589 446 3714 493 cor-

2085 506 2216 561 pore
2248 494 2381 562 isto,
2413 500 2514 556 nisi
2548 500 2698 558 Zeno
2727 505 3016 578 episcopus
3044 494 3377 583 veneritIac
3420 537 3519 594 per
3550 526 3719 596 ipsius

2084 584 2381 692 iamperium
2413 601 2641 649 coactus
2674 596 2942 666 migrabo.
2979 600 3096 657 Mox
3131 606 3320 680 itaque
3367 584 3438 669 ut.
3460 584 3720 692 boc'Regi

2083 674 2340 735 Gallieno
2390 683 2643 755 innotuit,
2707 688 2889 745 missis
2934 674 3345 765 apparitoribus
3376 709 3608 767 sollicita
3642 674 3723 772 iti-

2084 771 2333 870 tetttione
2361 776 2527 845 coepit
2572 780 2929 852 investigare,
2970 787 3126 846 sicuti
3155 792 3426 856 Sanctum
3457 806 3725 873 potuisset

2085 860 2337 920 iit-venire
2383 868 2580 924 virum.
2650 871 2728 941 ἡ.
2787 873 3073 935 Festinans
3126 883 3316 957 itaque
3364 860 3577 953 daemon
3632 901 3717 957 in-

2081 968 2308 1064 ‘gressus
2337 972 2423 1016 est
2454 964 2719 1033 palatium
2772 966 3004 1028 Caesaris
3052 974 3314 1038 Gallieni.
3349 985 3420 1041 Et
3468 1004 3718 1064 compre-

2082 1046 2316 1107 hensam
2350 1054 2466 1124 ejus
2494 1058 2663 1114 filiam
2693 1061 2866 1131 cmpit
2898 1072 3005 1120 tam
3030 1069 3341 1134 crudeliter
3369 1046 3674 1159 vexaref—i'
3699 1130 3714 1146 .

2083 1139 2413 1202 Miserabilis
2455 1159 2604 1218 pater
2650 1162 2872 1226 totaque
2918 1158 3110 1218 domus
3157 1171 3314 1241 regia
3375 1139 3721 1242 crueiature‘t

2084 1247 2332 1293 maerore
2362 1239 2726 1315 affligebatur.
2759 1246 2829 1302 Et
2854 1263 3031 1322 comp.

2721 1360 2863 1417 Lect.
2914 1364 3085 1423 VIII.

2162 1467 2249 1524 Ex
2285 1471 2439 1542 jussu
2470 1485 2653 1533 autem
2700 1478 2866 1551 Regis
2893 1482 3095 1540 milites
3126 1488 3196 1543 ad
3229 1491 3410 1551 virum
3441 1498 3536 1556 Dei
3563 1518 3717 1573 gres-

2085 1561 2242 1666 sibus
2273 1580 2519 1640 pergunt.
2548 1572 2646 1629 llle
2673 1590 2804 1629 vero
2835 1577 3065 1635 sedebat
3095 1597 3268 1654 super
3315 1561 3593 1664 lapidem:
3621 1603 3711 1671 qui

2086 1654 2139 1709 in
2177 1663 2428 1728 proximo
2459 1677 2575 1722 erat
2606 1668 2944 1737 Monasterii,
2997 1683 3050 1728 et
3092 1679 3230 1735 artis
3260 1654 3575 1754 apostolica;
3614 1654 3714 1749 do-

362 1775 644 1831 velocitate
672 1774 962 1842 ferebatur,
993 1786 1051 1830 ut
1105 1777 1322 1832 cunctis
1352 1776 1740 1833 ostenderetur
1767 1777 1955 1850 antiqu

2089 1762 2345 1811 cunicula
2377 1761 2684 1829 periicieus,
2718 1780 2781 1819 ex
2813 1780 2967 1820 more
3017 1768 3333 1836 piscabatur
3380 1781 3433 1837 in
3462 1782 3705 1844 ﬂumine.

366 1868 535 1924 hostis
566 1878 678 1923 arte
706 1878 1004 1939 peractum.
1031 1869 1238 1925 Bobus.

1015 1982 1162 2037 Lect.
1203 1980 1278 2037 VI
1292 2023 1306 2034 .

438 2072 542 2128 Per
593 2072 730 2128 idem
780 2084 992 2146 tempus
1043 2076 1197 2146 juxta
1264 2073 1468 2130 Urbem
1523 2074 1789 2131 Veronam
1839 2075 1972 2134 dum

365 2164 651 2235 egrediens
680 2166 818 2222 idem
846 2168 928 2221 vir
971 2182 1000 2221 a
1040 2167 1400 2232 monasterio,
1446 2167 1497 2221 in
1542 2167 1702 2222 Adasi
1746 2168 1976 2226 flumine

365 2257 676 2327 piscationis
703 2260 962 2314 exercitio
991 2260 1336 2329 fungeretur,
1371 2261 1567 2314 erectis
1595 2275 1808 2315 sursum
1837 2277 1974 2317 ocu-

368 2349 457 2411 lis,
480 2347 610 2403 vidit
639 2365 701 2404 cx
733 2350 958 2406 adverso
989 2349 1284 2423 quemdam
1343 2351 1614 2406 hominem
1646 2356 1695 2406 in
1729 2356 1974 2435 plaustro

367 2441 665 2511 sedentem,
698 2445 867 2500 bobus
896 2447 1204 2515 subiunctis
1257 2459 1354 2516 per
1402 2439 1642 2518 pra‘ccps
1670 2448 1722 2521 in
1753 2464 1971 2507 amnem

365 2539 628 2611 demergi.
681 2543 1102 2617 Tanta’qnippe
1162 2545 1493 2601 miserabilis
1550 2551 1837 2605 velocitate
1893 2553 1975 2608 fc-

368 2634 607 2699 rebatur,
628 2645 683 2689 ut
710 2639 881 2707 palam
911 2642 1124 2694 cunctis
1148 2640 1503 2694 cet‘ttcnliltus
1527 2640 1745 2697 daretur
1774 2646 1974 2703 ittlclli-

370 2726 417 2791 gi
453 2724 554 2780 hoc
581 2726 777 2783 diaboli
831 2739 945 2785 arte
990 2731 1156 2785 fuisse
1188 2739 1486 2800 peractmn.
1541 2733 1975 2808 Sanctusitaque

370 2817 453 2870 vir
479 2816 602 2872 dum
634 2818 846 2877 intentis
890 2823 1187 2877 luminibus
1218 2822 1323 2875 hoc
1349 2837 1378 2876 a
1411 2823 1568 2894 longe
1612 2829 1970 2899 prospiceret,

366 2912 618 2978 cognovit
669 2912 1048 2985 lytnphaticant
1086 2917 1185 2969 viri
1224 2917 1464 2981 ruinam,
1520 2918 1716 2974 factum
1765 2921 1970 2979 diaboli

364 3018 505 3058 esse.
541 3002 723 3076 Itaque
773 3009 972 3064 interea
1007 3010 1100 3063 Vir
1146 3008 1245 3064 Dei
1287 3009 1494 3064 elevata
1527 3027 1742 3068 sursum
1776 3030 1967 3084 manu,

366 3095 495 3152 fecit
548 3099 755 3169 signum
804 3115 1003 3159 saneta:
1061 3104 1246 3159 erucis
1302 3103 1571 3174 frequenti
1625 3109 1737 3163 vice
1787 3109 1967 3165 dixit:

366 3191 659 3248 Revertere
690 3206 852 3263 retro,
886 3197 1109 3263 Satana,
1144 3214 1211 3252 ne
1237 3198 1471 3268 perimas
1503 3199 1773 3258 hominem
1809 3219 1968 3273 quem

362 3284 509 3341 Deus
538 3296 765 3344 creavit.

452 3382 524 3451 ti.
560 3381 711 3450 Quod
757 3387 965 3457 signum
999 3396 1058 3441 ut
1092 3387 1225 3440 vidit
1271 3385 1551 3451 diabolus,
1602 3389 1747 3444 velut
1790 3388 1968 3447 fumus

362 3489 394 3528 a
427 3484 591 3529 vento
620 3486 805 3546 raptus
850 3481 1091 3546 evanuit,
1142 3486 1196 3533 et
1226 3478 1576 3540 clamoribus.
1626 3496 1689 3536 ac
1733 3483 1966 3538 stridore

359 3566 600 3622 nefando
629 3567 697 3624 de
721 3571 825 3625 alta
856 3588 991 3645 rupe
1023 3588 1147 3628 eum
1198 3572 1401 3640 impetu
1433 3572 1711 3628 decideret
1739 3575 1841 3640 ait,
1888 3576 1920 3645 ἢν

356 3662 503 3718 Etsi
554 3678 660 3718 non
710 3664 796 3721 hic
839 3682 925 3722 me
966 3666 1234 3736 permittis
1270 3666 1477 3720 animas
1523 3666 1794 3723 hominum
1844 3685 1961 3725 mea

357 3752 680 3809 obsessione
729 3755 946 3821 lucrari.
996 3767 1177 3812 tamen
1235 3768 1453 3827 paratus
1501 3774 1617 3812 smn
1667 3761 1717 3814 in
1767 3762 1961 3830 patrias

354 3856 515 3901 notas
559 3847 973 3920 circumquaque
998 3852 1130 3905 sitas
1157 3849 1224 3903 ad
1254 3861 1400 3904 tuum
1436 3851 1779 3920 pertinaciter
1808 3852 1959 3909 obire

356 3939 827 4009 impedimentum.
861 3942 926 3997 Et
951 3941 1021 4008 si,
1051 3954 1159 3996 etc.

429 4032 495 4087 ln
524 4030 647 4087 IIl.
681 4032 839 4087 Noct.
875 4034 995 4088 Ant.
1030 4034 1229 4090 Beatus
1256 4034 1401 4090 Zeno
1431 4034 1589 4103 dixit,
1618 4053 1723 4091 non
1757 4046 1805 4092 te
1832 4053 1954 4105 pcr-

351 4127 521 4183 mittit
555 4126 812 4182 Dominus
836 4129 1035 4199 aliquid
1062 4144 1222 4198 agere
1241 4128 1501 4185 adversus
1528 4146 1742 4186 servum
1772 4148 1949 4187 suum.

354 4221 450 4277 I’s.
468 4222 709 4287 Domine,
723 4204 1057 4293 quia—Ant.
1074 4224 1389 4280 Miserabilis
1414 4226 1587 4293 Pater,
1611 4236 1827 4298 totaque
1861 4230 1956 4283 do-

347 4331 474 4369 mus
510 4315 655 4385 regia
696 4329 929 4370 mmrore
962 4314 1324 4383 afﬂigebatur,
1358 4330 1424 4370 eo
1450 4318 1589 4386 quod
1622 4319 1791 4386 puella
1816 4322 1955 4374 aeri-

350 4416 436 4461 ter
481 4406 863 4462 sun‘ocaretur.
912 4406 1006 4462 Ps.
1039 4405 1282 4474 Domine,
1314 4409 1367 4462 in
1394 4408 1507 4461 virt.
1542 4408 1661 4462 Ant.
1690 4408 1953 4467 Sacerdos

348 4500 448 4555 Dei
474 4499 625 4571 Zeno
652 4499 878 4555 sedebat
903 4515 1067 4570 super
1097 4499 1353 4570 lapidem,
1377 4509 1432 4555 ct
1459 4501 1591 4554 artis
1642 4504 1950 4571 apostolica:

348 4591 673 4647 documenta
720 4606 975 4661 sequens,
1011 4592 1321 4663 piseabatur
1354 4593 1405 4647 in
1440 4593 1681 4649 ﬂumine.
1713 4594 1803 4651 Ps.
1841 4595 1950 4652 Do-

347 4686 498 4739 mini.
568 4686 642 4753 Ῡ.
692 4682 844 4750 Quod
894 4685 1105 4753 signum
1156 4694 1213 4738 ut
1263 4686 1396 4740 vidit
1443 4686 1681 4753 diemon,
1732 4691 1949 4745 evanuit

348 4777 497 4831 velut
544 4776 726 4830 fumus
771 4775 842 4844 ιῆ.
900 4773 1035 4831 Cum
1079 4776 1409 4835 clamoribus
1460 4788 1514 4835 et
1563 4780 1798 4837 stridore
1848 4798 1946 4838 ne-

346 4870 531 4926 fando.

993 4940 1135 4995 Lect.
1183 4939 1292 4995 VII
1303 4981 1316 4995 .

422 5033 513 5089 His
565 5034 748 5103 itaque
796 5012 1061 5102 peractis,
1103 5047 1221 5088 cum
1272 5034 1575 5093 detestabili
1642 5040 1843 5097 ululatu
1896 5053 1948 5098 et

345 5126 586 5180 clamore
617 5124 891 5180 discessit.
923 5123 1206 5180 chtinaos
1229 5128 1407 5198 itaque
1433 5130 1642 5186 dromon
1673 5134 1945 5204 ingressus

347 5227 432 5272 est
459 5217 571 5271 cito
620 5217 879 5286 palatium
927 5212 1158 5271 Caesaris
1187 5217 1438 5288 Gallieni,
1476 5232 1853 5296 arreptamque
1884 5227 1945 5281 fi-

349 5310 474 5366 liam
506 5313 647 5381 ejus,
677 5326 786 5376 quo
818 5320 944 5365 tunc
977 5321 1218 5377 tempore
1249 5314 1399 5368 unica
1434 5316 1749 5384 parentibus
1778 5331 1896 5375 erat
1925 5339 1939 5387 ;

346 5407 513 5476 cmpit
560 5405 858 5461 crudeliter
911 5419 1129 5459 vexare.
1187 5406 1506 5465 Miserabilis
1561 5424 1691 5481 ergo
1754 5411 1935 5481 Pater,

344 5500 617 5570 simulque.
667 5509 773 5553 tota
825 5497 1019 5552 domus
1072 5498 1248 5570 regia,
1301 5502 1355 5555 in
1416 5503 1686 5558 tristitiam
1745 5520 1932 5574 versa,

343 5592 690 5646 cruciabatur
719 5600 773 5647 et
824 5605 1060 5647 mmrare
1088 5592 1285 5662 ingenti
1312 5592 1671 5665 afﬂigebatur,
1700 5612 1766 5653 eo
1791 5599 1933 5669 quod

345 5683 551 5739 acriter
583 5682 755 5753 puella
786 5683 1159 5738 suffocaretur.
1193 5683 1322 5751 Qum
1352 5685 1476 5739 dum
1525 5688 1728 5743 crudeli
1777 5705 1937 5745 vexas-

345 5763 498 5828 iion's
549 5770 933 5845 corripvit-stur,
990 5765 1151 5845 cmi-lt
1210 5786 1304 5843 per
1362 5788 1422 5833 or
1468 5775 1743 5837 initiatum
1793 5781 1934 5849 regis

1980 4546 2034 4608 D

2092 1842 2387 1907 Venientes
2415 1868 2546 1925 ergo
2576 1856 2799 1926 milites,
2833 1859 2959 1928 quia
2987 1860 3206 1931 ignotus
3235 1870 3317 1924 eis
3345 1883 3483 1941 erat,
3528 1892 3711 1950 coepe-

2084 1950 2215 1993 runt
2262 1942 2497 2001 sollicite
2546 1958 2793 2004 sanctum
2859 1948 2953 2004 Dei
3006 1951 3348 2030 interrogare
3397 1942 3641 2025 dicentes
3689 1989 3704 2028 :

2083 2028 2221 2098 Quis
2250 2049 2310 2089 es
2341 2046 2417 2103 tu,
2443 2037 2607 2095 homo
2637 2041 2775 2096 Dei?
2827 2040 3006 2098 Indica
3053 2028 3288 2107 nebisvsi
3321 2054 3498 2112 vidisti
3532 2059 3707 2117 Zeno-

2084 2138 2212 2180 nem
2248 2128 2599 2213 Episcopum,
2631 2148 2791 2204 quem
2839 2149 2940 2191 uos
2969 2150 3036 2192 ex
3083 2138 3237 2208 jussu
3281 2145 3447 2219 Regis
3489 2155 3706 2224 perqui-

2084 2215 2282 2275 rimus.
2314 2222 2384 2277 At
2414 2223 2507 2280 ille
2537 2228 2814 2297 respondit
2846 2246 2860 2282 :
2896 2229 2975 2285 Ad
3004 2231 3133 2301 quid
3166 2238 3319 2295 missi
3346 2215 3694 2305 estis-dicite.

2087 2306 2202 2377 Ego
2250 2313 2394 2367 enim
2449 2318 2697 2385 quamvis
2747 2320 2991 2374 tantillus
3060 2337 3254 2383 servus
3304 2333 3461 2400 sim,
3517 2346 3697 2393 tamen

2081 2401 2286 2461 ChriSIi
2332 2408 2482 2465 Zeno
2526 2425 2708 2466 vocor.
2760 2415 2927 2485 Igitur
2970 2416 3318 2478 conferentes
3348 2427 3415 2481 ad
3462 2428 3693 2487 invicem

2081 2497 2308 2567 milites,
2342 2500 2589 2556 dicentes
2619 2505 2761 2558 inter
2791 2522 2850 2560 se
2879 2524 2891 2559 :
2923 2507 3061 2575 Quid
3094 2513 3263 2568 multa
3287 2517 3693 2590 colloquimur?

2081 2590 2388 2649 Iudicemus
2427 2612 2523 2664 pro
2562 2615 2664 2667 qua
2693 2617 2750 2656 re
2779 2601 3030 2658 destinati
3064 2623 3254 2685 sumus
3284 2611 3351 2667 ad
3405 2614 3565 2672 istum
3616 2620 3692 2674 vi-

2081 2679 2224 2763 rum".
2251 2688 2402 2745 Tunc
2431 2702 2680 2761 patenter
2706 2695 3020 2753 intimantes
3041 2700 3205 2755 beato
3227 2703 3511 2763 Sacerdoti
3542 2711 3692 2767 dixe-

2080 2787 2209 2832 runt
2237 2798 2250 2834 :
2283 2780 2456 2852 Rogat
2502 2793 2553 2838 te
2584 2783 2699 2841 Rex
2727 2790 2912 2845 venire
2937 2790 3003 2845 ad
3048 2806 3129 2859 se,
3176 2797 3300 2865 quia
3334 2799 3447 2854 vult
3496 2802 3687 2857 faciem

2080 2875 2227 2922 tttam
2255 2870 2459 2927 videre.
2495 2873 2631 2940 Quid
2662 2892 2839 2934 meam
2877 2880 2987 2936 Rex
3019 2883 3129 2937 vult
3178 2901 3405 2944 cernere
3455 2889 3687 2948 faciem?

2076 2962 2167 3029 qtti
2216 2963 2459 3019 omnium
2501 2967 2932 3028 Christianorum
2970 2976 3268 3033 manifestis
3317 2980 3538 3039 indiciis
3590 2966 3709 3040 ini-I

2076 3052 2251 3107 micus
2280 3070 2403 3111 esse
2433 3072 2541 3113 non
2584 3060 2823 3119 desinit?
2853 3066 2918 3120 At
2956 3067 3033 3122 illi
3065 3072 3481 3142 respondentes,
3533 3076 3685 3133 dixe-

1998 3155 2042 3217 ς
2081 3156 2207 3200 runt
2244 3165 2258 3198 :
2288 3146 2551 3206 Obsecrat
2579 3155 2725 3211 enim
2759 3166 2811 3213 te
2840 3160 2976 3226 Rex,
3027 3171 3084 3216 ut
3132 3163 3296 3220 tiliam
3344 3169 3535 3239 ipsius,
3566 3187 3687 3242 qua:

2077 3237 2304 3296 immani
2330 3244 2620 3303 atrocitate
2649 3265 2678 3304 a
2708 3250 2960 3309 daemone
2989 3266 3243 3327 vexatur,
3276 3263 3497 3317 sanitati
3529 3266 3682 3320 resti-

2076 3336 2219 3396 tuas,
2247 3334 2369 3401 qnia
2400 3336 2556 3391 unica
2592 3338 2667 3393 illi
2701 3350 2806 3395 est.
2838 3344 2932 3399 llle
2956 3361 3087 3400 vero
3115 3349 3249 3404 dixit
3269 3351 3349 3406 eis
3380 3371 3392 3407 :
3424 3353 3684 3412 Dominus

2068 3422 2231 3480 Jesus
2258 3425 2505 3484 Christus
2532 3433 2886 3504 Omnipotens
2916 3447 3021 3494 est.
3052 3439 3147 3507 lle,
3183 3444 3375 3514 inquit,
3419 3461 3520 3518 ego
3548 3464 3680 3518 pau-

2070 3515 2222 3573 latim
2253 3520 2559 3591 subsequor
2584 3538 2697 3582 vos.
2728 3527 2956 3598 Oportet
2984 3534 3131 3588 enim
3180 3546 3236 3590 ut
3282 3515 3561 3595 mirabilia
3584 3541 3679 3598 Dei

2066 3606 2189 3664 luce
2217 3612 2416 3668 clarius
2445 3617 2699 3672 omnibus
2727 3623 3163 3681 manifestcntur.
3207 3629 3327 3696 Quo
3362 3630 3508 3687 dicto
3541 3635 3679 3688 mili-

2066 3708 2147 3754 tes
2177 3702 2316 3757 viam
2361 3722 2465 3775 qua
2513 3721 2800 3777 venerunt,
2831 3715 3180 3784 repedarunt.
3232 3720 3269 3790 ῐὲ
3293 3761 3306 3774 .
3334 3721 3678 3793 lngrcdieute

2062 3789 2266 3848 Christi
2323 3797 2647 3857 confessore
2679 3804 2957 3874 palatium,
2993 3820 3048 3863 et
3085 3809 3226 3865 facto
3271 3789 3449 3870 crucis
3497 3818 3673 3886 signo,

2062 3899 2185 3939 mox
2216 3889 2383 3958 coepit
2409 3889 2624 3946 dicmon
2656 3895 2892 3952 clamare
2906 3898 3124 3955 dicens:
3149 3901 3255 3968 Tu,
3283 3902 3451 3971 Zeno,
3483 3908 3675 3976 expel;

2062 3978 2128 4033 iis
2176 3996 2285 4037 me.
2343 3982 2458 4054 Ego
2512 3996 2734 4059 propter
2781 4001 2925 4046 tuam
2977 3995 3326 4052 sanctitatem
3372 4009 3520 4055 stare
3565 4015 3672 4056 non

2063 4088 2305 4140 possum.
2353 4076 2388 4144 ᾗ
2416 4116 2428 4128 .
2480 4077 2545 4131 Et
2594 4081 2637 4162 si
2671 4081 2796 4137 hinc
2826 4084 3037 4150 abiero,
3069 4102 3136 4141 eo
3166 4086 3459 4155 Vermiam,
3492 4091 3674 4162 ibique

2061 4164 2306 4223 invenies
2340 4184 2445 4222 me.
2479 4157 2845 4244 Ego‘propter
2915 4181 2946 4246 γ
2976 4220 2985 4227 .
3020 4178 3204 4233 Gloria
3240 4180 3405 4236 Patri.
3444 4184 3576 4255 Ego.

2713 4292 2857 4346 ιεει,
2903 4287 3008 4343 ΙΧ.

2130 4391 2415 4465 Exurgens
2456 4410 2585 4451 vero
2626 4396 2814 4455 beatus
2842 4402 3109 4457 Sacerdos
3138 4403 3303 4471 Zeno,
3356 4422 3422 4461 ne
3467 4407 3667 4463 diutius

2058 4484 2485 4540 absconderetur
2532 4488 2724 4543 civitas
2773 4506 2934 4555 supra
2996 4504 3235 4550 utentem
3288 4498 3489 4565 posita,
3540 4499 3666 4557 fecit

2059 4577 2381 4643 orationem,
2415 4580 2761 4651 perrexitque
2813 4584 2877 4636 ad
2913 4586 3191 4653 palatium,
3243 4590 3331 4644 ubi
3380 4592 3659 4648 cruciaba-

2058 4679 2144 4723 tur
2199 4682 2254 4725 et
2295 4672 2717 4729 lamentabiliter
2746 4674 3085 4747 afﬂigebatur
3115 4694 3213 4750 pro
3243 4698 3338 4733 sua
3371 4685 3476 4739 tilia
3522 4684 3635 4740 Rex

2054 4763 2286 4821 Sanctus
2313 4781 2531 4837 quoque
2557 4767 2856 4838 Episcopus
2883 4786 3004 4825 cum
3025 4772 3190 4827 celeri
3222 4778 3663 4845 peregrinatione

2054 4857 2156 4911 iter
2204 4870 2412 4928 ageret,
2444 4868 2571 4914 ante
2616 4875 2738 4915 eum
2794 4864 3041 4931 provenit
3087 4881 3247 4935 quam
3292 4869 3342 4921 hi
3387 4870 3476 4937 qui
3509 4872 3659 4927 missi

2054 4948 2267 5003 fuerant
2315 4950 2536 5005 milites.
2589 4952 2929 5022 lngrediente
2981 4957 3245 5025 siquidem
3294 4956 3495 5016 Christi
3527 4977 3658 5019 con-

2059 5041 2268 5095 fessore
2318 5042 2599 5110 palatium.
2648 5055 2703 5098 et
2734 5046 2875 5101 tacto
2920 5047 3111 5103 Crucis
3139 5051 3295 5120 signo
3323 5055 3489 5123 erepit
3517 5070 3655 5111 con-

2052 5132 2228 5187 festim
2275 5148 2372 5203 per
2411 5149 2473 5190 os
2523 5135 2802 5192 infantulae
2849 5141 3062 5195 daemon
3108 5142 3368 5213 clamare,
3414 5148 3602 5204 dicens
3639 5169 3651 5203 :

2051 5226 2194 5282 Ecce
2227 5235 2281 5281 tu
2315 5226 2461 5282 Zeno
2504 5229 2697 5284 venisti
2746 5231 2810 5287 ad
2858 5235 3235 5303 expellendum
3287 5236 3397 5307 me,
3448 5254 3499 5298 et
3549 5259 3650 5314 ego

2051 5326 2272 5389 propter
2332 5330 2477 5375 tuam
2531 5324 2868 5381 sanctitatem
2917 5337 3061 5384 stare
3111 5346 3215 5385 non
3260 5348 3500 5404 possum.
3556 5335 3648 5391 llis

2040 5413 2260 5486 quidem
2326 5415 2526 5471 auditis
2592 5428 2780 5475 tenens
2842 5420 3106 5478 Sacerdos
3157 5442 3374 5480 manum
3430 5429 3643 5497 puellm.

2039 5509 2175 5563 dixit
2206 5526 2221 5564 :
2270 5508 2326 5564 In
2360 5507 2589 5567 Nomine
2624 5512 2836 5569 Domini
2879 5519 3047 5572 nostri
3093 5518 3219 5572 Jesu
3251 5520 3451 5575 Christi
3507 5536 3645 5590 pra-

2038 5602 2180 5671 cipio
2209 5603 2327 5665 tibi,
2371 5604 2455 5658 exi
2487 5607 2555 5660 ab
2584 5623 2671 5671 ea,
2718 5607 2950 5665 daemon.
2988 5616 3051 5666 At
3075 5612 3164 5667 ille
3192 5613 3405 5682 publica
3436 5623 3489 5667 et
3519 5613 3640 5669 bor-

2038 5694 2181 5749 rihili
2226 5710 2359 5750 voce
2401 5697 2567 5768 carpit
2607 5699 2847 5756 clamare
2892 5702 3120 5758 dicens:
3164 5712 3217 5757 et
3271 5701 3319 5756 si
3364 5704 3488 5757 hinc
3528 5719 3556 5758 ιι
3590 5716 3642 5760 te

2038 5778 2193 5843 fuero
2241 5785 2524 5859 expulsus,
2573 5798 2640 5847 eo
2683 5781 2977 5847 Ver-ouanti
3025 5790 3202 5859 ibique
3245 5789 3488 5850 invenies
3533 5804 3639 5861 me;
