4198 6160
525 288 623 342 751

1710 277 1799 342 nr:
1825 285 2075 344 sane“
2114 287 2402 367 zeuotvts
2423 289 2715 371 Innocua

3718 293 3826 346 ἶῧέ

508 412 578 480 et
624 418 718 459 eos
765 405 818 460 in
863 404 1057 476 quibus
1106 403 1362 466 ltabitem.
1413 415 1619 461 stantes
1660 405 1715 461 in
1774 404 1974 477 platea,
2021 419 2122 460 ωι-
2147 411 2200 472 Α
2227 403 2532 461 lntlumus.
2580 407 2651 474 ᾗ.
2683 405 2816 461 Cum
2858 404 3188 460 clamoribus
3236 419 3299 459 ac
3355 404 3591 461 stridore
3631 406 3820 462 nefan-

528 506 806 569 pectantes
837 506 906 555 te.
941 497 1142 555 Christi
1172 513 1407 570 namque
1442 498 1701 554 sacerdos
1727 514 1856 555 mox
1883 498 1950 554 ab
1970 498 2123 554 omni

2228 497 2319 552 do.
2349 497 2600 553 Evanuit.
2651 498 2688 567 ᾗ
2713 537 2727 553 .
2758 495 2939 553 Glorla
2970 497 3138 553 Patri.
3165 496 3322 566 Quod
3346 498 3578 568 signum.
3617 500 3653 568 Ῡ
3679 535 3694 553 .
3723 500 3823 555 Sa-

525 589 875 646 daamoniacae
906 589 1231 646 incursionis
1273 588 1646 646 ludiﬁcatione
1684 589 1919 646 restituit
1957 587 2125 646 tiliam
2228 587 2425 645 cerdos
2459 588 2554 644 Dei
2596 588 2669 659 ἢ.
2704 589 2768 645 Et
2792 589 2925 644 artis
2951 589 3137 659 Apost.

527 684 714 761 Regis.

899 775 981 832 Ad
1011 774 1215 832 Laudes
1242 785 1288 830 et
1314 792 1406 846 per
1429 775 1598 832 horas.
1638 774 1759 831 Ant.

2302 680 2385 735 Ad
2406 679 2578 749 Nam,
2607 697 2720 754 cap.
2754 680 2924 753 Fungi
2948 680 3352 745 Sacerdotio,et
3380 680 3585 739 habere
3614 682 3824 740 laudem

2232 775 2286 831 in
2315 776 2531 831 nomine
2556 776 2746 845 ipsius,
2773 784 2828 831 et
2860 775 3056 831 oﬂerre
3083 774 3160 830 illi
3205 776 3485 853 incensum
3515 775 3733 847 dignum
3770 778 3825 834 in

599 869 859 925 Dominus
888 868 1046 925 Jesus
1087 866 1338 923 Christus
1363 866 1739 940 .Omnipotens
1768 874 1875 933 est,
1913 874 2131 936 Oportet
2229 868 2456 924 odorem
2485 868 2789 924 suavitatis.

526 963 673 1021 enim
724 973 780 1018 ut
830 962 1095 1018 mirabilia
1135 962 1227 1018 Dei
1271 961 1524 1017 omnibus
1570 960 1997 1017 manifestentur.
2029 959 2125 1016 Ps.

525 1052 783 1110 Dominus
808 1070 914 1127 reg.
950 1071 1065 1109 cum
1089 1054 1233 1124 reliq.
1264 1054 1328 1109 de
1356 1054 1501 1109 laud.
1532 1054 1654 1109 Ant.
1685 1054 1966 1125 Exurgens
1999 1053 2129 1110 bea-

528 1159 618 1206 tus
653 1148 925 1205 Sacerdos
959 1148 1087 1204 fecit
1118 1149 1442 1213 orationem,
1489 1147 1830 1218 perrexitque
1867 1146 1933 1204 ad
1980 1147 2129 1218 pala-

527 1243 682 1309 tium,
712 1242 799 1299 ubi
829 1241 1166 1312 afﬂigebatur
1197 1255 1293 1312 pro
1320 1254 1417 1296 sua
1452 1240 1562 1294 ﬁlia
1601 1238 1736 1297 Rex.
1767 1239 1889 1295 Ant.
1937 1239 2128 1309 Ingre-

527 1338 710 1395 diente
764 1321 969 1391 Christi
1020 1334 1347 1391 Confessore
1410 1334 1709 1404 palatium,
1762 1331 1905 1387 facto
1951 1332 2129 1387 crucis

528 1430 683 1500 signo
708 1443 804 1501 per
838 1442 911 1505 .os
958 1427 1149 1497 puella:
1195 1426 1410 1482 daemon
1456 1423 1731 1491 clamavit,
1759 1424 1950 1480 dicens
1981 1442 1995 1479 :
2024 1423 2128 1488 Tu,

412 1568 427 1579 .
528 1523 697 1589 Zeno,
745 1520 938 1576 venisti
988 1520 1053 1574 ad
1090 1517 1468 1589 expellendum
1518 1533 1627 1583 me,
1656 1524 1709 1572 ct
1740 1527 1957 1587 propter
1986 1524 2132 1571 tuam

497 1635 501 1641 ·
529 1616 870 1670 sanctitatem
915 1623 1061 1667 stare
1092 1627 1198 1667 non
1233 1626 1472 1682 possum.
1505 1609 1627 1665 Ant.
1652 1608 1871 1665 Tenens
1892 1610 1953 1665 Β.
1984 1608 2134 1665 Zeno

529 1722 749 1763 manum
785 1705 1005 1776 puellae,
1040 1704 1174 1759 dixit
1202 1722 1216 1759 :
1247 1704 1306 1759 In
1330 1703 1559 1759 Nomine
1590 1703 1798 1759 Domini
1828 1702 1956 1758 .Iesu
1979 1702 2135 1758 Chri-

2319 961 2393 1031 ιῆ.
2427 959 2547 1017 Bre.
2580 961 2849 1019 Sacerdos
2891 960 2984 1017 Dei
3028 960 3436 1021 Zenosedebat
3481 976 3644 1033 super
3690 963 3826 1034 lapi-

2232 1056 2378 1112 dem.
2432 1057 2466 1125 ᾗ
2493 1097 2507 1111 .
2553 1056 2618 1113 Et
2648 1055 2782 1111 artis
2831 1055 3159 1125 Apostolica:
3203 1056 3537 1145 documenta
3574 1071 3825 1129 sequens,

2234 1148 2542 1218 piscabatur
2596 1149 2649 1203 in
2697 1147 2939 1203 ﬂumine.
2989 1148 3187 1205 Sedeb.
3253 1149 3331 1219 ᾗ.
3387 1148 3481 1206 Gl.
3533 1149 3679 1206 Patr.
3733 1150 3831 1207 δαί

2233 1242 2446 1299 cerdos.

2314 1336 2358 1406 ἃ
2386 1375 2400 1391 .
2429 1334 2645 1393 Justttm
2674 1334 2919 1391 deduxit.
2967 1335 3006 1403 ιῆ
3029 1375 3043 1391 .
3075 1334 3140 1389 Et
3165 1334 3402 1390 ostendit
3433 1334 3530 1391 illi.

2309 1425 2375 1482 In
2420 1428 2659 1483 secundis
2694 1426 2851 1498 νεαρ.
2884 1428 3006 1482 Ant.
3059 1427 3316 1483 Dominus
3359 1427 3520 1484 Jesus
3563 1443 3682 1484 cum
3728 1429 3827 1485 rel.

2240 1518 2333 1576 Ps.
2367 1518 2513 1575 Dixit
2546 1517 2824 1586 Dominus,
2859 1519 2913 1575 in
2959 1519 3063 1575 ﬁne
3102 1537 3181 1592 ps.
3230 1520 3514 1575 Memento.
3545 1520 3671 1591 Cap.
3700 1521 3835 1579 Ecce

2238 1614 2526 1671 Sacerdos.
2577 1615 2818 1685 Hymnus
2848 1613 3031 1671 Sancti
3071 1614 3331 1671 Zenonis.
3374 1616 3410 1685 Ῡ
3436 1614 3581 1671 .-Ora
3609 1631 3708 1687 pro
3735 1631 3834 1670 uo-

2240 1706 2343 1762 bis.
2392 1706 2464 1777 ἡ.
2510 1706 2581 1764 Ut
2608 1707 2718 1778 dig.
2752 1706 2842 1762 eff.
2877 1707 2960 1761 Ad
2991 1706 3133 1779 Mog.
3170 1709 3292 1762 Ant.
3324 1707 3523 1764 Sancte
3558 1707 3835 1763 confessor

528 1799 597 1854 sti
630 1798 885 1870 praecipio
936 1796 1057 1864 tibi,
1104 1798 1193 1852 exi
1241 1798 1308 1852 ab
1356 1811 1444 1861 ea,
1477 1797 1711 1851 daemon.
1764 1799 1883 1850 Ant.
1935 1792 2137 1851 Christi
2168 1799 2217 1861 B
2243 1797 2411 1866 Zeno,
2445 1807 2625 1869 pastor
2671 1799 2881 1854 Domini
2921 1799 3124 1871 gregis,
3154 1808 3205 1854 te
3244 1799 3621 1870 deprecamur,
3671 1800 3835 1856 inter-

531 1906 767 1961 namque
798 1890 1071 1947 Sacerdos
1098 1890 1166 1946 ab
1209 1891 1357 1944 omni
1405 1890 1758 1944 daemoniaca:
1805 1888 2132 1945 incursionis
2231 1890 2365 1945 cede
2400 1906 2496 1959 pro
2529 1890 2704 1956 nobis,
2740 1900 2794 1945 ut
2845 1905 3152 1947 mereamur
3197 1900 3375 1947 tecum
3404 1906 3526 1947 esse
3554 1892 3609 1946 in
3658 1891 3831 1949 cmlis.

533 1984 902 2042 luditicatione
951 1999 1141 2039 sanam
1185 1983 1424 2039 restituit
1470 1983 1637 2038 ﬁliam
1684 1983 1868 2054 Regis.
1917 1981 2135 2053 Capitu-
2237 1981 2330 2037 Ps.
2363 1981 2508 2053 Mog.
2542 1994 2676 2037 orat.
2711 1993 2766 2037 ut
2796 1999 2972 2056 supra.
3624 2044 3629 2053 ,
3830 1995 3837 2001 ’

535 2077 661 2131 tum.

604 2170 748 2227 Ecce
776 2167 1044 2225 Sacerdos
1097 2169 1321 2240 Magnus
1347 2169 1438 2240 qui
1477 2168 1531 2224 ln
1562 2166 1756 2223 diebus
1787 2167 1899 2223 suis
1937 2168 2137 2239 placuit

538 2263 669 2329 Deo,
704 2270 760 2318 et
790 2261 1043 2317 inventus
1069 2271 1150 2317 est
1173 2260 1375 2333 justus,
1404 2269 1457 2317 et
1486 2261 1538 2317 in
1568 2269 1809 2332 tempore
1842 2259 2136 2317 iracundiae

538 2354 709 2411 factus
741 2366 824 2411 cst
846 2355 1243 2411 reconciliatio.

1184 2470 1485 2528 llYMNUS.

790 2583 1025 2635 Praesulis
1041 2585 1209 2635 Sancti
1228 2585 1443 2638 redeunt
1464 2586 1671 2638 colenda

721 2645 1106 2713 PestaZenonis
1128 2647 1387 2713 Dominum
1414 2650 1694 2713 sequentis,

721 2710 814 2769 Qui
834 2710 966 2760 diem
991 2710 1135 2761 nobis
1155 2711 1410 2762 celebrem
1432 2710 1643 2764 sacravit

910 2769 1036 2821 Fine
1058 2773 1228 2822 beato.

790 2831 996 2897 Magnus
1015 2832 1211 2883 Excelsi
1235 2833 1396 2885 fuerat
1418 2835 1667 2897 sacerdos,

723 2895 1005 2958 Praedicans
1025 2903 1207 2957 gentes
1226 2897 1354 2945 bene
1380 2904 1518 2947 trans
1538 2895 1770 2958 marinas,

724 2957 845 3008 inde
874 2957 1113 3007 Veronam
1139 2958 1276 3006 Deus
1298 2958 1429 3009 hunc
1448 2960 1507 3009 ad
1534 2959 1716 3011 Urbem

907 3017 1103 3070 Mittere
1126 3028 1281 3069 curat.

789 3082 898 3141 Quo
918 3082 1028 3134 Deo
1047 3081 1263 3146 multum,
1277 3082 1508 3146 pupulum
1531 3083 1748 3135 lucratus

724 3142 963 3206 instruxit
990 3146 1171 3203 verbis,
1195 3142 1422 3195 solidavit
1445 3147 1583 3206 actis,

724 3205 782 3256 In
802 3207 910 3258 Deo
934 3209 1129 3256 tandem
1158 3207 1387 3269 patiendo
1411 3205 1621 3259 mortem

906 3270 1038 3320 Vivit
1054 3271 1105 3319 iu
1126 3282 1301 3321 avum.

790 3330 930 3382 Nunc
954 3333 1003 3381 in
1025 3340 1266 3381 internum
1287 3332 1477 3383 meritis
1497 3340 1721 3386 coruscat

723 3394 891 3457 Clarus
916 3402 967 3442 et
989 3393 1167 3443 mundo
1184 3395 1471 3457 manifestus
1494 3398 1656 3457 omni,

725 3457 820 3516 Qui
843 3456 953 3506 Deo
973 3457 1063 3505 soli
1083 3456 1271 3506 studuit
1294 3456 1492 3517 placere

914 3517 1129 3582 Corpore
1156 3519 1341 3569 vivens.

792 3580 963 3646 Pastor
986 3580 1175 3646 aeterno
1195 3582 1393 3646 radians
1416 3581 1663 3646 triumpho

727 3643 963 3707 Servulos
985 3643 1096 3693 audi
1118 3643 1210 3693 tibi
1231 3643 1579 3707 supplicantes,

727 3706 988 3771 Praemium
1009 3707 1172 3771 justis,
1198 3706 1490 3771 veniamque
1516 3721 1667 3771 posce

915 3745 1126 3819 Crimine
1151 3745 1318 3831 iapsis.

795 3831 901 3891 Quo
922 3831 1015 3881 Dei
1037 3844 1209 3893 magna
1234 3832 1549 3883 miseratione

731 3894 965 3946 Ordinem
988 3896 1099 3945 coeli
1123 3896 1366 3945 decimum
1393 3897 1653 3958 replentes

734 3958 895 4023 Ipsius
916 3958 1099 4023 cultum
1128 3959 1377 4023 videamus
1394 3959 1527 4023 ontiti

916 4020 1163 4086 Tempore
1181 4018 1334 4069 saecli.
1401 4020 1578 4072 Amen.

635 4130 671 4199 ᾗ
697 4170 709 4183 .
736 4126 843 4185 Ora
873 4144 968 4201 pro
998 4131 1174 4197 nobis,
1210 4127 1271 4184 Β.
1302 4128 1466 4185 Zeno.
1490 4130 1527 4199 ri}
1550 4171 1563 4185 .
1596 4129 1665 4186 Ut
1691 4129 1799 4201 dig.
1832 4129 1921 4187 eli.

623 4222 705 4278 Ad
732 4219 1057 4279 Benedictus.
1083 4224 1206 4278 Ληι.
1230 4221 1521 4293 Acceplant
1555 4222 1614 4277 Β.
1644 4216 1792 4279 Zeno
1822 4237 2083 4279 coronam
2115 4236 2145 4278 a

549 4316 697 4392 Rege
726 4319 1001 4375 diStribuit
1029 4320 1359 4391 pauperibus
1387 4319 1575 4374 dicens
1604 4336 1616 4372 :
1646 4317 1701 4374 Si
1727 4318 1987 4375 Dominus
2016 4333 2149 4389 ope-

550 4421 701 4467 ratur
746 4412 985 4477 excelsa,
1019 4411 1120 4481 ipsi
1171 4420 1444 4484 perpetua:
1495 4411 1681 4469 laudes
1724 4412 2048 4478 referantur,
2094 4419 2149 4467 et

550 4503 741 4573 gloria.
772 4501 866 4566 Pls.
896 4503 1093 4558 Bened.

623 4594 772 4654 Orat.
809 4596 955 4654 Deus
982 4599 1072 4670 qui
1120 4615 1217 4654 nos
1256 4600 1429 4655 sancti
1478 4599 1716 4656 Zenonis
1741 4598 2056 4655 Sacerdotis
2093 4606 2150 4655 et
2175 4577 2226 4639 D

548 4691 896 4750 Confessoris
944 4692 1023 4749 tui
1063 4707 1239 4748 annua
1288 4693 1459 4749 beatae
1489 4692 1848 4748 confessionis
1886 4690 2145 4747 solemni-

552 4794 661 4842 tate
710 4785 976 4851 laetiﬁcas,
1013 4793 1230 4857 praesta,
1260 4799 1595 4856 quaisumus,
1641 4794 1699 4839 ut
1740 4782 1931 4839 callida
1981 4781 2153 4839 hostis

553 4881 861 4936 incursione
913 4890 1026 4945 tua,
1078 4879 1195 4934 freti
1234 4880 1431 4935 virtute
1472 4877 1704 4944 devicta,
1756 4876 2040 4947 pervenire
2084 4876 2151 4934 ad

551 4972 768 5043 gaudia,
818 4971 937 5043 ipso
984 4972 1409 5039 interveniente,
1438 4986 1743 5027 mereamur
1770 4981 1994 5027 interna.
2024 4970 2151 5038 Per,

552 5072 658 5118 etc.
693 5064 773 5118 Ad
804 5061 927 5131 III,
949 5081 1064 5137 cap.
1096 5064 1237 5121 Ecce
1264 5061 1553 5121 Sacerdos.

644 5155 683 5225 ἢ
705 5195 718 5209 .
751 5155 872 5210 Bre.
910 5157 993 5214 Ab
1020 5167 1175 5212 utero
1197 5158 1382 5213 matris
1407 5154 1509 5237 fuit
1532 5155 1922 5213 sanctiﬁcatum
1954 5156 2150 5213 Beatus

554 5247 725 5305 Zeno.
774 5249 807 5318 ᾖ
832 5286 847 5302 .
885 5250 952 5304 Et
982 5266 1015 5305 a
1034 5250 1316 5307 cunabulis
1344 5250 1686 5329 benedictus.
1735 5251 1771 5321 ᾗ
1795 5290 1808 5305 .
1836 5250 2019 5307 Gloria
2050 5249 2153 5305 Pa-

554 5341 640 5396 tri.
694 5340 775 5397 ΑΙ)
804 5351 981 5397 utero.
1032 5343 1104 5411 ᾖ.
1135 5340 1287 5408 Quod
1332 5343 1566 5411 signum.
1632 5342 1706 5411 ἢ.
1750 5340 1882 5398 Cum
1944 5343 2148 5397 clatno-

551 5433 724 5489 ribus.

622 5527 707 5582 Ad
729 5525 957 5583 Sextum.
991 5526 1118 5595 Cap.
1149 5525 1263 5583 Non
1294 5535 1379 5581 est
1408 5526 1656 5583 inventus
1696 5524 1890 5582 similis
1926 5524 2025 5592 illi,
2056 5524 2147 5595 qui

564 5628 918 5676 conservaret
966 5618 1133 5687 legem
1191 5616 1424 5684 Excelsi,
1458 5617 1582 5674 ideo
1625 5614 1980 5686 jurejurando
2026 5616 2153 5675 fecit

558 5716 708 5781 illum
744 5714 1004 5772 Dominus
1032 5729 1278 5781 crescere
1301 5714 1354 5767 in
1379 5714 1593 5785 plebem
1620 5726 1793 5769 suam.

656 5813 695 5882 ti
717 5851 730 5864 .
751 5813 875 5871 Bre.
897 5812 1048 5882 Quod
1077 5816 1290 5891 signum
1320 5820 1377 5871 ut
1405 5813 1547 5875 vidit
1571 5806 1806 5880 daemon,
1830 5805 2050 5869 evanuit
2064 5822 2156 5869 voc

2786 2121 2930 2177 Laus
2968 2121 3078 2176 Deo
3117 2119 3284 2176 Patri.

2543 2237 2700 2294 Nota:
2728 2240 2783 2293 in
2811 2236 3030 2293 allatum
3056 2253 3152 2292 ms.
3196 2234 3531 2316 Pistoriense.

2312 2360 2362 2413 l.
2400 2354 2661 2428 ,Notanda
2712 2353 2888 2426 primo
2933 2361 3019 2408 est
3066 2350 3423 2407 contormitas
3450 2350 3611 2420 hujus
3656 2348 3833 2405 Pisto-

2240 2449 2436 2507 riensis
2484 2463 2583 2504 ms.
2652 2462 2772 2502 cum
2816 2461 2950 2502 mss.
3000 2445 3361 2501 veterioribus
3413 2443 3834 2499 Veronensibus.

2241 2542 2371 2598 Nam
2422 2540 2747 2611 Antiphonze
2805 2538 2871 2594 ad
2925 2534 3193 2608 Vesperas
3241 2547 3297 2593 et
3370 2536 3586 2593 Laudes
3633 2536 3837 2591 eisdem

2241 2645 2368 2694 sunt
2394 2646 2555 2707 atque
2586 2635 2714 2703 illm,
2744 2648 2879 2705 quas
2912 2648 2978 2689 ex
3013 2646 3142 2686 mss.
3173 2629 3575 2687 Veronensibus
3601 2629 3841 2685 referunt

2245 2731 2455 2786 Dmnini
2489 2729 2765 2785 Ballerinii
2798 2728 2939 2784 inter
2982 2735 3332 2782 monumenta
3381 2726 3563 2794 pagin.
3603 2738 3754 2778 cutv
3784 2731 3843 2778 ct

2243 2839 2399 2878 cuv.
2431 2822 2508 2877 Ita
2549 2822 2593 2876 si
2627 2819 2782 2875 valde
2813 2834 2977 2888 pauca
3003 2816 3269 2889 excipias,
3295 2826 3351 2871 et
3377 2815 3727 2887 responsoria
3770 2813 3840 2869 ad

2244 2914 2526 2978 lectiones,
2556 2913 2695 2968 sicut
2721 2922 2774 2966 ct
2794 2910 3007 2965 Oratio:
3032 2910 3178 2966 Deus
3201 2909 3293 2979 qui
3323 2918 3644 2981 prmsentern
3674 2908 3839 2974 diem,

2246 3017 2380 3075 etc.,
2431 3008 2619 3062 eadem
2668 3006 2891 3060 omnino
2921 3013 3007 3059 est
3033 3018 3153 3073 pag.
3186 3015 3354 3069 cum,
3392 3001 3581 3073 hymni
3622 3015 3844 3071 quoque

2248 3098 2497 3155 Prwsulis
2543 3097 2747 3165 Sancti,
2780 3107 2834 3153 et
2872 3096 3055 3151 Sancti
3103 3094 3341 3150 Zenonis
3388 3093 3603 3164 praesuli
3655 3092 3841 3162 lagina

2166 3182 2212 3245 C
2246 3207 2446 3248 cnsvtu
2490 3202 2543 3246 et
2591 3205 2771 3246 cum.
2821 3187 2954 3257 Quae
3001 3187 3069 3243 de
3119 3202 3177 3243 re
3222 3186 3565 3242 manifestum
3615 3193 3699 3240 est
3743 3184 3845 3238 hoc

2247 3285 2574 3343 Pistoriense
2606 3300 2711 3337 ms.
2735 3282 2940 3338 recenti
2971 3281 3097 3336 licet
3147 3294 3308 3335 manu
3348 3286 3628 3334 exaratum
3672 3292 3702 3332 a
3739 3275 3848 3332 Ve-

2245 3379 2565 3437 ronensibus
2605 3375 2988 3432 vetustissimis
3018 3387 3153 3429 mss.
3183 3373 3515 3443 esscriptum
3545 3369 3731 3425 fuisse

2315 3470 2369 3526 2.
2417 3469 2744 3541 Longiorem
2781 3466 3153 3538 prml'ationem
3204 3473 3330 3519 nota
3377 3462 3611 3535 diligens
3651 3461 3845 3525 lector,

2246 3565 2376 3621 etin
2409 3563 2652 3635 pluribus
2682 3561 2955 3615 diversam
2987 3564 3057 3615 ab
3092 3573 3175 3625 ea,
3212 3572 3333 3628 quae
3375 3556 3427 3611 in
3470 3555 3707 3610 editione
3738 3552 3846 3607 Ve-

2247 3658 2468 3715 ronensi
2498 3658 2687 3712 ultima
2734 3658 3009 3728 leguntur,
3052 3653 3194 3727 quod
3224 3667 3344 3709 eam
3378 3667 3486 3709 non
3511 3664 3635 3707 esse
3678 3647 3849 3704 Coro—

2248 3754 2360 3809 nati
2389 3751 2596 3807 Notarii
2624 3752 2758 3807 satis
2782 3750 3003 3805 indicat.

2319 3854 2373 3908 ὃ.
2410 3849 2506 3905 llic
2544 3865 2700 3904 error
2747 3845 3099 3903 amanuensis
3144 3852 3246 3910 est,
3301 3851 3359 3899 ut
3405 3850 3567 3914 puto;
3621 3855 3744 3896 nam
3790 3839 3849 3895 in

2249 3944 2475 3998 summis
2520 3940 2866 4011 pontiticibus
2914 3937 3266 3994 numerandis
3315 3951 3445 3992 vero
3489 3947 3717 3992 numero
3760 3948 3850 3988 re-

2248 4047 2503 4093 censetur
2538 4033 2823 4107 Dionysius
2848 4048 2879 4087 a
2923 4032 3091 4087 Beato
3134 4030 3292 4086 Petro
3317 4029 3610 4101 vigesimus
3641 4037 3848 4083 sextus.

2250 4129 2527 4186 Gallienus
2557 4143 2689 4183 vero
2714 4129 3008 4198 imperator
3044 4126 3095 4179 in
3128 4123 3271 4179 serie
3314 4121 3684 4177 Romanorum
3731 4117 3853 4174 Cm-

2250 4239 2429 4279 sarum
2485 4222 2555 4278 45
2603 4232 2918 4277 numeratur
2978 4233 3009 4273 a
3061 4215 3270 4273 Joanne
3316 4213 3594 4279 Ludovico
3641 4211 3852 4269 Gotho-

2253 4318 2402 4374 lredo
2428 4331 2523 4372 sua
2552 4316 2605 4372 iu
2638 4313 2958 4385 Anthologia
2992 4310 3226 4369 cosmica
3245 4354 3258 4378 ,
3290 4308 3384 4366 lib.
3415 4309 3593 4381 primo
3618 4306 3672 4361 in
3701 4305 3855 4362 eleu-

2250 4412 2355 4466 cho
2389 4410 2777 4482 imperatorum
2817 4404 3149 4461 Occidentis.

2321 4503 2376 4559 4.
2412 4503 2542 4558 Post
2588 4501 2702 4556 hzec
2747 4499 2799 4555 in
2828 4515 2888 4554 re
2935 4497 3147 4569 penitus
3186 4492 3440 4551 convenit
3470 4490 3572 4547 hoc
3611 4503 3714 4544 ms.
3762 4488 3853 4544 l’i-

2256 4598 2521 4655 storiense
2552 4610 2674 4649 cum
2701 4592 2848 4649 edito
2878 4607 2906 4646 a
2935 4587 3244 4646 Balleriniis
3280 4586 3472 4659 pagina
3499 4597 3707 4646 cxcvu,
3733 4596 3856 4635 ver-

2256 4690 2338 4747 bis
2387 4707 2494 4745 non
2525 4688 2676 4743 item.
2726 4684 2884 4741 Plura
2920 4692 3101 4737 tamen
3147 4678 3335 4735 iisdem
3383 4676 3561 4732 verbis
3600 4676 3856 4746 leguntur

2258 4783 2311 4840 in
2344 4784 2649 4852 utriusque,
2681 4777 2824 4852 quod
2852 4786 3052 4833 nostrm
3082 4774 3407 4845 conjecturae
3438 4769 3604 4826 favet.
3645 4768 3857 4835 Nempe

2257 4876 2493 4931 cartulas
2538 4871 2821 4943 quasdam,
2870 4874 2964 4926 sed
3008 4864 3410 4923 characteribus
3453 4862 3666 4918 detritis
3695 4874 3858 4932 atque

2258 4967 2503 5024 corrosis
2529 4967 2654 5020 vita:
2679 4965 2737 5021 S.
2771 4963 3007 5020 Zenonis
3039 4977 3071 5017 a
3093 4960 3365 5016 Coronam
3393 4956 3618 5012 Notario
3648 4955 3858 5010 deseri-

2259 5069 2366 5132 ptae
2397 5059 2565 5114 luisse
2597 5066 2861 5130 repertas,
2893 5064 2948 5111 ct
2977 5070 3006 5110 a
3029 5051 3259 5110 diversis
3283 5051 3402 5107 aliis
3429 5057 3484 5104 et
3516 5047 3638 5104 aliis
3677 5046 3858 5103 verbis

2250 5151 2527 5222 suppletas
2582 5160 2637 5205 et
2680 5150 3046 5211 continuatas,
3075 5143 3395 5216 quibusdam
3435 5142 3598 5197 etiam
3631 5140 3856 5203 additis,

2252 5258 2370 5315 quae
2404 5256 2512 5298 non
2545 5241 2596 5297 in
2636 5239 2888 5297 oumibus
2937 5253 3067 5294 mss.
3113 5236 3480 5307 reperiuntur,
3512 5232 3740 5287 retentis
3785 5231 3856 5285 iis

2252 5351 2374 5407 qum
2422 5337 2473 5391 in
2526 5334 2659 5406 ipsis
2698 5333 2964 5403 corruptis
3011 5329 3235 5388 cartults
3282 5326 3388 5398 legi
3430 5332 3701 5396 poterant,
3733 5336 3859 5394 qua

2254 5430 2459 5488 eadem
2494 5430 2546 5485 iu
2577 5444 2677 5483 ms.
2709 5426 2981 5496 leguntur.

2328 5524 2382 5580 5.
2419 5523 2543 5578 llaec
2565 5534 2672 5577 non
2698 5519 2765 5574 dc
2791 5516 3138 5582 Confessore,
3166 5513 3261 5570 scd
3290 5512 3360 5569 de
3402 5511 3639 5583 Martyre
3665 5509 3862 5566 dicen.

2259 5626 2384 5683 tur;
2418 5628 2585 5683 quare
2608 5611 2821 5667 videtur
2851 5611 2967 5666 haec
3005 5608 3176 5664 oratio
3212 5606 3279 5662 ad
3311 5604 3503 5661 fe~tunt
3549 5602 3865 5659 Ordinati.»

2263 5708 2347 5766 nia
2370 5702 2800 5770 accommodata,
2825 5718 2947 5759 cum
2983 5700 3037 5758 in
3069 5700 3205 5757 festo
3247 5695 3484 5770 Martyrii
3528 5693 3669 5750 forte
3713 5694 3870 5765 lege-

2274 5809 2421 5865 retur
2473 5816 2492 5861 ε
2548 5796 2684 5859 Deus
2727 5798 2812 5872 qui
2855 5811 2949 5855 nos
2994 5794 3154 5855 sancti
3209 5790 3433 5854 Zenonis
3471 5785 3771 5847 Sacerdotis
3820 5795 3873 5845 α
