4198 6160
362 239 472 296 75:5
1765 216 2252 288 DISSER'I‘.\TID.
3626 234 3729 293 7m

369 353 615 424 Martyris
646 355 721 408 tni
767 351 939 408 annua
968 353 1126 409 beatis
1151 350 1499 423 confessionis
1527 350 1850 406 solemnitate
1876 344 1968 403 ιω·
1994 344 2050 403 Α
2075 340 2281 395 ctenim
2312 337 2459 409 quod
2488 338 2560 395 de
2601 337 2937 396 Obstetrice
2986 343 3269 401 incredula
3313 346 3528 413 asserit,
3579 352 3731 419 cujus

365 447 560 516 ti/icas,
591 455 691 502 etc.
717 444 774 500 in
798 443 936 501 festo
956 457 1133 500 autem
1156 440 1532 501 Ordinationis
1557 443 1780 512 dempto
1801 438 1971 495 verbo
2079 433 2472 487 intemeratum
2540 433 2898 504 inspectura:
2965 437 3213 510 Deiparte
3252 440 3492 512 Virginis
3529 443 3732 498 cando-

359 539 625 611 rnartyris,
668 539 958 607 repositum
992 532 1089 592 fuit
1118 536 1236 605 ejus
1268 538 1393 593 loco
1443 534 1774 606 confessoris,
1828 531 1963 587 reli-
2078 540 2202 584 rem
2239 525 2530 581 coinltusta
2564 538 2808 591 manus,
2850 540 2901 585 et
2935 531 3091 588 Pueri
3118 532 3247 589 Jesu
3277 544 3461 588 satiata
3506 534 3725 603 dicitur,

359 633 468 688 etis
517 632 635 688 aliis
661 630 818 686 beatis
860 629 1239 702 Confessionis,
1287 644 1411 703 quae
1462 639 1666 685 tantum
1714 626 1964 697 martyri,
2076 632 2359 687 nusquam
2391 618 2445 673 in
2494 618 2778 674 Pati-ibus
2806 624 2982 692 quarti
3012 624 3193 680 saeculi
3225 626 3456 696 legitur:
3488 627 3606 695 ejus
3645 636 3726 682 ta-

358 736 475 780 non
518 723 811 780 confessori
855 722 1206 778 conveniunt.
1258 722 1487 793 Reliqua
1549 736 1617 777 ex
1675 718 1967 776 collatione
2072 720 2214 766 men
2266 708 2348 765 rei
2399 711 2672 767 meminit.
2720 710 2970 772 Clemens
3013 718 3429 784 Alexandrinus,
3461 732 3583 788 qum
3621 732 3719 773 ex-

359 830 491 872 cum
519 815 668 872 edim
697 830 724 869 θ
758 814 1005 871 Dominis
1037 813 1348 870 Βειιιει-ῑηῑὶε
1399 812 1590 871 lectori
1618 811 1848 868 notanda
1880 826 1969 866 re.
2072 806 2259 856 eunte
2286 802 2528 858 secundo
2556 805 2778 860 sarculo
2806 816 2864 863 ut
2891 810 3199 882 apocrypha
3245 808 3614 879 rejiciebatur,
3661 821 3719 867 ut

360 908 697 980 linquimus:
726 923 788 964 ea
828 907 973 965 enim
1020 906 1291 963 fidelitate
1334 922 1438 963 ms.
1491 907 1593 963 hoc
1638 903 1967 962 Pistoriense

2074 904 2152 945 ex
2188 890 2530 967 Hieronymo
2560 895 2736 952 iidem
2769 907 2957 956 notant
2989 902 3195 957 Domini
3226 900 3500 956 Ballerinii
3534 898 3620 972 (ι.
3650 914 3712 970 ιι,

359 1001 727 1068 exhibuimus,
760 1011 814 1056 ut
844 1001 1008 1057 etiam
1050 999 1423 1069 Amauuensis
1453 1001 1681 1056 intactos
1708 996 1964 1052 exitibus.
2071 981 2190 1039 Τι’·
2229 994 2344 1051 νων
2377 988 2554 1043 adn!”-
2593 990 2713 1060 17)·

359 1096 540 1152 rimus
564 1109 793 1152 errores.
1204 1137 1212 1144 .

2166 1071 2430 1133 Tractatu
2460 1094 2593 1136 ,γει-ο
2622 1082 2818 1152 quinto
2846 1083 2969 1140 libri
2998 1084 3160 1163 primi
3192 1078 3355 1138 verba
3404 1083 3491 1137 illa
3523 1100 3537 1140 :
3570 1083 3711 1151 Quid

961 1204 1197 1264 CAPUT
1234 1204 1325 1261 ιν.
2074 1167 2239 1264 quod
2267 1168 2409 1224 illius
2452 1171 2786 1244 Sacriﬁcium
2812 1173 3077 1248 publicam
3104 1186 3203 1244 est,
3252 1184 3399 1230 tuum
3437 1186 3705 1232 secretam.

2074 1256 2255 1314 Illius
2301 1277 2333 1314 a
2376 1265 2555 1333 quovis
2598 1264 2754 1320 libere
2803 1269 3022 1321 tractari
3069 1276 3253 1337 potest,
3300 1276 3445 1321 tuum
3498 1269 3646 1322 etiam
3675 1286 3708 1323 a

2077 1349 2407 1408 Christianis
2452 1356 2582 1428 ipsis
2651 1357 2865 1413 minime
2913 1359 3210 1413 consecrari
3271 1359 3386 1413 sine
3432 1358 3705 1430 sacrilegio

2073 1445 2255 1501 videri
2295 1458 2398 1501 non
2443 1457 2628 1521 potest,
2676 1452 3026 1521 apertissime
3069 1459 3264 1521 quarto
3304 1451 3507 1506 steculo
3537 1467 3704 1522 repu-

2075 1550 2253 1613 gnare
2281 1542 2623 1597 ostendimus
2653 1556 2817 1612 supra
2849 1558 2974 1614 cap.
3008 1544 3067 1609 2,
3102 1542 3130 1615 ς
3161 1544 3214 1599 6.

2154 1630 2384 1693 Accedit
2410 1643 2465 1692 et
2509 1637 2640 1692 illud
2681 1637 2825 1708 quod
2856 1637 2928 1692 de
2978 1647 3208 1708 peccato
3254 1637 3553 1707 primorum
3606 1651 3700 1707 pa-

362 1711 393 1784 ἃ
424 1710 469 1768 I.
504 1712 569 1768 S.
602 1710 817 1767 Zenonis
841 1710 1070 1780 episcopi
1120 1709 1441 1768 Veronensis
1471 1721 1519 1765 et
1572 1710 1818 1782 martyris
1845 1727 1970 1781 spoo

2079 1740 2300 1787 rctttum
2345 1731 2399 1784 in
2446 1745 2700 1786 sermone
2744 1730 2816 1786 de
2857 1731 3283 1787 circumcisione
3331 1730 3587 1799 exprimit
3637 1730 3696 1788 S.

437 1804 540 1859 clsa
561 1818 627 1859 es
644 1803 727 1869 iis,
750 1818 862 1873 qua:
884 1805 1023 1858 circa
1042 1803 1205 1876 ipsius
1231 1820 1505 1859 sermones
1538 1813 1657 1858 sunt
1684 1804 1970 1870 observata,

2078 1828 2249 1883 Zeno.
2279 1826 2445 1880 Adam
2473 1827 2656 1881 etenim
2682 1842 2797 1880 cum
2827 1826 3085 1896 inclytum
3115 1843 3326 1898 pomum
3349 1826 3447 1878 hoc
3475 1825 3700 1879 membro

435 1908 593 1968 atque
637 1897 789 1952 etiam
830 1896 1142 1954 observanda
1186 1908 1310 1955 sunt
1344 1941 1361 1966 ,
1413 1900 1564 1955 tertio
1609 1900 1804 1956 sazcnlo
1868 1908 1970 1953 sta-

2079 1921 2352 1991 decerpsit,
2383 1918 2458 1974 sic
2485 1919 2540 1975 in
2567 1935 2725 1991 genus
2754 1918 3048 1973 humanum
3081 1896 3176 1992 jus
3222 1918 3405 1972 mortis
3445 1915 3649 1970 induxit
3679 1932 3698 1970 :

439 1991 632 2047 ιιιεηάα
661 1990 961 2049 “mum”-
2082 1990 2390 2068 Nccessario
2434 2028 2561 2085 ergo
2600 2010 2871 2066 luxurioso
2918 1990 3116 2083 papula
3157 2007 3298 2065 Deus
3344 2008 3442 2061 hoc
3489 2007 3697 2077 signum

441 2108 613 2165 Multa
646 2120 744 2179 pro
786 2122 845 2163 re
873 2106 1246 2177 disseruimus,
1289 2120 1417 2180 qua:
1449 2108 1536 2163 bic
1580 2109 1818 2167 breviter
1847 2125 1975 2182 per-
2082 2107 2240 2172 dedit,
2276 2118 2331 2160 nt
2367 2106 2542 2161 locum
2591 2101 2872 2157 matricalis
2904 2103 3079 2172 culpa:
3112 2120 3229 2157 cum
3262 2103 3493 2164 denotat,
3539 2100 3694 2153 etiam

363 2202 644 2271 stringere
672 2199 855 2257 inutile
886 2215 993 2257 non
1020 2200 1254 2257 videtur.
1328 2202 1409 2257 Es
1458 2202 1601 2258 enim
1652 2214 1760 2259 non
1810 2204 1977 2259 modo
2079 2200 2187 2255 alia
2225 2199 2440 2253 crimina
2485 2196 2732 2269 fugienda
2775 2202 3057 2265 cognoscat
3117 2210 3146 2250 ε.
3183 2193 3392 2250 scilicet
3439 2202 3694 2261 peccasse

367 2294 439 2349 ad
470 2291 734 2348 elevanda
765 2292 978 2363 objecta
1006 2294 1226 2360 iaciunt,
1257 2296 1388 2365 quin
1422 2301 1476 2348 et
1500 2293 1568 2348 ad
1597 2293 1975 2352 stabiliendam
2082 2292 2254 2349 Adam
2287 2302 2393 2347 non
2424 2292 2653 2347 vetitum
2683 2287 2901 2344 edendo
2931 2300 3176 2358 pomum,
3218 2287 3316 2342 sed
3358 2300 3465 2339 non
3492 2298 3693 2354 exspe-

372 2390 438 2443 D.
488 2386 729 2443 Zenonis
774 2387 1049 2459 Epocham
1094 2390 1330 2444 maxime
1371 2387 1704 2445 conducunt.
1759 2387 1977 2446 Leetnri
2080 2394 2224 2443 clata
2272 2385 2517 2455 iussione
2564 2382 2658 2438 Dei
2706 2377 3126 2437 concumbendo
3171 2396 3293 2436 cum
3345 2380 3479 2434 Eva.
3555 2377 3689 2445 Qum

371 2486 555 2536 tamen
589 2484 649 2534 ut
693 2479 1042 2536 detrahamus
1075 2479 1374 2545 fastidium,
1418 2479 1559 2547 loca,
1610 2482 1701 2536 ubi
1732 2480 1850 2536 haec
1887 2494 1979 2536 su-
2082 2479 2271 2550 opinio
2299 2478 2427 2532 licet
2454 2490 2571 2531 eam
2600 2474 2747 2529 Zeno
2777 2487 2886 2528 non
2936 2482 2996 2528 ut
3037 2488 3212 2539 etiam,
3246 2471 3340 2528 sed
3371 2480 3431 2526 ut
3457 2470 3685 2525 aliorum

368 2586 469 2645 pra
497 2572 668 2628 fusius
700 2576 928 2629 tractata
971 2581 1120 2640 sunt,
1154 2572 1427 2629 indicasse
1453 2571 1707 2629 sufficiat.
1748 2572 1842 2629 Ilia
1877 2588 1976 2645 po.
2080 2571 2353 2638 retulerit,
2384 2578 2440 2624 ιιι
2469 2569 2673 2639 optime
2702 2567 2821 2622 aliis
2849 2566 3099 2623 adductis
3126 2568 3188 2622 S.
3220 2565 3470 2622 Doctoris
3518 2564 3685 2619 texti-

362 1337 456 1391 ΕΑ,
504 1335 627 1386 ουλε
656 1335 859 1376 CONTRA
895 1335 943 1377 S.
978 1334 1209 1376 ZENONIS
1238 1335 1491 1377 EPOCBAI
1521 1334 1723 1377 TERTIO
1753 1331 1970 1377 SiCULO

436 1427 869 1468 MANUTENENDAM
914 1426 1126 1468 FACERE
1174 1426 1536 1477 VIDEBAN'I‘UR,
1583 1427 1826 1469 SUBLATA
1872 1424 1970 1468 JAI

437 1518 569 1561 ESSE
626 1518 978 1569 CUNFIDIMUS;
1031 1518 1255 1559 εΑιωειι
1309 1517 1450 1561 NUNC
1506 1520 1701 1561 TERTIO
1756 1517 1971 1561 SECULO

435 1611 850 1652 CONFIRIANDAI
880 1611 1052 1652 VARUS
1084 1611 1409 1654 RATIONIBUS
1435 1611 1764 1655 SUSCIPIIUS.

270 2674 273 2675 '
371 2666 585 2721 tissima
628 2666 941 2735 conjectura
989 2670 1093 2731 est,
1140 2681 1242 2737 qua
1292 2664 1705 2721 evidentissima
1746 2666 1978 2722 demon-
2082 2668 2184 2723 bus
2216 2708 2231 2732 ,
2278 2663 2475 2735 quibus
2520 2677 2646 2718 vera
2703 2669 2756 2717 et
2801 2662 3109 2717 communis
3157 2660 3362 2732 peccati
3407 2659 3682 2731 originalis

367 2766 582 2816 strator
607 2759 667 2816 8.
698 2757 976 2815 Zenonem
1020 2761 1183 2816 tertio
1226 2759 1429 2815 sarculo
1460 2758 1735 2828 ﬂoruisse,
1768 2762 1979 2819 scilicet
2080 2758 2350 2817 sententia
2379 2757 2723 2827 exprimitur,
2756 2754 2970 2809 Domini
3004 2754 3278 2811 Ballerinii
3325 2752 3684 2828 comprobant

370 2851 584 2908 nullum
613 2846 901 2923 vestigium
933 2851 1017 2908 vel
1050 2851 1167 2908 lere
1200 2853 1253 2907 in
1298 2852 1469 2922 ipsius
1497 2853 1854 2910 sermonibus
1885 2868 1976 2911 re-
2081 2852 2247 2928 (Diss.
2283 2866 2343 2918 ιι,
2369 2861 2415 2905 c.
2448 2852 2545 2923 4);
2577 2849 2713 2905 adeo
2740 2858 2929 2904 tamen
2958 2848 3176 2920 antiqua
3204 2857 3308 2912 est,
3344 2858 3401 2903 ut
3444 2847 3560 2918 ejus
3591 2862 3683 2901 ve—

367 2944 537 3015 periri
566 2958 749 3014 posse,
782 2958 893 3015 quo
932 2943 1188 3001 szeculum
1231 2951 1480 3014 quartum
1517 2942 1807 3002 indicetur.
1838 2938 1979 3003 Nus-
2082 2946 2241 3018 stigia
2273 2945 2325 3000 in
2357 2954 2466 2999 uno
2492 2944 2552 3000 S.
2580 2943 2862 2999 Clemente
2891 2943 3261 2999 Alexandrino
3303 2956 3370 2998 ex
3415 2942 3539 2998 aliis
3580 2941 3676 2998 SS.

342 3050 531 3108 quam
598 3033 791 3091 Arium
842 3034 933 3090 vel
980 3050 1078 3105 per
1124 3034 1372 3090 umbram
1421 3036 1686 3091 numinat.
1743 3036 1978 3097 Errores
2085 3037 2337 3095 Patribus
2378 3036 2628 3107 legatur:
2669 3044 2867 3107 quarto
2894 3050 3023 3092 vero
3067 3034 3267 3092 sarculo
3312 3037 3382 3090 ita
3409 3036 3677 3103 obsoleta,

364 3137 556 3183 contra
590 3125 783 3193 iidem,
829 3138 967 3197 quos
1007 3127 1094 3182 vei
1140 3127 1337 3190 innuit.
1372 3126 1468 3181 Vel
1514 3128 1789 3197 confutet,
1840 3130 1976 3188 Ario
2000 3120 2047 3183 C
2085 3139 2142 3186 ut
2171 3142 2241 3185 ne
2263 3127 2487 3184 verbum
2520 3128 2734 3198 quidem
2787 3130 2841 3182 in
2888 3125 3130 3199 ejusdem
3178 3126 3282 3183 aevi
3322 3126 3681 3198 scriptoribus

362 3221 675 3278 anteriores
703 3221 1050 3291 probavimus
1081 3232 1206 3293 cap.
1235 3221 1287 3287 1,
1317 3219 1345 3293 ς
1378 3221 1467 3288 11,
1497 3220 1584 3289 12,
1617 3223 1707 3291 13,
1738 3224 1824 3290 id,
1879 3226 1968 3293 15,

2079 3223 2149 3279 de
2177 3237 2239 3277 ea
2275 3220 2593 3290 reperiatur.

366 3316 463 3381 16,
498 3318 587 3382 17,
624 3317 952 3371 Arianorum
1000 3317 1249 3385 proprias
1295 3324 1544 3370 errorum
1589 3324 1808 3372 suorum
1851 3316 1969 3373 for-
2152 3313 2226 3367 Ea
2255 3312 2454 3378 etiam,
2488 3324 2608 3382 qua:
2651 3310 2720 3367 de
2763 3312 3020 3368 secundis
3052 3312 3256 3382 nuptiis
3299 3322 3356 3369 et
3411 3314 3585 3368 tertiis
3618 3313 3677 3368 S.

363 3409 563 3475 mulas,
597 3424 777 3478 neque
805 3409 921 3464 suis
952 3406 1006 3462 lu
1035 3408 1257 3478 scriptis
1298 3407 1355 3463 8.
1387 3407 1663 3465 Zenonem
1696 3408 1967 3468 indicasse
2075 3408 2224 3463 Zeno
2254 3403 2464 3477 profert
2484 3414 2653 3460 tract.
2702 3418 2755 3468 ν,
2802 3405 2897 3461 lib.
2932 3421 2971 3473 ι,
3015 3406 3210 3461 mirum
3257 3406 3312 3461 in
3360 3406 3581 3461 modum
3615 3407 3678 3462 iis

363 3503 732 3571 comperimus
761 3501 790 3572 ς
823 3500 913 3567 18,
951 3500 1039 3565 19,
1080 3508 1202 3556 cum
1242 3499 1340 3557 SS.
1391 3500 1576 3557 Patres
1617 3502 1749 3559 Ario
1781 3514 1963 3574 poste-
2075 3501 2447 3569 consentiunt,
2473 3512 2594 3570 qum
2615 3498 3232 3565 S.lren:eus,Clemens
3254 3500 3674 3567 Alexandrinus,

365 3594 541 3647 riores
569 3591 639 3648 de
667 3592 735 3647 iis
781 3594 1118 3662 frequentem
1161 3592 1490 3648 mentionem
1525 3593 1769 3659 iecerint,
1806 3593 1834 3667 ᾗ
1870 3594 1959 3660 19,
2071 3594 2366 3665 Origenes,
2409 3586 2805 3657 Tertulliantts,
2850 3592 3051 3662 aliique
3081 3590 3440 3647 vetustissimi
3488 3593 3677 3647 Patres

362 3686 456 3754 20,
500 3686 593 3742 2i.
627 3685 863 3743 'l‘antmn
907 3698 1040 3740 vero
1065 3685 1239 3750 abest,
1285 3683 1427 3756 quod
1474 3685 1532 3741 8.
1581 3684 1727 3743 Zeno
1774 3692 1959 3745 contra
2071 3685 2127 3742 in
2172 3700 2293 3742 eam
2338 3684 2665 3740 sententiam
2694 3682 2971 3738 dixerunt.
3003 3682 3140 3739 Vide
3187 3684 3478 3753 septimum
3513 3693 3675 3751 caput

361 3776 553 3833 Arium
596 3777 902 3849 scripserit,
959 3784 1018 3830 ttt
1058 3777 1111 3831 in
1161 3776 1279 3847 ejus
1327 3777 1667 3833 sermonibus
1694 3778 1960 3837 dictiones
2069 3779 2471 3836 dissertationis
2513 3780 2798 3841 secundae,
2828 3787 2885 3834 et
2914 3778 2984 3833 ibi
3005 3793 3090 3847 ea,
3126 3793 3246 3850 quae
3270 3779 3431 3835 iidem
3458 3777 3670 3833 Domini

361 3871 621 3943 quasdam
676 3871 932 3927 Petavius
960 3868 1295 3942 redarguerit
1322 3868 1444 3942 (sed
1475 3874 1783 3942 perperam)
1815 3881 1956 3928 tam-
2069 3870 2344 3929 Ballerinll
2375 3870 2746 3928 eruditissime
2773 3870 3073 3927 disserunt.

361 3980 522 4036 quam
571 3963 942 4022 Arianismum
991 3963 1316 4020 redolentes.
1367 3962 1425 4019 Si
1474 3981 1708 4037 namque
1757 3965 1815 4024 8.
1871 3965 1959 4025 bic
2143 3963 2400 4020 Tractatu
2431 3976 2560 4018 vero
2598 3978 2694 4019 seu
2742 3976 2998 4043 sermone
3022 3976 3176 4017 xxvn
3206 3962 3329 4017 libri
3357 3961 3579 4017 secundi
3613 3976 3665 4015 ιι.

360 4058 552 4113 doctor
578 4066 704 4129 post
731 4057 922 4113 Arium
950 4055 1151 4113 secqu
1188 4066 1386 4127 quarto
1419 4057 1747 4129 scripsisset,
1781 4050 1957 4131 suspi-
2064 4058 2135 4124 3,
2168 4057 2602 4129 persecutionem
2633 4055 2893 4113 Ecclesia!
2923 4055 3213 4109 vindemiae
3256 4068 3582 4126 comparans
3608 4054 3666 4109 8.

359 4152 574 4208 cioncm
603 4166 821 4208 omnem
870 4149 1138 4207 sentiendi
1184 4162 1305 4205 cum
1334 4144 1466 4206 Ario
1507 4151 1681 4221 ipsum
1711 4152 1958 4208 sublatu-
2066 4150 2391 4218 Zeno,’baec
2423 4149 2587 4205 habet
2616 4167 2628 4202 :
2658 4150 2726 4203 At
2749 4149 2836 4203 ubi
2862 4147 3135 4203 vindemiae
3156 4149 3348 4202 venerit
3372 4158 3592 4216 tempus,
3616 4147 3671 4201 id

359 4261 479 4300 rum
509 4244 699 4311 fuisse,
716 4242 1016 4317 putandum
1040 4252 1144 4299 est.
1178 4240 1207 4314 ς
1234 4241 1326 4309 22,
1343 4241 1413 4297 de
1434 4241 1741 4299 Haeresibus
1761 4254 1956 4316 quarto

2074 4252 2138 4299 est
2154 4242 2521 4312 persecutionis
2547 4241 2688 4303 dies.
2725 4241 2914 4310 passim
2956 4254 3070 4294 ante
3112 4238 3451 4309 diripiuntur,
3494 4237 3548 4291 id
3593 4248 3668 4292 est

358 4339 562 4395 neuio
591 4339 822 4406 exortis,
857 4337 1059 4392 nullam
1090 4335 1421 4392 mentionem
1452 4334 1579 4391 facit
1601 4350 1722 4407 cap.
1749 4336 1809 4404 ι,
1841 4336 1869 4409 ᾗ
1900 4340 1949 4393 1.
2061 4337 2444 4390 inconsiderate
2480 4333 2671 4388 sanctis
2699 4332 2938 4387 omnibus
2962 4332 3183 4386 violenta
3210 4332 3433 4402 infertur
3458 4346 3660 4385 uiantis.

358 4432 491 4500 Qua:
523 4447 651 4487 vero
676 4432 746 4489 de
772 4411 983 4502 publica
1028 4429 1269 4487 Ecclesia
1300 4428 1561 4485 tedilicata
1590 4430 1833 4497 disserit,
1861 4432 1948 4488 vel
2064 4428 2145 4482 Ad
2172 4424 2397 4483 torcular
2420 4434 2809 4497 comparantur,
2838 4424 2894 4478 id
2915 4433 2989 4479 est
3017 4424 3086 4477 ad
3110 4420 3355 4496 supplicii
3382 4422 3549 4477 locum
3570 4423 3663 4476 de-

358 4523 505 4597 quod
552 4540 582 4581 a
634 4524 888 4581 ieralibus
950 4523 1142 4580 edictis
1200 4518 1511 4594 redemptos
1564 4520 1955 4579 Veronensium
1988 4507 2038 4568 D
2064 4521 2344 4576 ducuntur.
2397 4519 2473 4575 Alt
2509 4518 2759 4591 operariis
2798 4517 2988 4572 ibidem
3029 4515 3410 4583 concultantur,
3459 4515 3555 4570 hoc
3592 4524 3666 4570 est

358 4615 739 4685 largitionibus
767 4613 957 4671 ﬁdeles
999 4621 1414 4678 commemorat,
1447 4626 1511 4668 ea
1555 4621 1609 4668 et
1642 4608 1803 4669 tertio
1850 4627 1957 4669 δτι)-
2065 4629 2266 4670 summa
2291 4628 2409 4668 cum
2446 4610 2754 4667 contumelia
2796 4626 2828 4664 a
2863 4607 3309 4682 perseeutionibus
3338 4606 3481 4661 illusi
3503 4610 3667 4679 jugu-

360 4709 485 4763 culo
534 4709 828 4764 convenire
877 4706 1286 4763 demonstratur
1333 4705 1361 4778 ᾗ
1407 4706 1463 4773 2,
1505 4715 1561 4762 et
1610 4707 1664 4762 il.
1711 4706 1952 4763 Tertium
2067 4707 2261 4776 lantur,
2315 4717 2423 4763 etc.
2458 4705 2616 4773 ,ρυω
2670 4714 2996 4776 praesentem
3039 4703 3507 4773 persecutionem,
3566 4715 3664 4755 seu

359 4815 494 4857 vero
518 4802 773 4857 szeeulum
817 4810 1005 4872 aperte
1055 4799 1324 4870 designari
1356 4812 1387 4853 ιι
1415 4800 1473 4855 8.
1505 4799 1726 4856 Zenone
1774 4816 1839 4856 ex
1889 4815 1955 4857 eo
2064 4797 2402 4870 frequentem
2453 4812 2517 4851 ac
2564 4797 2776 4851 obviam
2831 4795 3093 4852 indicant.
3140 4792 3420 4849 Conantur
3445 4793 3662 4864 quidem

358 4904 592 4962 constat,
623 4894 746 4966 quia
774 4895 827 4948 in
870 4894 1094 4947 nntnmis
1128 4889 1323 4947 excudi
1367 4892 1532 4947 solere
1583 4911 1604 4945 s
1638 4892 1765 4948 dicit
1809 4911 1829 4945 ι
1879 4890 1955 4947 sl-
2063 4889 2277 4945 Domini
2309 4889 2585 4945 Balierinil
2619 4889 2781 4944 verba
2814 4888 2929 4942 bmc
2958 4886 3024 4941 ad
3059 4886 3497 4958 persecutionem
3524 4886 3662 4940 Con-

359 5002 517 5057 gmtm
563 4987 893 5051 idololatria,
948 4986 1223 5055 eademque
1254 4975 1416 5052 idola,
1446 4996 1562 5056 qua:
1588 4986 1876 5042 colerentur
1904 4984 1958 5043 in
2065 4981 2254 5037 stantii
2284 4982 2334 5037 in
2367 4978 2680 5037 Calbolicos
2707 4979 3020 5041 amandare.
3067 4987 3121 5033 at
3169 4977 3320 5033 nullo
3360 4977 3662 5048 cpitulante

362 5080 548 5150 templo
569 5078 597 5150 ᾗ
622 5081 678 5135 li.
709 5077 1200 5135 Auacbronismum
1246 5090 1379 5133 vero
1428 5090 1550 5133 esse
1584 5080 1956 5152 quadringen-
2064 5084 2211 5134 textu
2230 5120 2246 5145 ,
2274 5086 2331 5133 et
2359 5092 2479 5149 qum
2510 5092 2573 5131 ex
2605 5076 2725 5130 aliis
2752 5075 3001 5130 Pati-ibus
3050 5073 3292 5145 ejusdem
3322 5074 3430 5129 ωνί
3456 5073 3661 5144 produ-

362 5182 538 5227 torum
586 5184 853 5228 annorum
903 5178 1028 5226 nota
1085 5170 1141 5226 in
1187 5183 1441 5226 sermone
1488 5170 1556 5227 de
1610 5169 1954 5229 Continentia
2062 5179 2226 5237 cunt,
2277 5178 2463 5239 aperte
2491 5177 2702 5238 tempus
2731 5166 3038 5223 Constantii
3065 5174 3395 5233 connotant,
3425 5167 3567 5237 quod
3601 5167 3654 5221 in

360 5263 769 5321 amanuensium
841 5277 1028 5319 errore
1084 5261 1334 5332 illapsum
1382 5261 1716 5318 ostendimus
1745 5303 1761 5329 ,
1819 5262 1847 5335 ᾗ
1895 5264 1950 5320 ϐ.
2056 5262 2111 5320 8.
2144 5261 2382 5317 Zenonis
2414 5260 2593 5317 verbis
2618 5260 2839 5316 minime
2888 5261 3368 5329 obscrvarelicct.
3406 5260 3659 5330 Apertius

362 5358 528 5414 inane
547 5373 678 5414 vero
701 5366 1070 5423 commentum
1095 5369 1216 5411 esse
1238 5356 1400 5411 alium
1430 5354 1706 5412 Zenonem
1730 5354 1789 5410 8.
1824 5357 1953 5411 Am-
2058 5356 2111 5411 in
2141 5368 2394 5411 sermone
2419 5353 2486 5409 de
2517 5353 2797 5409 Patientia:
2852 5353 3098 5409 laudibus
3117 5393 3132 5421 ,
3188 5353 3332 5407 illam
3375 5350 3612 5408 efferens
3638 5393 3655 5418 ,

361 5451 528 5508 brosii
557 5451 892 5521 temporibus
919 5448 1145 5521 tingere,
1172 5455 1389 5505 constat
1414 5462 1479 5506 ex
1507 5448 1596 5515 iis,
1624 5460 1745 5520 qua
1789 5447 1953 5505 tertio
2059 5448 2137 5504 sic
2158 5447 2231 5503 ait
2262 5464 2275 5503 :
2307 5446 2383 5502 Ta
2411 5449 2688 5519 prophetas
2718 5448 3040 5517 provenisti:
3076 5444 3279 5502 Christo
3307 5454 3359 5497 tu
3382 5442 3662 5514 Apostalos

361 5545 470 5601 hoc
496 5544 673 5615 capite
705 5551 832 5598 sunt
854 5541 1107 5599 αάάυειιι.
2058 5538 2347 5615 glutinasti.
2380 5539 2460 5601 Tn
2490 5540 2795 5611 quotidiana
2839 5536 3137 5611 Martyrum
3167 5551 3328 5592 mater
3368 5552 3445 5599 es,
3493 5542 3544 5588 st
3572 5552 3661 5590 co~

428 5636 551 5693 Alia
580 5638 632 5690 in
664 5637 1012 5694 sermonibus
1038 5633 1096 5693 8.
1134 5631 1368 5692 Zenonis
1398 5644 1506 5688 non
1551 5631 1744 5689 desunt
1770 5676 1784 5700 ,
1829 5642 1952 5701 quae
2054 5652 2185 5690 rona
2240 5635 2356 5707 (tib.
2389 5650 2403 5689 ι
2438 5640 2502 5689 tr.
2538 5649 2626 5712 rt,
2661 5652 2713 5689 η.
2745 5631 2822 5705 8).
2860 5633 2935 5709 De
2964 5631 3247 5706 Prophetls
3296 5636 3352 5683 et
3406 5626 3644 5697 Aposto-

361 5747 391 5801 a
416 5726 752 5813 ntiqultatem
794 5743 922 5795 ante
962 5740 1209 5809 quartum
1257 5730 1512 5789 sarculum
1556 5728 1796 5800 indicant
1838 5747 1850 5783 :
1898 5727 1952 5798 id
2058 5727 2127 5787 lis
2178 5745 2344 5811 agens
2390 5735 2637 5805 tempore
2667 5728 2946 5813 prwteritp
2986 5727 3240 5818 loquitur.
3268 5732 3387 5779 cum
3438 5732 3575 5778 vero
3602 5722 3671 5784 de
