4198 6160
225 279 328 335 757

1614 266 2087 324 DlSSl‘lliTATlO.

3454 274 3563 331 758

228 397 342 450 ideo
367 395 485 465 quia
513 396 566 447 iu
593 407 793 447 onlnem
824 398 1018 445 terram
1047 389 1207 443 exivit
1235 403 1391 443 sonus
1418 390 1555 460 ejus,
1583 395 1630 439 et
1665 384 1833 439 Sanc-
1866 389 1911 446 Λ
1945 385 2024 440 De
2053 385 2160 439 hoc
2193 372 2482 455 niiraculo,
2515 397 2572 442 et
2618 388 2858 446 lectione
2897 390 3139 447 secunda
3172 394 3399 470 secundi
3429 395 3570 452 Noc-

230 491 347 543 titas
372 485 597 541 emicuit.
636 483 841 551 Quibus
872 481 1238 551 significatur,
1266 494 1332 535 ea
1355 478 1422 533 de
1449 492 1609 533 causa
1638 474 1704 529 ad
1734 473 1837 527 Ca-

232 578 472 636 thedram
522 575 894 633 Veronensem
945 572 1226 629 sublatum
1283 570 1447 626 fuisse
1515 567 1833 629 Zenonem,

231 672 365 744 quod
413 687 441 726 a
495 668 802 726 christianis
859 665 1195 738 parentibus
1248 663 1592 721 sanctissime
1639 657 1837 729 jugiter

1942 477 2132 543 turni,
2168 493 2291 547 qua:
2321 478 2375 533 in
2408 481 2603 539 Officio
2628 482 2688 537 8.
2722 483 2967 540 Zenonis
2996 484 3048 541 in
3083 501 3327 554 prtesens
3350 489 3570 561 legitur,

1946 568 2192 625 habetur
2221 570 2455 626 mentio.
2491 572 2600 628 Sed
2624 590 2741 628 cum
2773 585 3049 646 prepterea
3072 577 3357 635 Gentilium
3388 580 3577 637 Sacer-

1943 660 2091 715 dotes
2148 660 2403 717 adversus
2459 680 2576 719 eum
2627 664 2953 739 (Zenonem)
3010 670 3429 738 conclamarent,
3484 673 3580 727 Vir

231 764 391 817 vitam
422 759 728 817 traduxerit
752 758 924 813 sacris
955 754 1165 811 studiis
1209 762 1525 825 occupatus.
1567 748 1719 820 Quod
1746 764 1841 804 att—
1940 763 2167 806 sanctus
2194 752 2491 809 doctrinam
2530 772 2680 811 suam
2706 758 2964 814 miraculo
2992 761 3340 831 comprobavit
3371 779 3392 817 :
3438 762 3581 818 Nam

234 866 334 910 tem
363 854 618 910 Jeremiae
666 860 869 908 textum
902 847 1195 919 Baptismo
1236 846 1471 901 Zenonis
1503 842 1719 899 infantis
1750 855 1840 895 ac—

232 947 723 1011 commodaverint,
748 946 831 1001 vel
858 944 1214 1006 Coronatus,
1250 940 1337 995 vel
1363 939 1490 1004 alii,
1538 937 1640 991 hoc
1683 948 1839 990 enco.

232 1043 470 1099 miastice
496 1040 691 1097 factum
721 1037 888 1094 fuisse
910 1034 1256 1099 dicendum;
1292 1049 1411 1087 nam
1441 1031 1689 1088 cautione
1711 1042 1844 1100 qua-

232 1138 356 1192 dam
379 1135 630 1192 leremiae
658 1142 857 1190 textum
891 1131 943 1185 in
992 1144 1102 1183 ms.
1162 1127 1485 1182 Pistoriensi
1518 1124 1738 1179 allatum
1769 1121 1844 1175 vi-

233 1231 443 1287 demus.
492 1228 559 1284 Ut
624 1225 901 1281 assertione
936 1221 1121 1275 divina
1165 1220 1223 1273 in
1273 1233 1335 1272 eo
1377 1217 1539 1286 repeti
1588 1216 1847 1269 videretur

233 1322 370 1395 quod
394 1312 634 1374 Jeremiw
661 1318 847 1371 dictum
878 1322 983 1381 est,
1012 1323 1127 1368 etc.
1167 1309 1315 1364 Nihil
1363 1309 1544 1377 itaque
1589 1307 1640 1360 in
1682 1304 1849 1360 Vero-

236 1415 422 1469 nensis
447 1411 696 1468 Ecclesia:
721 1406 922 1464 Ofﬁciis
952 1404 1022 1460 de
1072 1404 1135 1458 S.
1206 1401 1432 1457 Zenone
1489 1400 1848 1469 incongruum

234 1521 286 1566 et
317 1508 616 1564 fabulosum
646 1504 929 1574 reperitur,
963 1498 1109 1571 quod
1167 1495 1452 1552 traditioni
1480 1493 1606 1548 huic
1633 1493 1853 1549 officere

235 1603 431 1676 possit.
458 1596 592 1653 Vide
614 1611 730 1667 qua:
750 1594 815 1650 de
842 1592 1075 1650 Gallieni
1112 1590 1229 1645 filia
1264 1603 1363 1659 per
1389 1586 1450 1642 S.
1485 1585 1760 1639 Zenonem
1792 1584 1854 1638 li-

234 1701 425 1752 bcrata
454 1707 485 1746 a
513 1691 755 1745 daemone
779 1702 938 1759 supra
965 1686 1236 1741 diximus.

1944 844 2187 899 [taurinis
2223 846 2467 917 cadaver,
2498 851 2635 921 quod
2664 860 2786 905 tunc
2813 856 2949 924 forte
2968 855 3020 909 in
3040 856 3205 925 ﬂuvio
3224 856 3577 923 volutabatur,

1949 937 2110 1010 longe
2146 942 2387 1008 vocavit,
2421 951 2471 996 et
2512 944 2561 998 ei
2590 943 2746 997 vitam
2792 962 2910 999 cum
2960 948 3193 1001 omnium
3238 949 3582 1004 admiratione

1946 1030 2220 1085 restituit.
2255 1031 2370 1098 Quo
2394 1035 2645 1090 miraculo
2666 1038 2904 1094 universa
2929 1057 3058 1111 pene
3077 1039 3270 1096 Civitas
3290 1043 3580 1099 simulacris

1949 1124 2180 1178 deorum
2238 1128 2473 1198 rejectis,
2521 1127 2712 1184 Christi
2749 1129 2936 1188 Fidem
2980 1134 3222 1202 suscepit.
3277 1134 3437 1190 Plura
3490 1136 3580 1191 hic

1949 1231 2109 1286 quam
2135 1214 2201 1270 in
2225 1216 2513 1292 Anonymo
2536 1220 2816 1292 Pipiniano
2835 1225 3103 1296 leguntur,
3127 1242 3246 1295 quae
3258 1242 3379 1283 cum
3404 1244 3578 1299 neque

1948 1305 2274 1363 Coronatus
2304 1322 2491 1366 narret
2535 1328 2602 1368 ex
2633 1313 2755 1369 aliis
2800 1315 3190 1371 vetuStioribus
3214 1332 3346 1373 mss.
3394 1330 3573 1374 ortum

1955 1398 2223 1455 habuisse
2244 1401 2555 1459 dicendum.
2590 1403 2707 1460 Non
2734 1421 2766 1461 a
2789 1408 2911 1462 solo
2944 1408 3125 1478 itaque
3149 1408 3426 1464 Coronato
3467 1410 3577 1466 No-

1956 1488 2095 1546 tario
2124 1500 2201 1547 ea
2233 1509 2353 1562 qua:
2382 1494 2451 1550 de
2495 1495 2552 1551 S.
2596 1495 2819 1554 Zenone
2848 1499 3102 1570 leguntur
3135 1510 3260 1555 sunt
3286 1499 3531 1557 derivata
3556 1543 3570 1568 ,

1957 1584 2053 1640 sed
2080 1595 2177 1640 aut
2210 1586 2278 1640 ab
2326 1586 2590 1644 Ecclesiae
2640 1588 2969 1647 Veronensis
3025 1591 3353 1662 traditione,
3386 1593 3473 1649 vel
3506 1594 3576 1650 ah

1959 1676 2370 1745 antiquioribus
2394 1682 2785 1737 monumentis.
2839 1682 3021 1750 Quare
3065 1691 3122 1739 et
3169 1684 3416 1741 liberatio
3448 1684 3574 1740 filiae

310 1793 384 1846 At
406 1787 551 1843 enim
593 1799 720 1839 vero
748 1782 873 1838 illud
899 1793 1158 1836 asserere
1180 1820 1195 1842 ,
1231 1776 1302 1831 ab
1334 1790 1435 1829 una
1464 1771 1722 1828 Coronati
1750 1770 1859 1826 No-
1891 1785 1936 1845 Β
1965 1768 2201 1824 Gallieni
2239 1771 2588 1841 imperatoris
2610 1789 2639 1829 a
2672 1774 2931 1832 Dmmone
2966 1777 3106 1831 inter
3135 1777 3343 1832 fabulas
3370 1776 3576 1833 adscri-

237 1885 363 1941 tarii
396 1880 701 1936 narratione
728 1891 1009 1940 manasse,
1038 1874 1099 1930 8.
1145 1871 1429 1927 Zenonem
1461 1867 1723 1923 Ecclesiae
1758 1865 1859 1921 Ve-

236 1977 469 2036 ronensi
513 1970 783 2043 praefuisse
822 1979 1064 2039 tempore
1107 1962 1356 2022 Gallieni
1406 1961 1777 2031 imperatoris,
1830 1975 1859 2014 a

236 2087 351 2144 quo
396 2077 456 2124 et
498 2065 734 2123 Ecclesia
761 2061 1094 2133 Veronensis
1115 2100 1131 2126 ,
1167 2066 1371 2126 totque
1405 2054 1495 2108 alii
1525 2053 1667 2108 hanc
1693 2052 1861 2108 tradi-

238 2166 455 2220 tionem
481 2157 814 2228 acceperint,
847 2169 953 2210 non
983 2152 1117 2208 satis
1149 2158 1351 2204 tutum.
1382 2144 1521 2212 Quid
1550 2145 1593 2200 si
1617 2144 1864 2200 Corona-

242 2267 333 2311 tns
364 2250 626 2309 Notarius
652 2249 716 2303 ab
741 2245 943 2303 Officiis
975 2239 1321 2299 Veronensis
1353 2236 1615 2292 Ecclesiae
1644 2236 1705 2291 fit
1736 2252 1863 2292 mu-

242 2322 473 2413 tuatus,
522 2359 639 2415 qum
685 2357 775 2397 sua
808 2341 860 2395 in
900 2338 1131 2395 historia
1164 2331 1432 2402 collegit?
1460 2328 1590 2403 (hoc
1637 2330 1689 2383 in
1732 2346 1860 2404 sen-

243 2440 425 2498 tentia
455 2437 803 2492 Dominorum
846 2430 1267 2487 Balleriniorum
1322 2422 1524 2477 dictum
1572 2421 1697 2477 volo
1721 2465 1735 2489 ,
1773 2423 1867 2494 qui

241 2535 589 2591 Coronatum
646 2526 915 2581 Notarium
962 2521 1167 2579 sacculo
1208 2515 1484 2587 septimo,
1536 2514 1623 2570 vel
1673 2523 1868 2570 octavo

242 2623 548 2697 scripsisse
579 2615 907 2692 opinantur).
943 2615 1052 2670 liae
1091 2609 1303 2669 etenim
1352 2603 1649 2661 constituta
1699 2606 1872 2662 Coro-

245 2722 371 2778 nati
400 2715 611 2773 Notarii
644 2712 895 2783 Epocha,
924 2725 1046 2765 cum
1093 2713 1225 2760 ante
1272 2698 1568 2769 septimum
1610 2708 1666 2755 et
1717 2710 1871 2756 octa-

244 2829 389 2871 vum
428 2807 687 2865 saeculum
713 2803 896 2859 Officia
920 2802 986 2858 de
1007 2799 1068 2857 8.
1098 2797 1326 2853 Zenone
1348 2792 1403 2846 in
1433 2789 1675 2846 Ecclesia
1694 2791 1870 2848 Vero-

246 2906 423 2965 nensi
455 2901 727 2959 celebrata
757 2897 920 2953 fuisse
961 2896 1017 2951 in
1063 2891 1293 2949 dubium
1334 2885 1471 2939 verti
1524 2900 1630 2939 non
1666 2887 1871 2956 possit;

246 3003 601 3058 Coronatum
635 2993 809 3062 potius
851 2990 920 3046 ab
946 2986 1156 3045 Officiis
1189 2979 1454 3037 Ecclesiae
1498 2978 1871 3046 Veronensis,

247 3109 430 3168 quam
478 3089 849 3144 Veronensem
886 3080 1189 3138 Ecclesiam
1218 3090 1249 3128 a
1280 3071 1559 3168 coronato
1600 3071 1877 3168 accepisse

1966 1860 2145 1918 benda
2194 1878 2301 1917 non
2334 1876 2445 1929 est,
2487 1881 2664 1937 neque
2702 1867 2760 1923 8.
2795 1867 3033 1924 Zenonis
3075 1868 3295 1940 Epocba
3341 1869 3576 1926 Gallieni

1968 1965 2215 2027 tempore
2247 1957 2409 2012 veluti
2436 1957 2568 2014 falsa
2592 1960 2897 2030 spernenda
2923 2002 2938 2027 ,
2961 1976 3083 2017 cum
3108 1962 3244 2017 nihil
3270 1962 3324 2017 in
3354 1961 3439 2017 his
3464 1961 3578 2017 his-

1969 2048 2161 2103 toricis
2191 2046 2346 2104 factis
2374 2049 2699 2121 reprehendi
2732 2051 2936 2123 possit,
2981 2052 3123 2124 quod
3155 2052 3574 2123 improbandum

1968 2138 2239 2196 videatur.

2044 2229 2184 2285 lllud
2212 2245 2342 2286 vero
2374 2233 2592 2288 maximi
2617 2235 2669 2290 in
2694 2234 2794 2292 hac
2824 2251 2882 2291 re
2913 2236 3169 2307 ponderis
3195 2253 3321 2294 esse
3370 2239 3568 2295 dicen-

1970 2323 2102 2380 dum
2149 2336 2250 2378 est.
2305 2325 2359 2379 Si
2410 2326 2733 2384 traditonem
2784 2329 3040 2385 Ecclesia:
3092 2328 3424 2389 Veronensis
3474 2349 3577 2404 pro

1972 2416 2314 2473 vindicandis
2346 2418 2405 2472 S.
2436 2419 2671 2476 Zenonis
2699 2423 3044 2479 sermonibus
3072 2439 3195 2481 cum
3224 2426 3469 2497 ejusdem
3487 2442 3579 2484 ec-

1972 2511 2158 2568 clesiae
2188 2510 2518 2569 Veronensis
2545 2515 2691 2571 circa
2716 2524 2933 2571 aetatem
2973 2516 3092 2588 ejus
3121 2518 3191 2582 de
3229 2518 3287 2574 S.
3318 2518 3400 2575 sui
3432 2518 3579 2576 Prte-

1973 2605 2113 2661 sulis
2142 2604 2432 2662 traditione
2457 2606 2824 2663 conferamus.
2848 2607 2980 2665 iure
3007 2609 3232 2680 quidem
3271 2625 3336 2667 ac
3383 2614 3580 2668 merito

1976 2697 2196 2753 Domini
2225 2697 2500 2754 Ballerinii
2530 2699 2584 2754 in
2615 2699 2718 2756 hac
2741 2701 3036 2759 traditione
3058 2703 3578 2777 iusistunt(Dissert.

1976 2808 2027 2859 ι,
2056 2791 2085 2865 §
2115 2790 2194 2864 t),
2228 2800 2286 2847 ut
2336 2791 2394 2849 8.
2445 2791 2721 2850 Zenonem
2782 2810 3095 2852 sermonum
3147 2807 3426 2853 auctorem
3481 2799 3582 2856 de-

1978 2893 2320 2951 monstrent,
2350 2900 2452 2940 ms.
2485 2886 2755 2943 Remense
2795 2889 2999 2945 saeculo
3024 2905 3168 2945 nono
3193 2890 3467 2963 antiquius
3487 2892 3585 2947 ad-

1979 2978 2219 3046 ducunt,
2261 2977 2504 3034 ltatherii
2548 2980 2787 3051 episcopi
2837 2980 3166 3038 Veronensis
3212 2984 3585 3040 testimonium

1980 3071 2182 3126 saeculo
2212 3069 2425 3125 decimo
2454 3071 2778 3138 scribentis,
2810 3073 2900 3143 qui
2930 3073 3104 3129 tribus
3127 3074 3177 3129 in
3209 3075 3345 3131 locis
3363 3075 3588 3132 Sermo-

247 3162 564 3243 diccndum
591 3188 698 3234 est.
719 3175 851 3232 Nam
888 3168 1214 3242 antiquioris
1251 3162 1358 3219 ξιξνὶ
1388 3164 1743 3233 praesumptio
1772 3162 1879 3218 hoc
1903 3180 1948 3241 (ς
1985 3180 2081 3220 nes
2110 3163 2169 3219 S.
2204 3162 2438 3217 Zenonis
2468 3163 2685 3228 laudat,
2716 3166 2984 3237 Anonymi
3017 3166 3296 3237 cujusdam
3335 3166 3587 3224 Monachi

247 3276 485 3335 suadet.
534 3271 689 3328 Licet
716 3269 858 3325 enim
914 3274 1109 3338 quarto
1162 3269 1222 3316 et
1264 3257 1456 3328 quinto
1498 3256 1697 3311 smculo
1742 3255 1882 3311 forte

250 3389 375 3427 lmll
413 3365 607 3423 eodem
635 3360 798 3417 modo
823 3357 1013 3415 Ofﬁcia
1042 3348 1433 3412 Ecclesiastica
1473 3346 1677 3402 fuerint
1697 3346 1884 3417 dispo-

245 3464 368 3520 sita
397 3502 415 3526 ,
446 3469 502 3513 ut
527 3463 651 3528 post
689 3452 957 3508 decimum
1002 3447 1269 3505 szeculum
1317 3440 1579 3511 dlSpOSlla
1632 3440 1884 3511 leguntur

248 3551 516 3623 antiquis
545 3551 600 3604 in
638 3561 767 3602 mss.
798 3545 993 3600 Forma
1040 3552 1223 3596 tamen
1271 3535 1592 3593 Officiornut
1641 3544 1843 3590 mutata
1868 3577 1882 3603 ,

246 3643 529 3704 historia:
553 3646 864 3696 sanctorum
886 3676 902 3702 ,
929 3650 1051 3706 qum
1074 3649 1105 3688 a
1134 3628 1329 3702 primis
1360 3627 1580 3682 saeculis
1612 3627 1665 3681 in
1698 3626 1886 3682 Eccle-

248 3745 344 3800 sia
389 3735 703 3809 legebatur,
734 3731 941 3787 nullum
995 3722 1373 3799 prtejudiciutu
1417 3720 1614 3776 afferre
1654 3718 1887 3777 evidens

245 3844 384 3892 est.

334 3928 588 3983 Constat
614 3918 843 3974 ulterius
867 3915 970 3971 alia
998 3914 1053 3969 in
1086 3907 1333 3967 Ecclesia
1364 3904 1665 3963 Veronensi
1695 3919 1892 3959 monu-

246 4028 472 4083 menta
502 4012 799 4083 antiquitus
824 4008 991 4065 fuisse
1019 4016 1225 4079 praeter
1253 4001 1518 4059 Coronati
1540 3998 1746 4056 Notarii
1766 4014 1892 4054 nar-

246 4116 581 4173 rationem.
614 4103 891 4176 lpsieuim
939 4099 1126 4157 eximii
1179 4095 1456 4153 Ballerinii
1495 4093 1789 4150 observant
1838 4093 1889 4146 in

243 4203 550 4268 Coronati
582 4198 896 4255 narratione
939 4195 1134 4250 deesse
1163 4189 1486 4246 miraculum
1516 4203 1544 4242 a
1576 4187 1639 4243 D.
1674 4186 1894 4242 Zenone

249 4320 330 4374 pa
342 4305 566 4354 tratum
584 4310 599 4347 :
618 4289 817 4361 Nempe
833 4299 1096 4342 mortuum
1114 4284 1274 4356 ﬂuvio
1285 4281 1575 4374 abreptum,
1594 4280 1708 4334 vitte
1723 4278 1895 4374 reddi-

246 4371 522 4452 turn..."
574 4385 736 4456 Cujus
776 4381 1018 4436 miraculi
1045 4396 1077 4433 a
1118 4376 1379 4433 Coronato
1407 4372 1523 4429 licet
1564 4371 1898 4445 prietermissi

245 4481 643 4546 testimonium
692 4479 891 4551 profert
920 4476 1220 4544 Anonymus
1248 4466 1592 4540 Pipinianus,
1617 4473 1673 4518 ut
1700 4478 1793 4517 nos
1834 4477 1898 4516 ea:

1982 3255 2235 3313 C(enohii
2268 3255 2594 3320 Veronensis
2623 3299 2640 3327 ,
2686 3259 2777 3330 qui
2823 3274 3106 3316 sermones
3151 3261 3210 3317 8.
3243 3261 3476 3319 Zenonis
3526 3278 3590 3319 se

1983 3355 2182 3425 legisse
2236 3363 2483 3421 testatur,
2543 3355 2682 3411 idem
2732 3357 3048 3429 comprobat
3084 3356 3326 3416 Joannes
3363 3359 3587 3431 quidam

1988 3446 2278 3517 Presbyter
2318 3446 2714 3504 mansionarius
2759 3449 3008 3506 ecclesia:
3040 3450 3391 3508 Veronensis.
3433 3451 3591 3510 Alios

1986 3539 2150 3595 etiam
2192 3540 2363 3596 citant
2403 3540 2591 3595 steculi
2651 3557 2744 3597 xtv
2793 3552 2848 3599 et
2892 3558 2961 3598 xv
3020 3553 3305 3613 auctores,
3365 3545 3590 3602 Petrum

1986 3632 2118 3688 Calo
2144 3631 2366 3687 Ordinis
2409 3631 2873 3701 Prtetlicatorum,
2921 3634 3272 3697 Guillelmutn
3326 3635 3590 3694 Poetrelt-

1987 3739 2113 3795 gum
2132 3766 2146 3790 ,
2178 3724 2398 3779 Petrum
2426 3722 2496 3779 de
2524 3722 2838 3793 Natafihus,
2870 3724 3117 3781 Flavium
3145 3726 3431 3794 Blondum,
3453 3743 3599 3800 quos

1944 3896 1951 3901 ι
1989 3817 2175 3874 videas
2203 3816 2594 3904 Dissertatiope
2626 3818 2796 3890 prima
2827 3834 2949 3891 cap.
2974 3821 3029 3888 5,
3056 3819 3086 3893 ς
3128 3821 3180 3876 1.
3206 3820 3422 3878 Additis
3451 3837 3590 3877 mss.

1990 3911 2277 3979 omnibus,
2338 3913 2391 3967 in
2467 3927 2695 3984 quorum
2769 3929 2878 3969 non
2942 3923 3150 3972 tantum
3226 3915 3438 3983 Titulo,
3494 3919 3593 3975 sed

1993 4004 2200 4076 pluries
2223 4003 2309 4061 vel
2336 4004 2389 4060 in
2419 4005 2710 4077 principio,
2739 4005 2825 4062 vel
2853 4007 2906 4062 in
2937 4008 3047 4065 fine
3065 4023 3380 4065 sermonum
3410 4009 3469 4066 8.
3495 4010 3597 4066 Ze-

1994 4097 2151 4153 nonis
2175 4111 2373 4153 nomen
2404 4097 2734 4154 inscribitur.
2759 4097 2906 4155 Idem
2925 4140 2941 4167 ,
2972 4109 3029 4155 et
3049 4099 3103 4154 in
3136 4098 3240 4156 hoc
3266 4100 3595 4159 Pistoriensi

1994 4187 2293 4261 Capitulari
2323 4204 2451 4255 ms.,
2481 4197 2538 4246 et
2567 4205 2666 4245 nos
2697 4190 3130 4247 observavimus.

2069 4282 2254 4353 Neque
2295 4280 2589 4354 pauciora,
2641 4296 2818 4353 neque
2868 4282 3095 4340 minoris
3146 4283 3484 4341 auctoritatis
3528 4286 3597 4342 ad

2001 4375 2350 4431 traditionem
2407 4374 2586 4429 :etatis
2614 4370 2674 4430 S.
2706 4374 2945 4433 Zenonis
2970 4376 3203 4433 Gallieni
3250 4378 3597 4451 imperatoris

2000 4485 2118 4524 tevo
2165 4477 2462 4539 suppetunt
2490 4478 2831 4540 argumenta.
2883 4469 2954 4526 Et
2985 4471 3163 4542 primo
3188 4487 3292 4530 ms.
3326 4473 3599 4532 Remense

241 4580 503 4641 duobus
526 4589 651 4629 mss.
678 4569 1018 4626 restituimus.
1060 4569 1381 4634 Anonymus
1431 4556 1750 4630 Pipinianus
1791 4556 1894 4611 ϐο·
1922 4564 1978 4625 1)
2001 4563 2054 4618 in
2077 4578 2183 4634 quo
2202 4561 2460 4619 Coronati
2483 4560 2692 4619 Notarii
2718 4562 2826 4619 vita
2852 4564 2923 4621 de
2943 4564 3001 4621 8.
3026 4565 3244 4623 Zenone
3263 4566 3467 4643 inserta
3489 4576 3596 4635 est,

240 4678 499 4735 renato
557 4662 779 4721 Notario
822 4660 1111 4731 posterior,
1153 4670 1316 4727 quem
1372 4643 1660 4723 scripsisse
1723 4657 1899 4705 octavo

241 4761 491 4826 siccato
519 4763 756 4817 exeunte.
780 4753 858 4809 vel
877 4752 1057 4807 saltem
1077 4749 1286 4804 ineunte
1304 4746 1493 4802 swculo
1515 4760 1672 4808 nono,
1697 4741 1902 4812 optime

241 4878 331 4920 ex
377 4859 523 4927 ipso
545 4856 801 4907 contextu
832 4845 1064 4918 probant
1087 4841 1301 4897 Domini
1332 4836 1604 4895 Ballerinii
1627 4878 1640 4901 ,
1674 4834 1777 4891 hoc
1804 4833 1904 4889 mi-

239 4947 550 5014 raculum
576 4957 606 4998 a
628 4940 901 4998 Goronato
933 4934 1361 5008 praetermissum
1392 4946 1492 4987 suo
1538 4930 1593 4986 in
1623 4927 1902 5002 Rhytbmo

238 5036 758 5110 commemoravit
783 5034 869 5089 his
902 5030 1087 5088 verbis
1118 5048 1131 5082 :
1165 5027 1435 5084 Mortuum
1459 5042 1487 5081 e
1512 5023 1672 5095 ﬂuvio
1697 5038 1906 5092 exemp-

240 5161 395 5206 tum
460 5135 743 5193 suscitavit.
786 5132 901 5189 Non
945 5146 974 5184 a
1001 5128 1273 5186 Coronato
1314 5126 1494 5194 itaque
1540 5120 1781 5189 accepit,
1809 5115 1905 5173 sed

240 5231 551 5301 aliunde.
610 5225 938 5287 Undenam?
991 5225 1075 5281 An
1144 5236 1212 5277 ex
1288 5217 1498 5289 vulgari
1583 5210 1911 5269 traditione?

241 5336 507 5396 Nonne
534 5303 600 5379 .et
648 5321 822 5392 potuit
863 5314 1082 5374 ab'aliis
1111 5308 1479 5369 monumentis
1525 5301 1909 5406 vetustioribus

243 5418 562 5491 habere?
592 5417 723 5475 Sine
747 5414 854 5469 ulla
887 5414 1068 5483 itaque
1096 5408 1305 5465 ratione
1327 5403 1537 5477 opinari
1562 5417 1592 5456 e
1618 5398 1766 5470 vulgi
1791 5395 1914 5451 Tri-

245 5525 396 5583 viis
440 5513 709 5570 habuisse
732 5550 746 5576 ,
775 5505 1144 5580 praeiudicium
1168 5510 1281 5566 est,
1320 5514 1508 5557 eorum
1537 5494 1631 5566 qui
1652 5492 1910 5593 antiquo-

241 5632 419 5681 ι-ωιι
469 5606 670 5676 scripta
702 5603 879 5659 minus
909 5600 1171 5672 probant,
1198 5610 1322 5653 cum
1366 5591 1526 5648 valde
1570 5589 1797 5681 arduum
1841 5589 1914 5641 sit

246 5680 323 5773 in
367 5716 528 5763 cam
557 5695 1023 5773 sententiamire;
1059 5691 1397 5746 Veronenses
1434 5684 1687 5743 videlicet
1713 5680 1912 5737 nullam

242 5788 551 5884 prorsus
576 5789 644 5848 de
670 5772 893 5846 Zenone
909 5785 1154 5845 notitiam
1185 5781 1550 5854 antiquiorem
1581 5774 1872 5834 retinuisse
1900 5788 1913 5825 :

2005 4671 2125 4726 qua:
2153 4657 2204 4711 in
2231 4671 2299 4711 ea
2327 4667 2478 4727 parte
2517 4657 2862 4728 potissimum
2881 4696 2898 4725 ,
2925 4672 3031 4730 qua
3074 4657 3145 4714 de
3172 4656 3406 4715 Gallieni
3429 4657 3603 4730 impe-

2007 4750 2201 4804 ratoris
2228 4748 2395 4804 filia-a
2424 4748 2686 4806 daemonis
2716 4749 3036 4808 obsessione
3076 4750 3307 4808 liberata
3351 4752 3490 4824 agit,
3532 4752 3602 4810 ab

2009 4842 2225 4912 injectis
2254 4843 2509 4899 falsitatis
2554 4843 2774 4901 indiciis
2803 4844 3073 4903 vindicata
3117 4861 3218 4918 pro
3244 4847 3479 4919 genuina
3508 4846 3603 4904 ha-

2011 4934 2184 4991 benda
2214 4944 2330 5001 est,
2354 4951 2517 5007 quam
2550 4937 2815 5007 septimo,
2864 4937 2952 4994 vel
2998 4946 3192 4994 octavo
3231 4938 3433 4995 saeculo
3475 4954 3606 4995 exa-

2010 5041 2161 5083 rasse
2212 5036 2404 5097 putant
2448 5028 2663 5089 Domini
2711 5029 3025 5097 Ballerinii;
3070 5032 3289 5104 ignotus
3336 5032 3603 5104 Scriptor,

2011 5135 2170 5192 quem
2202 5120 2254 5174 in
2286 5134 2390 5175 ms.
2413 5119 2641 5192 Capituli
2675 5122 3005 5181 Veronensis
3032 5125 3216 5182 steculi
3264 5127 3388 5182 noni
3422 5142 3610 5199 reper-

2014 5222 2126 5270 tum
2168 5229 2199 5269 a
2229 5211 2628 5270 Bartholomaeo
2670 5213 3036 5288 Campagnola
3079 5219 3324 5289 ejusdem
3372 5222 3609 5293 Capituli

2016 5305 2353 5363 Cancellario
2370 5307 2649 5378 accepisse
2672 5307 2865 5367 dicunt
2910 5309 3077 5368 iidem
3110 5313 3387 5371 Ballerinii
3406 5358 3421 5382 ,
3452 5315 3610 5387 cujus

2017 5401 2278 5472 scriptum
2307 5399 2566 5458 exhibent
2596 5405 2738 5460 inter
2768 5415 3118 5463 monumenta
3151 5422 3274 5480 pag.
3320 5409 3421 5465 151
3452 5425 3467 5475 ;
3492 5410 3611 5465 Mo-

2021 5493 2253 5561 nachus,
2305 5508 2465 5565 quem
2518 5495 2681 5553 iidem
2709 5505 2960 5554 auctores
2988 5498 3363 5558 Zenonianum
3416 5512 3616 5558 vocant

2018 5586 2070 5641 in
2100 5586 2217 5642 Vita
2244 5586 2302 5644 S.
2330 5585 2568 5643 Zenonis
2596 5587 2704 5656 hic,
2738 5587 3074 5647 circalinem
3099 5591 3285 5647 saeculi
3313 5606 3383 5658 tv,
3413 5589 3618 5647 vixisse

2022 5679 2238 5748 dicitur,
2269 5680 2554 5750 ipsumque
2585 5679 2869 5750 antiquiori
2902 5681 3079 5751 aliquo
3109 5688 3436 5737 monumento
3466 5695 3617 5735 usum

2023 5771 2347 5843 conjiciunt;
2378 5788 2546 5844 quare
2574 5770 2906 5846 reprehendi
2938 5772 3079 5831 forte
3120 5790 3228 5830 nou
3278 5768 3479 5842 poterit
3527 5775 3621 5847 qui
