4198 6160
608 319 714 388 7'59

1314 327 1404 384 DE
1443 326 1762 384 OPINIO‘NE
1801 321 2166 384 BALLERIN.
2209 310 2408 380 Cilica
2452 325 2607 382 ΖΕΝ.
2654 323 3067 382 .ttAtt'rvttttut

3809 328 3913 380 7i0

609 450 814 504 diceret
840 447 1130 518 praejudieii
1161 446 1279 502 loco
1322 447 1634 502 habendum
1665 463 1788 503 esse
1818 464 2007 503 eorum
2039 463 2210 504 asser-
2243 447 2290 506 Δ
2319 463 2440 518 quae
2484 448 2534 502 in
2573 447 2778 503 Divinis
2831 447 3035 502 Ofﬁciis
3087 444 3479 502 recitabantur.
3531 442 3912 515 Martyrologia

610 540 962 609 tionem,qui
983 538 1178 592 dicunt
1207 538 1348 593 hunc
1395 538 1768 594 Zenonianttm
1814 540 2132 596 Monachum
2176 555 2207 594 a

609 631 867 687 Coronati
898 631 1105 686 Notarii
1135 630 1482 697 narratione,
1522 648 1682 702 qttant
1731 632 1870 688 forte
1916 649 2206 704 numquam

607 725 776 789 vidit,
806 726 1107 794 sumpsisse
1126 766 1141 790 ,
1177 739 1299 795 qua:
1325 723 1394 779 de
1415 725 1470 780 8.
1501 724 1722 780 Zenone
1747 727 1960 796 scriptis
1990 725 2211 781 manda-

609 819 702 869 vit.
732 817 1054 888 Anonymus
1082 817 1212 870 itettt
1244 815 1562 886 Pipiniantts
1587 832 1730 872 nono
1751 818 1982 874 cadente
2006 817 2210 872 saeculo

614 909 891 973 scribens,
925 909 1081 977 cujus
1115 907 1381 976 llytbmus
1414 907 1654 963 liatberii
1690 908 2020 964 Veronensis
2067 910 2212 978 epis—

608 1001 731 1071 copi
755 1017 919 1056 tnanu
941 1003 1284 1069 conscriptus
1300 1000 1452 1056 Lobii
1476 1009 1646 1066 extat,
1669 1017 1828 1070 quem
1859 1001 1927 1057 de
1955 1001 2210 1057 Gallieno

607 1093 939 1163 imperatore
971 1094 1374 1163 intelligendum
1406 1095 1457 1148 iti
1486 1111 1553 1150 eo
1581 1111 1815 1150 versu...
1841 1095 1887 1152 A
1917 1095 2062 1151 malo
2099 1095 2212 1166 spi-

609 1185 714 1239 ritu
743 1187 957 1240 sanavit
983 1185 1215 1241 Gallieni
1245 1185 1485 1239 tiliam...

680 1279 850 1348 Supra
882 1279 1184 1334 notavimus
1216 1294 1348 1334 mss.
1391 1280 1571 1334 omnia
1608 1280 1668 1337 8.
1712 1280 1983 1334 Zenonem
2035 1280 2210 1349 impe-

609 1379 764 1424 rante
799 1369 1044 1425 Gallieno
1071 1371 1272 1426 vixisse
1304 1371 1562 1438 probant,
1591 1380 1648 1426 ut
1671 1371 1810 1441 apud
1843 1372 2061 1426 eosdem
2090 1371 2212 1425 Bal-

609 1461 834 1516 lt-rinios
867 1462 918 1516 itt
947 1462 1152 1518 Ofﬁciis
1184 1479 1280 1533 pro
1313 1464 1371 1518 S.
1401 1463 1619 1518 Zenone
1649 1463 1833 1519 videre
1865 1471 2043 1534 potest
2073 1466 2213 1519 inter

583 1564 958 1610 monuments
1011 1571 1131 1626 pag.
1168 1570 1326 1610 ccxtv
1376 1565 1432 1611 et
1482 1557 1867 1626 sequentibus,
1919 1565 2040 1626 quae
2087 1567 2213 1611 sunt

606 1649 902 1703 eonformia
955 1666 1056 1703 ms.
1091 1649 1215 1704 ltuic
1260 1651 1576 1705 Pistoriensi
1603 1667 1763 1720 supra
1797 1651 1970 1706 relato
2011 1652 2063 1706 in
2107 1652 2213 1706 line

609 1741 637 1811 §
668 1742 832 1805 tertii,
855 1756 975 1810 cap.
1004 1741 1056 1795 5.
1095 1740 1222 1796 Hzcc
1256 1759 1384 1795 mss.
1417 1741 1677 1797 Ecclesia:
1699 1741 2031 1796 Veronensis
2080 1741 2214 1795 alia-

2310 557 2524 612 quoque
2553 541 2694 597 idem
2721 541 3045 596 confirmant
3069 583 3083 606 ,
3113 550 3216 594 tam
3254 537 3585 594 Veronensis
3608 579 3621 599 .
3653 552 3812 605 quam
3843 538 3911 592 ab

2311 634 2514 688 exteris
2528 633 2610 686 vel
2624 633 2846 702 scripta,
2859 633 2944 687 vel
2960 631 3099 686 edita
3112 672 3124 684 .
3138 631 3265 686 Vide
3279 647 3398 701 qtta:
3413 629 3647 684 referunt
3668 629 3916 685 Perettus

2310 735 2365 780 et
2392 725 2608 794 Bagatta
2638 723 2691 778 in
2715 724 2950 795 antiquis
2967 723 3330 778 monumentis
3353 721 3410 777 S.
3426 722 3802 792 episcoporum
3825 737 3914 777 ve-

2314 817 2648 879 ronensium.
2665 833 2718 887 p.
2739 819 2807 872 η
2831 827 2881 872 et
2903 816 3271 886 sequentibus.
3290 814 3424 870 Vide
3438 829 3558 885 qua:
3576 829 3604 866 a
3634 829 3718 870 me
3746 814 3912 870 relata

2313 920 2436 965 sunt
2456 909 2548 963 lib.
2583 926 2640 973 tt,
2660 910 2726 964 dc
2746 910 3002 982 Martyrio
3025 909 3082 964 S.
3109 908 3366 971 Zenonis.
3387 923 3507 978 cap.
3533 909 3656 974 1,2,
3677 911 3732 973 ti,
3753 909 3807 972 7,
3829 909 3912 963 Η.

2385 1005 2648 1061 Auctores
2686 1020 2816 1060 vero
2855 1003 2942 1058 bic
2987 1004 3266 1073 colligere,
3313 1003 3403 1072 qui
3453 1001 3734 1057 traditioni
3792 1001 3916 1056 huic

2313 1097 2695 1168 suifragautttr,
2760 1112 2869 1151 non
2920 1105 3172 1165 oportet,
3222 1110 3345 1148 cum
3395 1109 3617 1158 omnes,
3650 1095 3737 1164 qtti
3792 1103 3918 1147 ante

2315 1191 2583 1260 Dupinttm
2623 1199 2678 1244 et
2717 1189 3124 1245 Tillemontium
3167 1189 3475 1256 scripsere,
3517 1187 3746 1240 Gallieni
3814 1186 3916 1240 int-

2316 1283 2586 1352 pcratoris
2614 1292 2858 1352 tempore
2884 1280 3158 1351 Epocltam
3205 1279 3264 1336 S.
3297 1277 3531 1334 Zenonis
3557 1278 3909 1332 constituant.

2312 1376 2446 1443 Quis
2485 1376 2684 1446 itaque,
2718 1376 2762 1430 si
2790 1375 2929 1429 bene
2959 1375 3170 1443 sapiat,
3220 1373 3415 1442 Dupini
3470 1379 3526 1425 et
3579 1369 3910 1426 Tillemontii

2316 1468 2641 1524 sententiam
2707 1466 2939 1537 probare
2989 1465 3222 1529 audeat,
3294 1461 3733 1534 potentissimum
3790 1478 3912 1515 cum

2317 1562 2662 1616 traditionem
2723 1569 2802 1614 tot
2844 1560 3058 1615 sarculis
3110 1560 3389 1629 probatam
3445 1556 3594 1612 falsis
3655 1554 3914 1625 vanisque

2316 1655 2719 1723 suspicionibus
2741 1652 2886 1706 inani
2920 1653 3103 1705 labore
3135 1651 3392 1705 vellicare
3422 1650 3534 1704 sint
3553 1650 3666 1705 ausi
3690 1688 3704 1711 .
3749 1657 3804 1702 ιιι
3829 1665 3917 1702 su-

2319 1744 2884 1815 periusos'tendimus.
2927 1743 2985 1797 Si
3035 1757 3166 1812 ergo
3208 1741 3429 1796 traditio
3458 1739 3528 1795 de
3577 1738 3922 1795 sermonibus

607 1848 837 1901 rumque
862 1832 1222 1887 cecicsiarttm
1245 1874 1258 1896 ,
1287 1849 1407 1901 ante
1431 1834 1621 1888 eadem
1651 1831 1838 1888 Officia
1870 1847 1901 1886 a
1936 1831 2213 1886 Vcronen-
2242 1836 2293 1893 B
2320 1837 2376 1891 S.
2401 1837 2635 1892 Zenonis
2667 1835 2828 1890 tantis
2859 1850 2964 1888 non
3008 1834 3193 1902 adjuta
3225 1832 3498 1903 suffragiis
3531 1846 3626 1902 pro
3651 1831 3918 1886 constanti

609 1925 760 1978 sibus
789 1937 1139 1994 acceperunt,
1181 1935 1258 1979 tot
1289 1933 1415 1980 sunt
1445 1925 1835 1996 irrefragabilia
1864 1936 2205 1995 argumenta,

605 2019 802 2088 quibus
823 2018 1066 2086 ejusdem
1098 2019 1360 2073 Ecclesia:
1393 2017 1720 2074 Veronensis
1762 2019 1983 2074 traditio
2017 2020 2209 2088 proba-

608 2120 730 2176 tur;
765 2125 942 2180 neque
985 2125 1017 2165 a
1065 2109 1209 2180 vulgi
1260 2110 1569 2167 rumoribus
1599 2119 1715 2166 orta
1759 2111 1990 2167 dicenda
2038 2123 2205 2178 sunt,

619 2247 674 2266 υ

2319 1938 2374 1985 et
2397 1945 2521 1984 vera
2553 1928 2864 1996 accipienda
2891 1936 2977 1982 est
2997 1929 3081 1991 (ut
3107 1941 3228 1982 eam
3261 1926 3496 1983 libenter
3521 1923 3772 1994 accipio),
3813 1938 3918 1992 qua

2320 2022 2388 2076 de
2410 2035 2573 2076 causa
2596 2019 2814 2075 traditio
2841 2021 2910 2075 de
2941 2019 3008 2074 S.’
3031 2017 3268 2074 Zenonis
3298 2027 3460 2074 aztate
3481 2016 3728 2074 Gallieno
3757 2017 3922 2085 impe-

2323 2123 2546 2182 peranie
2569 2113 2641 2166 sit
2665 2110 3002 2182 respuenda,
3032 2126 3140 2165 non
3169 2107 3348 2165 video.

1774 2324 2305 2390 DlSSERTATIO
2350 2325 2736 2389 SECUNDA.

673 2469 1030 2529 RATIONUM,
1081 2468 1241 2523 QUAS
1286 2469 1352 2512 Ι).
1385 2469 1450 2512 D.
1488 2467 1854 2512 BALLEBINII
1903 2467 2024 2510 PRO
2069 2468 2152 2512 ET
2185 2467 2440 2514 CONTRA
2483 2469 2709 2514 SANCTI
2755 2469 3024 2516 ZENONIS
3070 2469 3462 2520 MARTYRIUM
3512 2467 3874 2523 AFFERUNT,

1885 2569 2152 2613 EXAMEN
2197 2569 2278 2614 ΕΤ
2320 2569 2653 2614 JUDICIUM.

673 2679 804 2734 Sine
850 2677 1054 2747 judicio
1101 2690 1165 2732 ac
1209 2685 1419 2731 temere
1448 2673 1694 2730 facturus
1739 2688 1873 2730 sane
1920 2673 2131 2740 videar,
2165 2675 2210 2728 si

600 2774 667 2827 de
702 2774 760 2827 S.
805 2771 1045 2826 Zenonis
1089 2771 1349 2838 martyrio
1385 2770 1612 2824 audeam
1648 2769 1910 2839 judicium
1941 2771 2100 2824 ferre.
2129 2769 2214 2822 Ab

601 2865 703 2920 ltoc
736 2865 961 2920 ferendo
983 2864 1188 2934 judicio
1215 2865 1424 2918 libratis
1447 2864 1571 2917 ltinc
1593 2863 1718 2918 inde
1746 2863 2044 2917 rationibus
2084 2877 2210 2916 eru-

604 2957 860 3011 ditissimi
888 2955 1160 3011 Ballerinii
1191 2964 1471 3024 tantopere
1498 2956 1550 3008 in
1573 2955 1630 3009 S.
1651 2954 1885 3010 Zenonis
1906 2955 2062 3009 rebus
2090 2969 2210 3009 ver-

599 3051 701 3103 sati
732 3047 1132 3103 abstinuerunt.
1165 3046 1303 3113 Quid
1334 3062 1434 3118 ego
1462 3047 1666 3102 viribus
1690 3090 1703 3113 ,
1741 3047 1957 3116 ingenio
1980 3087 1995 3112 ,
2025 3045 2205 3101 erudi-

606 3141 757 3196 tione
789 3139 1224 3194 instructissimis
1253 3140 1385 3194 viris
1415 3141 1731 3209 ornatisque
1758 3140 2021 3192 bonarum
2057 3138 2204 3192 litte-

600 3249 782 3289 rarum
804 3236 1036 3297 artibus,
1063 3234 1201 3288 adeo
1231 3235 1401 3302 impar
1421 3233 1695 3287 affirmare
1722 3231 2046 3287 attentabo?
2069 3231 2204 3286 Cum

599 3343 730 3383 vero
760 3326 894 3382 illud
927 3327 1076 3381 venit
1119 3328 1169 3380 iit
1209 3337 1446 3382 mentem
1475 3367 1491 3391 ,
1537 3343 1642 3380 ttott
1673 3341 1851 3379 causa:
1882 3323 2206 3379 difficultate

600 3421 925 3476 absterritus
969 3419 1202 3474 eximios
1247 3421 1392 3472 viros
1440 3419 1715 3472 alterutra:
1759 3416 2001 3486 Opinioni
2047 3431 2204 3470 suum

601 3512 913 3566 cohibuisse
941 3525 1221 3564 assensum
1239 3549 1254 3574 ,
1289 3525 1352 3564 ac
1382 3509 1534 3563 facile
1559 3507 1876 3578 quaestionis
1907 3507 2063 3576 Itujus
2084 3509 2203 3562 esi-

603 3613 714 3657 tum
766 3601 1062 3657 lectoribus
1113 3601 1446 3670 permisisse.
1490 3597 1764 3653 Lectorunt
1798 3599 2024 3670 judicio,
2067 3599 2205 3670 quod

601 3715 704 3750 non
731 3696 948 3766 difﬁcile
979 3695 1107 3765 ferri
1136 3695 1353 3763 poterit,
1396 3693 1570 3747 omnia
1596 3692 1920 3746 remittimus.
1959 3692 2088 3747 Sine
2121 3704 2202 3746 te-

601 3791 868 3846 meritatis
907 3798 1067 3854 nota,
1116 3788 1220 3844 hoc
1248 3788 1377 3842 milii
1412 3802 1571 3856 posse
1597 3801 1812 3840 sumere
1850 3801 1955 3840 nou
1991 3785 2200 3841 diffide.

602 3883 815 3937 Norunt
837 3882 1033 3951 quippe
1060 3881 1274 3949 ingenui
1298 3880 1373 3944 hi,
1399 3881 1782 3964 sapientesque
1805 3879 1901 3932 viri
1925 3878 2204 3932 Ciceronis

601 3975 868 4028 monitum
899 4013 914 4039 ,
959 3973 1154 4028 obesse
1188 3971 1381 4026 scilicet
1423 3972 1720 4037 plerumque
1760 3969 1844 4031 iis,
1883 3969 1969 4039 qui
2009 3971 2206 4024 discere

599 4066 777 4120 uolunt
803 4065 1085 4119 auctoritas
1107 4080 1307 4127 eorum,
1338 4065 1424 4134 qui
1455 4079 1507 4116 se
1535 4062 1715 4116 docere
1740 4061 2042 4131 profitentur
2065 4078 2082 4114 :
2113 4062 2203 4116 de-

595 4158 772 4212 sinunt
804 4158 941 4210 enim
958 4173 1108 4210 suum
1127 4155 1388 4228 judicium
1414 4153 1655 4208 adhibere
1678 4171 1688 4205 :
1714 4153 1768 4206 id
1793 4151 1979 4206 habent
2001 4164 2198 4218 ratum,

602 4250 742 4318 quod
773 4249 835 4302 ab
865 4266 923 4301 eo
950 4265 1100 4318 quem
1124 4247 1361 4316 probant,
1384 4246 1680 4316 judicatum
1711 4245 1881 4300 vident
1917 4243 2034 4312 (De
2065 4244 2196 4302 Nat.

599 4341 808 4410 deor.).
846 4341 1054 4396 Nurunt
1191 4339 1466 4395 Ambrosii
1495 4337 1751 4394 clintum:
1792 4339 1966 4408 Aperit
1991 4337 2088 4391 sibi
2113 4337 2198 4390 di-

597 4435 1034 4505 ligentiajanuam
1048 4433 1266 4487 veritatis
1282 4431 1374 4500 (In
1391 4429 1516 4485 an.
1534 4433 1587 4485 in
1605 4433 1863 4501 promtu)
1884 4432 1958 4486 Ac
1975 4429 2202 4500 proinde

598 4530 780 4584 studio
807 4531 1076 4598 principuo
1102 4529 1277 4584 omnia
1305 4529 1430 4583 hinc
1452 4527 1578 4582 inde
1599 4527 1912 4597 seligentes,
1944 4542 2064 4596 quau
2084 4533 2197 4578 tum

599 4623 671 4678 ab
699 4624 764 4678 iis
787 4622 1184 4692 producuntur,
1207 4622 1297 4692 qui
1325 4621 1386 4677 S.
1409 4620 1684 4676 Zenonem
1709 4627 2001 4690 martyrem
2031 4618 2198 4673 fuisse

596 4719 826 4788 probant
850 4759 868 4786 ,
899 4727 1010 4772 tttm
1037 4732 1102 4772 ea
1131 4758 1148 4782 ,
1178 4733 1300 4786 qua:
1324 4723 1516 4772 contra
1546 4714 1615 4767 ab
1647 4714 1712 4768 iis
1740 4712 2037 4766 adferuntur
2057 4753 2072 4773 ,
2107 4711 2200 4780 qui

593 4823 887 4884 martyrem
923 4811 1086 4867 fuiSse
1118 4817 1358 4878 negant:
1401 4821 1624 4862 cauam
1659 4805 1962 4869 instruunt,
1993 4816 2049 4858 ut
2077 4805 2196 4873 ejus

591 4906 790 4960 veritas
813 4905 970 4959 facile
992 4901 1320 4971 deprehendi
1343 4900 1410 4953 alt
1433 4913 1754 4969 unoquoque
1777 4899 1966 4966 possit.
1992 4897 2197 4953 Instru-

591 5004 674 5052 (ειμι
708 4996 890 5065 itaque
920 5008 1107 5056 causa,
1139 4991 1409 5051 sententia
1442 4990 1662 5048 ferenda
1690 5001 1796 5056 est,
1826 5007 1932 5046 non
1963 5003 2067 5047 tam
2095 5007 2196 5045 au-

589 5089 866 5146 ctoritatis
925 5101 1086 5156 quant
1137 5085 1364 5144 rationis
1411 5092 1686 5143 momenta
1736 5085 2034 5156 pensando.
2081 5085 2195 5142 Hoc

588 5181 894 5248 upitulante
927 5179 1036 5232 Deo
1066 5193 1166 5248 pro
1196 5179 1400 5234 viribus
1430 5189 1688 5248 pra‘stare
1711 5179 1968 5248 suscipio.

589 5272 616 5341 §
654 5273 706 5326 l.
755 5271 899 5325 Num
928 5270 990 5326 S.
1020 5269 1318 5328 Ambrosius
1343 5271 1402 5325 in
1419 5281 1598 5326 testem
1623 5273 1794 5326 vocari
1821 5271 1984 5343 possit
2011 5279 2194 5326 contra

1049 5361 1110 5418 S.
1144 5361 1367 5418 Zenonis
1404 5364 1726 5432 martyrium.

658 5454 758 5521 Qui
787 5456 1162 5512 confessorem
1186 5456 1246 5513 8.
1275 5455 1574 5518 Zenonem,
1601 5472 1707 5510 non
1734 5467 2025 5526 martyrem
2057 5455 2190 5512 fuis-

583 5567 646 5606 se
669 5550 945 5607 aftirmant
964 5589 978 5614 ,
1020 5549 1078 5604 8.
1113 5549 1380 5608 Ambrosii
1414 5549 1790 5606 auctoritatem
1813 5559 2144 5618 exaggerant
2169 5593 2188 5616 ,

584 5646 726 5700 hunc
759 5661 918 5716 quem
943 5657 1234 5714 supparem
1267 5639 1474 5698 Zenoni
1501 5649 1754 5697 asserunt
1785 5643 1839 5697 in
1867 5643 2093 5710 epistula
2118 5643 2190 5699 ad

581 5742 866 5812 Syagrium
898 5740 983 5812 (ut
1012 5739 1202 5795 volunt
1231 5736 1465 5795 Zenonis
1510 5735 1910 5809 successorem)
1935 5740 2187 5796 eumdem

578 5832 852 5895 Zenonem
880 5849 986 5890 non
1028 5840 1318 5902 martyrem
1348 5832 1535 5892 dicere
1557 5869 1576 5899 ,
1621 5829 1717 5890 sed
1745 5841 1950 5890 sancta:
1977 5847 2185 5893 inemo-

2319 2677 2415 2730 ria:
2433 2676 2746 2745 episcopum
2775 2679 3196 2746 proclamantes,
3225 2675 3470 2732 inferunt
3491 2675 3699 2747 primo:
3730 2673 3915 2744 Itaque

2317 2767 2448 2822 nihil
2474 2769 2538 2821 de
2565 2769 2811 2840 martyrio
2836 2773 2948 2843 ejus
2972 2768 3296 2824 Ambrosium
3320 2769 3619 2841 cognovisse
3648 2771 3818 2835 palam
3843 2767 3915 2820 ri-

2317 2863 2490 2927 detur,
2521 2873 2569 2917 et
2594 2865 2640 2918 si
2661 2863 2962 2918 Ambrosius
2985 2863 3116 2918 nihil
3141 2863 3203 2916 de
3225 2862 3317 2917 illo
3341 2862 3564 2916 rescivit.
3590 2864 3706 2932 jam
3737 2859 3910 2914 Zeno-

2315 2972 2430 3009 nrm
2453 2973 2554 3010 non
2586 2957 2857 3027 martyrio,
2892 2957 2984 3011 sed
3013 2957 3240 3010 naturali
3269 2964 3433 3009 morte
3452 2955 3504 3008 in
3531 2969 3658 3026 pace
3684 2953 3917 3023 [unctum

2315 3041 2783 3113 probabilissimum
2805 3059 2898 3112 est,
2919 3049 3017 3102 nisi
3042 3064 3141 3115 quo
3163 3047 3306 3118 paris
3329 3046 3495 3101 etatis
3515 3056 3666 3118 atque
3685 3045 3918 3098 auctori-

2313 3141 2434 3193 tatis
2463 3141 2766 3196 documento
2792 3143 3046 3197 Ambrosii
3088 3142 3435 3196 testimonium
3461 3141 3686 3195 elidatur
3725 3138 3917 3209 (Apud

2310 3230 2506 3287 Butler.
2543 3233 2763 3289 Dissert.
2798 3249 2878 3297 ιιι,
2908 3251 2954 3288 e.
2986 3233 3042 3300 2,
3079 3233 3208 3305 92).
3239 3233 3572 3288 Gravissime
3603 3247 3735 3287 vero
3786 3245 3918 3286 con-

2311 3335 2393 3380 tra
2426 3328 2749 3398 praecipuam
2784 3344 2925 3381 vera:
2951 3327 3176 3382 critices
3209 3327 3384 3396 legem
3413 3339 3649 3396 peccare
3691 3338 3789 3378 eos
3826 3325 3916 3392 qui

2313 3421 2386 3476 ita
2409 3419 2637 3478 fidenter
2655 3430 2927 3481 asserunt.
2950 3419 3108 3474 facile
3131 3418 3554 3474 demonstratur.
3580 3416 3915 3485 Praceptum

2311 3513 2530 3568 critices
2557 3524 2638 3568 est
2677 3513 2982 3568 carendum
3014 3554 3028 3577 ,
3063 3513 3299 3566 maxime
3326 3528 3394 3566 ne
3421 3521 3702 3564 auctorum
3737 3508 3917 3563 verbis

2312 3621 2505 3661 sensus
2539 3606 2660 3659 illos
2686 3606 3009 3675 affingatnus
3029 3646 3044 3669 ,
3077 3620 3214 3672 quos
3245 3605 3359 3673 ipsa
3389 3603 3551 3658 verba
3587 3617 3694 3656 non
3734 3600 3918 3669 expri-

2313 3711 2462 3754 tnttttt
2488 3742 2502 3764 ,
2533 3715 2709 3769 neque
2738 3703 2926 3754 eadem
2956 3702 3118 3755 verba
3147 3698 3500 3768 Opinionibus
3531 3695 3733 3752 nostris
3765 3706 3918 3766 apte-

2311 3810 2452 3849 mus.
2489 3792 2729 3848 Meminit
2760 3793 3042 3863 cujusdam
3077 3791 3316 3848 Zenonis
3342 3792 3394 3846 in
3427 3791 3656 3860 epistola
3681 3788 3751 3843 ad
3778 3791 3914 3860 Sya-

2308 3886 2482 3955 grium
2514 3887 2569 3941 S.
2606 3886 2930 3941 Ambrosius
2973 3885 3054 3940 liis
3095 3885 3314 3941 verbis:
3370 3884 3441 3938 Tu
3471 3894 3640 3937 autem
3671 3884 3785 3935 sine
3833 3881 3918 3933 al-

2311 3977 2469 4030 terius
2499 3978 2680 4046 fratris
2719 3977 2938 4031 consilio
2979 3979 3075 4031 Itoc
3101 3977 3365 4049 judicium
3393 3975 3484 4030 tibi
3511 3975 3654 4028 solus
3668 3974 3920 4045 judican-

2309 4072 2430 4122 dum
2457 4071 2677 4140 putaris,
2707 4072 2758 4124 in
2779 4087 2881 4142 quo
2912 4079 3081 4125 tamen
3104 4080 3225 4126 ante
3237 4069 3524 4141 judicium,
3548 4067 3920 4136 prejudiciuns

2311 4165 2512 4233 feceris,
2560 4175 2616 4219 ut
2655 4166 2882 4238 puellam
2924 4162 3150 4220 Zenonis
3191 4164 3402 4219 Sancta
3429 4162 3689 4216 memoria:
3709 4161 3924 4229 judicio

2309 4257 2603 4326 probatam,
2645 4261 2860 4330 ejusque
2887 4257 3260 4326 sanctiﬁcatum
3291 4255 3665 4318 benedictione,
3705 4262 3818 4321 post
3846 4261 3919 4304 tot

2309 4366 2493 4417 uilitas,
2517 4350 2628 4403 sine
2653 4361 2862 4403 auctore
2890 4349 3286 4411 criminationts,
3314 4347 3424 4401 sine
3444 4352 3775 4405 accusatore,
3807 4344 3920 4396 sine

2309 4444 2600 4512 professore
2641 4441 2920 4496 delationis
2957 4442 3011 4494 in
3041 4441 3330 4512 periculum
3360 4449 3534 4492 reatus
3553 4435 3920 4490 deducendum

2307 4534 2616 4589 arbitrarere
2650 4534 2737 4607 (S.
2772 4534 2922 4589 Amb.
2955 4533 3044 4589 lib.
3077 4549 3150 4602 vt,
3179 4551 3297 4604 cap.
3325 4531 3443 4600 46).
3477 4530 3750 4587 Judicium
3809 4529 3918 4584 Le-

2310 4631 2477 4684 ctoris
2497 4629 2730 4698 appello,
2764 4645 2829 4682 an
2856 4644 2922 4682 es
2962 4628 3044 4683 bis
3080 4636 3290 4682 tantum
3318 4626 3500 4681 verbis
3523 4625 3695 4696 possit
3722 4621 3922 4678 inferri

2308 4720 2584 4776 Zenonem
2618 4722 2761 4775 ltunc
2792 4720 3162 4775 Veronensem
3209 4719 3376 4774 fuisse
3418 4719 3733 4788 episcopum
3770 4716 3918 4786 Sya-

2304 4815 2408 4883 grii
2444 4813 2788 4867 deeessorem
2813 4854 2829 4876 ,
2860 4814 2932 4867 ita
2964 4821 3022 4867 ut
3054 4827 3117 4866 es
3147 4827 3216 4866 eo
3237 4852 3252 4878 ,
3291 4811 3435 4882 quod
3467 4811 3613 4865 hunc
3633 4809 3916 4864 Zenonem

2310 4915 2598 4974 martyrem
2625 4919 2732 4959 non
2769 4903 2966 4959 dixerit
2996 4903 3352 4969 Ambrosius,
3395 4903 3488 4958 sed
3537 4902 3756 4958 Sancte
3796 4917 3920 4956 me-

2308 4997 2522 5064 moriae,
2551 4997 2826 5068 conjicere
2856 4999 3157 5069 prudenter
3185 4997 3306 5068 quis
3335 4997 3507 5064 possit
3534 4997 3598 5052 S.
3623 4995 3916 5050 Zenonem

2304 5086 2675 5144 Vcronensem
2699 5091 3013 5162 episcOpum
3036 5132 3051 5158 ,
3087 5101 3381 5162 martyrem
3413 5103 3520 5144 non
3547 5088 3762 5145 fuisse?
3793 5087 3916 5143 Ne-

2299 5195 2416 5252 que
2462 5181 2661 5236 etenim
2703 5181 2769 5236 de
2810 5182 3030 5238 Zenone
3073 5183 3124 5238 itt
3171 5182 3334 5238 citata
3377 5183 3609 5252 epistola
3651 5181 3758 5236 ulla
3802 5180 3915 5234 alia

2303 5276 2510 5330 mentio
2541 5275 2618 5329 fit.
2648 5273 2717 5329 At
2743 5275 2811 5330 de
2837 5277 2941 5331 hoc
2971 5276 3202 5347 egimus,
3227 5284 3282 5330 et
3311 5276 3364 5330 in
3390 5275 3533 5330 libro
3562 5276 3742 5346 primo
3786 5289 3918 5329 ser-

2305 5385 2524 5424 monum
2553 5368 2608 5424 8.
2637 5368 2874 5424 Zenonis
2889 5384 3009 5442 cap.
3041 5370 3130 5438 il,
3151 5378 3210 5426 et
3237 5369 3296 5424 iri
3316 5367 3497 5424 addita
3518 5368 3920 5426 dissertatione

2298 5479 2422 5534 cap.
2458 5465 2514 5531 3,
2545 5462 2572 5534 §
2599 5463 2650 5516 1.

2304 5557 2334 5628 §
2376 5557 2442 5612 ll.
2487 5555 2844 5610 Discutiuntur
2894 5577 2954 5613 ea
2989 5574 3105 5629 qua
3143 5560 3212 5614 ad
3242 5557 3542 5615 elevandum
3576 5557 3639 5614 S.
3669 5556 3922 5628 Gregorii

2376 5651 2556 5723 Magni
2599 5652 2960 5707 auctoritatem
3009 5664 3343 5724 apponuntur
3367 5670 3385 5708 :
3406 5654 3496 5720 qui
3546 5653 3612 5709 S.
3644 5653 3928 5708 Zenones.

2377 5754 2652 5814 martyrem
2691 5745 2941 5815 appellat.

2378 5833 2502 5890 Ριω
2545 5833 2636 5890 hoc
2674 5844 2850 5892 autem
2890 5835 3144 5894 Ambrosii
3177 5837 3466 5894 testimonio
3504 5839 3714 5905 sanior
3758 5838 3930 5890 nimis
