4198 6160
379 264 479 327 7st
1796 252 2296 326 nissun'rnto.
3643 289 3745 345 m

374 396 454 443 est
486 384 547 442 ε.
582 381 819 455 Gregorii
842 381 1037 454 Magni
1054 398 1171 452 qua
1188 398 1281 454 pro
1304 384 1558 457 Martyris
1579 385 1835 457 antiquior
1855 400 1979 454 sup—
2008 436 2009 439 η

2113 381 2377 436 lanuarii
2406 386 2686 459 episcopus
2743 399 2791 444 et
2818 394 3084 461 confessor
3136 397 3464 468 nominatur,
3494 409 3642 474 atque
3673 408 3744 458 uti

376 480 504 549 pem
533 477 838 534 “own-m3.
882 474 940 529 ιε
962 476 1106 531 enim
1131 477 1216 542 qui
1246 476 1444 532 duobus
1466 487 1577 549 post
1610 476 1813 533 swculis
1834 474 1977 536 vixit,
2105 474 2402 542 confessor
2418 478 2630 545 quidem
2655 483 2705 534 in
2727 483 2837 549 ipsa
2865 486 2975 556 ejus
2999 482 3230 540 Ecclesia
3252 488 3586 548 Brundusina
3608 512 3741 549 nunc

376 566 498 629 cum
518 569 719 627 Athesis
740 567 1061 644 miraculum
1081 569 1309 624 recitem
1330 568 1614 642 Μανίῳ-ειη
1636 570 1779 624 illum
1810 564 1981 639 appel-
2105 578 2340 632 ηιιοιιιιε
2369 572 2615 641 temporis
2639 576 2842 629 colitur.
2876 575 3039 648 Urget
3071 579 3286 648 quidem
3317 584 3475 637 nimis
3510 589 3623 641 haec
3656 604 3739 642 ra-

378 664 526 732 lauit,
568 663 680 733 fieri
719 662 888 733 potuit
934 670 991 715 ut
1050 664 1302 717 memoria
1337 664 1514 735 lapsus
1551 680 1666 719 eum
1710 662 1987 732 Martyrem

2114 651 2191 707 tio
2226 670 2241 706 :
2283 653 2343 710 S.
2378 658 2685 731 Gregorius
2715 666 2768 720 in
2798 668 3140 739 appellandos
3168 670 3229 725 ις.
3263 672 3561 729 Iuvenalem
3597 677 3739 731 Nar-

366 748 576 821 ⁵ίιὶοιιιιιι
617 755 916 818 crediderit,
950 771 1109 827 quem
1134 756 1397 824 Joannes,
1438 774 1471 813 a
1514 776 1609 829 quo
1641 760 1704 814 de
1745 754 1987 811 miraculo
2110 744 2706 829 niensem‘episwpum,
2731 770 2778 815 et
2808 760 2868 815 S.
2897 758 3147 815 Leucium
3172 764 3461 839 episcopum
3491 767 3735 824 Brundu-

375 853 549 924 fnerat
581 852 873 916 instructus,
900 848 1199 919 simplicem
1251 849 1554 923 episcopum
1575 860 1623 905 et
1649 849 1989 919 confessorem
2104 838 2294 895 sinum
2322 854 2579 917 martyres
2615 850 2844 905 errarit:
2883 853 3083 906 erravit
3118 854 3293 924 itaque
3327 838 3377 911 in
3411 859 3736 930 appellando

377 948 816 1019 pronuntiaverat,
855 944 959 998 nisi
991 944 1133 1012 forte
1157 943 1276 1015 ipse
1302 944 1554 1011 Joannes,
1589 955 1637 1000 et
1661 947 1713 999 in
1736 943 1882 999 titulo
1915 940 1993 995 la-
2107 943 2363 1009 martyre
2393 939 2451 997 S.
2487 942 2750 1000 Zenone:
2788 947 2987 1001 erravit
3023 962 3153 1021 ergo
3188 949 3241 1004 in
3267 952 3534 1008 omnibus.
3561 953 3735 1012 Parti—

378 1056 505 1111 psus
540 1036 848 1111 probabilius
885 1036 1163 1092 credatur.
1210 1036 1301 1092 Ita
1341 1046 1527 1095 contra
1569 1037 1625 1094 S.
1675 1036 1993 1106 Gregorium

2113 1027 2331 1086 rulares
2362 1047 2593 1093 errores
2621 1036 2674 1091 in
2702 1038 2822 1094 aliis
2848 1039 2905 1093 S.
2941 1038 3263 1113 Grcgm'ium
3292 1059 3504 1099 errasse
3527 1087 3541 1111 ,
3573 1048 3734 1102 mini-

378 1132 633 1203 Magnum
674 1132 729 1193 ,S.
770 1130 1053 1187 Zenonem
1090 1130 1396 1203 Martyrem
1437 1133 1799 1202 appellantem
1832 1144 1997 1200 argu—
2106 1138 2193 1177 tne
2222 1123 2487 1193 probant.
2541 1130 2615 1184 At
2662 1146 2767 1186 non
2810 1132 3012 1187 erravit
3054 1133 3107 1188 in
3142 1135 3463 1205 appellando
3495 1149 3734 1211 martyre

380 1233 689 1283 mentantut‘
716 1225 768 1278 bi
794 1265 809 1290 ,
849 1223 945 1294 qui
986 1226 1167 1292 ipsum
1200 1222 1269 1278 S.
1308 1222 1676 1280 Veronensem
1707 1222 1999 1294 praesulem
2105 1214 2164 1271 S.
2196 1213 2470 1273 Juvenale
2503 1220 2771 1291 episcopo
2803 1222 3103 1279 Narniense
3124 1268 3140 1293 ,
3169 1235 3225 1280 ut
3262 1227 3312 1281 in
3343 1226 3734 1286 dissertatione

380 1314 1068 1375 autumantConl’essorem
1088 1315 1273 1387 (Apud
1297 1314 1494 1370 Baller.
1520 1314 1744 1372 Dissert.
1765 1333 1845 1384 ιιι,
1869 1329 1920 1370 c.
1939 1313 1997 1382 2,
2105 1314 2230 1378 post
2260 1306 2398 1363 duos
2429 1309 2612 1367 libros
2641 1314 2711 1368 de
2738 1312 3128 1378 Sermonibus,
3166 1327 3219 1372 et
3248 1316 3508 1390 Martyrio
3539 1320 3599 1376 S.
3633 1320 3735 1377 Ze-

380 1412 411 1486 §
458 1413 544 1483 2).
577 1411 925 1482 Inspiciamus
956 1409 1129 1466 modo
1157 1424 1227 1464 an
1260 1410 1418 1480 juxta
1451 1425 1595 1467 verte
1621 1410 1838 1467 critices
1875 1424 2003 1464 nor—
2107 1399 2268 1455 ηοηὶε
2317 1403 2674 1460 Ostendimus
2700 1446 2714 1472 ,
2783 1421 2957 1478 neque
3018 1422 3232 1463 errasse
3292 1411 3636 1467 convincitur
3678 1413 3732 1467 in

382 1522 529 1565 mam
564 1504 875 1577 procedam,
2106 1495 2164 1553 S.
2200 1496 2403 1552 Leucio
2426 1501 2699 1570 episc0po
2724 1500 3087 1561 Brundusino.
3118 1503 3377 1559 Fateatur
3400 1507 3606 1561 etenim
3632 1508 3735 1581 ipsi

453 1601 596 1661 Cum
639 1600 705 1657 de
746 1599 841 1656 SS.
882 1597 1156 1654 Ecclesiae
1188 1596 1446 1653 Patribus
1476 1597 1686 1667 agitur,
1738 1597 2004 1653 Doctores
2110 1591 2325 1646 Domini
2361 1589 2657 1649 Ballerinii
2693 1598 2813 1653 aliis
2853 1598 2905 1654 in
2944 1598 3275 1659 editionibus
3316 1598 3591 1657 Leontium
3631 1620 3734 1659 non

382 1693 583 1761 critici,
609 1701 663 1749 et
684 1692 917 1760 [lupinus
942 1690 1095 1760 ipse,
1126 1703 1191 1745 ae
1220 1689 1610 1747 Tillemontius
1642 1690 1712 1744 ita
1749 1690 2006 1760 praeseri-

2112 1681 2358 1738 Leucium
2412 1684 2714 1755 appellari.
2774 1687 2960 1744 Verum
3010 1690 3215 1761 quidem
3251 1702 3322 1745 est
3366 1689 3642 1748 Leontium
3682 1695 3737 1748 in

382 1786 543 1853 bunt,
567 1800 756 1853 nempe
772 1781 1032 1839 Veterum
1064 1781 1422 1852 probatorum
1445 1781 1789 1851 Scriptorum
1813 1790 2002 1836 aucto-
2037 1781 2086 1841 B
2112 1773 2420 1831 editionibus
2461 1785 2588 1849 post
2629 1778 2918 1839 Romanam
2960 1784 3108 1839 illum
3148 1784 3402 1857 appellari
3450 1802 3553 1841 non
3596 1784 3734 1843 Len-

384 1883 603 1938 ritatem
625 1894 655 1934 a
675 1877 965 1936 Catholicis
981 1890 1199 1931 summa
1220 1877 1574 1932 veneratione
1597 1877 2003 1947 excipiemlsm,

386 1988 568 2044 neque
605 1972 673 2027 ab
704 1986 767 2027 ea
798 1970 897 2026 nisi
935 1968 1343 2041 urgentissimis
1384 1968 1699 2025 rationibus
1744 1970 2010 2027 receden-

386 2067 544 2122 dum.

468 2159 747 2230 Urgensne
781 2156 919 2213 ratio
943 2162 1033 2212 est
1062 2154 1330 2210 incertum
1359 2153 1417 2209 S.
1458 2153 1742 2212 Ambrosii
1775 2165 2003 2225 textum,

389 2264 656 2322 expresso
682 2250 739 2306 S.
770 2247 1013 2319 Gregorii
1037 2247 1208 2303 textui
1236 2247 1556 2316 opponere?
1592 2248 1879 2306 Zenonem
1906 2267 2007 2304 no-

392 2343 568 2399 mium
593 2341 907 2399 Ambrosius
929 2381 945 2408 ,
972 2349 1029 2396 at
1060 2354 1241 2408 neque
1269 2338 1595 2408 Episcopum
1628 2341 1797 2409 dicit,
1832 2357 2014 2413 neque

394 2435 790 2498 Yeronensem,
823 2448 999 2505 neque
1024 2432 1245 2505 Syagrii
1280 2430 1655 2487 decessorem.
1683 2435 1741 2489 Si
1764 2450 1895 2490 vero
1916 2435 2015 2493 de—

396 2539 490 2586 tur
519 2526 658 2601 (non
681 2526 837 2583 datur
868 2523 1084 2597 tamen)
1117 2525 1179 2581 S.
1210 2524 1558 2578 Atuthsium
1591 2525 1875 2585 Zenonem
1910 2530 2015 2585 Ve-

396 2638 689 2680 ronensem
723 2624 1025 2680 nominasse
1057 2621 1401 2695 (incidantur
1432 2621 1728 2694 nominet),
1763 2640 1885 2695 quas
1910 2641 2014 2681 ne-

395 2718 630 2773 cessitas
650 2716 800 2773 illum
824 2724 1114 2788 martyrem
1133 2714 1414 2786 appellare
1434 2712 1458 2766 l
1479 2712 1669 2783 Neque
1692 2718 2011 2788 episcopum

397 2808 672 2866 Zenonem
720 2808 851 2865 dicit
906 2808 1250 2864 Ambrosius.
1304 2805 1416 2860 Cur
1454 2804 1638 2874 itaque
1686 2809 2008 2880 episcopum

400 2901 574 2957 fuisse
626 2910 685 2957 et
752 2901 1119 2958 Vcronensem
1166 2898 1548 2956 contendunt?
1600 2900 1659 2957 Si
1712 2911 2010 2976 martyrem

400 2992 680 3049 Zenonem
711 2994 920 3075 nolpnt,
945 2997 1072 3064 quia
1102 3004 1400 3063 martyrem
1432 2990 1758 3051 Ambrosius
1789 3011 1895 3051 non
1926 2997 2012 3052 di-

398 3086 513 3150 cit;
540 3101 716 3157 neque
741 3087 1052 3156 episcopum
1086 3086 1270 3156 itaque
1300 3082 1490 3147 fuisse,
1521 3099 1698 3155 neque
1723 3085 2011 3142 Veronen-

2112 1869 2267 1921 cinm.
2298 1868 2360 1920 At
2386 1885 2522 1924 cum
2544 1879 2654 1945 ejus
2692 1892 2875 1948 corpus
2900 1876 3186 1932 Brundusii
3209 1878 3529 1946 requiescens
3550 1880 3741 1938 ibidem

2115 1962 2370 2026 tradatur,
2417 1961 2769 2025 Brundusina
2804 1981 2972 2027 autem
3017 1971 3153 2028 Urbs
3194 1970 3397 2029 nullum
3433 1979 3770 2051 cujusquam-

2118 2055 2181 2111 S.
2208 2051 2408 2110 Leontii
2434 2073 2637 2132 corpus
2657 2064 2802 2135 apud
2838 2082 2890 2120 se
2910 2066 3230 2137 requiescens
3254 2082 3497 2143 umquam
3519 2087 3743 2144 agnove-

2115 2148 2205 2213 rit,
2236 2156 2293 2201 ut
2323 2146 2463 2202 illud
2607 2152 2785 2209 Leucii
2827 2158 3051 2230 episc0pi
3080 2157 3203 2211 olim
3231 2154 3428 2225 habuit,
3463 2172 3741 2232 antequam

2117 2240 2464 2296 Beneventum
2490 2251 2889 2319 transferretur,
2911 2251 3092 2305 melior
3115 2250 3314 2304 videtur
3339 2251 3486 2307 lectio
3505 2257 3741 2328 priorum

2118 2331 2356 2403 Gregorii
2381 2332 2695 2409 editionum,
2727 2357 2846 2411 qua:
2871 2359 2985 2396 cum
3016 2343 3238 2413 quinque
3275 2360 3398 2398 mss.
3430 2346 3484 2400 in
3512 2346 3740 2405 Benedi-

2119 2429 2257 2483 ctina
2278 2429 2518 2499 allegatis
2544 2429 2801 2488 Leucinm
2821 2435 3129 2507 prteferunt.
3161 2434 3444 2493 Leontium
3477 2456 3606 2496 vero
3630 2460 3738 2498 non

2120 2520 2376 2575 Leucium
2421 2519 2481 2576 S.
2520 2521 2848 2594 Gregorium
2888 2526 3175 2595 scripsisse
3212 2543 3278 2581 ex
3322 2529 3441 2597 ipso
3477 2543 3737 2589 contextu

2119 2612 2366 2682 epistolae
2394 2613 2527 2668 satis
2548 2613 2835 2671 evidenter
2857 2618 3107 2688 emergit.
3136 2616 3272 2673 Nam
3300 2620 3343 2674 si
3367 2620 3436 2676 de
3462 2624 3519 2677 S.
3546 2622 3731 2680 Leucii

2119 2702 2357 2776 episcopi
2384 2705 2624 2777 reliquiis
2653 2709 2896 2777 egisset,
2931 2710 3247 2781 episcopum
3281 2712 3427 2768 illum
3457 2716 3734 2772 nominas-

2121 2810 2209 2857 set
2247 2799 2537 2870 Gregorius
2562 2844 2577 2869 ,
2619 2810 2675 2856 ct
2707 2804 3025 2874 episcopum
3070 2806 3472 2870 Brundisinum.
3518 2812 3722 2868 Solum-

2120 2893 2284 2949 modo
2317 2893 2374 2949 S.
2399 2895 2653 2965 martyris
2676 2910 2878 2965 corpus
2902 2897 2953 2951 in
2970 2896 3308 2954 Brundusium
3334 2901 3562 2958 ecclesia
3583 2904 3733 2977 quic—
3774 2880 3781 2885 .

2121 2999 2274 3040 scere
2329 2983 2525 3045 asserit
2571 2983 2630 3040 S.
2686 2988 2948 3055 pontifex.
3003 2987 3138 3054 Quia
3178 2992 3412 3064 ejusdem
3455 2993 3734 3052 beatissimi

2123 3077 2361 3146 martyris
2393 3090 2582 3147 corpus
2618 3077 2672 3130 in
2705 3074 2993 3133 Brundusii
3022 3082 3254 3148 ecclesia,
3302 3084 3389 3139 cui
3426 3086 3732 3142 uisitationis

399 3192 518 3233 sem
550 3176 739 3233 eadem
772 3178 981 3234 ratione
1019 3176 1179 3234 meri
1208 3185 1499 3248 coguntur,
1534 3175 1655 3231 vid,
1686 3194 1738 3233 ρ,
1771 3180 1838 3246 5,
1875 3180 1904 3252 ς
1939 3181 1963 3233 1
1990 3220 2007 3247 ,
2039 3178 2085 3242 ρ
2120 3169 2369 3239 impendit
2394 3169 2648 3237 ofﬁciunt,
2679 3187 2789 3224 esse
2815 3171 3150 3242 dignoscitur.
3192 3174 3325 3231 Nam
3364 3181 3618 3249 superius
3650 3181 3731 3236 in-

400 3285 593 3340 supra.

478 3362 944 3434 Urgentissimane
987 3366 1102 3420 haec
1141 3364 1325 3420 ratio?
1370 3361 1426 3416 Is
1475 3361 1614 3417 enim
1664 3362 2015 3435 (Gregorius)

402 3457 495 3528 qui
520 3456 719 3515 duobus
744 3468 857 3527 post
885 3459 1090 3514 socculis
1122 3458 1252 3513 uixit
1271 3500 1285 3522 ,
1320 3472 1437 3510 cum
1462 3455 1665 3512 Athesis
1700 3457 2012 3512 miraculum

405 3549 633 3609 recitatis
657 3559 933 3620 martyrem
958 3548 1111 3604 illum
1137 3548 1439 3621 appellavit,
1465 3547 1579 3615 fieri
1602 3551 1792 3620 potuit.
1821 3559 1878 3602 ut
1904 3564 2010 3603 meo

406 3638 573 3691 moria
610 3638 786 3710 lapsus
827 3656 942 3695 eum
982 3649 1261 3711 martyrem
1291 3640 1489 3699 dictum
1526 3640 1830 3707 crediderit,
1863 3656 2012 3710 quem

404 3727 660 3795 Joannes,
686 3747 718 3785 a
745 3746 846 3802 quo
874 3732 940 3787 de
963 3732 1209 3787 miraculo
1239 3735 1407 3803 fuerat
1426 3732 1705 3786 instructus
1726 3733 2011 3805 simplicem

405 3820 705 3891 episcopum
734 3833 782 3881 et
823 3827 1165 3894 confessorem
1205 3823 1625 3896 pronuntiaverat
1671 3840 1689 3877 :
1720 3826 1820 3879 nisi
1874 3830 2010 3896 forte

370 3933 379 3939 ’
408 3912 523 3977 ipse
546 3909 774 3971 Joannes
811 3929 872 3969 eo
913 3915 967 3970 in
1009 3915 1157 3970 titulo
1186 3914 1362 3986 lapsus
1390 3916 1707 3986 probabilius
1734 3917 2005 3973 credatur;

408 4006 468 4062 Si
493 4006 714 4063 aliunde
741 4016 894 4064 certo
922 4017 1201 4065 constaret
1231 4010 1291 4066 S.
1331 4008 1607 4065 Zenonem
1634 4009 2007 4065 confessorem

409 4112 519 4153 non
546 4107 842 4169 martyrem
880 4098 1068 4163 fuisse,
1102 4108 1229 4155 tunc
1256 4099 1518 4155 memoria
1547 4101 1756 4171 lapsum
1786 4098 1846 4156 8.
1875 4100 2013 4157 Gre-

407 4190 623 4259 gorium
653 4191 818 4249 fuisse
841 4234 856 4258 ,
885 4193 1099 4262 opinari
1129 4193 1348 4249 obvium
1373 4205 1527 4249 certe
1553 4194 1878 4253 crediderim
1906 4211 1919 4248 :
1954 4204 2010 4249 at

408 4300 536 4341 cum
556 4300 625 4341 ex
652 4285 818 4342 allato
842 4287 905 4344 S.
932 4288 1208 4342 Ambrosii
1235 4288 1443 4343 incerto
1464 4296 1613 4342 textu
1637 4302 1743 4341 non
1768 4296 2005 4356 constet,

409 4376 690 4433 memoriae
718 4377 926 4448 lapsum
970 4377 1289 4434 udinvenlre
1344 4388 1548 4433 tantum
1579 4378 1775 4445 abest,
1828 4389 1886 4432 ut
1918 4393 2009 4432 ur-

408 4470 727 4541 gentissima
752 4473 890 4528 ratio
917 4472 990 4528 sit
1014 4512 1031 4538 ,
1063 4473 1190 4542 quin
1218 4471 1505 4529 calumniae
1541 4470 1662 4525 loco
1699 4469 2006 4526 habendum

409 4579 573 4621 nemo
590 4563 717 4635 jure
738 4564 1086 4625 inﬂeisbitor.

485 4656 932 4728 Urgentissimam
962 4659 1226 4714 rationem
1265 4657 1402 4713 forte
1426 4656 1652 4713 credent
1681 4657 1738 4713 8.
1772 4657 2011 4713 Zenonis

407 4756 675 4827 martyrio
703 4755 1050 4813 adversantes
1073 4796 1090 4821 ,
1126 4756 1270 4827 quod
1313 4757 1367 4809 in
1399 4755 1460 4811 S.
1495 4752 1747 4826 Gregorio
1777 4755 2009 4825 defectus

406 4849 465 4903 id
484 4848 688 4920 generis
704 4849 815 4903 sine
832 4851 1064 4920 exemplo
1086 4865 1187 4903 non
1211 4849 1339 4903 sint.
1368 4846 1508 4901 Nam
1532 4846 1748 4904 Molano
1768 4846 2010 4900 animad-

407 4954 639 5001 vertente
682 4946 735 4999 in
784 4944 1013 5000 ucunda
1064 4944 1293 5001 Usuardi
1337 4944 1579 5011 editione,
1635 4943 1697 5000 S.
1743 4942 2011 4998 Juvenaiis

410 5039 729 5095 Narniensis
751 5041 1023 5113 episcopus
1052 5041 1200 5106 cuius
1226 5044 1357 5112 festa
1386 5040 1495 5094 dies
1538 5055 1570 5095 ν
1595 5056 1756 5096 nonas
1795 5039 1926 5095 Maii
1955 5041 2011 5094 in

410 5130 651 5187 Romano
680 5131 1057 5204 Hartyrologio
1087 5134 1340 5204 signatur,
1372 5140 1568 5202 martyr
1597 5133 1789 5188 dicitur
1815 5132 1906 5187 lib.
1932 5147 2007 5201 tv,

411 5239 461 5278 c.
482 5222 575 5288 l2,
594 5240 628 5278 a
649 5224 712 5283 8.
743 5223 1014 5297 Gregorio,
1037 5240 1151 5279 eum
1177 5240 1344 5278 merus
1365 5223 1628 5289 confessor
1651 5223 1827 5292 fuerit.
1852 5222 2013 5276 Aliud

411 5333 511 5372 nos
522 5317 810 5390 exemplum
824 5317 1089 5385 offerimus
1103 5332 1169 5373 ex
1182 5318 1396 5389 epistola
1416 5316 1539 5371 olim
1553 5316 1643 5381 75,
1666 5314 1756 5370 lib.
1775 5330 1851 5383 lx,
1873 5332 2008 5370 nunc

411 5408 486 5464 6‘3
511 5451 527 5475 ,
558 5409 649 5464 lib.
672 5426 725 5465 νι
749 5450 765 5474 ,
796 5390 885 5464 ubi
906 5409 1047 5465 idem
1075 5407 1316 5477 Pontifex
1348 5406 1694 5462 beatissimum
1723 5405 2006 5478 Martyrem

410 5513 564 5558 uocat
584 5503 647 5561 S.
678 5504 923 5565 Leueituss
942 5506 1241 5577 episcopum
1259 5500 1671 5568 Brundusinum,
1698 5500 1786 5572 qui
1813 5501 1869 5554 in
1885 5499 2006 5553 lau-

374 5667 379 5671 _
411 5594 540 5648 dato
571 5593 964 5669 Hartyrologio,
1002 5610 1097 5650 nec
1122 5609 1225 5648 non
1250 5590 1564 5648 Celenderis
1591 5608 1689 5647 ms.
1720 5589 2008 5645 Bibliotne.

412 5702 490 5740 cce
513 5684 901 5753 Casanatensis,
931 5686 1119 5759 scripto
1140 5685 1346 5740 ineunte
1370 5682 1560 5740 mlo
1580 5698 1662 5748 Ix,
1694 5682 1763 5736 ad
1790 5681 2005 5736 Monas-

413 5778 603 5833 teriuas
622 5777 882 5850 quoddam
900 5775 1311 5832 Beneventanum
1336 5775 1461 5829 olim
1486 5772 1790 5843 pertinente,
1822 5786 1880 5827 ιιι
1910 5771 2001 5827 Id.

2121 3264 2267 3318 dicat
2296 3262 2589 3319 ecclesiam
2621 3268 2935 3321 monasterii
2958 3309 2972 3333 ,
3002 3270 3085 3322 cui
3121 3279 3351 3339 pra'erat
3382 3271 3729 3343 Opportunus

2119 3356 2309 3419 abbas,
2343 3354 2433 3425 qui
2456 3346 2645 3412 sacras
2674 3357 2936 3428 reliquias
2966 3361 3276 3429 expetebat,
3310 3363 3529 3420 nomine
3562 3366 3728 3435 ipsius

2119 3446 2295 3502 sancti
2316 3446 2626 3502 decoratum
2652 3447 2835 3504 fuisse.
2874 3449 3189 3506 Sanctuaria
3212 3452 3442 3526 ejusdem
3463 3459 3725 3528 ntartyris,

2117 3555 2235 3610 qua:
2273 3540 2337 3593 de
2366 3539 2577 3593 ecclesia
2607 3540 2802 3594 nomini
2838 3541 3002 3612 ipsius
3026 3545 3215 3609 dicata,
3252 3556 3306 3599 ut
3346 3548 3552 3612 astruit,
3586 3554 3728 3619 furto

2116 3636 2291 3690 ablata
2316 3644 2453 3689 sunt.
2496 3636 2675 3711 Quare
2703 3636 2747 3691 si
2780 3636 2846 3691 de
2878 3648 3066 3693 sancto
3089 3623 3318 3707 Leucio,
3355 3642 3446 3712 qui
3481 3643 3729 3698 Bromiu—

2116 3725 2252 3780 sinre
2282 3726 2537 3780 Ecclesia:
2564 3727 2855 3797 episcopus
2904 3728 3023 3795 fuit,
3067 3731 3278 3786 locutus
3304 3731 3515 3798 fuisset,
3542 3737 3727 3805 utique

2116 3826 2173 3874 et
2203 3816 2304 3871 hoc
2331 3816 2642 3872 indicasset.
2679 3820 2759 3873 An
2793 3833 2882 3885 ne,
2916 3828 2973 3897 et
3001 3822 3052 3875 in
3094 3822 3195 3878 hoc
3223 3826 3483 3881 memoria
3512 3826 3724 3897 lapsum

2114 3910 2173 3967 S.
2198 3908 2518 3980 Gregorium
2539 3909 2806 3978 dicemus,
2829 3914 2885 3967 in
2906 3894 3030 3968 eum
3054 3915 3353 3972 calumnias
3372 3894 3726 3976 cumulando?

2118 4003 2274 4072 Quod
2300 4019 2417 4057 vero
2448 3993 2787 4060 Brundusina
2813 4005 3049 4061 ecclesia.
3088 4048 3101 4061 .
3139 4048 3152 4061 .
3182 4010 3383 4064 nullum
3417 4016 3720 4085 cujusquam

2116 4094 2179 4151 S.
2213 4093 2420 4151 Leontii
2447 4110 2636 4165 corpus
2664 4096 2806 4166 apud
2832 4114 2886 4151 se
2911 4098 3234 4167 requiescens
3260 4116 3536 4172 numquam
3562 4120 3724 4174 agno-

2112 4188 2258 4253 verit,
2284 4190 2453 4260 gratis
2479 4188 2763 4249 asseritur.
2816 4189 3031 4244 Nullam
3067 4190 3135 4245 de
3179 4207 3246 4247 eo
3283 4210 3427 4249 nunc
3465 4199 3728 4266 lt'mpttl'iS'

2112 4291 2329 4337 exstare
2352 4281 2667 4335 memoriam
2686 4282 2737 4336 in
2755 4281 2943 4337 eadem
2960 4281 3200 4337 Ecclesia
3224 4286 3394 4340 asseri
3419 4296 3620 4355 potest.
3656 4291 3723 4342 At

2112 4384 2270 4430 sexto
2298 4371 2501 4428 sacculo
2531 4371 2819 4428 Brundusii
2851 4388 2956 4428 non
2981 4373 3313 4444 requievisse
3345 4392 3544 4445 corpus
3573 4380 3722 4449 ejus-

2112 4466 2233 4522 dem
2257 4465 2315 4521 8.
2343 4464 2576 4532 Leontii,
2610 4467 2731 4539 quis
2759 4476 2949 4522 contra
2976 4465 3033 4521 8.
3063 4466 3309 4538 Gregorii
3336 4471 3714 4527 auctoritatem

2034 4564 2086 4625 ιι
2114 4560 2310 4614 mutire
2349 4556 2588 4614 audeat?
2630 4559 2775 4628 Quot
2816 4559 3139 4616 Sanctorum
3174 4576 3405 4634 corpora
3445 4567 3630 4620 nntltis
3660 4567 3716 4622 in

2111 4654 2358 4711 ecclesiis
2380 4654 2700 4720 extiterunt,
2723 4669 2955 4726 quorum
2978 4669 3084 4709 non
3108 4664 3191 4711 est
3222 4659 3503 4724 memoria,
3536 4660 3717 4725 bellis,

2112 4747 2378 4803 incendiis
2401 4789 2416 4812 ,
2449 4748 2838 4803 vastationibus
2868 4748 3150 4817 absumpta
3174 4748 3200 4802 ‘i
3228 4749 3361 4804 Nam
3394 4748 3449 4804 in
3484 4749 3720 4807 editione

2113 4853 2335 4894 romana
2358 4840 2691 4896 multitudine
2714 4841 3187 4911 antiquissimorum
3209 4842 3579 4915 exemplarium
3595 4860 3721 4901 usos

2119 4948 2179 4989 se
2209 4934 2372 4988 fuisse
2397 4942 2683 5000 testantur,
2711 4937 2800 5008 qui
2823 4950 2941 4992 eam
2974 4947 3230 4992 curarunt
3257 4936 3570 4994 editionem.
3600 4938 3716 4996 Non

2118 5037 2310 5099 urgent
2335 5026 2519 5097 itaque
2548 5027 2794 5084 adducta:
2820 5028 3057 5084 rationes
3081 5044 3095 5096 ;
3127 5044 3294 5099 quare
3320 5046 3349 5085 a
3382 5031 3440 5085 S.
3470 5030 3715 5103 Gregorii

2116 5118 2417 5176 assertione
2446 5116 2515 5174 de
2558 5118 2617 5176 8.
2661 5116 2899 5175 Zenonis
2926 5118 3185 5191 Martyrio
3218 5120 3578 5178 recedendum
3610 5136 3717 5179 non

2117 5224 2223 5270 est.

2189 5302 2362 5358 Minus
2392 5311 2548 5374 urget
2585 5302 2817 5359 assertio
2842 5302 3097 5361 Coronati
3129 5304 3358 5375 Notarti,
3402 5307 3492 5380 qui
3524 5310 3581 5364 8.
3617 5309 3715 5367 Ze-

2113 5397 2271 5451 nonis
2300 5397 2464 5450 vitam
2500 5396 2823 5468 conscripsit
2868 5414 2884 5450 :
2931 5398 3113 5453 multis
3151 5404 3350 5456 etenim
3394 5401 3720 5471 improbabi-

2110 5487 2254 5544 libus
2298 5489 2553 5544 refertam
2591 5503 2714 5545 esse
2761 5488 2998 5546 fatentur
3052 5492 3314 5562 lpsimet,
3382 5493 3472 5563 qui
3526 5505 3718 5549 contra

2112 5583 2423 5657 Martyrium
2459 5585 2514 5641 8.
2549 5583 2785 5642 Zenonis
2808 5587 3119 5657 opinantur.
3151 5585 3515 5657 improbabile
3549 5587 3722 5657 serip-

2109 5688 2222 5735 tum
2260 5692 2382 5747 cum
2421 5678 2478 5735 8.
2525 5677 2771 5751 Gregorii
2817 5682 3138 5736 auctoritate
3166 5678 3416 5734 conferre
3470 5678 3591 5747 quis
3624 5693 3724 5733 an-

2106 5769 2268 5828 deat?
2296 5771 2352 5828 Si
2380 5772 2501 5843 quis
2526 5785 2655 5827 vero
2689 5770 2950 5838 auderet,
2987 5771 3147 5827 istum
3180 5768 3377 5839 injuria
3418 5781 3520 5834 pro
3550 5781 3720 5828 vene.
