4198 6160
503 251 609 307 745

1272 251 1365 309 DE
1401 248 1725 309 OPINIONE
1768 248 2131 306 BALLERIN.
2173 251 2377 310 (IIRCA
2415 252 2567 310 ZEN.
2608 254 3025 315 MARTYRIUA!

3709 258 3811 317 744

505 366 714 422 ratione
757 366 817 422 8.
864 366 1181 423 Pontilicem
1219 366 1562 442 aﬂ'ecturum,
1600 380 1761 422 nemo
1798 382 1905 421 non
1946 364 2112 421 videt.
2142 368 2194 428 A
2221 368 2379 424 Missa
2405 369 2457 423 in
2486 371 2735 427 oratione
2757 381 3005 440 secreta;
3036 378 3094 428 et
3127 371 3194 428 ad
3224 371 3366 428 Deus
3399 374 3486 442 qui
3506 374 3599 429 tati
3636 373 3812 429 Eccle-

510 461 585 516 De
623 461 724 516 hac
758 476 887 517 vero
916 461 1021 515 vita
1053 476 1083 514 a
1124 459 1399 516 Coronato
1429 460 1706 531 descripta
1733 460 1914 515 videas
1950 474 2113 532 supra

509 554 897 610 dissertatione
929 553 1123 624 prima,
1154 568 1276 624 cap.
1306 555 1360 620 5,
1396 554 1424 625 §
1455 553 1511 609 3.

582 644 798 700 Addunt
842 654 1103 716 praeterea
1136 662 1149 698 :
1181 643 1248 699 In
1280 646 1584 717 perantiquo
1613 644 1853 701 Remensi
1873 644 2114 700 codice...

512 739 593 794 ubi
621 739 896 809 exponitur
920 738 1233 793 miraculum
1256 739 1483 805 Athesis,
1510 739 1702 793 inserta
1729 746 1979 811 apparent
2004 738 2121 806 ipsa

510 832 573 888 S.
601 831 835 902 Gregorii
859 831 1077 886 verba...
1109 840 1156 886 et
1176 831 1230 885 in
1249 830 1331 886 his
1361 848 1456 902 pro
1486 847 1545 886 eo
1571 830 1712 901 quod
1731 831 1873 903 apud
1899 831 1959 887 S.
1991 828 2121 884 Gre-

508 925 709 998 gorium
752 923 996 979 scribitur
1036 942 1055 975 ι
1094 922 1162 979 ad
1205 921 1601 978 ostendendum
1647 924 1897 977 meritum
1928 931 2123 992 marty-

511 1015 612 1083 ris,
636 1034 657 1069 ι
691 1015 882 1071 ibidem
902 1017 1130 1088 positum
1157 1016 1274 1087 fuit,
1304 1032 1324 1067 ι
1353 1014 1419 1070 ad
1444 1014 1838 1071 ostendendum
1868 1014 2120 1069 meritum

512 1109 877 1166 Confessnris.
911 1129 931 1164 ι
965 1109 1116 1166 Unde
1130 1110 1354 1179 suspicio
1381 1119 1453 1165 est
1473 1152 1489 1177 ,
1531 1109 1869 1165 Veronensem
1892 1110 2124 1179 quicum-

511 1219 608 1274 que
638 1202 825 1273 fuerit,
855 1203 943 1272 qui
971 1219 1085 1258 eam
1111 1201 1428 1257 additionem
1463 1203 1517 1256 in
1557 1218 1651 1257 ms.
1678 1202 1770 1256 illo
1802 1203 1927 1255 olim
1958 1199 2122 1255 Vero-

513 1295 678 1361 nensi,
712 1311 847 1349 nunc
884 1305 1055 1349 autem
1098 1293 1341 1350 Remensi
1374 1296 1640 1365 apposuit,
1662 1311 1728 1349 ea:
1754 1293 1987 1367 Gregorii
2012 1309 2127 1349 ver-

516 1390 591 1445 bis
620 1388 905 1462 Martyrem
942 1391 997 1444 in
1033 1387 1397 1461 Confessorem
1428 1391 1745 1453 correxisse,
1778 1389 2128 1463 Sanctumque

515 1487 806 1558 pontiﬁcem
834 1486 889 1540 in
916 1501 975 1540 eo
1003 1486 1209 1554 lapsum
1236 1495 1462 1555 putasse,
1486 1485 1623 1555 quod
1652 1483 1715 1540 S.
1750 1484 1891 1538 Zeno
1915 1481 2129 1538 Veronae

516 1577 788 1648 Confessor
815 1579 1108 1644 haberetur,
1138 1594 1240 1632 non
1269 1586 1489 1649 martyr;
1520 1593 1622 1647 qua
1660 1576 1833 1630 eadem
1870 1577 1933 1629 de
1971 1591 2132 1629 causa

519 1668 809 1725 Monachus
857 1668 1189 1726 Zenonianus
1231 1668 1533 1743 Gregorium
1571 1668 1871 1741 appellans,
1915 1670 2129 1740 ejusque

2220 461 2311 515 sia:
2354 462 2521 533 fecisti
2571 462 2902 533 Ponti/irem.
2932 464 3137 532 Quibus
3173 464 3454 521 Ordinatio
3494 464 3551 521 8.
3584 466 3818 524 Zenonis

2221 563 2411 626 aperte
2439 568 2914 614 commemoratur.
2943 558 3001 613 In
3026 558 3195 627 prima
3226 559 3406 631 itaque
3427 560 3672 615 oratione
3701 561 3818 631 ipse

2221 645 2281 704 S.
2310 649 2608 720 Gregorius
2628 692 2641 715 ,
2669 652 2759 722 qui
2792 652 2878 708 bis
2906 652 2963 709 8.
3007 652 3281 709 Zenonem
3312 653 3603 725 Martyrem
3631 653 3817 725 appel-

2224 745 2366 800 larat
2399 745 2815 803 consuetudinis
2852 747 3106 803 Ecclesiae
3154 748 3482 806 Veronensis
3529 765 3636 807 non
3676 751 3822 823 igna-

2224 853 2352 904 rus,
2385 837 2768 894 Confessorem
2812 839 2958 895 dicit.
3009 838 3360 897 Venerabilem
3396 841 3532 896 diem
3564 843 3822 916 complen-

2227 932 2345 988 dam
2371 951 2388 987 :
2442 933 2589 987 Beati
2619 932 2940 1006 Gonfessoris
2970 935 3043 988 tui
3081 933 3304 990 Zenonis
3328 936 3596 993 devotione
3629 937 3823 995 Sancta

2230 1026 2383 1081 hodie
2409 1025 2739 1081 celebrantes.
2774 1026 2904 1093 Quae
2924 1028 3203 1083 orationes
3223 1028 3429 1085 eaedem
3457 1040 3584 1086 sunt
3608 1047 3673 1087 ac
3696 1032 3821 1101 illae,

2227 1133 2350 1187 quae
2378 1117 2430 1172 in
2464 1117 2619 1173 tertia
2647 1117 2808 1173 missa
2837 1133 2932 1189 pro
2964 1118 3203 1175 Ecclesia
3240 1120 3559 1190 Veronensi,
3592 1139 3685 1180 seu
3708 1126 3823 1180 Mu-

2231 1209 2466 1266 nasterio
2489 1207 2550 1265 8.
2578 1209 2845 1277 Zenonis,
2872 1222 2926 1265 et
2957 1210 3010 1265 in
3042 1210 3132 1266 die
3167 1210 3533 1268 Ordinationis
3570 1214 3628 1271 8.
3652 1214 3827 1271 Zeno-

2232 1303 2316 1357 nis
2353 1304 2753 1370 recitabantur,
2791 1314 2847 1358 ut
2878 1303 3138 1359 adnatant
3170 1304 3380 1361 Domini
3413 1306 3708 1362 Balleriuii.
3739 1309 3823 1364 Si-

2232 1404 2322 1450 cut
2344 1395 2395 1450 in
2426 1397 2589 1450 missa
2617 1398 2798 1467 itaque
2823 1396 2952 1452 etin
2978 1396 3170 1452 Ofﬁcio
3201 1398 3403 1467 pariter
3428 1398 3577 1454 Zeno
3604 1399 3828 1456 Confes—

2234 1510 2326 1551 sor
2369 1496 2601 1565 legitur,
2647 1495 2699 1549 in
2735 1493 3163 1566 Martyrologiis,
3207 1502 3264 1550 et
3300 1494 3691 1561 Lectionariis,
3722 1512 3829 1552 non

2235 1586 2379 1658 quod
2408 1586 2701 1659 Martyrem
2730 1601 2835 1641 non
2859 1596 3128 1656 putarent,
3161 1587 3323 1643 sicuti
3345 1602 3522 1659 neque
3540 1586 3831 1644 Confesso-

2236 1695 2385 1747 rem,
2421 1680 2518 1735 sed
2555 1678 2844 1750 Martyrem
2879 1680 3152 1749 reputavit
3191 1680 3249 1737 8.
3279 1680 3594 1753 Gregorius.
3646 1680 3752 1738 Sed
3775 1690 3834 1737 ut

517 1763 674 1820 verba
715 1764 959 1830 recitans,
993 1763 1239 1834 martyris
1282 1762 1488 1817 nomine
1527 1762 1902 1831 praetermisso,
1946 1758 2131 1843 Sancti

2249 1775 2536 1832 )lﬁciorum
2567 1774 2731 1841 ritui,
2768 1784 2823 1830 et
2859 1775 3171 1842 orationes,
3211 1784 3266 1831 et
3303 1775 3591 1832 Lectiones
3618 1790 3830 1832 accom-

518 1858 789 1930 supposuit
805 1858 1052 1925 scribens,
1073 1875 1092 1909 ι
1115 1856 1183 1911 ad
1198 1854 1596 1912 ostendendum
1610 1853 1860 1909 meritum
1878 1852 2084 1918 Sancti,
2108 1871 2126 1905 ι

520 1952 599 2007 vel
625 1961 678 2005 ut
708 1951 764 2005 in
798 1967 893 2005 ms.
928 1948 1257 2005 Lectionario
1287 1948 1537 2002 Brixiano
1578 1948 1783 2020 legitur,
1814 1948 1963 2018 cujus
1993 1960 2135 1998 men—

523 2044 710 2099 tionem
758 2041 1002 2112 Ma/Ieius
1042 2051 1215 2096 noster
1256 2040 1309 2094 in
1356 2040 1664 2112 praefatione
1702 2037 1770 2092 ad
1819 2037 2134 2093 Monachum

524 2135 881 2192 Zenonianum
916 2151 1039 2207 pag.
1076 2134 1182 2191 5l7
1238 2131 1386 2187 Hist.
1423 2132 1642 2201 diplont.
1695 2150 1714 2182 ι
1753 2131 1821 2186 ad
1844 2129 2137 2188 ostenden-

525 2231 652 2287 dum
683 2229 934 2285 meritum
959 2225 1360 2282 Confessorisa
1393 2224 1514 2279 Nisi
1534 2224 1667 2293 forte
1686 2223 1782 2278 hoc
1805 2239 1903 2277 ms.
1934 2220 2137 2277 Lectio-

528 2324 732 2380 narium
752 2321 1060 2377 Brixianam
1077 2319 1246 2393 ipsam
1266 2315 1512 2373 Coronati
1532 2317 1688 2371 vitam
1708 2332 1771 2371 ea:
1792 2316 1947 2371 simili
1970 2329 2139 2369 exem-

529 2419 616 2491 plo
651 2418 893 2474 Remensi
918 2424 1178 2485 sumptam
1206 2415 1500 2478 contineat,
1530 2412 1604 2466 uti
1634 2425 1757 2465 sane
1788 2408 1935 2464 illam
1965 2408 2135 2463 conti-

529 2522 621 2569 net
657 2509 1039 2567 Lectionarium
1060 2508 1339 2563 aliud'ms.
1369 2504 1619 2559 Ecclesia:
1641 2501 1976 2566 Tridentinus.
2002 2498 2138 2567 quod

531 2608 764 2666 eamdem
774 2603 1092 2661 additionem
1108 2612 1157 2657 et
1173 2599 1455 2671 formulam
1473 2596 1711 2670 Gregorii
1733 2594 1893 2651 verbis
1909 2596 2136 2663 praefert.

603 2700 663 2757 In
695 2714 797 2755 ms.
829 2695 1087 2753 Coronati
1126 2692 1201 2750 ab
1242 2691 1475 2764 Ugbello
1510 2689 1684 2745 relato
1722 2688 1866 2743 circa
1905 2685 2141 2740 miracu-

535 2795 645 2851 lum
675 2790 893 2848 Athesis
927 2784 1304 2844 excreseentis
1341 2783 1542 2839 inserta
1586 2781 1644 2836 8.
1687 2778 1934 2851 Gregorii
1976 2775 2141 2833 verba

535 2886 761 2943 minime
785 2882 1040 2953 leguntur
1069 2893 1135 2935 ac
1167 2877 1222 2933 in
1258 2874 1534 2942 Bemensi,
1564 2882 1617 2930 et
1646 2874 1699 2928 in
1727 2887 1832 2928 ms.
1859 2869 2145 2926 Lectionu-

537 2981 623 3037 rio
648 2976 929 3041 Brixiano,
970 2988 1036 3029 ac
1060 2970 1402 3029 Tridentino.
1438 2968 1570 3037 Qua:
1600 2967 1833 3023 varietas
1864 2965 2147 3036 conjectu-

541 3086 654 3127 ram
694 3076 935 3126 nostram
978 3065 1268 3122 conlirmat
1290 3105 1305 3131 ,
1338 3061 1594 3118 Coronati
1634 3059 1841 3116 Notarii
1875 3058 2040 3113 vitam
2074 3056 2145 3112 de

2238 1866 2555 1930 modarent,
2588 1867 2740 1937 plura
2786 1866 2855 1922 de
2908 1866 2991 1922 his
3019 1867 3184 1923 citato
3232 1867 3325 1922 lib.
3353 1867 3389 1921 2
3417 1866 3605 1924 videre
3648 1878 3825 1937 potes.

2237 1960 2375 2016 Illud
2407 1975 2536 2016 vero
2565 1977 2671 2015 non
2700 1960 3079 2028 omittendum,
3109 1976 3305 2031 nempe
3332 1960 3385 2016 in
3413 1962 3618 2030 scripto
3643 1960 3828 2016 Mona-

2239 2056 2326 2111 clti
2372 2055 2667 2131 zenoniani
2698 2055 3090 2111 correctionem
3125 2055 3227 2111 ltoc
3257 2056 3419 2111 modo
3449 2054 3643 2111 factam
3683 2073 3698 2110 :
3737 2070 3832 2124 pro

2239 2148 2422 2204 verbis
2442 2149 2585 2204 enim
2607 2149 2663 2204 8.
2689 2148 2935 2218 Gregorii
2956 2148 3024 2203 ad
3053 2147 3419 2204 ostendendum
3444 2149 3679 2205 meritum
3698 2163 3833 2203 mar-

2241 2244 2388 2314 tyris,
2419 2243 2679 2312 scriptum
2711 2251 2795 2297 est
2825 2260 2838 2296 :
2869 2241 2950 2296 Ad
2977 2241 3347 2296 ostendendum
3371 2243 3610 2298 meritum
3632 2241 3828 2306 Sancti,

2240 2350 2304 2391 ea
2335 2334 2403 2390 de
2428 2348 2591 2390 causa
2620 2332 2962 2389 credendum.
2977 2340 3092 2399 est,
3117 2333 3259 2403 quod
3290 2334 3356 2399 is,
3382 2334 3474 2405 qui
3503 2340 3575 2389 ita
3599 2332 3835 2389 correxit

2240 2430 2373 2486 satis
2403 2444 2525 2485 esse
2566 2428 2808 2500 putavit,
2842 2443 2911 2484 ne
2934 2429 3060 2483 ritui
3091 2427 3431 2484 Confessoris
3454 2427 3634 2497 aliquo
3667 2426 3835 2482 verbo

2241 2522 2641 2591 detraheretur,
2684 2522 2918 2580 reticere
2946 2522 3317 2578 tantummodo
3358 2522 3608 2594 martyris
3636 2536 3832 2577 nomen

2246 2617 2362 2673 sine
2383 2615 2660 2672 additione
2689 2615 2835 2673 verbi
2865 2614 3227 2679 Goulessoris,
3258 2616 3459 2687 alioqui
3488 2616 3666 2671 sciens
3708 2630 3834 2671 vere

2247 2709 2537 2781 Martyrem
2588 2708 2753 2764 fuisse
2804 2707 3107 2774 Zenonem,
3164 2708 3398 2778 ideoque
3450 2706 3834 2763 Coniessorem

2246 2800 2419 2857 uoluit
2447 2800 2738 2871 appellare.
2775 2800 2888 2868 Qua
2915 2799 2985 2856 de
3018 2816 3078 2857 re
3116 2800 3207 2855 illa
3235 2799 3372 2855 forte
3403 2800 3589 2865 verba,
3623 2814 3743 2867 qua:
3783 2798 3837 2853 in

2246 2894 2509 2965 opusculo
2537 2894 2791 2949 Coronati
2826 2893 3075 2963 leguntur
3106 2910 3118 2946 :
3152 2890 3279 2946 Non
3304 2892 3466 2946 multo
3496 2900 3608 2961 post
3637 2892 3692 2944 in
3715 2907 3841 2961 pace

2246 2995 2479 3054 receptus
2509 2994 2617 3051 est,
2670 2983 2880 3040 sublata
2915 2984 3191 3039 mentione
3216 2982 3453 3053 Martyrii
3492 2984 3549 3035 8.
3580 2980 3836 3049 Zenonis,

2246 3078 2366 3147 ejus
2389 3078 2679 3133 mentionis
2696 3077 2818 3133 loco
2846 3076 3019 3147 posita
3041 3084 3187 3131 sunt.
3213 3075 3343 3131 Nam
3372 3076 3426 3131 in
3454 3074 3575 3131 aliis
3595 3090 3728 3131 mss.
3759 3073 3845 3129 di—

542 3162 599 3218 S.
631 3161 849 3218 Zenone
872 3173 982 3214 non
1018 3156 1283 3229 integram
1308 3153 1375 3210 ad
1407 3162 1654 3223 posteros
1682 3151 2021 3223 pervenisse,
2044 3147 2139 3204 sed

2250 3187 2405 3227 versa
2448 3172 2890 3241 conspiciuntur,
2929 3179 2990 3225 ut
3020 3170 3071 3224 in
3101 3168 3292 3225 eodem
3332 3168 3426 3224 lib.
3459 3184 3495 3223 ιι
3550 3182 3674 3239 cap.
3714 3166 3749 3221 5
3773 3167 3842 3222 de

542 3252 781 3310 corrosis
812 3258 1100 3314 vetustate
1143 3245 1364 3302 eartulis
1393 3243 1642 3316 quaedam
1691 3257 1858 3314 pauca
1921 3256 2141 3298 reman—

545 3346 683 3403 sisse
711 3361 741 3400 a
781 3342 1028 3417 pluribus
1059 3348 1245 3411 postea
1290 3338 1443 3404 aliis,
1491 3346 1546 3392 et
1590 3334 1710 3389 aliis
1754 3333 1932 3390 verbis
1971 3331 2146 3390 conti-

549 3421 752 3507 nuata,
784 3445 844 3493 ut
872 3435 960 3493 hic
991 3442 1170 3506 patet,
1218 3431 1308 3487 ubi
1341 3432 1396 3485 iu
1422 3430 1712 3495 Remensi,
1754 3428 2040 3494 Brixiauo,
2087 3441 2151 3482 ac

548 3530 865 3588 Tridentin
904 3542 1008 3582 ms.
1055 3524 1218 3581 verba
1271 3514 1517 3593 Gregorii
1559 3521 1903 3585 inseruntur,
1946 3534 2065 3589 quae
2095 3517 2150 3573 in

548 3624 671 3681 aliis
693 3638 828 3680 mss.
858 3622 1062 3677 inserta
1109 3633 1218 3672 non
1262 3625 1407 3672 sunt.
1444 3614 1808 3671 Correctionis
1837 3628 1966 3669 vero
1990 3627 2154 3669 causa

551 3720 800 3792 superius
826 3716 1080 3783 adducta,
1114 3726 1382 3783 nempe...
1410 3710 1651 3783 Suspicio
1704 3718 1778 3764 est
1813 3707 2153 3764 Veronensem

552 3813 862 3885 quicumque
889 3810 1074 3881 fuerit,
1105 3805 1196 3879 qui
1236 3820 1349 3859 eam
1383 3801 1775 3856 additionem...
1817 3801 2060 3871 apposuit
2092 3814 2155 3853 ea:

556 3904 794 3977 Gregorii
835 3902 1000 3958 verbis
1038 3898 1326 3969 Martyrem
1360 3894 1416 3949 in
1460 3892 1813 3965 Confessorem
1851 3893 2151 3959 correxisse,

558 4000 621 4056 S.
646 3980 974 4068 ‘Pontiﬁeem
995 3995 1052 4049 in
1083 4009 1146 4049 eo
1178 3991 1330 4061 lapsu
1356 3998 1581 4062 putasse,
1612 3987 1752 4058 quod
1782 3987 1845 4044 S.
1877 3985 2016 4042 Zeno
2053 3985 2153 4040 Ve-

554 4107 698 4148 rona
721 4089 993 4161 Confessor
1024 4086 1314 4151 haberetur,
1362 4098 1467 4138 non
1504 4090 1719 4153 martyr.
1759 4079 2153 4148 Correctionis,

557 4184 798 4258 inquam,
831 4181 993 4254 hujus
1019 4193 1181 4237 causa
1209 4175 1358 4233 nullo
1387 4174 1568 4246 adjnta
1598 4173 1893 4246 probabilis
1920 4173 2154 4228 circum-

555 4277 765 4335 stantiae
785 4273 1003 4344 indicio,
1038 4268 1375 4328 emendicata
1403 4265 1637 4322 videtur.
1670 4265 1786 4320 Alia
1818 4262 2151 4335 probabilior

561 4367 822 4439 suppetit,
864 4378 1024 4435 quam
1068 4361 1285 4433 ipsimet
1311 4356 1660 4430 suppeditant
1687 4354 1901 4411 Domini
1932 4353 2157 4409 Balleri-

560 4462 635 4519 nii
666 4462 720 4517 in
761 4456 1133 4515 admonitione
1175 4452 1242 4510 ad
1283 4458 1633 4509 monumenta
1673 4465 1829 4506 num.
1874 4447 1933 4517 2,
1965 4461 2159 4515 nempe

2253 3264 2506 3337 Martyrio
2526 3265 2587 3322 S.
2618 3263 2855 3320 Zenonis
2880 3262 3277 3319 adnotavimus.
3304 3261 3548 3318 Varietas
3578 3262 3696 3318 hinc
3712 3262 3845 3317 etin

2254 3358 2599 3415 Lectionario
2628 3374 2733 3414 ms.
2774 3358 2996 3429 antiquo
3026 3358 3078 3413 in
3107 3357 3413 3428 Episcopali
3441 3356 3698 3413 Archivio
3728 3356 3845 3413 Pis-

2256 3448 2477 3505 toriensi
2494 3449 2563 3505 ab
2579 3448 2947 3505 eruditissimo
2969 3449 3029 3504 P.
3046 3447 3305 3505 Zacharia
3333 3449 3391 3505 S.
3420 3448 3471 3504 .l.
3501 3458 3717 3519 reperto
3735 3449 3847 3505 cvi-

2254 3544 2571 3600 denlissima
2599 3544 2797 3615 legitur
2836 3543 2920 3600 his
2948 3544 3126 3601 verbis
3148 3557 3405 3614 expressa
3432 3561 3445 3598 :
3475 3543 3578 3610 Qui
3602 3543 3726 3597 dum
3751 3543 3847 3597 hoc

2246 3638 2403 3710 juxta
2435 3636 2532 3691 Dei
2560 3638 2876 3708 adjutorium
2912 3646 3115 3710 ageret,
3146 3636 3243 3692 Dei
3266 3638 3597 3703 voluntatem,
3643 3635 3850 3707 quando

2257 3728 2450 3799 placuit
2472 3728 2687 3794 uolente,
2711 3744 2813 3783 non
2835 3739 2946 3802 post
2969 3732 3121 3803 longo
3145 3738 3370 3799 tempore
3393 3737 3622 3800 receptus
3645 3728 3701 3781 in
3724 3743 3852 3797 pace

2258 3831 2350 3876 est.
2387 3819 2671 3878 Lectiones
2695 3836 2826 3876 vero
2874 3836 2971 3891 pro
2996 3828 3185 3877 octava
3221 3819 3312 3876 die
3334 3819 3640 3876 decembris
3667 3819 3853 3890 dispo-

2258 3914 2377 3968 sita:
2403 3912 2863 3983 conspicuuntur,
2904 3928 3009 3983 qua
3038 3912 3405 3968 Ordinationis
3444 3911 3663 3967 Festum
3704 3910 3853 3966 cele-

2258 4005 2466 4062 bratur.
2497 4005 2788 4062 Testantnr
2807 4021 3023 4077 quoque
3048 4005 3322 4072 Perettus,
3345 4014 3400 4061 et
3420 4003 3664 4074 Bagatta,
3690 4010 3854 4071 atque

2261 4097 2567 4154 Dondorius
2601 4109 2809 4165 noster,
2840 4098 3037 4153 oculati
3072 4104 3239 4153 testes
3258 4138 3274 4163 ,
3302 4096 3356 4151 in
3380 4094 3729 4151 Lectionibus
3756 4107 3859 4165 pro

2260 4190 2399 4247 festo
2452 4191 2697 4263 martyrii
2734 4190 2792 4247 8.
2835 4189 3070 4246 Zenonis
3116 4188 3420 4256 ordinatis,
3466 4202 3587 4258 qua:
3635 4202 3702 4242 ex
3744 4185 3858 4241 Co-

2261 4282 2437 4338 ronati
2495 4282 2698 4353 scripto
2759 4281 3042 4353 desumpta
3088 4279 3261 4338 fuisse
3304 4287 3551 4344 constat,
3607 4277 3859 4349 martyrii

2262 4375 2595 4432 mentionem
2662 4374 2819 4440 ﬁeri,
2877 4384 2932 4430 et
2992 4374 3255 4443 Veronae,
3313 4385 3365 4430 et
3417 4372 3659 4428 Pistorii.
3723 4370 3861 4427 Vide

2262 4482 2383 4538 quae
2438 4466 2723 4549 attulimus.
2756 4467 2850 4522 lib.
2906 4482 2946 4521 ιι
2989 4481 3108 4537 cap.
3172 4468 3199 4521 1
3247 4466 3316 4522 de
3363 4464 3618 4536 Martyrio
3661 4463 3719 4519 S.
3763 4463 3864 4518 Ze-

559 4554 816 4616 Coronati
845 4552 1163 4626 opusculum
1187 4591 1202 4617 ,
1234 4563 1342 4622 quo
1371 4549 1535 4605 vitam
1564 4546 1621 4602 S.
1656 4546 1893 4604 Zenonis
1918 4545 2162 4602 exaravit
2185 4555 2240 4617 ι)
2266 4564 2445 4620 nonis.
2490 4545 2869 4619 Cal-rectiones
2906 4562 3065 4631 igitur
3086 4603 3101 4628 ,
3152 4560 3224 4618 de
3260 4560 3456 4632 quibus
3502 4558 3719 4629 agitur,
3751 4571 3860 4612 non

560 4655 616 4712 in
644 4651 988 4712 Lectionario
1006 4649 1175 4707 fuisse
1201 4647 1450 4711 relatum,
1478 4645 1620 4717 quod
1642 4685 1657 4711 ,
1687 4655 1742 4700 et
1771 4645 1838 4700 de
1866 4642 2161 4699 Zenoniani

560 4749 805 4808 Monachi
831 4747 1036 4819 scripto
1077 4751 1364 4802 testantur.
1395 4740 1467 4795 1n
1491 4740 1653 4794 sacris
1694 4739 1869 4828 ofﬁciis
1892 4736 2159 4809 (Monachi

560 4839 857 4901 Zenoniani
885 4834 1169 4906 scriptum)
1204 4848 1298 4904 pro
1324 4830 1567 4888 Coronati
1606 4829 1712 4883 vita
1738 4829 1905 4884 locum
1938 4831 2043 4900 fere
2075 4845 2162 4884 oc-

563 4936 786 5008 cupauit.
821 4931 951 4989 Haec
974 4928 1153 4985 ofﬁcia
1191 4939 1293 4997 pro
1318 4923 1481 4979 Festo
1504 4919 1952 4978 Ordinationis'S.
1982 4921 2160 4978 Zeno-
2228 4932 2231 4935 '

562 5027 648 5083 nis
668 5022 909 5098 episcopi
939 5016 1192 5077 ordinata
1227 5013 1381 5070 fuere
1419 5010 1488 5069 de
1521 5009 1847 5069 Confessore
1875 5011 2158 5072 Pontiﬁce.

561 5122 698 5181 Nam
722 5121 793 5177 de
818 5113 1075 5187 Martyrio
1104 5110 1164 5168 S.
1192 5106 1427 5166 Zenonis
1454 5106 1747 5180 antiquitus
1788 5120 1913 5163 raro
1942 5105 2164 5164 Festum

562 5211 963 5276 celebrabatur,
1002 5214 1065 5263 ut
1098 5212 1317 5262 constat
1351 5217 1423 5260 ex
1439 5215 1648 5258 canone
1665 5200 1893 5258 Concilii
1918 5201 2167 5258 Toletani

564 5308 693 5365 anni
719 5304 847 5372 656,
870 5313 927 5360 et
953 5317 1022 5359 ex
1050 5313 1154 5356 ms.
1179 5297 1413 5371 Capituli
1436 5295 1809 5363 Pistoriensis,
1834 5310 1956 5367 quae
1982 5296 2076 5352 lib.
2101 5310 2161 5363 ιι,

566 5398 635 5457 de
662 5395 922 5468 martyrio
950 5392 1009 5451 8.
1035 5391 1270 5448 Zenonis
1290 5405 1411 5461 cap.
1448 5388 1537 5456 ιο,
1565 5389 1833 5459 exscripta
1856 5387 2043 5444 videre
2072 5404 2168 5459 po-

569 5502 671 5551 tes.
706 5489 804 5547 Die
829 5502 961 5546 vero
1001 5493 1195 5542 octava
1220 5479 1524 5539 decembris
1550 5480 1710 5535 Missa
1736 5494 1835 5550 pro
1858 5479 1919 5535 8.
1950 5479 2167 5536 Zenone

568 5588 766 5662 legitur
793 5584 847 5641 in
870 5577 1304 5643 Sacramentario
1330 5574 1577 5648 Gregorii
1606 5571 1780 5644 Magni
1802 5579 2074 5643 tamquam
2100 5572 2169 5629 de

569 5680 900 5742 Cortl'essore
942 5672 1225 5733 Pontiﬁce.
1260 5669 1365 5736 Qui
1392 5668 1539 5725 beato
1580 5663 1923 5737 Ponti/icatui
1942 5664 2169 5724 Zenonis

572 5787 814 5835 teternam
854 5774 908 5829 in
948 5768 1086 5826 cwlis
1123 5778 1361 5824 coronam
1391 5761 1744 5837 prwparasti:
1778 5760 1849 5818 ita
1880 5759 1931 5817 itt
1973 5760 2161 5823 eadem

2264 4670 2329 4712 ex
2373 4670 2436 4713 ea
2480 4654 2733 4725 Opinione
2767 4664 2902 4710 ortae
2947 4663 3107 4719 sunt,
3162 4652 3308 4724 quod
3344 4651 3402 4709 8.
3447 4650 3766 4721 Gregorium
3808 4649 3862 4703 in

2266 4746 2551 4804 tribuendo
2580 4746 2735 4802 titulo
2762 4745 3013 4818 Martyris
3039 4745 3096 4800 8.
3122 4744 3329 4801 Zenoni
3356 4744 3476 4815 quis
3500 4755 3718 4798 errasse
3742 4755 3867 4796 cre-

2264 4836 2498 4906 diderit;
2531 4837 2626 4894 sed
2654 4853 2721 4895 ex
2748 4853 2815 4894 eo
2835 4880 2852 4907 ,
2884 4837 3028 4909 quod
3070 4836 3188 4892 haec
3214 4836 3415 4906 scripta
3445 4835 3499 4891 in
3539 4833 3867 4890 lectionibus

2266 4929 2473 5002 digesta
2495 4945 2592 5001 pro
2616 4930 2799 4987 ofﬁcio
2820 4929 3191 4987 Ordinationis
3213 4930 3272 4985 8.
3297 4927 3536 4984 Zenonis
3551 4927 3673 4983 usui
3686 4936 3864 4982 erant.

2268 5024 2385 5092 Qua
2404 5024 2472 5079 de
2499 5037 2660 5079 causa
2680 5031 2735 5081 et
2762 5023 2813 5080 in
2838 5022 3037 5095 hymno
3065 5019 3318 5077 Prtesulis
3338 5020 3521 5077 Sancti
3551 5020 3604 5074 iu
3625 5018 3868 5075 secunda

2267 5112 2488 5186 strOpha
2512 5113 2725 5170 diverse
2763 5114 2960 5184 legitur
2989 5112 3196 5184 primus
3240 5126 3465 5169 versus:
3497 5109 3727 5183 Magnus
3748 5112 3866 5166 Ea:-

2269 5207 2393 5263 celsi
2436 5206 2603 5278 fuerat
2631 5205 2894 5272 sacerdos,
2927 5206 3055 5262 alibi
3086 5223 3100 5260 :
3136 5205 3343 5278 Martyr
3383 5202 3593 5260 Euelsi
3638 5203 3763 5275 fuit,
3818 5212 3869 5258 et

2273 5298 2551 5355 Sacerdos.
2589 5299 2793 5371 Nempe
2828 5314 2927 5370 pro
2955 5299 3187 5355 diversis
3212 5298 3617 5356 Festivitatibus
3641 5297 3873 5369 Magnus

2273 5390 2326 5445 in
2353 5390 2515 5447 Festo
2541 5391 2942 5459 Ordinationis,
2986 5389 3189 5462 Martyr
3220 5392 3275 5446 in
3308 5389 3473 5446 Festo
3507 5389 3726 5457 natalis,
3770 5404 3873 5445 seu

2277 5484 2541 5557 lllartyrii,
2562 5501 2685 5541 cum
2711 5484 2929 5543 aliunde
2949 5494 3184 5553 constet,
3212 5485 3264 5540 in
3291 5482 3448 5540 tertia
3471 5480 3699 5555 stropha
3725 5472 3878 5538 mar-

2279 5584 2453 5649 tyrem
2483 5574 2670 5633 fuisse.
2704 5574 2815 5632 Pro
2843 5574 2957 5631 Deo
2984 5576 3189 5632 tandem
3214 5574 3454 5647 patiendo
3483 5582 3720 5639 mortem,
3751 5573 3877 5629 vicit

2277 5669 2333 5724 in
2350 5685 2535 5726 avum.
2568 5667 2664 5725 His
2683 5668 2883 5726 etenim
2906 5668 2957 5724 in
2987 5669 3169 5726 verbis
3197 5683 3302 5725 non
3327 5668 3398 5724 ita
3422 5665 3592 5723 facilis
3609 5673 3731 5722 erat
3753 5680 3880 5720 mu-

2280 5763 2442 5830 tatio;
2475 5761 2601 5818 licet
2625 5761 2678 5818 itt
2720 5778 2878 5835 supra
2910 5761 3077 5820 allato
3106 5777 3209 5819 ms.
3240 5760 3579 5829 Pistoriensi,
3618 5768 3673 5817 et
3700 5759 3756 5816 in
3789 5759 3881 5819 bis
