4198 6160
395 225 514 281 ,743
1876 234 1988 292 DlS:

2093 235 2344 295 ὶΤΑΊΊΟ.

397 339 583 397 verbis
632 333 869 389 mutatio
898 336 1208 404 constricua
1256 341 1346 396 sit.
1406 346 1470 401 In
1520 348 1628 403 Deo
1678 350 1881 404 tandem
1937 369 2030 421 pa-
2059 354 2107 412 Α
2137 347 2404 404 didcrunt.
2459 348 2556 404 llis
2584 348 2858 418 profecto
2903 350 2979 408 S.
3013 365 3268 424 praesulis
3298 387 3328 426 η

392 433 572 490 tiendo
603 438 846 490 mortem,
885 427 1010 481 vivit
1062 430 1120 482 in
1170 448 1359 502 (eoum,
1407 443 1520 494 loco
1553 441 1706 496 Verbi
1740 460 1834 513 pro
1861 444 2032 511 posito

389 530 445 583 in
462 545 482 584 :
504 533 709 581 tantam
725 518 1079 576 adhibebant
1103 530 1416 584 cautionem
1439 549 1504 587 ne
1525 537 1762 607 martyris
1781 537 2028 603 verbum,

388 623 476 678 vel
498 615 745 691 Martyrii
771 612 1163 684 mentionem,
1197 616 1252 672 in
1306 619 1499 681 Officio
1523 624 1894 685 Ordinationis
1924 629 2028 700 epi-

381 716 535 787 scopi
578 711 990 770 immiscerent.

3683 277 3786 333 746

3335 375 3536 434 otitiam
3563 423 3575 447 ,
3619 400 3773 453 quam

2137 439 2434 508 Usuardus,
2467 453 2521 496 ct
2545 442 2682 495 Ado
2718 458 2834 498 non
2863 446 3218 524 habuerunt,
3245 439 3761 541 perspectamfoisse,

2134 543 2338 590 certum
2371 544 2472 590 est.
2523 535 2578 591 Si
2617 549 2774 605 ergo
2805 554 3027 595 nomen
3056 545 3112 603 8.
3139 535 3391 622 Zenonis,
3434 573 3484 614 ut
3511 535 3756 635 Martyris

2131 627 2184 682 in
2219 629 2281 683 iis
2311 626 2735 700 Martyrologiis
2767 630 3047 690 addidere
3068 680 3082 706 ,
3132 643 3202 697 ita
3227 660 3368 701 certo
3396 650 3580 706 horum
3622 626 3748 711 auc-

2132 727 2306 773 torum
2336 720 2693 790 temporibus
2746 721 2802 776 S.
2833 722 3118 785 Zenonem
3157 750 3254 803 pro
3293 748 3524 810 martyre
3571 743 3737 800 fuisse

787 846 847 884 κ,
893 853 1018 884 mm
1064 844 1134 884 g7
1181 845 1496 884 annnam,
1566 858 1894 884 Δημώ-’,ιη
1945 859 2026 884 ,ηε
2127 808 2389 879 habitum,
2420 814 2657 868 minime
2691 817 2952 871 revocari
2979 819 3136 878 debet
3160 825 3212 879 in
3235 808 3469 884 dubium.

383 851 412 923 ᾗ
467 848 556 906 ΙΙΙ.
597 847 677 904 De
721 846 847 902 aliis
892 853 1018 915 post
1061 844 1137 900 S.
1181 845 1498 920 Gregorium
1562 858 1894 928 scriptoribus
1938 859 2025 928 qui

690 942 751 1000 δ,
786 939 1071 996 Zenonem
1107 938 1408 1012 Μαι-ιντεηι
1435 948 1711 1020 afﬁrma-nt.
2197 933 2400 990 Horum
2449 946 2746 992 auctorum
2790 942 3082 997 assertioni
3122 961 3292 1017 neque
3326 951 3473 1005 allati
3504 955 3720 1010 codices

2124 1025 2480 1096 refragantur.
2536 1029 2653 1085 Non
2702 1028 3018 1088 Vaticanum
3046 1050 3190 1090 anno
3219 1039 3388 1106 1806,
3419 1043 3506 1096 tibi
3537 1045 3587 1097 in
3622 1060 3714 1100 ca-

450 1082 602 1150 Quod
632 1083 682 1138 in
714 1081 882 1138 rebus
926 1077 1161 1135 bellicis
1190 1081 1423 1138 evenire
1467 1085 1647 1150 solet,
1679 1096 1739 1140 ut
1779 1087 1988 1140 extincti

450 1190 522 1207 Inn
555 1186 690 1207 ΙΛΙηο
719 1176 1079 1207 Λςοηηνηηιιηι
1109 1175 1404 1207 ογονιιίιιιρ
1481 1187 1528 1207 nl
1565 1179 1614 1207 :..
1650 1178 1988 1207 A:..-....:........

2124 1077 2136 1080 _
2160 1077 2330 1096 ---μιν
2536 1077 2651 1085 -.-η
3223 1077 3388 1106 ...υυ,
3537 1077 3587 1097 ...
3622 1077 3713 1100 w-

2121 1119 2366 1176 lendario
2399 1138 2584 1178 mense
2613 1121 2774 1190 aprili
2814 1139 3074 1195 expresse
3118 1131 3179 1186 S.
3212 1133 3434 1188 Ζρηοηὶς
3469 1137 3713 1207 Martyris

378 1175 522 1231 Duce
555 1186 693 1231 totus
719 1176 1079 1245 disiicrgatur
1109 1175 1406 1229 exercitus
1434 1219 1448 1241 ,
1479 1187 1533 1231 et
1562 1179 1614 1232 in
1648 1178 2012 1248 direptionem

376 1273 710 1328 inimicorum
739 1267 931 1333 cadat,
979 1266 1130 1321 idem
1165 1263 1220 1318 in
1255 1265 1363 1321 hac
1399 1269 1692 1324 Litteraria
1722 1282 2011 1326 concerta-

376 1369 522 1422 tione
568 1367 635 1420 de
763 1362 1002 1417 Zenonis
1034 1360 1303 1429 martyrio
1333 1362 1602 1417 evenisse
1645 1364 2008 1430 arbitrantur,

374 1460 466 1531 qui
494 1469 681 1522 contra
704 1456 967 1510 sentiunt.
1023 1451 1214 1507 Sancti
1245 1450 1519 1522 Gregorii
1551 1453 1728 1522 Magni
1769 1456 2012 1510 auctori-

377 1564 486 1608 tate
522 1560 784 1623 prostrata
808 1591 823 1616 ,
857 1548 1197 1616 reliquorum
1249 1547 1604 1617 scriptorum
1656 1549 1916 1621 Martyrio
1945 1551 2002 1607 S.

378 1645 614 1700 Zenonis
665 1640 1059 1696 adhaerentium
1111 1639 1331 1693 turbam
1397 1654 1510 1692 uno
1571 1639 1680 1692 ictu
1731 1642 2004 1697 conﬁxam

376 1736 716 1807 apertissime
751 1735 1010 1788 clamant.
1037 1731 1100 1787 Si
1128 1748 1290 1804 porro
1326 1748 1403 1786 ea:
1431 1731 1515 1785 Itis
1545 1732 1815 1803 probabile
1837 1736 1906 1788 sit
1936 1735 2004 1830 VS.
2039 1741 2086 1799 B
2114 1762 2270 1830 apri“

376 1828 695 1901 Gregorium,
725 1826 844 1880 dum
872 1825 1130 1879 Zenonem
1155 1825 1455 1894 appellavit
1499 1823 1816 1896 Martyrem,
1852 1829 2010 1883 unius

375 1923 596 1978 nominis
620 1937 789 1978 errore
819 1919 1066 1991 defecisse
1089 1960 1104 1985 ,
1140 1919 1275 1973 nihil
1301 1930 1539 1991 prosunt
1571 1917 1734 1974 Pauli
1757 1919 2005 1987 Diaconi,

374 2015 596 2070 Joannis
622 2013 738 2067 item
764 2010 1007 2075 Diaconi,
1036 2008 1242 2064 Rabani
1268 2010 1470 2065 Mauri.
1507 2011 1756 2066 Notkerii
1776 2014 2003 2067 testimo-

377 2109 467 2163 nia
491 2149 507 2175 ,
552 2107 735 2178 quippe
758 2121 884 2177 quos
912 2120 975 2158 ea:
1003 2102 1064 2160 S.
1091 2101 1336 2174 Gregorii
1365 2102 1620 2179 DiaIOgis
1643 2106 1797 2159 sicuti
1836 2107 2002 2160 mira.

378 2200 554 2254 culum
585 2197 781 2252 Athesis
805 2238 821 2263 ,
853 2195 989 2266 quod
1032 2204 1315 2249 memorant
1340 2237 1356 2262 ,
1383 2197 1457 2250 ita
1485 2209 1551 2252 et
1593 2196 1841 2269 Martyrii
1872 2199 2001 2252 titu-

378 2293 488 2346 lunt
515 2333 528 2358 ,
565 2306 712 2361 quem
750 2289 947 2344 Zenoni
986 2288 1193 2359 ofﬁgunt
1222 2287 1477 2342 deriuasse
1527 2293 1874 2362 manifestum
1895 2299 1989 2344 est.

381 2382 578 2437 Eadem
616 2384 812 2436 ratione
840 2381 1032 2435 cadunt
1060 2380 1210 2434 etiam
1247 2381 1414 2432 caueri
1447 2384 1770 2448 posteriores
1815 2382 1987 2438 Wan—

381 2476 658 2538 delbertus,
687 2475 980 2540 Usuardus,
1003 2481 1094 2528 aut
1117 2473 1288 2542 potius
1303 2470 1537 2526 Usuardi
1560 2476 1990 2540 additamentum,

381 2580 432 2624 et
451 2569 648 2624 Adonis
678 2568 927 2623 Auctores
952 2577 1001 2622 et
1028 2566 1121 2619 alii
1145 2606 1161 2633 ,
1203 2565 1292 2632 qui
1313 2562 1491 2628 afferri
1519 2567 1684 2621 solent
1712 2608 1726 2632 ,
1756 2585 1885 2639 quos
1913 2570 1993 2623 vel

381 2679 449 2718 ea:
469 2663 532 2718 S.
565 2661 832 2733 Gregorio,
865 2663 943 2714 vel
968 2675 1036 2714 ex
1061 2658 1179 2712 aliis
1203 2655 1438 2725 Gregorii
1460 2660 1674 2713 asseclis
1699 2662 1993 2732 profecisse,

380 2759 510 2814 satis
534 2757 773 2811 credibile
800 2763 875 2809 est
910 2755 929 2825 (
957 2753 1111 2821 Apud
1138 2750 1278 2805 Ball.
1310 2750 1364 2803 d.
1395 2747 1537 2804 Diss.
1587 2753 1622 2805 '5
1648 2794 1663 2818 ,
1688 2771 1806 2824 cap.
1841 2756 1868 2826 §
1897 2756 1931 2809 2
1951 2756 1993 2827 ).

381 2849 456 2904 At
485 2857 592 2903 stat
618 2847 796 2904 adhuc
827 2847 1041 2916 integra
1064 2843 1121 2900 S.
1148 2841 1399 2912 Gregorii
1427 2841 1495 2896 de
1521 2841 1783 2916 Martyrio
1805 2845 1863 2901 S.
1888 2847 1995 2903 Ze-

382 2942 547 2996 nonis
582 2939 815 2996 assertio
840 2978 857 3005 ,
910 2947 966 2994 et
996 2937 1333 3006 reliquorum
1363 2948 1496 3004 ergo
1535 2936 1867 3006 scriptorum
1895 2941 1998 2996 sub

383 3042 538 3089 tanto
563 3032 701 3089 duce
731 3033 958 3088 minime
980 3037 1136 3086 nutat
1166 3029 1480 3084 auctoritas.
1515 3027 1635 3096 Qua
1664 3045 1801 3087 vero
1829 3033 1998 3089 ratio-

337 3139 364 3155 ’
381 3141 455 3182 ne
485 3134 640 3180 tanto
655 3124 852 3180 ardore
871 3123 1231 3194 proclamant,
1257 3120 1551 3189 scriptores
1572 3135 1765 3180 omnes
1780 3123 1836 3180 S.
1856 3124 1994 3181 Gre-

378 3219 538 3290 gorio
568 3219 926 3289 posteriores,
958 3216 1037 3270 vel
1061 3231 1126 3270 ea:
1151 3211 1423 3284 Gregorio,
1447 3212 1526 3267 vel
1552 3230 1615 3268 ea:
1646 3215 1766 3270 aliis
1799 3217 1994 3290 Grego-

379 3314 448 3367 rii
475 3312 683 3367 asseclis
711 3311 1044 3383 profecisse?
1073 3308 1212 3363 Num
1237 3307 1432 3362 Paulus
1455 3307 1746 3377 Diaconos,
1776 3323 1833 3366 ut
1862 3313 1991 3368 alibi

378 3406 800 3462 observavimus
828 3447 842 3472 ,
865 3403 1102 3459 Veronae
1143 3402 1280 3456 adeo
1312 3401 1542 3467 vicinus,
1577 3403 1784 3459 nullum
1818 3407 1986 3461 alium

378 3515 496 3570 prce
519 3499 693 3555 oculis
717 3497 909 3553 habuit
934 3509 1032 3550 sua
1061 3496 1112 3549 in
1146 3494 1371 3550 hietoria
1399 3493 1797 3564 concinnanda,
1825 3514 1985 3569 quam

368 3591 441 3656 _S.
471 3590 716 3661 Gregorii
749 3587 1045 3658 Dialogos?
1094 3586 1272 3656 Ipsum
1307 3601 1538 3656 namque
1561 3586 1789 3644 Paulum
1829 3592 1983 3660 jussu

378 3682 559 3737 Caroli
604 3681 778 3753 Magni
815 3679 1103 3736 Lectiones
1131 3677 1452 3733 Sanctorum
1505 3693 1602 3747 pro
1657 3681 1818 3735 totius
1849 3684 1980 3737 anui

378 3773 790 3830 Festivitatibus
835 3771 1122 3827 ordinasse
1168 3769 1482 3840 Sigebertus
1531 3780 1792 3838 testatur;
1841 3774 1980 3830 alios

378 3865 562 3936 itaque
583 3873 781 3936 praeter
810 3861 1132 3933 Gregorium
1164 3860 1314 3924 vidit,
1350 3871 1404 3916 et
1433 3860 1760 3919 Veronensis
1795 3864 1978 3920 Eccle-

378 3959 478 4015 site
503 3959 748 4016 instituta
780 3957 860 4013 illi
907 3965 1189 4026 comperta
1223 3956 1394 4013 luere.
1445 3957 1782 4028 Quapropter
1825 3961 1870 4014 si
1912 3959 1971 4016 S.

375 4053 673 4126 Gregorius
711 4054 766 4110 in
805 4050 1132 4124 appellando
1163 4051 1396 4124 Martyre
1424 4051 1493 4109 S.
1512 4051 1728 4109 Zenone
1767 4053 1967 4125 decep-

377 4160 466 4204 tus
512 4157 656 4205 esset
699 4157 886 4205 contra
919 4146 1247 4202 Veronensis
1277 4146 1536 4202 Ecclesia:
1582 4148 1924 4224 traditionem
1955 4191 1970 4216 ,

375 4242 524 4299 illius
550 4257 795 4298 errorem
843 4240 1179 4298 correxisset
1209 4241 1390 4310 potius
1415 4281 1430 4305 ,
1480 4240 1564 4294 vel
1612 4243 1973 4310 praeteriisset
2012 4301 2013 4304 η

375 4336 595 4394 silentio
624 4336 814 4391 saltem
843 4377 857 4402 ,
891 4348 998 4390 non
1028 4333 1180 4387 illum
1207 4346 1320 4386 suae
1348 4331 1664 4388 assertionis
1690 4331 1972 4389 laudasset

373 4440 676 4487 auctorem.
714 4427 770 4485 Si
801 4442 932 4498 ergo
959 4425 1219 4489 laudavit,
1249 4437 1372 4479 vera
1401 4423 1568 4478 fuisse
1595 4437 1712 4492 quae
1756 4423 1814 4479 S.
1837 4422 1972 4480 Gre-

2121 1212 2325 1266 mentio
2355 1213 2432 1269 ﬁt.
2463 1214 2617 1281 Quod
2641 1227 2768 1266 vero
2793 1230 2977 1274 mense
3004 1221 3278 1278 decembri
3310 1226 3358 1277 in
3391 1227 3560 1294 prima
3586 1246 3679 1282 ora

2119 1301 2266 1356 tione
2294 1318 2392 1372 pro
2423 1306 2578 1360 Missa
2607 1302 2900 1362 Confessor
2941 1310 3152 1366 dicatur
3180 1355 3193 1377 ,
3242 1315 3344 1370 hoc
3386 1333 3445 1370 ea
3496 1321 3708 1375 ratione

2114 1390 2316 1449 factum
2347 1407 2430 1451 est
2451 1438 2466 1464 ,
2500 1396 2622 1465 quia
2674 1404 2798 1454 tunc
2827 1400 3019 1456 festum
3050 1401 3417 1461 Ordinationis
3456 1411 3705 1466 celebra-

2113 1483 2295 1548 batur,
2333 1504 2437 1543 non
2461 1488 2719 1554 Martyrii,
2747 1495 2887 1562 quod
2905 1506 3231 1554 occurrente
3257 1500 3700 1572 Quadragesima,

2113 1577 2198 1632 vel
2228 1578 2493 1634 Paschate
2523 1578 2886 1640 omittebatur.
2937 1588 3118 1660 Neque
3167 1591 3341 1647 ofﬁcit
3391 1609 3493 1649 ms.
3529 1596 3704 1652 Vero-

2113 1683 2282 1726 nense
2308 1671 2618 1726 Monasterii
2668 1674 2726 1730 S.
2759 1677 3024 1749 Spiritus,
3079 1685 3221 1754 quod
3260 1688 3466 1754 pariter
3520 1707 3705 1748 mense

2329 1763 2389 1817 8.
2425 1759 2698 1821 Zenonem
2753 1770 3037 1844 Martyrem
3097 1787 3402 1845 memorat,
3459 1783 3706 1851 quamvis

2114 1850 2203 1905 die
2227 1850 2628 1910 Translationis
2657 1899 2668 1923 ,
2702 1870 2755 1916 et
2784 1863 3148 1922 Ordinationis
3178 1850 3562 1928 Gonlessorem
3609 1889 3707 1930 n0-

2111 1943 2286 2000 minet
2316 1959 2381 1998 ea
2419 1945 2624 2006 ratione
2649 1995 2663 2020 ,
2697 1972 2797 2026 qua
2839 1973 3024 2029 supra.
3072 1961 3186 2017 Hoc
3233 1964 3283 2017 in
3316 1965 3706 2024 Ecclesiastico

2109 2036 2298 2095 ol‘licio
2329 2035 2550 2096 minime
2577 2047 2840 2107 insuetum
2869 2055 3038 2111 videri
3071 2057 3254 2123 debet,
3285 2073 3407 2114 cum
3433 2071 3488 2116 et
3515 2062 3569 2117 in
3601 2063 3707 2118 Na-

2107 2128 2332 2188 tivitate
2362 2127 2420 2182 S.
2451 2132 2666 2196 Joannis
2695 2144 2947 2215 Baptista:
2967 2190 2982 2215 ,
3013 2159 3068 2206 et
3098 2151 3152 2206 in
3181 2151 3438 2208 cathedra
3495 2155 3553 2211 S.
3606 2157 3706 2212 Pe-

2107 2221 2172 2272 tri
2201 2264 2217 2287 ,
2255 2231 2320 2278 et
2357 2219 2610 2300 Romana,
2644 2244 2697 2290 et
2725 2237 3083 2307 Antiochena,
3125 2253 3178 2297 et
3212 2246 3263 2298 in
3295 2246 3433 2300 festo
3461 2246 3519 2302 S.
3542 2248 3706 2303 Joan-

2101 2311 2186 2364 ηίε
2213 2313 2588 2385 Ενθηςθιίειω
2616 2329 2804 2384 eodem
2847 2334 3007 2389 modo
3050 2335 3170 2391 sine
3194 2342 3709 2396 commemoratione

2098 2409 2379 2482 martyrii
2403 2427 2584 2486 agatur
2609 2438 2793 2482 eorum
2825 2427 3014 2485 festum
3048 2474 3062 2496 ,
3100 2432 3226 2488 licet
3257 2434 3307 2488 in
3337 2434 3706 2492 decollatione

2097 2499 2155 2555 S.
2171 2500 2421 2564 Joannis
2452 2510 2723 2584 Baptistae,
2753 2531 2806 2575 et
2837 2522 2888 2576 in
2918 2524 3065 2579 festis
3092 2524 3149 2581 S.
3181 2525 3362 2593 Petri,
3391 2528 3516 2585 etS.
3537 2529 3705 2584 Joan—

2097 2593 2182 2648 nis
2226 2606 2368 2655 ante
2395 2615 2598 2671 portam
2641 2609 2859 2668 latinam
2891 2658 2903 2681 ,
2938 2619 3177 2689 martyrii
3202 2621 3474 2676 recolatur
3501 2638 3707 2678 memo-

2099 2683 2202 2771 rial.
2237 2688 2481 2752 Maxime
2502 2714 2634 2753 vero
2664 2703 2793 2758 illud
2830 2709 3118 2763 notandum
3148 2720 3230 2765 est
3256 2753 3270 2778 ,
3301 2713 3443 2782 quod
3491 2714 3705 2770 Domini

2102 2775 2386 2838 Ballerinii
2419 2797 2684 2847 testantur
2712 2795 2765 2850 iu
2798 2797 3165 2858 admonitione
3205 2805 3269 2858 ad
3329 2805 3705 2864 Monumenta:

2102 2870 2317 2930 scilicet
2369 2877 2587 2940 Missam
2635 2902 2733 2956 pro
2779 2891 2915 2946 festo
2957 2893 3324 2954 Ordinationis
3373 2899 3432 2957 S.
3473 2903 3709 2961 Zenonis

2103 2964 2424 3034 dispositam
2456 2975 2559 3046 legi
2612 2981 2774 3036 etiam
2805 2984 2857 3037 in
2884 2987 3005 3041 aliis
3033 2988 3186 3045 festis
3207 3033 3221 3055 ,
3255 3003 3308 3046 et
3339 2993 3580 3069 Martyrii
3608 3039 3621 3063 ,
3653 3007 3708 3054 et

2105 3056 2521 3120 Translationis.
2557 3069 2688 3125 Haec
2715 3092 2918 3148 quoque
2939 3079 3102 3137 Missa
3129 3087 3340 3149 ponitur
3363 3091 3447 3145 die
3488 3108 3576 3147 vnt
3621 3095 3709 3148 de-

2021 3133 2068 3196 C
2101 3152 2314 3204 cembris
2335 3155 2430 3208 sub
2457 3158 2553 3213 hoc
2578 3165 2728 3218 titulo
2754 3184 2772 3220 :
2804 3167 3074 3228 Dedicatio
3104 3175 3168 3231 S.
3201 3177 3426 3236 Zenonis
3453 3226 3466 3250 ,
3521 3203 3612 3242 nec
3655 3189 3709 3244 in

2097 3258 2156 3296 eo
2187 3241 2389 3298 Missali
2410 3248 2530 3303 alia:
2559 3252 2737 3310 Missa:
2765 3260 2890 3314 alibi
2912 3267 3114 3336 uspiam
3157 3268 3222 3324 de
3244 3273 3304 3328 S.
3330 3241 3536 3332 Zenone
3563 3241 3708 3348 repe;

2097 3334 2326 3388 riuntur.
2361 3336 2647 3409 PrOpterea
2665 3352 2806 3415 quod
2827 3370 2944 3407 cum
2967 3334 3076 3412 lucc
3102 3363 3208 3416 dies
3239 3381 3286 3419 vt
3335 3366 3468 3425 ldus
3508 3334 3706 3429 decc'm-

2093 3425 2197 3479 bris
2223 3427 2392 3497 prima
2412 3431 2478 3484 sit
2505 3450 2569 3488 ex
2597 3437 2704 3492 illis
2726 3442 2908 3509 tribus,
2942 3465 3057 3517 qua:
3083 3451 3145 3508 S.
3169 3453 3369 3513 Zenoni
3394 3478 3704 3523 consecrata:

2089 3527 2212 3570 sunt
2247 3519 2265 3589 (
2292 3517 2505 3577 Missale
2535 3528 2669 3582 enim
2713 3532 2899 3602 incipit
2933 3541 2997 3594 ab
3037 3542 3274 3602 Adventu
3303 3552 3341 3619 ),
3365 3553 3478 3609 lucc
3524 3517 3702 3616 eadem

2089 3612 2256 3666 Missa
2281 3615 2398 3669 aliis
2425 3635 2628 3687 quoque
2654 3624 2835 3685 diebus
2862 3631 3136 3703 legebatur.
3157 3640 3338 3708 Quare
3370 3649 3563 3706 mirum
3589 3673 3695 3713 non

2085 3715 2192 3772 est,
2225 3708 2268 3761 si
2299 3708 2349 3762 in
2377 3713 2741 3786 orationibus,
2770 3738 2889 3791 qua:
2920 3727 2971 3781 in
3004 3745 3067 3782 ea
3086 3732 3474 3798 describuntur
3497 3761 3694 3805 nomen

2081 3798 2336 3869 Martyris
2369 3817 2474 3859 non
2499 3812 2803 3877 reperiatur
2825 3856 2840 3879 ,
2893 3832 3015 3873 cum
3063 3837 3161 3892 pro
3191 3826 3354 3885 Festo
3385 3798 3696 3895 omnisin—

2081 3893 2169 3948 nis
2219 3893 2376 3950 fuerit
2418 3901 2777 3973 concinnata;
2823 3919 2877 3964 et
2925 3912 2978 3966 in
3012 3917 3134 3972 aliis
3161 3919 3340 3979 Festis
3373 3927 3548 3986 facilis
3577 3948 3695 3990 erat

2079 3987 2310 4041 mutatio
2342 3989 2497 4046 unius
2534 3997 2773 4054 nominis
2798 4041 2814 4068 ,
2848 4019 3046 4075 nempe
3078 4008 3404 4084 Confessoris
3445 4023 3498 4076 in
3545 4025 3691 4081 Mar-
3761 4041 3770 4048 '

2080 4079 2247 4150 tyris,
2297 4082 2503 4156 absque
2550 4103 2618 4145 eo
2658 4093 2802 4162 quod
2831 4097 3046 4156 rubrica
3089 4079 3344 4165 distincta
3393 4113 3445 4168 id
3494 4128 3687 4176 notare

2077 4189 2220 4245 opus
2249 4188 2418 4234 esset.
2456 4199 2458 4201 ’

2081 4308 2108 4381 §
2143 4309 2231 4365 IV.
2281 4310 2358 4366 De
2396 4313 2694 4376 Traditione
2722 4334 2768 4378 et
2797 4342 2894 4381 ms.
2937 4331 3162 4398 antiquis
3225 4336 3473 4397 Ecclesia:
3525 4346 3684 4405 Vero-

2076 4405 2246 4459 nensis
2272 4414 2322 4460 et
2365 4405 2731 4482 Pistoriensis,
2776 4422 2907 4489 festa
2935 4421 2997 4477 S.
3029 4424 3254 4485 Zenonis
3295 4435 3679 4500 celebrantium.

373 4525 559 4596 gorius
587 4523 850 4589 asseruit,
898 4528 954 4577 et
982 4535 1081 4575 suo
1125 4527 1371 4587 tempore
1401 4527 1595 4572 octavo
1642 4516 2048 4577 decurrenteD
2145 4516 2424 4626 Faten‘tttr'
2466 4522 2678 4581 Domini
2721 4528 3002 4590 Ballerinii
3067 4538 3121 4594 in
3168 4557 3507 4615 argumentis
3555 4573 3675 4626 qua:

372 4617 576 4672 suscqu
614 4614 898 4685 comperit.
955 4613 1094 4669 Num
1135 4610 1556 4692 Waiidclbertus
1581 4650 1596 4675 ,
1648 4607 1927 4666 Usuardus
1950 4653 1965 4679 ,

372 4709 498 4769 Ado
523 4751 539 4776 ,
567 4708 792 4764 multum
821 4709 949 4765 licet
977 4722 1008 4763 a
1039 4707 1247 4763 Verona
1292 4705 1558 4761 distantes
1583 4746 1598 4769 ,
1629 4705 1712 4759 vel
1742 4704 1970 4762 Usuardi

375 4805 868 4868 additamentorum,
900 4813 954 4857 et
977 4801 1174 4856 Adonis
1203 4811 1433 4855 auctores
1452 4801 1540 4855 uni
1564 4799 1830 4872 Gregorio
1853 4811 1968 4857 stu-

373 4899 610 4954 duerunt
635 4898 657 4951 ?
682 4899 754 4952 At
781 4911 885 4967 qua
915 4894 1124 4951 ratione
1150 4892 1203 4949 id
1233 4894 1444 4949 suaderi
1471 4895 1692 4964 potest?
1719 4894 1967 4964 Quinim-

373 5006 467 5048 mo
493 5005 616 5048 cum
653 4989 796 5046 edita
848 4989 1028 5044 omnia
1055 4985 1407 5042 celebriorum
1438 4996 1719 5042 auctorum
1767 4987 1969 5060 Marty-

373 5085 581 5157 rologia
616 5085 668 5139 in
713 5081 1092 5152 compellando
1133 5080 1368 5151 Martyre
1397 5081 1455 5136 S.
1484 5079 1701 5138 Zenone
1739 5096 1967 5137 concor-

373 5179 525 5245 dent,
554 5182 676 5250 quis
705 5177 758 5232 in
779 5175 1017 5231 animum
1045 5174 1146 5229 sibi
1177 5173 1429 5228 inducere
1447 5182 1640 5241 pOIest,
1674 5182 1731 5228 ut
1751 5173 1962 5242 credat,

375 5287 553 5342 neque
595 5287 663 5328 ex
715 5270 781 5326 iis
840 5285 1001 5324 unum
1057 5266 1298 5336 Gregorii
1352 5281 1593 5322 errorem
1658 5267 1963 5336 deprehen-

374 5367 546 5434 disse,
576 5365 896 5420 adversante
921 5362 1258 5432 potissimum
1286 5359 1304 5432 (
1330 5369 1388 5415 ut
1414 5369 1630 5430 putatur
1655 5360 1673 5430 )
1707 5361 1962 5418 Ecclesia:

375 5460 707 5518 Veronensis
753 5456 1140 5514 consuetudine
1167 5455 1474 5512 celebrandi
1509 5453 1724 5510 Festum
1757 5454 1817 5510 S.
1859 5454 1962 5512 Ze-

375 5557 536 5614 nonis
562 5555 668 5611 ritu
689 5553 1050 5617 Confessoris,
1078 5566 1185 5608 non
1211 5565 1340 5607 vero
1368 5549 1658 5620 Martyris?
1682 5548 1793 5604 lloc
1824 5565 1961 5619 prie-

375 5653 535 5722 cipue
562 5651 628 5706 de
658 5650 722 5706 iis
750 5646 1033 5704 dicendum
1065 5655 1148 5702 est
1173 5687 1187 5711 ,
1216 5645 1305 5716 qui
1343 5643 1574 5700 Usuardi
1596 5684 1612 5711 ,
1660 5651 1715 5700 et
1755 5642 1960 5699 Adonis

371 5740 770 5816 Martyrologiis
797 5741 854 5796 8.
883 5738 1117 5797 Zenonis
1146 5753 1342 5795 nomen
1385 5737 1553 5794 veluti
1583 5735 1838 5809 martyris
1864 5736 1960 5794 ad-

814 5835 1084 5898 Ρηιιοι.
1135 5832 1223 5894 Xl
1234 5876 1248 5892 .

2079 4619 2268 4665 contra
2300 4609 2358 4666 S.
2389 4611 2622 4670 Zenonis
2643 4617 2957 4691 Martyrium
2986 4609 3258 4697 referunt:
3276 4637 3523 4697 Paschali

2077 4715 2229 4771 pore,
2263 4719 2454 4774 nempe
2475 4709 2632 4778 aprili
2677 4727 2884 4777 mense,
2917 4733 3022 4788 quo
3063 4720 3303 4796 Martyrii
3345 4730 3398 4785 S.
3437 4732 3672 4795 Zenonis

2077 4799 2336 4854 memoria
2366 4800 2671 4859 celebratur
2693 4848 2706 4871 ,
2751 4807 3075 4878 antiphonas
3105 4825 3161 4870 et
3193 4817 3548 4890 Evangelium
3595 4830 3671 4885 in-

2073 4888 2246 4945 dicari
2291 4891 2359 4947 de
2403 4899 2672 4952 communi
2715 4899 3028 4974 Martyrum.
3087 4905 3287 4980 Negari
3313 4888 3522 4983 quidem
3566 4939 3670 4978 non

2072 4991 2256 5052 potest,
2280 4985 2588 5055 antiphonas
2614 4987 2788 5044 Missa:
2818 4993 2879 5048 S.
2900 4994 3123 5053 Zenonis
3151 5017 3244 5069 pro
3273 5001 3519 5064 Paschali
3545 5021 3670 5068 tem-

2069 5091 2192 5146 pore
2219 5077 2274 5130 in
2304 5077 2494 5147 Carpso
2524 5079 2768 5151 (Martyr.
2793 5090 2960 5156 antiq.
2996 5105 3090 5145 seu
3126 5095 3322 5151 rituale
3358 5099 3486 5156 Ver.
3517 5107 3667 5166 Eccl.

2066 5168 2145 5223 sic
2168 5169 2323 5239 dict.)
2349 5171 2622 5233 iudicatas,
2664 5190 2754 5229 nec
2780 5194 2883 5232 non
2907 5179 3246 5254 Evangelium
3277 5193 3511 5263 ejusdem
3543 5211 3666 5257 tem-

2068 5265 2208 5334 poris
2231 5263 2426 5318 duobus
2442 5266 2495 5318 in
2515 5266 2630 5320 aliis
2650 5269 2910 5326 codicibus
2924 5274 3234 5350 descriptum
3254 5286 3511 5354 ejusmodi
3535 5309 3665 5362 esse,

2069 5373 2186 5427 quae
2214 5373 2300 5423 per
2325 5357 2380 5410 id
2404 5369 2602 5430 tempus
2631 5359 2694 5414 de
2718 5361 3034 5435 Martyribus
3059 5371 3361 5434 dicisdlent.
3397 5380 3541 5438 Idem
3574 5357 3668 5443 ob;

2069 5467 2292 5508 servare
2322 5462 2408 5507 est
2437 5458 2488 5507 in
2522 5469 2621 5508 ms.
2674 5454 2964 5517 Codicibus
3007 5464 3266 5525 Ecclesiae
3304 5473 3462 5538 lllljlls
3490 5477 3670 5536 Pisto-
3756 5524 3760 5526 -

2067 5548 2287 5613 riensis,
2343 5563 2464 5619 qua:
2513 5548 2624 5620 jam
2665 5551 3014 5613 exhibuimus
3069 5561 3165 5617 lib.
3219 5563 3287 5618 de
3321 5564 3664 5639 MartyrioS.

2069 5641 2322 5710 Zenonis,
2349 5658 2470 5722 cap.
2489 5642 2546 5712 2,
2575 5644 2668 5700 sed
2703 5656 2758 5702 et
2787 5649 2840 5702 in
2864 5649 3144 5721 VeSperis,
3177 5667 3231 5712 et
3259 5659 3310 5712 in
3345 5658 3623 5724 Laudibus
3653 5709 3668 5734 ,

2067 5752 2188 5810 quzc
2216 5736 2528 5794 indicantur
2557 5739 2626 5797 de
2656 5741 2943 5799 Communi
2973 5744 3264 5817 Martyrum
3297 5758 3548 5824 tempore
3572 5759 3648 5817 pa

3079 5839 3157 5901 21v
