4198 6160
521 298 624 354 747

1287 294 1378 350 DE
1418 291 1739 351 OPINIONE
1778 287 2146 346 BALLERIN.
2191 288 2588 363 ΟῐῐὶΟΑξΖΕΝ.
2632 289 3049 350 MARTYRIUM

3720 293 3822 350 7i8

517 413 714 470 scliali.
765 410 918 482 Quod
953 407 1195 466 Panvinii
1237 423 1480 464 errorem
1525 407 1802 471 declarat,
1837 405 2136 460 aSScrentis
2163 405 2218 466 Α
2241 403 2310 458 tis
2337 403 2522 459 Fidem
2554 405 2786 476 professi
2816 404 3064 471 fuerant,
3095 403 3356 476 sanguine
3402 402 3529 460 licet
3570 417 3631 458 ac
3654 415 3830 460 morte

522 516 647 561 ante
679 506 1067 576 Lippomanum
1105 500 1476 556 Veronensem
1515 499 1813 554 Ecclesium
1853 497 1910 552 S.
1942 496 2124 551 Zeno-

526 614 651 655 nem
692 593 1034 652 Confessoris
1081 595 1231 648 cultu
1261 592 1654 651 ecclesiasticis
1702 590 1755 644 in
1798 589 1994 646 ofﬁciis
2033 603 2128 643 co-

526 693 714 748 luissc.
763 690 986 744 Constat
1032 687 1234 743 etenim
1282 701 1348 742 ex
1395 686 1647 754 superius
1675 683 1954 750 adductis,
2003 691 2131 739 ante

526 784 917 853 Lippomanum
949 779 1358 842 Veronenscm,
1409 787 1465 833 et
1504 777 1899 831 Pistoriensem
1942 775 2132 830 Eccle-

526 876 662 930 siam
706 875 813 928 ritu
864 873 1114 943 Martyrls
1141 869 1338 924 festum
1373 869 1431 924 8.
1462 867 1700 923 Zenonis
1747 866 1905 937 aprili
1944 881 2133 922 mense

527 967 856 1025 celebrasse.
904 967 973 1020 At
999 964 1067 1020 de
1097 963 1200 1019 hoc
1224 962 1346 1018 vide
1373 977 1494 1032 qua:
1537 959 1774 1015 diximus
1801 959 1950 1015 dicto
1992 959 2133 1014 libro

529 1066 793 1126 secundo,
823 1074 942 1127 cap.
977 1057 1030 1114 6.

599 1152 968 1208 Traditionem
1027 1149 1166 1204 hanc
1211 1148 1432 1204 eludere
1473 1156 1740 1203 conantur
1801 1146 1891 1218 qui
1941 1153 2131 1201 contra

528 1246 770 1301 sentiunt
793 1285 806 1309 ,
838 1244 1125 1314 opinantes
1153 1243 1448 1312 antiquitus
1481 1242 1725 1296 Paschali
1756 1251 2005 1310 tempore
2035 1255 2133 1295 eas

534 1339 892 1410 Antiphonas,
925 1346 977 1392 et
1004 1336 1292 1407 Evangelia
1325 1335 1646 1407 Martyribus
1682 1344 1736 1390 et
1788 1333 2135 1389 Confessori-

533 1436 632 1490 bus
659 1434 823 1489 fuisse
868 1430 1177 1489 communia
1218 1449 1230 1486 :
1276 1430 1418 1502 quod
1466 1431 1698 1500 probare
1745 1429 1990 1483 nituntur
2036 1427 2138 1480 liae

530 1527 838 1597 conjectura
868 1543 880 1579 :
933 1524 1088 1580 Enim
1113 1541 1230 1578 vero
1257 1525 1309 1578 in
1351 1524 1582 1590 antiquis
1626 1521 1908 1576 Missurum
1940 1519 2082 1574 libris
2108 1535 2140 1572 a

538 1619 831 1676 Venerabili
880 1617 1147 1672 Cardinali
1198 1616 1477 1670 Thomasio
1535 1616 1682 1670 editis
1737 1614 1844 1667 hwc
1897 1613 2141 1666 rubrica:

536 1715 622 1772 tln
649 1715 924 1771 communi
957 1715 1112 1768 unius
1143 1712 1420 1782 Martyris,
1455 1709 1538 1765 vel
1570 1706 1944 1765 Confessoris»
1977 1722 2143 1774 appo—

2229 497 2534 566 martyrium
2548 513 2649 550 non
2663 506 3118 552 consummassent.
3131 498 3204 552 De
3218 497 3301 552 his
3317 496 3476 568 igitur
3488 495 3831 566 intelligenda

2230 586 2448 640 rubrica
2495 595 2598 642 est.
2651 586 2999 645 Potissimum
3060 604 3190 644 vero
3227 604 3350 644 cum
3385 589 3513 644 olim
3547 586 3833 645 Confesso-

2231 680 2307 734 ris
2352 689 2407 734 et
2460 680 2708 751 Martyris
2739 698 2934 736 nomen
2970 697 3330 754 synonymum
3363 681 3530 738 fuisse
3552 683 3830 751 videatur,

2235 784 2292 828 ut
2329 774 2380 828 in
2404 774 2606 828 Missali
2631 774 2861 830 Gothico
2892 777 2959 831 ab
2995 776 3184 832 eodem
3211 776 3660 831 Eminentissimo
3690 777 3836 833 Tho-

2237 869 2410 923 masio
2438 868 2609 934 edito,
2636 869 2724 924 ubi
2755 869 2806 924 in
2833 870 3062 925 collecta
3087 869 3182 926 SS.
3209 869 3482 936 {Ferreoli
3521 878 3578 925 et
3607 870 3834 928 Ferrue—

2235 961 2409 1017 cionis
2441 961 2518 1015 sic
2546 961 2742 1032 legitur
2761 979 2771 1014 :
2790 960 2950 1024 Deus,
2984 965 3133 1036 cujus
3161 978 3338 1017 amore
3369 963 3588 1030 piissimi
3618 963 3835 1034 Confes-

2237 1069 2379 1108 sores
2423 1062 2466 1107 et
2500 1052 2759 1124 Martyres
2785 1055 2856 1108 tui
2895 1054 3159 1119 Ferreoli,
3191 1065 3238 1108 et
3263 1053 3632 1109 Ferruccionis
3654 1071 3837 1110 cruore

2238 1147 2517 1212 adserunt,
2567 1156 2613 1202 et
2662 1157 2825 1201 morte
2870 1147 3218 1214 conﬁrmant;
3279 1148 3370 1218 qui
3418 1147 3542 1200 dum
3592 1148 3682 1203 tibi
3736 1157 3839 1201 tam

2241 1238 2451 1292 libenter
2505 1248 2762 1310 sumptum
2809 1256 2839 1291 a
2888 1248 2934 1293 te
2978 1240 3092 1293 vitta
3144 1256 3331 1294 munus
3362 1239 3681 1312 impendunt,
3729 1249 3837 1297 etc.

2243 1329 2310 1383 Et
2350 1331 2401 1383 in
2437 1329 2874 1385 Sacramentario
2899 1329 2958 1384 8.
2987 1329 3230 1400 Gregorii
3277 1331 3335 1385 S.
3368 1331 3602 1386 Donatus
3642 1331 3839 1404 Martyr

2242 1422 2527 1492 episcopus
2562 1422 2812 1477 Aretinus
2833 1465 2846 1489 ,
2891 1424 3049 1477 titulo
3078 1421 3424 1478 Confessoris
3448 1423 3837 1496 distinguitur:

2245 1513 2306 1569 8.
2352 1512 2674 1583 Confessoris
2735 1525 2782 1568 et
2834 1513 3084 1585 Episcopi
3117 1516 3192 1569 tui
3238 1515 3451 1571 Donati.
3507 1516 3651 1572 Idem
3698 1525 3848 1574 n0tat

2242 1606 2503 1662 Sollcrius
2534 1607 2586 1661 in
2618 1605 3002 1662 observatione
3038 1606 3103 1661 ad
3153 1616 3359 1664 textum
3405 1608 3635 1664 Usuardi
3682 1609 3847 1679 septi-

2246 1715 2334 1754 mo
2362 1698 2484 1754 ldus
2516 1701 2764 1771 Augusti,
2802 1717 2995 1770 nempe
3017 1701 3268 1757 eumdem
3301 1703 3357 1758 S.
3388 1701 3680 1769 Donatum,
3720 1717 3844 1758 cum

527 1810 631 1866 sita
661 1807 848 1879 legitur
876 1815 982 1858 tum
1023 1805 1076 1857 in
1107 1803 1482 1873 Antiphonario
1537 1819 1628 1872 pro
1667 1803 1842 1871 ofﬁcio
1901 1797 2143 1867 temporis
2172 1799 2220 1858 B
2250 1796 2300 1850 in
2329 1795 2725 1866 Martyrologiis
2757 1797 3073 1851 notissimus
3103 1798 3172 1851 sit
3205 1797 3404 1869 Martyr
3429 1840 3442 1862 ,
3490 1799 3541 1852 in
3571 1799 3848 1854 nonnullis

539 1899 973 1970 Paschalis,pag.
1002 1895 1131 1959 981,
1157 1906 1262 1949 tum
1294 1896 1345 1949 in
1372 1893 1854 1964 Lectionario,pay.
1887 1890 1990 1955 80,
2034 1899 2142 1943 tum

530 1993 586 2047 in
611 1990 900 2062 Capitulari
919 1987 1338 2058 Evangeliorum,
1373 2002 1494 2056 pag.
1519 1986 1649 2050 217,
1673 1994 1719 2038 et
1751 1986 1804 2037 id
1827 1985 1997 2054 ipsum
2018 1997 2139 2046 quo-

534 2101 630 2152 que
657 2091 865 2138 notatur
891 2082 944 2134 in
970 2079 1394 2148 Responsoriale,
1439 2088 1484 2131 et
1517 2077 1891 2148 Antiphonario
1920 2092 2013 2143 pro
2047 2074 2144 2146 0f-

537 2176 656 2246 ﬁcio
683 2173 928 2240 temporis
961 2170 1250 2238 Paschalis,
1285 2187 1406 2242 pag.
1433 2169 1538 2224 5M
1560 2211 1573 2232 ,
1597 2179 1645 2222 et
1678 2187 1770 2239 pro
1799 2169 1976 2239 ofﬁcio
2001 2181 2143 2220 com-

534 2269 697 2334 muni,
726 2284 846 2335 pag.
873 2266 1001 2331 36],
1032 2265 1160 2318 adeo
1185 2273 1234 2317 ut
1255 2263 1393 2333 quod
1411 2279 1473 2317 ea:
1493 2262 1546 2315 id
1573 2263 1773 2334 generis
1796 2261 2104 2330 Antiphonis
2124 2301 2139 2325 ,

535 2371 582 2414 et
610 2359 908 2429 Evangeliis
948 2357 1142 2412 eruitur
1167 2367 1530 2426 argumentum
1564 2354 1632 2406 ad
1673 2353 2006 2408 statuendum
2032 2351 2144 2405 cul-

534 2464 642 2508 tum
694 2450 942 2520 Martyris
992 2449 1159 2520 potius
1226 2465 1381 2518 quam
1417 2445 1738 2514 Confessoris
1793 2445 1996 2499 traduci
2038 2461 2142 2498 non

536 2549 718 2620 possit.
745 2544 891 2600 Illud
921 2554 1089 2599 autem
1118 2543 1256 2612 quod
1296 2559 1358 2596 ea:
1384 2540 1562 2594 Missis
1593 2554 1784 2596 certum
1816 2540 1998 2594 elicere
2026 2555 2145 2608 pos-

534 2657 712 2697 sumus
739 2640 908 2693 cultus
934 2637 1302 2700 testimonium,
1328 2644 1447 2687 sunt
1471 2634 1752 2696 orationes,
1783 2632 1862 2685 uel
1889 2630 2144 2704 graduale

534 2732 921 2802 responsorium
945 2771 959 2793 ,
993 2728 1038 2782 si
1066 2726 1272 2796 quidem
1302 2727 1569 2795 proprium
1597 2723 1775 2780 Sancti
1797 2739 1979 2777 nomen
2009 2738 2144 2792 prae-

535 2826 688 2896 ferat.
747 2822 848 2878 Ubi
885 2823 1021 2876 enim
1045 2815 1295 2890 Martyris
1322 2859 1336 2882 ,
1378 2819 1454 2872 uel
1484 2818 1808 2884 Confessoris
1837 2817 2017 2870 titulus
2044 2831 2139 2870 no-

534 2918 662 2972 mitti
695 2915 904 2988 praprio
929 2912 1160 2974 additus,
1192 2920 1363 2964 utrum
1387 2907 1687 2978 Confessor,
1719 2925 1787 2960 an
1819 2906 2024 2977 Martyr
2046 2907 2140 2960 ha-

538 3012 672 3066 bitus
703 3009 879 3079 fuerit,
911 3015 1014 3059 tute
1034 3003 1315 3077 judicabit.
1351 3001 1541 3055 Omnes
1566 3017 1682 3054 vero
1706 3001 1963 3054 orationes
2013 3015 2142 3069 quas

537 3103 589 3155 in
618 3117 708 3156 sea:
729 3116 855 3154 mss.
898 3096 1204 3152 Veronensis
1236 3093 1482 3148 Ecclesiae
1505 3092 1678 3158 libris,
1725 3102 1774 3146 et
1801 3093 1856 3146 in
1905 3091 2142 3146 omnibus

2248 1889 2678 1960 Hieronymianis
2708 1890 3032 1960 apograpbis
3059 1889 3442 1945 Confessoretn
3475 1890 3847 1946 tantummodo

2248 1983 2563 2052 nuncupari.
2610 1981 2764 2050 Quod
2806 1993 2856 2036 et
2897 1982 2949 2036 in
2983 1982 3039 2037 S.
3089 1981 3347 2037 Marcello
3376 1982 3516 2052 Papa
3545 1992 3629 2036 cst
3658 1983 3846 2036 obser-

2246 2075 2475 2129 vandum
2515 2089 2622 2127 xvtt
2665 2072 2776 2127 kal.
2810 2073 2942 2129 Feb.
2986 2072 3041 2127 ln
3092 2073 3294 2129 Missali
3327 2074 3523 2144 quippe
3555 2091 3581 2126 a
3611 2074 3844 2129 Thoma-

2248 2167 2330 2219 sio
2363 2166 2550 2219 Romae
2580 2164 2749 2228 edito,
2781 2165 3075 2222 Confessor
3120 2176 3175 2220 et
3212 2166 3462 2222 Pontifex
3505 2167 3703 2222 dicitur
3735 2186 3747 2220 :
3782 2168 3847 2223 S.

2249 2257 2490 2313 Marcelli
2540 2259 2860 2330 Confessoris
2913 2270 3065 2331 atque
3105 2259 3400 2330 Pontiﬁcis.
3455 2261 3524 2315 Et
3567 2262 3619 2316 in
3651 2261 3848 2316 Sacra-

2246 2354 2515 2408 mentario
2543 2353 2786 2422 ejusdem
2821 2353 3064 2424 Gregorii
3093 2395 3108 2419 ,
3137 2354 3376 2426 Martyr:
3423 2353 3571 2408 Beati
3615 2354 3850 2408 Marcelli

2248 2444 2499 2518 Martyris
2553 2448 2628 2500 tui
2673 2458 2825 2517 atque
2855 2447 3145 2514 Pontiﬁcis.
3197 2447 3366 2504 Sicuti
3404 2450 3565 2504 etiam
3611 2449 3667 2506 S.
3697 2449 3848 2505 Felix

2247 2538 2488 2594 Nolanus
2516 2539 2809 2612 Presbyter
2835 2548 2890 2594 et
2931 2540 3133 2612 Martyr
3159 2583 3172 2602 ,
3216 2541 3374 2595 titulo
3397 2540 3738 2597 Cunfessoris
3767 2543 3846 2597 in-

2244 2627 2500 2684 scribiiur
2518 2647 2606 2685 XIX
2639 2630 2764 2684 Kal.
2801 2630 2923 2686 Feb.
2960 2631 3184 2686 :Natale
3211 2631 3272 2688 8.
3297 2633 3486 2687 Felicis
3509 2633 3845 2706 Confessoris.

2245 2724 2400 2779 Nulla
2439 2727 2618 2795 itaque
2649 2727 2925 2780 distinctio
2957 2727 3008 2780 in
3038 2726 3196 2780 allata
3239 2743 3268 2780 a
3298 2726 3591 2782 Tltomasio
3635 2726 3849 2783 rubrica

2245 2815 2492 2872 facienda
2521 2826 2623 2882 est,
2657 2832 2779 2872 cum
2806 2833 2999 2872 nomen
3033 2817 3282 2889 Martyris
3331 2827 3386 2872 et
3415 2817 3758 2874 Confessoris
3793 2819 3850 2875 in

2243 2909 2432 2964 eadem
2462 2910 2853 2980 signiﬁcatione
2876 2911 3172 2982 antiquitus
3201 2913 3562 2983 acciperetur,
3594 2923 3648 2968 et
3683 2913 3851 2983 ipsius

2244 3002 2333 3072 qui
2368 3013 2541 3056 morte
2568 3013 3015 3058 consummarnnt
3044 3005 3387 3075 martyrium,
3414 3019 3612 3060 nomen
3643 3006 3851 3060 tribua-

2247 3105 2333 3149 tnr
2376 3095 2727 3150 confessoris.
2772 3095 2886 3164 Qua
2927 3095 2996 3151 de
3042 3111 3101 3152 re
3131 3096 3421 3152 manifeste
3459 3106 3636 3168 patet,
3687 3112 3848 3166 quam

538 3191 745 3263 quidem
785 3191 846 3247 S.
878 3187 1102 3244 Zenonis
1135 3185 1313 3241 Missis
1350 3184 1566 3255 inferius
1595 3183 1940 3237 describendis
1974 3182 2139 3252 legere
2167 3177 2212 3238 C
2248 3186 2364 3241 leve
2394 3187 2464 3242 sit
2494 3204 2559 3243 ex
2592 3187 2697 3243 illis
2733 3188 2966 3243 rubricae
3007 3175 3216 3245 verbis:
3263 3187 3326 3243 In
3351 3206 3620 3245 commune
3653 3189 3854 3262 Marty-

541 3288 682 3350 licet,
707 3301 866 3340 unum
893 3281 1218 3352 Confessoris
1241 3277 1536 3348 Pontiﬁcis,
1572 3294 1673 3331 non
1702 3285 1873 3331 autem
1903 3276 2144 3346 martyris

537 3379 744 3432 titulum
777 3384 1065 3431 constanter
1098 3375 1370 3444 ingerunt,
1400 3382 1448 3424 et
1480 3371 1865 3436 responsorium
1897 3367 2148 3440 graduale

543 3473 824 3543 subjectum
855 3468 1106 3538 Epistolas
1127 3469 1243 3537 ipso
1270 3467 1321 3518 in
1344 3463 1541 3532 Carpso
1563 3463 1890 3535 designatum
1917 3477 2020 3514 non
2039 3460 2146 3515 alio

546 3565 694 3618 titulo
749 3561 982 3616 eumdem
1023 3559 1272 3613 Sanctum
1317 3556 1546 3626 appellat
1585 3553 1820 3610 :Sancte
1868 3552 2146 3624 Confrssor

545 3657 710 3721 Zeno,
732 3662 837 3709 etc.
865 3651 991 3720 Quis
1009 3666 1130 3720 ergo
1157 3665 1220 3703 ex
1246 3647 1578 3714 Antiphonis,
1611 3655 1660 3700 et
1690 3644 2000 3714 Evangelia,
2030 3658 2146 3714 qua

544 3765 638 3821 pro
667 3747 902 3817 Martyre
925 3785 940 3809 ,
966 3743 1043 3798 vel
1074 3743 1366 3812 confessore
1401 3739 1524 3793 olim
1548 3739 1844 3792 communia
1868 3738 2029 3810 fuisse
2051 3736 2143 3792 de-

546 3838 775 3909 prehend
783 3847 938 3890 untur
959 3844 1138 3888 contra
1154 3847 1447 3903 expressum
1466 3831 1757 3882 orationum
1774 3828 2142 3894 testimoniunt,

543 3946 637 4002 pro
665 3927 914 3998 martyrio
944 3923 1216 3979 statuendo
1245 3938 1463 3994 arguere
1489 3923 1604 3974 velit
1629 3921 1654 3974 .9
1679 3919 1848 3974 Immo
1889 3919 2010 3972 hinc
2045 3934 2144 3990 po-

545 4022 647 4076 tius
676 4020 984 4086 conﬁrmare
1014 4017 1169 4079 licet,
1207 4031 1291 4068 eas
1321 4013 1674 4084 Antiphonas,
1718 4021 1764 4066 et
1803 4010 2146 4081 Euangelium

545 4112 818 4170 Paschalis
851 4108 1026 4164 Μίδεω
1067 4110 1127 4161 8.
1161 4106 1415 4169 Zeno-ais,
1450 4122 1563 4174 qua:
1588 4104 1879 4176 Martyrum
1921 4104 2147 4176 propriis

547 4222 684 4261 nunc
731 4203 981 4258 habentur
1008 4245 1021 4268 ,
1070 4198 1458 4270 Confessoribus
1509 4198 1662 4251 etiam
1700 4197 1991 4250 communia
2019 4197 2147 4251 olim

548 4299 707 4372 fuisse
732 4339 747 4363 ,
779 4313 893 4350 cum
925 4294 1214 4366 prwsertim
1245 4291 1379 4344 idem
1409 4289 1639 4358 Carpsus
1669 4331 1683 4355 ,
1733 4299 1779 4343 et
1816 4290 1906 4343 alii
1934 4289 2145 4343 rituales

543 4391 661 4444 libri
709 4389 940 4459 ofﬁcium
981 4388 1136 4441 etiam
1186 4382 1440 4438 Paschale
1490 4382 1550 4437 8.
1604 4381 1829 4436 Zenonis
1880 4394 2039 4436 totum
2082 4381 2148 4437 de

545 4481 852 4552 Confessore
882 4477 1136 4546 Pontiﬁce
1181 4473 1502 4528 recitandum
1527 4473 1797 4527 exhibeant
1823 4513 1838 4538 ,
1873 4473 2012 4543 quod
2042 4489 2145 4526 non

2248 3284 2340 3346 ris,
2374 3283 2450 3336 vel
2489 3282 2812 3352 Confessoris
2843 3282 3146 3353 imaginari,
3178 3281 3307 3337 olim
3339 3281 3508 3337 fuisse
3534 3298 3852 3339 communes

2249 3375 2591 3446 Antiphonas
2621 3386 2673 3430 et
2706 3375 3017 3445 Evangelia,
3052 3385 3160 3430 tam
3204 3390 3305 3443 pro
3333 3374 3661 3446 Martyribus
3689 3391 3850 3447 quam

2250 3483 2351 3538 pro
2380 3469 2802 3524 Confessoribus
2824 3467 2842 3540 (
2865 3469 3057 3524 eodem
3079 3484 3260 3533 sensu,
3287 3484 3396 3538 quo
3421 3485 3568 3524 nunc
3596 3470 3852 3539 intelligi-

2251 3567 2337 3613 tur
2363 3560 2703 3615 Confessoris
2737 3559 2967 3634 nomen)
2997 3577 3119 3632 qua;
3155 3559 3318 3615 modo
3348 3576 3451 3632 pro
3493 3563 3626 3617 solis
3656 3563 3854 3635 Marty-

2249 3655 2398 3710 ribus
2421 3665 2661 3724 tempore
2693 3654 2940 3709 Paschali
2967 3665 3089 3709 sunt
3114 3655 3166 3708 in
3195 3670 3314 3708 usu.
3341 3655 3412 3710 At
3440 3670 3568 3710 vero
3592 3665 3652 3709 ut
3678 3654 3855 3710 indui.

2247 3748 2461 3816 gentius
2497 3760 2740 3814 agamus,
2769 3746 2814 3799 si
2855 3762 2956 3816 qua
2989 3745 3266 3800 distinctio
3316 3746 3456 3802 inter
3483 3762 3678 3801 nomen
3709 3746 3852 3800 Con-

2249 3837 2474 3893 fessnris
2527 3849 2582 3892 et
2612 3838 2864 3909 Martyris
2907 3839 2958 3892 in
3000 3839 3190 3893 eadem
3241 3837 3461 3896 rubrica
3519 3837 3850 3893 admittenda

2250 3940 2354 3998 est,
2388 3934 2502 3988 haec
2533 3934 2689 3988 unica
2729 3933 2940 3987 admitti
2985 3933 3147 3988 debet
3174 3950 3186 3985 :
3214 3949 3411 4006 nempe
3440 3934 3581 3989 idem
3612 3933 3852 3987 officium

2251 4041 2348 4094 pro
2395 4025 2716 4095 Martyribus
2760 4024 3081 4093 dispositum
3110 4040 3400 4081 Commune
3441 4026 3602 4079 fuisse
3641 4023 3707 4078 iis
3759 4021 3853 4094 qui

2253 4114 2444 4170 stricto
2470 4117 2689 4172 nomine
2715 4113 3073 4170 Confessores
3102 4126 3499 4188 nuncupantur,
3543 4130 3742 4185 nempe
3776 4113 3852 4169 illi

2251 4209 2339 4278 qui
2391 4209 2549 4264 fidem
2590 4209 2804 4279 publice
2834 4209 3098 4277 professi,
3146 4218 3306 4280 atque
3355 4193 3528 4266 etiam
3565 4209 3852 4266 tormentis

2251 4302 2567 4365 excruciati,
2600 4313 2824 4357 cruenta
2857 4311 3030 4358 morte
3063 4318 3170 4357 non
3197 4312 3322 4358 sunt
3356 4303 3557 4360 affecti.
3603 4303 3664 4358 Hi
3712 4312 3765 4357 et
3795 4303 3851 4357 in

2251 4396 2504 4463 praesenti
2547 4394 2736 4450 eodem
2775 4393 3067 4460 Martyrum
3103 4393 3284 4450 ofﬁcio
3321 4395 3596 4460 coluntur,
3637 4407 3687 4449 et
3735 4391 3851 4448 veri

2252 4485 2512 4558 Martyres
2545 4497 2690 4552 sunt,
2722 4497 2778 4541 ut
2802 4487 2859 4542 8.
2887 4487 3207 4551 Marcellus,
3241 4486 3297 4542 S.
3329 4485 3602 4548 Joannes,
3644 4484 3702 4540 8.
3744 4483 3853 4539 Sil-

543 4575 781 4646 [ecissent
811 4574 1061 4642 profecto,
1089 4572 1132 4624 si
1165 4567 1434 4623 Paschalis
1463 4566 1654 4632 Missa,
1683 4583 1798 4636 qua:
1825 4583 1941 4620 cum
1966 4566 2141 4636 ofﬁcio

2253 4579 2452 4642 verius,
2471 4577 2570 4634 88.
2588 4578 2842 4632 Martinus
2870 4588 2925 4634 et
2951 4578 3273 4647 Pontianus,
3315 4593 3508 4634 omnes
3535 4577 3849 4644 Pontifices,

543 4668 860 4724 concordare
882 4665 1116 4729 debebat,
1155 4663 1403 4734 Martyris
1435 4663 1645 4733 prOpria
1681 4661 1911 4715 indicata
1940 4663 2140 4731 fuisset.

546 4763 753 4820 Novum
805 4776 1026 4830 prorsus
1085 4770 1140 4814 et
1207 4757 1504 4811 inauditum
1552 4757 1605 4809 in
1649 4756 1892 4810 Ecclesia
1921 4797 1934 4820 ,
1979 4757 2143 4811 ritum

547 4858 940 4928 (commentum
968 4853 1145 4919 ponus
1173 4848 1440 4917 dixerim)
1473 4848 1664 4903 eodem
1695 4849 1874 4903 ofﬁcio
1901 4892 1914 4912 ,
1948 4858 2002 4904 et
2042 4864 2142 4920 pro

545 4949 869 5018 Martyribus
894 4988 907 5010 ,
950 4956 1001 4998 et
1036 4961 1136 5014 pro
1163 4941 1583 4998 Confessoribus
1611 4942 1686 4995 uti
1737 4943 1789 4995 in
1813 4942 2143 4998 celebrando

547 5041 788 5113 Martyrii
819 5039 961 5093 festo
985 5078 1000 5102 ,
1023 5037 1108 5089 vel
1141 5035 1227 5089 die
1253 5035 1432 5089 obitus
1461 5034 1823 5090 Confessoris.
1879 5035 2144 5110 Antiquo-

546 5153 666 5192 rum
713 5148 948 5202 namque
973 5130 1262 5185 Missalium
1324 5145 1444 5200 qua:
1476 5129 1800 5183 Tliomasius
1856 5127 2022 5183 edidit
2053 5143 2143 5190 ru-

547 5230 715 5292 brica,
748 5241 942 5297 nempe
968 5245 980 5278 :
1032 5223 1097 5277 In
1123 5238 1389 5277 commune
1414 5226 1565 5278 unius
1595 5221 1841 5293 Martyris
1863 5263 1877 5287 ,
1905 5221 1984 5275 vel
2009 5219 2146 5275 Con-

547 5322 756 5394 fessoris
779 5361 792 5386 ,
841 5335 946 5374 non
987 5333 1054 5373 en
1084 5333 1245 5373 sensu
1275 5316 1585 5387 accipienda
1615 5325 1698 5370 est
1727 5356 1740 5380 ,
1793 5331 1900 5383 quo
1943 5315 2146 5369 nostris

551 5413 888 5484 temporibus
913 5413 1233 5482 Cotifessoris
1263 5425 1462 5465 nomen
1493 5409 1777 5477 accipitur.
1806 5407 1966 5462 Modo
1993 5407 2141 5462 enim

545 5508 595 5560 bi
629 5507 881 5561 dicuntur
905 5503 1296 5568 Confessorcs,
1336 5503 1426 5570 qui
1451 5502 1538 5572 pie
1581 5508 1635 5552 ct
1659 5497 1916 5567 religiose
1945 5499 2139 5553 viven-

543 5610 646 5664 tcs,
679 5598 938 5667 singulari
969 5597 1256 5650 sanctitate
1283 5592 1489 5659 praediti
1524 5588 1936 5645 obdormierunt
1965 5589 2018 5645 in
2044 5591 2143 5646 Do-

540 5703 704 5752 mino.
743 5693 993 5763 Antiquis
1034 5705 1163 5744 vero
1197 5687 1536 5752 temporibus
1579 5683 1611 5736 ii
1643 5683 1965 5739 dicebantur
1994 5685 2141 5743 Con-

526 5793 790 5859 [υοεοι-ες,
827 5787 916 5857 qui
946 5782 1159 5854 publice
1185 5790 1371 5834 coram
1407 5775 1666 5847 Praeside,
1699 5778 1782 5835 vel
1812 5779 1864 5836 in
1897 5787 2138 5841 tormen-

2249 4670 2342 4740 qui
2374 4673 2425 4725 in
2450 4686 2517 4725 eo
2565 4681 2770 4724 tantum
2812 4688 2839 4723 a
2869 4671 3092 4740 reliquis
3119 4671 3441 4742 Martyribus
3482 4669 3852 4740 distinguntur

2247 4763 2302 4818 in
2325 4773 2519 4819 octavo
2546 4763 2917 4834 Responsorio
2955 4765 3020 4819 ad
3051 4764 3385 4820 Matutinum.
3411 4763 3544 4818 Nam
3587 4780 3684 4832 pro
3711 4763 3852 4819 Mar-

2248 4856 2456 4926 tyribns
2511 4856 2600 4924 qui
2646 4867 2877 4911 mortem
2906 4855 2957 4909 in
2991 4860 3277 4912 tormentis
3318 4855 3619 4926 oppetiere,
3660 4855 3849 4925 dispo-

2248 4949 2394 5001 nitur
2438 4950 2884 5014 rcsponsorium:
2926 4947 3030 5003 Hic
3083 4959 3155 5004 est
3202 4965 3313 5002 rere
3349 4947 3577 5020 Martyr,
3627 4949 3718 5018 qui
3755 4962 3850 5018 pro

2244 5036 2438 5092 Christi
2469 5040 2671 5092 nomine
2706 5041 3008 5110 sanguinem
3036 5056 3185 5094 suum
3211 5040 3366 5110 fudit,
3398 5048 3504 5094 ctc.
3542 5040 3644 5093 Pro
3691 5052 3852 5107 supe-

2248 5131 2364 5184 rius
2418 5131 2701 5186 recensitis
2753 5133 3216 5202 Ilvsponsorium:
3264 5131 3524 5198 Domine,
3557 5131 3848 5204 praevenisti

2247 5238 2384 5276 eum.
2417 5223 2552 5279 Vide
2598 5225 2932 5281 Breviarium
2977 5241 3257 5281 romanum
3293 5226 3344 5280 in
3373 5240 3662 5281 commune
3692 5225 3850 5280 unius

2251 5314 2520 5387 Martyris.

2320 5409 2464 5464 Nihil
2528 5424 2659 5465 vero
2721 5410 2936 5464 confert
3001 5411 3309 5466 observatio
3365 5410 3452 5464 illa
3488 5453 3502 5476 ,
3581 5426 3706 5482 qua
3780 5409 3852 5464 ad

2251 5502 2540 5574 Martyrem
2569 5518 2598 5556 a
2625 5501 2952 5557 Confessore
2975 5502 3396 5558 discernendum
3427 5503 3736 5559 adducitur.
3766 5502 3850 5556 ll-

2249 5596 2338 5648 lud
2368 5606 2537 5650 autem
2557 5596 2695 5666 quod
2723 5612 2785 5650 ea:
2808 5593 2985 5650 Missis
3007 5604 3202 5650 certum
3232 5596 3415 5650 elicere
3437 5612 3710 5666 possumus
3733 5596 3852 5650 cul-

2249 5698 2330 5742 tus
2364 5687 2762 5756 Testimonium,
2795 5700 2914 5743 sunt
2944 5691 3202 5744 orationes
3231 5690 3309 5744 uel
3344 5690 3595 5762 graduale
3625 5705 3855 5759 respon-

2247 5783 2478 5851 sarium,
2515 5783 2560 5836 si
2585 5783 2791 5852 quidem
2823 5781 3006 5838 Sancti
3052 5799 3234 5840 nomen
3276 5788 3516 5856 μηνίεται
3550 5799 3569 5839 .·
3599 5783 3668 5838 ibi
3711 5787 3858 5841 enim
3949 5843 3958 5860 τ
