4198 6160
444 304 543 361 751

1197 293 1288 350 DE
1324 288 1645 350 OPINIONE
1686 284 2048 343 BALLERlN.
2085 285 2291 343 CIRCA
2330 284 2482 342 ZEN.
2527 283 2943 342 MARTYRIUM

3650 282 3754 338 75%

443 432 499 477 et
530 421 753 489 Bagatta
781 416 1026 478 testibus,
1088 412 1142 467 in
1171 410 1410 480 antiquis
1436 406 1803 463 monumentis
1823 404 2052 460 Sancto-
2079 405 2127 467 A
2155 402 2522 457 Ordinationis
2545 402 2600 457 S.
2633 402 2869 458 Zenonis
2893 400 3111 456 Festum
3135 400 3519 457 celebrandum
3549 414 3669 455 esse
3690 400 3758 455 de

447 529 568 569 rum
600 514 980 579 episcoiiorum
1008 504 1401 560 Veronensium
1428 544 1442 568 ,
1473 512 1528 555 et
1559 498 1812 555 Fcrrario
1846 498 1896 552 in
1933 496 2049 550 Vita

447 606 507 664 S.
534 605 789 661 Zenonis.
816 601 1120 657 Minabatur
1143 597 1353 654 scilicet
1379 612 1475 665 pro
1502 592 1823 650 diversitate
1853 589 2002 645 Festi
2038 606 2050 642 :

448 713 646 768 nempe
673 697 726 750 in
766 694 927 750 Festo
952 690 1323 748 Ordinationis
1354 688 1600 760 Magnus,
1634 688 1684 741 in
1715 684 1875 740 Festo
1907 699 2049 738 mar-

447 789 570 861 tyrii
600 786 824 858 Martyr.
850 785 1124 854 Expresse
1151 791 1331 837 tamen
1356 780 1408 835 in
1437 779 1626 835 eadem
1655 777 1876 847 stropha
1908 790 2054 832 mar-

446 883 569 956 tyrii
599 881 863 938 memoria
895 878 1218 949 exprimitur
1252 895 1265 930 :

633 994 733 1044 Pro
755 992 865 1043 Deo
889 990 1089 1041 tandem
1114 987 1345 1052 patiendo
1367 992 1579 1038 mortem

702 1056 833 1106 Vivit.
855 1056 905 1104 in
927 1066 1103 1104 rerum.

448 1166 581 1233 Qua:
611 1161 777 1218 verba
802 1175 909 1215 non
943 1158 1016 1213 ita
1044 1156 1258 1212 facilem
1303 1152 1656 1209 mutationem
1691 1146 2053 1219 patiebantur.

523 1254 928 1314 Benedictionis
960 1251 1190 1306 formula
1218 1249 1272 1303 in
1303 1247 1465 1303 Festo
1493 1246 1550 1303 S.
1584 1243 1820 1299 Zenonis
1846 1240 1925 1295 sic
1960 1240 2054 1292 ba-

447 1354 543 1409 bet
572 1371 585 1407 :
623 1348 957 1420 Omnipotens
989 1343 1129 1407 Deus
1179 1351 1225 1395 et
1256 1339 1510 1394 Dominus
1565 1336 1649 1389 det
1689 1332 1830 1387 vobis
1855 1330 2058 1401 copiam

448 1440 833 1506 benedictionis,
864 1438 953 1509 qui
992 1435 1056 1490 B.
1084 1434 1344 1489 Zenonem
1370 1431 1470 1487 sibi
1499 1430 1674 1485 ascivit
1718 1427 1903 1481 uirtute
1924 1420 2083 1515 Cong

447 1534 710 1609 fessionis.
742 1533 925 1585 Amen.
949 1529 1038 1583 llla
1071 1528 1234 1581 verba
1261 1542 1275 1578 :
1313 1523 1515 1577 Virtute
1538 1517 1888 1590 Confessionis
1916 1528 2059 1569 mar-

450 1629 651 1701 tyrium
682 1625 1013 1695 exprimunt;
1046 1620 1207 1675 simili
1236 1616 1437 1673 etenim
1467 1615 1628 1670 modo
1650 1611 1791 1693 apud
1821 1609 2058 1664 Thoma-

446 1724 589 1780 siuin
613 1738 745 1778 mu
769 1721 1030 1775 kalendas
1050 1716 1212 1772 Febr.
1241 1714 1299 1770 S.
1325 1713 1524 1768 Felicis
1548 1706 1865 1780 martyrium
1892 1702 2060 1774 signi-

2154 496 2469 557 Ctmfessure
2494 495 2758 550 Pontilice
2788 513 2801 548 :
2835 495 2954 549 aliis
2978 494 3192 550 duobus
3220 495 3395 550 Festis
3423 510 3617 563 nempe
3657 494 3759 548 Νςι-

2158 589 2279 643 talis
2309 598 2359 643 et
2413 587 2833 653 Translationis,
2860 587 2928 641 de
2960 588 3192 658 Martyre
3219 587 3494 656 pontifice.
3532 585 3758 641 Essendo

2156 681 2219 735 de
2242 682 2483 735 mandato
2505 680 2558 733 di
2589 680 2734 736 Sisto
2773 678 2833 747 V,
2862 690 2993 734 stato
3020 680 3601 749 diligentissimamente,
3629 695 3656 733 e
3682 695 3758 733 se-

2157 774 2320 828 cando
2344 775 2395 828 la
2423 777 2591 844 forma
2619 775 2704 828 del
2729 773 2867 827 detto
2896 773 3161 828 Breviario
3179 770 3472 844 (Romano)
3496 774 3759 827 emendato

2158 866 2412 938 (l‘Oflizio
2455 865 2675 935 proprio
2699 864 2756 920 di
2788 866 2846 920 S.
2883 863 3126 937 Zenone)
3166 865 3306 919 della
3343 863 3762 938 Congregasione

2159 961 2293 1032 degl’
2319 959 2677 1014 Illustrissimi
2704 956 2973 1012 Cardinali
3000 958 3226 1029 deputati
3253 974 3408 1028 sopra
3430 958 3450 1010 i
3476 959 3590 1021 riti,
3621 974 3648 1011 e
3674 973 3758 1012 ce-

2158 1055 2387 1108 remonie
2428 1052 2825 1107 Ecclesiasticlte
2847 1092 2861 1116 ,
2887 1068 2915 1106 e
2940 1052 3008 1105 da
3037 1051 3268 1118 alquanti
3298 1051 3496 1105 nomini
3528 1067 3617 1119 per
3647 1052 3761 1105 dot-

2160 1147 2319 1210 trina,
2344 1162 2370 1199 e
2397 1159 2487 1216 per
2513 1144 2650 1214 piett‘z
2672 1144 2938 1199 excellenti
2959 1160 3056 1197 con
3075 1142 3320 1197 auttoritd
3341 1142 3396 1197 di
3417 1159 3530 1197 esso
3552 1142 3760 1199 Sommo

2163 1234 2420 1306 Pontiﬁce
2443 1254 2475 1289 ιι
2496 1237 2576 1289 cio
2604 1236 2741 1290 eletti
2762 1277 2778 1303 ,
2808 1235 3020 1290 essendo
3061 1236 3229 1305 prima
3259 1254 3292 1290 a
3321 1236 3471 1305 pieno
3496 1236 3760 1305 informati

2159 1330 2369 1385 interno
2398 1329 2489 1385 all’
2529 1347 2655 1396 uso,
2700 1347 2727 1384 ε
2764 1330 2817 1384 al
2860 1330 3003 1385 titolo
3043 1329 3164 1385 dell‘
3190 1330 3384 1400 officio,
3438 1346 3583 1384 come
3627 1330 3763 1385 nella

2161 1421 2362 1492 Cliiesa,
2397 1439 2424 1477 e
2446 1440 2543 1477 sua
2571 1423 2771 1479 diocese
2808 1425 2863 1478 in
2891 1424 3076 1477 diversi
3102 1425 3263 1494 tempi
3281 1425 3471 1488 ovanti,
3502 1439 3530 1477 e
3551 1425 3686 1491 dopo
3712 1425 3763 1479 la

2161 1514 2380 1583 riforma
2409 1531 2496 1569 era
2522 1524 2655 1570 stato
2687 1515 2971 1582 celebrato,
3013 1532 3040 1570 e
3061 1517 3239 1571 vedute
3274 1517 3465 1584 anche,
3496 1518 3636 1571 accio
3664 1534 3763 1572 non

2163 1623 2429 1662 mancasse
2447 1625 2568 1663 cosa
2587 1609 2775 1663 alcuna
2801 1627 2835 1663 a
2857 1618 3035 1679 questa
3059 1610 3452 1679 informazione,
3476 1610 3661 1666 alcune
3679 1628 3764 1664 rn-

2164 1702 2324 1772 gioni,
2353 1702 2445 1755 che
2474 1703 2526 1755 di
2560 1719 2660 1772 qua
2687 1701 2777 1775 (da
2802 1701 3039 1773 Verona)
3075 1703 3147 1774 gli
3174 1705 3362 1774 furono
3387 1704 3454 1758 da
3476 1704 3597 1759 altri
3622 1722 3766 1759 man-

448 1816 643 1871 ﬁcatur
672 1814 727 1868 in
756 1812 1002 1868 oratione
1037 1827 1050 1862 :
1085 1808 1147 1864 S.
1185 1806 1399 1871 Felicis,
1428 1802 1671 1864 Domine,
1701 1798 1953 1867 confessio
1977 1812 2059 1850 re—
2090 1796 2135 1856 B
2164 1793 2305 1857 date,
2345 1793 2689 1863 giudicando,
2737 1793 2830 1848 clte
2874 1811 2980 1848 non
3024 1795 3070 1848 si
3115 1794 3325 1849 devosse
3350 1795 3436 1865 far
3476 1797 3675 1868 l‘oﬁizio
3710 1796 3763 1850 di

447 1909 647 1964 censita
691 1907 923 1976 conferat
970 1901 1148 1964 nobis,
1194 1905 1339 1963 etc.,
1387 1896 1476 1965 qui
1519 1895 1573 1947 in
1603 1890 1936 1960 confessione
1982 1888 2056 1940 tui

452 2000 675 2056 nominis
722 2010 1085 2067 perseverans,
1134 1992 1319 2046 meruit
1362 1986 1629 2042 honorari.
1677 1984 1747 2037 Et
1787 1982 1843 2036 in
1886 1979 2056 2034 Natali

443 2098 772 2154 Sanctorum
795 2091 1089 2163 Martyrum
1112 2085 1365 2142 Processi
1409 2092 1463 2139 et
1490 2079 1814 2143 Martiniani,
1834 2092 1887 2130 vr
1910 2075 2047 2130 Non.

449 2189 583 2247 Julii
611 2191 664 2244 in
694 2182 1130 2244 Sacramentario
1160 2181 1217 2237 S.
1238 2176 1482 2247 Gregorii
1507 2174 1706 2245 legitur
1733 2189 1745 2224 :
1780 2169 1943 2234 Deus,
1972 2166 2060 2238 qui

450 2301 549 2340 nos
578 2282 889 2339 Sanctorum
912 2288 1115 2331 tuorum
1148 2271 1385 2327 Processi
1416 2278 1463 2323 et
1495 2264 1803 2321 Martiniani
1854 2265 2059 2332 confes-

449 2373 681 2431 sionibus
722 2369 962 2443 gloriosis
1003 2363 1294 2420 circumdas
1336 2370 1383 2417 et
1422 2357 1677 2431 protegis,
1707 2355 1913 2425 absque
1953 2350 2058 2407 alia

450 2465 732 2523 mentione
758 2459 1023 2531 Martyrii.

450 2602 480 2673 ᾗ
519 2599 585 2656 V.
628 2598 745 2666 Quo
774 2595 880 2650 ritu
913 2592 1032 2647 alite
1068 2588 1322 2644 Ecclesiae
1361 2584 1522 2640 Festa
1562 2582 1624 2639 S.
1655 2580 1881 2636 Zenonis
1930 2577 2063 2632 cele-

1136 2681 1371 2736 brarunt.

526 2821 709 2882 Sancti
732 2808 980 2877 Zenonis
1009 2817 1217 2873 cultum
1236 2855 1250 2879 ,
1283 2822 1336 2867 et
1365 2811 1417 2866 in
1460 2809 1609 2865 Italia
1631 2849 1659 2874 ,λ
1678 2815 1731 2862 et
1757 2814 1907 2862 extra
1939 2817 2058 2859 eam

449 2918 562 2974 late
589 2915 845 2972 diffusum
874 2896 1105 2982 prebant
1131 2904 1486 2963 eruditissimi
1531 2899 1825 2957 Ballerinii.
1856 2898 2059 2954 Medio-

448 3010 586 3072 lani,
620 3006 864 3070 Patavii,
902 3003 1038 3058 Pisis
1060 3043 1075 3069 ,
1123 2999 1178 3054 in
1210 2995 1435 3053 dioecesi
1462 2989 1910 3056 Novocomiensi,
1942 2988 2061 3044 Tri-

453 3101 712 3165 dentina,
756 3095 1070 3161 Tarvisina,
1115 3088 1481 3161 Aquileiensi,
1535 3085 1767 3155 aliisque
1814 3082 2061 3153 pluribus

456 3194 683 3252 Fesmm
728 3187 1100 3246 Ordinationis
1145 3185 1203 3241 S.
1235 3182 1471 3238 Zenonis
1506 3180 1724 3245 colitur,
1757 3193 1806 3232 νι
1849 3176 1928 3233 Id.
1963 3177 2067 3231 De-
2093 3179 2139 3243 α

455 3284 716 3349 cembris,
762 3281 872 3336 ritu
910 3276 1257 3335 Confessoris
1277 3273 1576 3329 Pontiﬁcis.
1627 3275 1698 3325 At
1745 3270 1797 3324 in
1841 3268 2068 3324 dioecesi

454 3376 712 3434 Brixiana
744 3389 841 3429 sex
870 3370 1161 3435 Ecclesiae,
1208 3383 1330 3438 quae
1359 3366 1534 3435 pridie
1560 3364 1685 3419 ldus
1722 3362 1924 3433 Aprilis
1959 3361 2067 3417 Fe-

460 3479 605 3527 stum
634 3467 944 3530 celebrant,
985 3464 1044 3519 S.
1074 3462 1350 3517 Zenonem
1381 3461 1489 3512 ritu
1520 3457 1775 3528 martyris
1805 3470 2071 3510 veneran-

457 3570 570 3623 tur,
600 3558 736 3613 etin
762 3558 875 3626 ipsa
906 3554 1039 3610 urbe
1088 3552 1284 3607 Brixia:
1314 3564 1417 3603 una
1450 3548 1696 3603 Ecclesia
1717 3588 1733 3612 ,
1763 3561 1886 3616 quae
1910 3554 2067 3601 antea

460 3666 519 3709 v1
572 3650 698 3706 ldus
728 3646 1045 3704 Decembris
1076 3643 1295 3697 Festum
1329 3642 1523 3711 agebat
1559 3638 1665 3695 ritu
1700 3638 2064 3706 confessoris,

457 3758 608 3803 nunc
638 3742 812 3813 pridie
850 3739 973 3795 ldus
1006 3736 1210 3808 Aprilis
1234 3735 1290 3791 8.
1325 3734 1559 3789 Zenonis
1587 3733 1765 3787 natale
1793 3734 1901 3788 ritu
1927 3733 2067 3788 Mar-

454 3838 597 3909 tyris
622 3833 846 3904 peragit.
872 3829 990 3886 Una
1022 3837 1108 3884 est
1138 3826 1380 3882 Ecclesia
1411 3826 1463 3879 in
1492 3824 1769 3879 Tarvisina
1797 3822 2063 3890 Diaecesi,

457 3941 583 3999 quae
636 3923 829 3981 eodem
883 3922 971 3977 die
1047 3918 1285 3973 officium
1353 3917 1546 3972 recitat
1608 3916 1677 3972 de
1740 3914 2067 3971 Confessore

457 4017 747 4077 Pontifice.
780 4017 850 4070 At
881 4015 935 4068 in
968 4026 1221 4067 universa
1247 4008 1677 4079 Congregatione
1704 4006 1900 4063 Montis
1929 4003 2065 4062 Cas-

458 4110 605 4176 sini,
637 4117 694 4162 nt
728 4107 782 4161 in
809 4102 1135 4162 Calendario
1176 4115 1277 4172 pro
1307 4100 1497 4156 eadem
1527 4099 1960 4171 Congregatione
1986 4098 2070 4153 di-

455 4210 613 4274 gesto
639 4205 896 4270 apparet,
928 4195 1019 4252 die
1058 4202 1245 4251 octava
1278 4192 1592 4247 Decembris
1618 4191 2068 4247 commemoratio

457 4296 522 4352 ﬁt
548 4295 610 4352 S.
640 4293 866 4350 Zenonis
891 4289 1140 4363 Episcopi
1173 4297 1221 4342 et
1262 4285 1535 4358 Martyris.
1571 4285 1813 4341 Ecclesia
1858 4284 2069 4340 Frisiu—

458 4389 667 4461 gensis,
700 4402 822 4458 quae
854 4384 924 4439 ab
948 4397 1092 4437 anno
1120 4380 1243 4446 750,
1272 4379 1329 4435 S.
1361 4380 1633 4435 Zenonem
1666 4378 1848 4435 Colere
1878 4379 2066 4450 erepit,

456 4483 569 4539 ritu
613 4477 866 4550 Martyris
914 4475 1191 4535 Pontificis
1239 4471 1427 4529 Natale
1475 4472 1532 4527 S.
1575 4471 1810 4526 Zenonis
1854 4470 2065 4527 recolit.

2162 1883 2418 1953 Martire,
2458 1902 2541 1938 ma
2581 1886 2635 1939 di
2663 1883 2969 1956 Confessore
3013 1885 3324 1950 solamente,
3357 1903 3385 1940 e
3422 1888 3588 1958 quelle
3626 1904 3767 1942 come

2161 1976 2271 2031 mal
2300 1979 2508 2049 fondate
2536 1978 2604 2031 da
2626 1979 2728 2032 essi
2753 1978 3006 2047 riﬁutate,
3033 1977 3089 2044 fu
3112 1978 3180 2030 da
3211 1978 3325 2033 Sua
3347 1977 3553 2035 Santitt‘z
3573 1980 3764 2048 conﬁr-

2163 2082 2302 2125 mato
2329 2087 2423 2126 con
2452 2080 2675 2143 precetto
2716 2088 2747 2125 a
2777 2081 2907 2125 tutto
2944 2071 2983 2125 il
3008 2069 3157 2125 (Σιενο
3196 2070 3454 2132 secolare,
3481 2090 3508 2125 e
3537 2072 3766 2143 regolare

2164 2164 2284 2219 dell’
2306 2181 2438 2230 uno,
2478 2182 2506 2219 e
2529 2165 2650 2219 dell’
2680 2165 2813 2219 altro
2843 2181 2981 2219 sesso
3007 2166 3144 2219 delia
3178 2166 3377 2221 diocese
3414 2165 3691 2231 Veronese,
3734 2182 3766 2218 a

2162 2256 2321 2325 quelli
2343 2255 2475 2321 ciae,
2498 2258 2590 2310 che
2619 2257 2844 2310 recitano
2868 2254 2908 2309 il
2933 2255 3106 2309 divino
3131 2254 3310 2327 Offizio
3333 2258 3552 2311 secanda
3590 2258 3630 2311 il
3671 2258 3765 2311 rito

2163 2347 2250 2402 del
2279 2347 2546 2402 Breviario
2578 2348 2832 2416 Romano,
2863 2348 2954 2402 clie
2978 2348 3207 2402 debbano
3234 2350 3575 2404 diootameute
3597 2350 3649 2403 al
3675 2367 3765 2406 suo

2165 2445 2334 2506 tempo
2369 2438 2536 2491 debito
2563 2438 2804 2492 recitarlo
2821 2479 2836 2504 ,
2866 2453 3008 2492 come
3035 2439 3408 2494 dissusamente
3444 2441 3489 2493 si
3517 2442 3659 2511 legge
3685 2440 3770 2494 nel

2162 2527 2324 2583 Breve
2343 2530 2641 2599 Apostolico
2663 2540 2795 2583 sotlo
2830 2528 2885 2583 di
2909 2529 2982 2584 26
3017 2528 3066 2583 Ν
3072 2529 3300 2584 ovembre
3326 2531 3491 2598 1587,
3516 2541 3769 2601 stampato

2164 2620 2246 2675 col
2275 2621 2412 2675 detto
2446 2620 2627 2691 Officio
2653 2622 2687 2675 ι’
2707 2637 2841 2675 anno
2858 2631 3097 2690 sequente
3121 2621 3282 2689 1588,
3308 2623 3393 2677 nel
3412 2606 3565 2694 quale
3592 2621 3767 2693 Officio

2168 2712 2196 2766 ἐ
2220 2723 2355 2768 stata
2382 2715 2513 2784 fatta
2536 2715 2589 2769 la
2621 2715 2911 2787 provisione
2936 2714 2990 2767 di
3024 2715 3233 2787 praprio
3259 2732 3351 2785 per
3370 2716 3610 2769 ciascuua
3641 2714 3770 2770 delle

2167 2814 2242 2858 tre
2274 2804 2427 2859 Feste
2453 2806 2588 2859 delle
2614 2806 2667 2859 di
2701 2822 2855 2877 supra
2881 2821 2900 2860 :
2929 2806 3068 2861 uella
3091 2807 3260 2876 prima
3288 2808 3331 2860 si
3359 2809 3415 2879 fa
3440 2807 3473 2862 l’
3504 2807 3677 2877 οῃειεο
3714 2807 3768 2860 di

2164 2895 2470 2967 Confessore
2499 2896 2792 2967 Pontefice,
2838 2915 2865 2952 e
2905 2897 3024 2953 nell‘
3052 2900 3184 2955 ultre
3220 2899 3320 2954 due
3363 2898 3415 2955 di
3448 2899 3697 2967 Martire,
3741 2917 3770 2955 e

2167 2986 2449 3059 Ponte/ice,
2466 3005 2606 3044 come
2631 2993 2683 3044 in
2704 2990 2842 3044 detto
2875 2989 3053 3060 Offizio
3079 2993 3123 3046 si
3144 2992 3303 3063 legge.

2317 3120 2345 3193 ς
2382 3120 2468 3177 Vl.
2511 3120 2593 3176 De
2620 3123 2739 3177 aliis
2767 3120 3140 3189 Monumentis,
3163 3135 3209 3177 et
3242 3120 3504 3177 Veteribus
3531 3140 3627 3178 ms.

2244 3259 2686 3317 Vetustissimum
2732 3272 3144 3319 monumentum
3188 3262 3462 3337 Anonymi
3508 3265 3770 3336 Pipiniani

2172 3352 2229 3408 S.
2259 3352 2535 3409 Zenonem
2582 3354 2869 3427 Martyrem
2917 3355 3155 3427 appellat
3199 3354 3434 3411 Octavus
3477 3356 3689 3424 Pastor,
3718 3367 3772 3413 et

2172 3445 2464 3503 Confessor
2503 3448 2650 3504 Zeno
2681 3451 2884 3521 Martyr
2912 3452 3178 3523 inclytus,
3223 3451 3310 3506 cui
3361 3460 3415 3506 et
3456 3451 3771 3508 Guillelmus

2175 3541 2504 3612 Pastrengus
2530 3542 2910 3613 adstipulatur.
2939 3544 3049 3600 Hos
3074 3561 3234 3599 unum
3262 3544 3320 3601 S.
3341 3544 3664 3614 Gregorium
3689 3561 3773 3601 se-

2171 3645 2329 3690 cutos
2358 3634 2578 3703 dicunt,
2609 3636 2701 3706 qui
2732 3636 3028 3692 laureolam
3069 3638 3312 3710 martyrii
3354 3638 3411 3694 8.
3442 3638 3648 3695 Zenoni
3675 3639 3771 3696 de-

2175 3726 2389 3782 trahere
2422 3728 2667 3782 nituntur
2691 3728 2870 3798 (Apud
2891 3728 3090 3784 Baller.
3125 3730 3179 3783 d.
3213 3729 3355 3785 Diss.
3384 3733 3441 3797 ‘5,
3465 3747 3517 3787 c.
3549 3732 3608 3799 2,
3637 3731 3665 3804 §
3691 3733 3771 3804 Ξ).

2171 3819 2242 3874 At
2276 3818 2334 3875 S.
2369 3820 2665 3891 Gregorius
2694 3823 2748 3877 in
2787 3823 2844 3879 S.
2874 3823 3096 3879 Zenone
3138 3826 3378 3898 Martyre
3417 3829 3775 3897 nuncupanda

2172 3928 2280 3969 non
2308 3922 2391 3969 est
2432 3914 2729 3987 deceptus,
2760 3932 2938 3987 neque
2966 3921 3226 3974 memoria
3270 3920 3487 3991 lapsus,
3529 3932 3583 3976 ut
3613 3937 3771 3994 supra

2170 4013 2450 4061 ostensum
2482 4015 2599 4072 est;
2634 4015 2742 4081 stat
2784 4023 2935 4079 ergo,
2982 4020 3035 4066 et
3080 4010 3351 4084 Anonymi
3380 4013 3653 4084 Pipiniani
3677 4058 3691 4083 ,
3721 4025 3775 4071 et

2172 4102 2457 4170 Pastrengi
2507 4105 2804 4160 auctoritas
2837 4120 2934 4175 pro
2979 4105 3037 4162 S.
3071 4106 3306 4163 Zenonis
3341 4109 3626 4183 Martyrio.
3670 4111 3774 4167 Eos

2169 4211 2301 4252 vero
2320 4196 2377 4254 8.
2407 4186 2728 4267 Gregorium
2768 4208 2989 4255 secutos
3015 4199 3232 4269 dicunt,
3262 4201 3358 4257 sed
3386 4217 3493 4258 non
3524 4204 3773 4273 probant.

2173 4292 2244 4346 Et
2276 4291 2405 4347 illud
2435 4291 2636 4348 addere
2674 4307 2780 4348 non
2808 4302 3102 4349 verentur:
3140 4293 3279 4359 Quin
3303 4293 3608 4366 Anonymus
3632 4296 3779 4366 Pipi-

2171 4384 2360 4439 nianus
2387 4400 2505 4439 cum
2532 4383 2783 4440 Sanctum
2804 4383 3063 4439 Zenonem
3092 4383 3381 4457 Martyrem
3428 4396 3476 4441 et
3503 4384 3779 4460 Confessa-

2169 4494 2277 4533 rem
2296 4480 2538 4550 appellet,
2565 4478 2646 4533 vel
2665 4495 2727 4534 ea:
2752 4478 2848 4532 hoc
2871 4488 3086 4550 apparet
3120 4494 3236 4533 eum
3290 4480 3512 4535 inscium
3572 4481 3778 4553 Hartyr

458 4572 845 4633 Monasterium
876 4582 1093 4639 Quoque
1136 4566 1192 4621 S.
1226 4564 1460 4620 Zenonis
1502 4563 1769 4617 Hallensis
1816 4562 2066 4617 eumdem
2094 4573 2149 4633 D
2173 4585 2237 4622 ne
2263 4586 2332 4623 an
2378 4568 2654 4640 Confessor
2683 4570 2745 4626 S.
2773 4568 2913 4626 Zeno
2937 4571 3124 4643 fuerit,
3157 4572 3357 4643 utrique
3376 4587 3493 4644 qua!
3517 4573 3779 4644 ferebatur

456 4666 625 4722 ritum
654 4663 712 4720 S.
737 4661 944 4717 Zenoni
974 4658 1282 4728 impertitur
1312 4655 1484 4726 pridie
1509 4653 1634 4709 ldus
1664 4653 1896 4721 Aprilis;
1926 4653 2068 4707 Con-

453 4758 682 4817 fessoris
728 4752 1008 4813 Pontiﬁcis
1052 4751 1258 4807 cultum
1298 4764 1353 4802 vi
1392 4747 1517 4801 ldus
1558 4745 1893 4801 Decembris.
1935 4746 2066 4801 Evi-

458 4851 598 4908 dens
624 4851 806 4921 itaque
830 4861 894 4903 ea
916 4840 1256 4900 consuetudo
1275 4848 1379 4906 est,
1395 4847 1463 4893 et
1493 4837 1840 4901 Veronensis,
1865 4846 1921 4894 et
1939 4838 2068 4893 alia-

456 4961 581 5003 rum
631 4941 999 4999 Ecclesiarum
1048 4933 1365 4991 celebrandi
1419 4931 1637 4987 Festum
1702 4930 2069 4990 Ordinationis

458 5038 520 5094 S.
555 5034 788 5091 Zenonis
832 5031 940 5085 ritu
1006 5024 1351 5081 Confessoris
1395 5022 1677 5079 Pontiﬁcis
1706 5039 1757 5078 vr
1805 5023 1927 5079 ldus
1961 5025 2067 5081 De-

458 5127 718 5186 cembris.
750 5120 932 5179 Pridie
962 5119 1088 5176 Idus
1116 5117 1317 5186 Aprilis
1344 5117 1480 5172 ritus
1511 5115 1761 5189 Martyris
1782 5158 1795 5182 ,
1828 5133 1932 5173 una
1972 5133 2070 5174 ex-

461 5230 620 5291 cepta
649 5220 702 5273 in
731 5215 1013 5271 Tarvisina
1050 5210 1297 5267 dioecesi.
1330 5210 1551 5266 Festum
1588 5227 1718 5267 vero
1753 5211 2064 5267 Ordinatio-

459 5316 547 5372 nis
589 5312 657 5369 de
698 5306 1027 5368 Confessore
1055 5305 1316 5362 Pontifice
1350 5306 1713 5378 peragendum
1759 5320 1909 5371 esse,
1941 5307 2063 5361 usui

459 5404 797 5465 Veronensis
825 5401 1086 5458 Ecclesiae
1112 5413 1221 5455 non
1248 5399 1410 5454 modo
1437 5397 1733 5453 conformis
1763 5408 1868 5463 est,
1892 5399 1986 5454 sed
2012 5406 2067 5453 et

461 5497 739 5557 communi
765 5494 891 5551 ritui
921 5494 1179 5549 Romana:
1202 5491 1481 5547 Ecclesiae.
1506 5492 1683 5557 Quare
1705 5489 1892 5545 Sistus
1916 5490 1979 5557 V,
2010 5492 2061 5546 in

459 5607 561 5648 suo
592 5589 753 5647 Brevi
787 5586 858 5643 26
888 5584 1208 5642 Novembris
1234 5581 1395 5645 1588,
1425 5598 1489 5636 ex
1520 5579 1878 5645 relationibus
1919 5581 2065 5636 Emi-

455 5685 908 5740 nentissimorum
934 5675 1302 5734 Cardinalium
1329 5668 1497 5745 Cong.
1542 5670 1766 5729 Rituum
1788 5713 1802 5737 ,
1834 5672 1922 5730 cui
1961 5673 2064 5731 hoc

366 5848 373 5849 ί
444 5786 623 5852 fuerat
659 5773 732 5829 ab
758 5772 953 5829 eodem
984 5766 1249 5863 Pontiﬁce
1271 5761 1681 5833 demandatum,
1711 5766 1960 5841 praecipit
1977 5766 2064 5825 die

2171 4662 2530 4734 appellationi,
2561 4678 2625 4717 ne
2647 4672 2863 4732 erraret,
2894 4665 3112 4719 uoluisse
3151 4666 3476 4735 satisfacere,
3503 4676 3551 4721 et
3584 4668 3776 4722 idcirco

2170 4756 2415 4825 marlyris
2447 4757 2650 4810 titulum
2680 4772 2711 4809 a
2747 4754 2808 4811 S.
2844 4755 3091 4830 Gregorio
3109 4758 3186 4813 ita
3212 4759 3520 4829 sumpsisse,
3559 4770 3617 4815 ut
3643 4760 3777 4816 Catt-

2170 4849 2381 4918 fessoris
2403 4856 2571 4902 tamen
2594 4863 2778 4903 nomen
2804 4864 2870 4903 ex
2891 4851 3121 4921 antiqua,
3150 4860 3319 4921 totque
3339 4853 3648 4908 testimoniis
3668 4856 3776 4926 for-

2170 4947 2309 4991 mata
2334 4954 2443 4992 sua:
2472 4939 2723 4995 Ecclesite
2747 4941 3021 4995 traditione
3050 4944 3541 5011 prastermittendum
3583 4962 3775 5017 nequa-

2168 5045 2321 5100 quam
2369 5039 2601 5100 putaret,
2650 5048 2752 5099 qua
2797 5034 2975 5089 eadem
3020 5051 3179 5090 causa
3229 5037 3478 5093 accidisse
3517 5040 3776 5112 quispiam

2169 5119 2458 5187 existimet,
2488 5130 2544 5174 ut
2576 5130 2681 5176 tum
2734 5124 2788 5177 in
2817 5141 2914 5179 ms.
2965 5123 3302 5183 Medoetiensi
3350 5126 3510 5184 Pauli
3551 5128 3779 5185 Diaconi

2165 5210 2218 5277 6,
2276 5213 2327 5276 Ι,
2384 5212 2577 5269 Rerum
2631 5215 2968 5284 Italicarum,
3031 5235 3153 5291 pag.
3190 5218 3335 5290 447,
3365 5230 3472 5276 tum
3510 5223 3566 5277 in
3606 5240 3709 5279 uno
3748 5240 3777 5278 e

2168 5301 2368 5359 duobus
2398 5305 2607 5379 objectis
2654 5310 2994 5366 monumentis
3035 5321 3308 5381 utrumque
3351 5329 3539 5369 nomen
3585 5317 3778 5388 pariter

2156 5394 2433 5467 jungatur.
2468 5396 2714 5454 Perbelle
2740 5399 2958 5469 quidem
2990 5409 3047 5455 at
3072 5402 3262 5458 leviter
3287 5403 3617 5463 admodum!
3646 5407 3771 5479 Fig-

2170 5497 2349 5543 mcnta
2376 5490 2490 5546 hinc
2514 5507 2699 5547 eorum
2731 5506 2857 5549 sunt
2876 5535 2891 5562 ,
2922 5496 3013 5567 qui
3042 5511 3147 5551 non
3178 5513 3394 5554 omnem
3421 5516 3529 5556 non
3554 5510 3774 5559 movent

2170 5578 2439 5652 lapidem,
2472 5592 2529 5637 ut
2569 5583 2811 5655 opinioni
2840 5601 2953 5642 sua:
3000 5586 3182 5644 fucum
3213 5588 3437 5646 faciant.
3472 5593 3775 5649 Adfuerunt

2169 5691 2241 5732 nc
2267 5676 2394 5733 dum
2426 5677 2541 5734 lia'c
2565 5677 2883 5753 Anonymus
2912 5682 3227 5754 Pipinianus
3255 5685 3554 5755 scriberet,
3588 5696 3645 5743 ut
3662 5702 3772 5743 sua:

2173 5772 2371 5828 mentis
2393 5785 2649 5829 arcanum
2676 5773 2752 5831 illi
2776 5775 3046 5847 aperiret?
3069 5776 3165 5834 His
3187 5777 3425 5835 versutis
3450 5780 3771 5837 commentis
