4198 6160
376 263 488 320 755

1858 257 2340 316 DISSERTATIO.

3631 270 3738 327 754

373 382 556 456 qnale,
596 381 826 435 ﬁrmum
863 375 997 432 licet
1034 384 1088 429 et
1139 385 1345 432 certum
1381 389 1791 435 monumentum
1814 422 1828 447 ,
1862 380 1905 435 si
1928 379 2017 435 ad-
2046 381 2095 440 Α
2125 380 2336 450 objiciet
2362 379 2425 437 8.
2452 380 2717 437 Zenonem
2751 382 3072 454 Episcopum
3104 383 3387 455 Martyrem
3412 401 3519 441 non
3557 389 3737 459 fuisse,

373 477 684 538 mittantur,
722 473 776 525 in
813 480 936 525 tuto
960 483 1088 523 esse
1114 469 1353 537 poterit?
1380 470 1550 543 Magis
1577 482 1753 528 tamen
1782 472 2014 544 antiqui-

373 570 467 625 tati
496 566 760 622 studeant
788 576 1022 619 necesse
1062 569 1179 624 est,
1214 572 1263 616 et
1308 562 1435 617 aliis
1469 564 1522 619 in
1553 565 1789 635 antiquis
1816 564 2014 620 codici-

371 661 474 716 bus
522 657 691 713 verba
766 652 1125 711 Confessoris
1188 661 1244 707 et
1303 653 1563 729 Martyris
1615 656 1778 712 simul
1827 657 2013 727 juncta

369 751 682 823 reperient,
712 759 770 804 ut
800 750 857 804 in
884 744 1099 804 sanctis
1123 743 1461 818 Martyribus
1488 749 1747 804 Ferreolo
1801 759 1857 805 et
1883 746 2015 805 Fer-

370 845 596 900 rucione
624 857 789 914 supra
817 838 1137 910 exemplum
1170 836 1452 894 dedimus.
1484 840 1671 895 Norint
1692 843 1857 896 etiam
1876 842 2016 897 anti-

371 937 552 1010 quitus
582 951 706 991 cum
747 932 1018 1005 simplicis
1061 929 1419 1003 Confessoris
1450 933 1538 986 vix
1571 932 1727 988 Festa
1768 933 2015 988 celebra-

374 1040 564 1085 rentur
596 1029 815 1084 nomine
841 1023 1197 1083 Confessoris
1236 1023 1539 1090 aliquando
1570 1026 1896 1080 Puntilicem
1925 1043 2015 1084 so-

377 1125 494 1181 lere
540 1123 803 1193 intelligi,
854 1119 999 1191 quod
1055 1116 1107 1170 in
1151 1114 1353 1170 Missali
1412 1117 1646 1173 Gothico
1700 1128 1935 1188 apptret
1982 1135 2013 1174 a

375 1216 676 1273 Thomasio
700 1214 866 1278 edito,
900 1211 988 1266 ubi
1018 1207 1203 1263 titulus
1229 1208 1438 1278 legitur
1462 1228 1476 1265 :
1507 1210 1673 1264 Missa
1696 1213 1860 1266 unius
1889 1212 2016 1266 Cott-

378 1312 611 1383 fessoris.
642 1309 700 1364 In
727 1309 899 1379 prima
925 1319 1057 1361 vero
1085 1302 1336 1359 oratione
1378 1305 1453 1358 ita
1482 1304 1746 1378 scribitur
1782 1324 1797 1359 :
1835 1308 2018 1363 Sancti

378 1402 709 1476 Confessoris
738 1402 810 1456 tui
859 1410 907 1455 et
958 1398 1228 1468 Episcopi.
1275 1396 1332 1451 In
1364 1409 1585 1454 secreta
1611 1416 1625 1451 :
1654 1398 1850 1455 Sancti
1876 1401 2017 1456 Con-

379 1498 597 1570 fessoris
621 1496 717 1561 tui,
743 1502 799 1550 et
831 1494 885 1548 in
910 1493 1029 1548 aliis
1048 1490 1260 1546 duabus
1279 1490 1661 1545 orationibus:
1687 1489 2021 1563 Confessoris

379 1599 424 1644 et
461 1586 733 1658 EpiscOpi.
762 1586 820 1640 In
854 1585 1041 1648 titulo,
1073 1591 1123 1637 et
1156 1581 1403 1636 oratione
1442 1589 1661 1637 secreta
1691 1581 1843 1636 idem
1878 1584 2022 1639 valet

382 1698 586 1739 nomen
613 1680 964 1751 Confessoris,
986 1693 1049 1732 ac
1073 1676 1125 1731 in
1148 1675 1267 1728 aliis
1291 1673 1621 1746 Confessoris
1644 1686 1694 1730 et
1742 1675 2016 1747 Episcopi.

2119 487 2236 524 cum
2260 472 2316 525 in
2358 472 2535 544 lapide
2582 475 2754 545 posito
2798 475 2850 529 in
2896 476 3094 544 pariete
3129 473 3384 531 Ecclesia
3425 478 3741 544 supradicta

2120 563 2180 620 8.
2214 562 2487 636 Gregorii,
2516 584 2633 638 qua
2660 577 2706 622 et
2750 567 2811 623 8.
2849 567 3058 623 Helena
3090 568 3381 639 appellatur
3416 570 3596 627 incisa
3621 579 3743 626 sunt

2117 656 2300 711 littera
2347 675 2465 729 qua
2489 658 2706 725 docent,
2737 661 2875 731 quod
2904 662 2960 715 in
2988 662 3427 717 reconsecratione
3457 664 3611 719 dicta
3638 663 3741 718 Εε-

2116 746 2287 802 clesia
2312 766 2451 803 anno
2486 749 2691 804 Domini
2718 751 2878 816 H40,
2903 752 3069 823 primo
3095 750 3405 821 Decembris,
3430 755 3569 808 inter
3606 755 3740 810 alias

2117 840 2363 908 reliquias
2419 843 2474 896 in
2501 842 2685 896 locello
2716 845 2932 917 majoris
2972 842 3169 897 Alteris
3209 844 3481 914 impositas
3501 887 3517 912 ,
3544 848 3741 918 fuerint

2116 932 2267 984 etiam
2294 933 2552 1003 imposita
2576 935 2805 1001 reliquia
2828 935 2886 991 8.
2914 934 3141 989 Zenonis
3172 934 3616 1005 Confessoris.....
3641 937 3738 993 Cui

2114 1027 2530 1094 respondebitur.
2560 1029 2699 1099 quod
2734 1046 2847 1083 cum
2881 1028 2962 1084 ha
2986 1029 3218 1100 reliquia
3246 1031 3351 1085 sint
3395 1032 3591 1086 eadem
3625 1047 3739 1103 qua

2117 1118 2242 1171 olim
2276 1119 2544 1175 collocata
2579 1121 2765 1176 ibidem
2811 1122 3015 1191 fuerant
3054 1122 3108 1174 in
3149 1121 3318 1193 prima
3353 1125 3741 1178 consecratione

2120 1208 2379 1266 Maxentii
2409 1211 2753 1280 Patriarcha,
2778 1213 3107 1269 subtituloS.
3132 1213 3356 1269 Zenonis
3381 1214 3657 1287 Martyris,
3682 1223 3741 1269 ut

2121 1305 2280 1373 paulo
2316 1323 2478 1376 supra
2504 1308 2697 1362 dictum
2719 1318 2793 1363 est
2840 1325 2859 1363 :
2890 1307 3036 1362 nulla
3069 1308 3203 1361 ratio
3234 1309 3452 1379 patitur,
3486 1309 3740 1381 quidquid

2119 1398 2175 1452 in
2214 1399 2307 1453 illo
2346 1400 2521 1471 lapide
2571 1412 2753 1456 contra
2789 1401 2947 1471 ﬁdem
2976 1403 3305 1457 instrumenti
3345 1405 3529 1473 prima
3556 1422 3737 1460 conse-

2122 1492 2401 1556 crationis,
2433 1502 2482 1546 et
2521 1493 2751 1548 historia
2788 1495 3048 1549 ueritatem
3087 1495 3307 1558 dicatur,
3356 1509 3415 1548 ut
3457 1512 3490 1548 a
3529 1498 3742 1552 veritate

2124 1580 2377 1654 Martyrii
2406 1583 2467 1638 S.
2496 1583 2719 1639 Zenonis
2759 1587 3045 1640 recedatur.
3100 1585 3331 1641 Primam
3373 1590 3745 1645 consecratio-

2126 1688 2252 1728 nem
2277 1674 2381 1730 sub
2401 1674 2493 1731 die
2519 1692 2606 1731 xvt
2625 1676 2746 1732 Kal.
2774 1678 3022 1732 Octobris
3047 1693 3190 1733 nono
3212 1681 3415 1736 saeculo
3445 1682 3742 1753 incipiente

380 1775 440 1830 ιη
472 1774 680 1830 Missali
722 1787 937 1841 quoque
969 1770 1300 1825 Francorum
1346 1767 1414 1821 ab
1450 1767 1646 1822 eodem
1681 1768 2019 1825 Eminentis-
2046 1771 2095 1830 Β
2122 1765 2455 1821 celebratam
2475 1809 2492 1834 ,
2525 1783 2647 1822 cum
2680 1770 2913 1823 secunda
2958 1770 3058 1825 sub
3090 1770 3177 1825 die
3224 1772 3396 1840 primo
3428 1773 3743 1832 Decembris

382 1872 526 1925 simo
552 1868 856 1923 'l‘homasio
895 1865 1046 1920 edito
1083 1863 1140 1919 S.
1186 1861 1422 1917 Hilarius
1463 1860 1814 1918 Confess0ris
1854 1863 2015 1919 titulo

383 1961 653 2018 scribitur
678 1978 691 2015 :
720 1961 783 2017 8.
813 1958 1052 2013 Hilarius
1075 1955 1350 2027 Confessor
1374 1967 1520 2021 tuus,
1552 1955 1629 2009 ita
1676 1957 1730 2011 in
1760 1955 2015 2013 oratione

386 2065 443 2110 et
471 2054 763 2125 precibus;
797 2061 855 2106 at
884 2053 937 2106 in
964 2050 1212 2105 oratione
1239 2064 1403 2119 super
1431 2047 1612 2103 oblata
1658 2047 1937 2119 Confessor
1962 2061 2014 2106 et

391 2145 646 2215 Pontifex
670 2144 1005 2200 nominatur.
1038 2141 1359 2213 Anonymus
1388 2155 1515 2211 ergo
1538 2140 1857 2211 Pipinianus
1877 2184 1892 2207 ,
1917 2145 2013 2214 qui

385 2237 777 2292 ConleSsorem
821 2245 874 2291 et
906 2236 1195 2306 Martyrem
1248 2233 1306 2289 S.
1338 2233 1610 2289 Zenonem
1637 2233 1788 2302 dicit,
1823 2235 2012 2291 Ponti-

388 2330 547 2384 ﬁcetn
575 2338 630 2383 et
677 2327 970 2398 Martyrem
999 2325 1334 2397 signiﬁcasse
1364 2325 1632 2395 putandus
1650 2336 1753 2381 est.
1784 2326 1930 2382 Idem
1955 2328 2012 2384 in

393 2419 751 2475 Medoetieusi
781 2434 884 2473 ms.
907 2460 924 2485 ,
955 2428 1012 2474 et
1056 2418 1218 2484 alibi,
1251 2417 1340 2470 ubi
1370 2416 1487 2471 lucc
1522 2416 1789 2485 reperitur
1818 2418 2015 2473 inscri—

391 2516 529 2585 ptio.
566 2513 754 2583 Neque
783 2513 964 2568 ntinns
991 2512 1374 2576 allucinantur,
1408 2509 1535 2564 dum
1574 2510 1630 2563 in
1661 2511 1841 2563 charta
1871 2528 2012 2568 anno

390 2607 502 2664 769
522 2609 578 2661 in
598 2607 708 2660 vico
727 2604 1082 2675 Campellione
1105 2604 1507 2659 Mediolanensis
1527 2602 1756 2657 diacesis
1789 2606 2010 2673 scripta,

393 2712 447 2758 et
476 2701 546 2755 ab
596 2702 801 2772 inclyto
843 2708 1006 2768 atque
1043 2698 1111 2754 de
1137 2696 1425 2752 Litteraria
1468 2695 1760 2766 Republica
1806 2699 2013 2767 optime

394 2795 594 2851 merito
636 2791 961 2848 marchione
1008 2790 1221 2845 Muffeio
1266 2788 1407 2844 edita
1457 2789 1598 2843 inter
1628 2797 2009 2857 monumenta,

392 2904 512 2959 qua
538 2888 638 2957 ipsi
664 2889 720 2942 in
755 2885 1042 2943 Veronensi
1083 2886 1299 2939 historia
1328 2884 1635 2939 illustranda
1659 2884 1777 2937 usui
1802 2887 2012 2954 fuerunt

394 2991 540 3054 parte
589 2982 789 3050 prima,
840 2996 964 3049 pag.
996 2978 1122 3044 575,
1170 2977 1223 3031 in
1271 2991 1375 3046 qua
1423 2987 1754 3031 memoratur
1783 2973 2012 3032 Basilica

398 3073 698 3129 Beatissimi
749 3082 800 3126 et
845 3069 1168 3141 Confessoris
1215 3069 1409 3124 Christi
1442 3068 1687 3123 Zenonis.
1722 3068 1853 3134 Quis
1896 3084 2008 3125 non

2121 1870 2272 1911 anno
2306 1857 2447 1915 1140
2470 1859 2829 1915 confundunt.
2857 1862 3054 1927 Quanti
3081 1877 3211 1917 vero
3237 1862 3484 1919 facienda
3517 1866 3589 1920 sit
3623 1866 3743 1922 haec

2120 1948 2414 2021 inscriptio
2444 1954 2494 2007 in
2548 1955 2785 2010 secunda
2809 1959 3220 2013 consecratione
3264 1959 3472 2028 posita,
3500 1961 3743 2017 ostendit

2121 2045 2447 2102 manifestus
2476 2063 2634 2104 error
2659 2050 2712 2104 in
2740 2064 2803 2104 ea
2836 2046 3049 2122 patens,
3075 2068 3198 2108 cum
3229 2052 3283 2109 S.
3315 2052 3568 2124 Vigilinm
3625 2055 3741 2125 epi-

2120 2151 2350 2208 scopum
2379 2142 2762 2198 Tridentiuum
2804 2144 3185 2203 Confessorem
3215 2146 3418 2204 indicet
3439 2190 3454 2215 ,
3479 2148 3575 2220 qui
3594 2149 3741 2205 omni

2119 2231 2291 2289 dubio
2321 2237 2510 2305 procul
2541 2236 2745 2310 Martyr
2771 2240 2924 2295 obiit.
3622 2232 3635 2239 ’

2195 2323 2623 2383 EtCoronatum
2675 2327 2953 2386 Notarium
3004 2346 3108 2386 nou
3158 2333 3346 2388 timent
3399 2333 3616 2399 afferre,
3645 2333 3741 2405 qui

2118 2414 2178 2469 S.
2233 2415 2515 2473 Zenonem
2557 2420 2609 2473 in
2650 2434 2782 2488 pace
2828 2423 3098 2492 quievisse
3146 2427 3362 2491 asserit,
3402 2424 3735 2481 Coronatum

2120 2506 2364 2577 inquam,
2395 2526 2556 2579 quem
2588 2519 2647 2565 ut
2687 2520 2858 2566 totum
2897 2523 3193 2570 scatentem
3234 2515 3429 2571 fabulis
3476 2533 3737 2588 respuere

2121 2603 2294 2671 prius,
2320 2620 2464 2659 nunc
2493 2605 2737 2673 laudant,
2765 2608 2992 2677 ejusque
3014 2620 3413 2681 prosequuntur
3437 2613 3737 2667 auctorita-

2120 2707 2253 2752 tem.
2287 2699 2358 2754 At
2381 2700 2494 2770 jam
2525 2715 2685 2768 supra
2719 2702 3128 2758 observavimus
3156 2703 3417 2759 Coronati
3465 2705 3734 2761 narratio—

2122 2805 2245 2845 nem
2281 2793 2332 2846 in
2364 2792 2629 2849 lcetiones
2652 2794 2994 2850 distributam
3026 2812 3123 2865 pro
3148 2796 3331 2852 ofﬁcio
3361 2798 3731 2854 Ordinationis

2119 2880 2177 2936 S.
2204 2881 2460 2939 Zenonis.
2490 2884 2671 2953 Quare
2702 2901 2807 2939 non
2841 2896 2925 2942 est
2954 2890 3190 2944 alienum
3219 2932 3233 2955 ,
3267 2900 3327 2944 ut
3349 2891 3471 2961 quis
3498 2890 3599 2946 hoc
3628 2891 3734 2948 sibi

2116 2974 2172 3029 in
2197 2977 2436 3032 animum
2480 2980 2726 3046 inducat,
2781 2989 2841 3035 ut
2885 2983 3070 3037 credat
3108 2984 3441 3040 mentionem
3487 2985 3732 3057 martyrii

2117 3080 2217 3131 pro
2242 3068 2434 3124 eodem
2474 3069 2610 3124 festo
2652 3070 2817 3127 fuisse
2861 3074 3162 3140 sublatam.
3206 3075 3320 3129 Hoc
3360 3076 3557 3130 suadet
3582 3075 3731 3132 varia

396 3166 543 3221 videt
570 3165 735 3221 verba
762 3165 851 3220 illa
877 3162 1197 3236 Confessoris
1217 3162 1408 3219 Christi
1434 3162 1502 3217 de
1522 3162 1752 3233 simplici
1780 3159 2008 3218 Confes-
2034 3157 2080 3219 C
2115 3160 2299 3226 lectio,
2333 3178 2453 3230 qua:
2476 3163 2527 3217 in
2550 3162 2783 3218 diversis
2813 3180 2942 3221 mss.
2972 3167 3280 3236 inspicitur,
3308 3176 3366 3222 ut
3396 3168 3727 3235 notavimus,

397 3272 522 3313 sore
542 3257 824 3312 ennnciari
860 3270 967 3310 non
1007 3256 1207 3324 posse?
1234 3254 1372 3322 Quid
1395 3269 1525 3308 vero
1551 3252 1806 3308 refricaut
1828 3253 2009 3310 adhuc

399 3350 845 3420 inscriptionem,
893 3363 1012 3418 qua
1059 3346 1375 3417 temporibus
1420 3346 1640 3400 Andrea
1685 3344 2009 3400 Patriarcha

400 3442 768 3513 Aquileiensis,
805 3439 862 3493 id
893 3448 1009 3505 est,
1038 3441 1225 3494 saculo
1265 3455 1317 3493 ix
1345 3440 1397 3493 in
1429 3439 1618 3509 templo
1646 3436 1707 3493 S.
1733 3435 2002 3510 Gregorii,

401 3553 531 3591 tuine
560 3546 734 3590 autem
763 3534 918 3607 vulgo
952 3532 1014 3587 S.
1048 3532 1290 3598 Helena,
1327 3534 1381 3586 in
1419 3531 1778 3587 dedicationis
1809 3546 2005 3585 monu-

403 3639 635 3685 mentum
665 3637 836 3682 erecta
877 3625 1051 3679 adhuc
1081 3628 1324 3691 cernitur,
1363 3625 1452 3678 ubi
1491 3626 1627 3679 intra
1656 3623 2002 3687 Sanctorum,

400 3739 511 3791 qua
528 3723 717 3777 ibidem
737 3720 1068 3775 continentur
1080 3718 1344 3786 reliquias,
1359 3720 1439 3771 ha
1458 3724 1821 3770 recensentur:
1844 3714 1905 3770 8.
1918 3713 2006 3769 Vi-

398 3815 507 3887 gilii
526 3813 785 3887 Confess..
815 3812 876 3870 S.
899 3810 1116 3866 Proculi
1133 3808 1390 3877 Confesa,
1419 3809 1477 3864 S.
1497 3808 1723 3863 Zenonis
1743 3806 1999 3878 Confess.,

398 3922 516 3964 cum
547 3906 793 3977 ejusdem
848 3902 1221 3971 inscriptionis
1264 3899 1610 3956 manifesntm
1656 3913 1895 3954 errorem
1949 3898 2003 3953 in

397 3999 627 4055 Seboliis
670 3998 738 4054 ad
770 3999 937 4053 vitam
982 3996 1039 4052 8.
1070 3994 1305 4049 Zenonis
1333 3993 1570 4062 Baptista
1605 3993 1853 4049 Perettus
1890 3992 2006 4046 evi-

398 4090 587 4147 denter
616 4090 978 4145 demonstret.
1012 4086 1079 4139 In
1122 4087 1461 4139 instrumento
1503 4086 1792 4139 authentico
1824 4084 2005 4150 prima

397 4182 797 4237 consecrationis
825 4178 1074 4234 Ecclesia
1102 4178 1161 4230 8.
1191 4175 1431 4247 Gregorii
1463 4176 1712 4247 Martyris
1734 4175 1876 4247 apud
1904 4173 2005 4229 Ca-

398 4256 701 4344 ttnjdralem.
726 4287 844 4341 qua
863 4271 1019 4324 etiam
1041 4268 1101 4325 S.
1131 4265 1346 4321 Helena
1390 4279 1620 4344 uocatur,
1642 4267 1705 4321 de
1725 4284 1823 4333 quo
1847 4282 2007 4334 supra

398 4342 513 4434 cap.
539 4367 570 4419 7
600 4366 792 4418 dictum
815 4372 888 4418 est
909 4405 923 4430 ,
962 4360 1100 4431 quod
1139 4342 1470 4413 asservabant
1498 4360 1551 4411 in
1589 4359 1828 4412 Archivio
1868 4358 2005 4413 mul-

403 4470 508 4513 tum
548 4457 808 4513 revereudi
839 4455 1066 4526 Capituli
1105 4451 1448 4506 Dominarum
1491 4449 1899 4517 Canonicorum,
1930 4451 2005 4507 ita

2112 3251 2209 3309 lib.
2262 3253 2331 3308 de
2376 3258 2635 3327 martyrio
2675 3257 2733 3312 S.
2766 3258 3033 3323 Zenonis,
3075 3275 3195 3330 cap.
3256 3261 3323 3331 5},
3386 3261 3726 3334 suadentque

2113 3343 2322 3399 similes
2346 3346 2464 3400 alia
2489 3349 2814 3404 mutationes
2841 3350 2895 3404 in
2928 3351 3118 3406 eodem
3145 3352 3325 3407 ofﬁcio
3347 3354 3598 3423 superius
3629 3370 3729 3411 no—

2113 3443 2258 3489 tata.
2308 3436 2547 3493 Joannes
2589 3441 2809 3509 quidem
2848 3444 3155 3515 prazsltyter
3196 3445 3596 3501 Mansionarius
3624 3448 3726 3503 Ec-

2109 3527 2293 3582 clesiae
2335 3528 2691 3598 Veronensis,
2716 3543 2770 3587 et
2800 3535 2915 3603 ipse
2944 3535 2997 3590 in
3030 3551 3125 3591 sua
3176 3536 3400 3591 historia
3453 3537 3725 3607 imperiali

2108 3634 2213 3675 ms.
2246 3621 2315 3675 de
2342 3621 2400 3677 S.
2431 3622 2649 3679 Zenone
2678 3626 2874 3681 asserit
2907 3644 2919 3680 :
2955 3626 3158 3692 Quieuit
3179 3629 3232 3683 in
3260 3625 3485 3683 Christo.
3522 3630 3593 3683 At
3622 3630 3724 3683 im-

2110 3712 2344 3767 mediate
2375 3724 2501 3769 ante
2531 3717 2721 3771 scribit
2759 3737 2772 3772 :
2807 3717 2936 3772 Post
2961 3721 3130 3774 multa
3159 3721 3416 3792 supplicia
3445 3723 3635 3793 quieuit
3667 3723 3722 3777 in

2107 3801 2334 3859 Christo.
2382 3806 2542 3862 Forte
2577 3807 2632 3861 in
2665 3808 2996 3866 lectionibus
3026 3811 3169 3867 Festi
3198 3810 3596 3880 Ordinatiouis,
3628 3815 3719 3869 abs

2106 3894 2234 3949 latis
2267 3896 2447 3953 verbis
2500 3914 2621 3969 qua:
2661 3902 2994 3957 mentionem
3042 3904 3285 3975 martyrii
3313 3905 3718 3974 exprimebant,

2106 3987 2197 4042 illa
2225 3998 2430 4045 tantum
2458 3991 2646 4047 relicta
2674 4002 2802 4048 sunt
2833 4012 2844 4047 τ
2876 3993 3163 4063 Requievit,
3189 4006 3279 4050 aut
3306 4007 3539 4067 receptus
3565 4007 3639 4051 est
3666 3999 3721 4051 in
3795 3975 3807 3986 ⁸

2106 4096 2253 4151 pace,
2285 4098 2351 4138 eo
2378 4083 2542 4137 modo
2573 4101 2586 4136 :
2615 4099 2680 4140 ac
2724 4086 2769 4138 si
2798 4087 2911 4155 quis
2940 4102 3007 4141 ex
3040 4096 3193 4142 textu
3222 4086 3448 4142 Joannis
3491 4088 3717 4158 presby-

2105 4173 2210 4228 teri
2262 4190 2434 4244 nUper
2475 4174 2675 4230 laudati
2724 4176 3017 4232 delevisset
3063 4177 3152 4231 illa
3186 4178 3346 4232 verba
3396 4188 3509 4245 post
3551 4178 3715 4232 multa

2106 4266 2389 4337 supplicia,
2417 4276 2473 4321 et
2499 4267 2805 4336 reliquisset
2833 4269 3019 4337 quievit
3046 4268 3100 4322 in
3124 4267 3348 4322 Christo.
3374 4267 3559 4338 Neque
3581 4283 3714 4323 vero

2107 4357 2283 4412 aliena
2315 4366 2443 4412 sunt
2473 4357 2591 4412 hac
2637 4359 2800 4413 verba
2845 4359 2896 4413 in
2921 4359 3083 4414 Fesm
3109 4360 3366 4432 martyris
3393 4360 3711 4427 recolendo,

2107 4458 2167 4504 ut
2194 4449 2246 4504 in
2280 4450 2666 4522 Martyrologio
2697 4451 3141 4517 Romano,1584,
3171 4468 3264 4507 χιχ
3293 4450 3401 4507 kal.
3430 4451 3585 4518 Feb.,
3619 4451 3713 4508 ubi

403 4555 620 4626 legitur:
641 4572 658 4605 ι
680 4550 987 4607 Maxentius
1012 4545 1319 4601 Patriarcba
1335 4544 1698 4614 Aquileiensis
1722 4558 2002 4599 consecra-
2026 4533 2081 4597 D
2106 4543 2175 4598 de
2202 4542 2259 4598 S.
2290 4541 2473 4598 Felice
2494 4543 2691 4613 legitur
2720 4560 2733 4597 :
2768 4540 2951 4597 Clarus
2981 4544 3244 4598 miraculis
3274 4545 3327 4598 in
3351 4560 3477 4614 pace
3501 4543 3708 4613 quieuit.

401 4649 476 4701 vit
517 4645 848 4705 Ecclesium,
884 4657 1042 4712 quam
1090 4648 1468 4694 construxerat
1509 4636 1774 4692 Paciﬁcus
1813 4637 2006 4692 Archi-

397 4741 660 4795 diaconus
683 4737 942 4793 Ecclesiae
968 4734 1173 4790 Veron.
1207 4733 1262 4787 in
1296 4732 1556 4787 honorem
1585 4730 1737 4786 Beati
1765 4730 2001 4802 Georgii,

398 4844 453 4889 ct
475 4835 625 4889 Beati
650 4831 884 4887 Zenonis
908 4828 1201 4897 Martyrum
1218 4867 1233 4890 ,
1259 4824 1599 4895 aliorumque
1612 4825 2000 4882 venerabilium

399 4928 753 4990 Sanctorum,
795 4923 898 4979 sub
940 4921 1029 4975 die
1063 4935 1150 4975 xvt
1184 4918 1304 4973 Ktl.
1337 4916 1617 4983 Octobris,
1661 4927 1714 4972 et
1746 4916 2000 4986 reliquias

400 5019 836 5089 supradictornm
867 5015 1187 5070 Sanctorum
1230 5013 1280 5064 in
1309 5010 1500 5066 lucello
1528 5011 1714 5066 altaris
1751 5011 1996 5082 ejusdem

401 5114 661 5170 Ecclesia
684 5126 847 5167 manu
869 5107 1087 5180 prapria
1109 5104 1388 5159 collocavit
1417 5120 1429 5157 :
1465 5102 1748 5172 Regnante
1769 5103 2000 5160 Domino

403 5207 600 5263 Carolo
621 5208 675 5260 in
695 5205 873 5269 Italia,
902 5217 1045 5255 anno
1074 5199 1286 5267 pietatis
1315 5197 1431 5266 ejus
1461 5212 1571 5262 xu,
1602 5197 1791 5252 indict.
1816 5214 1870 5252 v.
1901 5197 2001 5254 Cui

406 5297 803 5355 consecrationi
840 5308 1075 5363 praesens
1098 5289 1200 5346 fuit
1224 5289 1485 5344 Rotaldus
1511 5289 1809 5358 Episcopus
1831 5287 2001 5344 Vero-

407 5391 614 5445 nensis.
652 5408 670 5441 s
708 5386 831 5440 Hac
876 5400 940 5438 ea:
981 5381 1265 5436 memoriali
1309 5379 1378 5434 D.
1425 5379 1708 5434 Alexandri
1747 5378 1995 5446 Canobii,

407 5483 528 5555 qui,
570 5489 628 5535 ut
672 5478 796 5533 mihi
832 5476 1013 5531 asserit
1041 5490 1102 5528 ea;
1145 5473 1277 5528 dicto
1306 5474 1643 5526 instrumento
1682 5488 1740 5526 ea
1782 5471 2001 5540 ﬁdeliter

408 5572 703 5637 exscripsit.
730 5568 795 5623 ι).
821 5578 985 5624 autem
1008 5564 1222 5620 Carolus
1243 5566 1360 5618 obiit
1388 5564 1471 5616 die
1490 5564 1561 5620 28
1579 5563 1841 5631 Januarii,
1866 5581 2001 5619 anno

413 5665 615 5721 Christi
641 5662 769 5728 8M,
795 5671 916 5716 teste
945 5655 1129 5713 Carolo
1154 5656 1364 5727 Sigonio
1391 5654 1737 5710 Historiarum
1758 5656 1822 5710 de
1846 5672 2003 5729 regno

418 5761 629 5828 Italia,
659 5756 745 5814 lib.
778 5766 1072 5829 quarto.....
1105 5752 1299 5824 Aliquis
1324 5759 1541 5823 fortasse
1570 5768 1672 5806 non
1696 5749 1888 5815 deerit,
1919 5752 2004 5821 qui

2114 4635 2421 4691 Detractam
2484 4649 2616 4689 vero
2662 4650 2690 4688 a
2738 4634 2901 4689 Festo
2954 4635 3324 4690 Ordinationis
3379 4635 3709 4690 mentionem

2111 4728 2355 4799 martyrii
2380 4735 2594 4782 constat
2621 4743 2689 4782 ex
2717 4743 2784 4782 eo
2808 4727 2948 4796 quod
2981 4726 3230 4782 Perottus
3254 4737 3308 4782 et
3339 4726 3558 4796 Bagatta
3585 4740 3710 4781 cum

2109 4832 2296 4875 nostro
2331 4822 2586 4877 Dondoro
2617 4822 2671 4875 in
2704 4821 3043 4884 lectionibus,
3075 4838 3193 4891 qua:
3221 4820 3283 4876 l2
3307 4820 3495 4891 aprilis
3520 4828 3574 4874 et
3606 4818 3724 4896 Ve-g

2106 4928 2276 4980 roum,
2302 4922 2358 4970 et
2384 4915 2601 4970 PiSIorii
2628 4914 2921 4983 antiquitus
2952 4913 3268 4982 legebantur
3290 4915 3343 4968 itt
3374 4912 3538 4968 Festo
3567 4927 3713 4968 mar-

2106 5006 2229 5077 tyrii
2260 5004 2316 5060 S.
2348 5004 2584 5062 Zenonis
2623 5020 2742 5060 eam
2774 5021 2832 5061 se
2860 5004 3064 5060 vidisse
3096 5016 3381 5060 testentur.

2177 5096 2364 5163 Quoad
2394 5105 2596 5152 statuta
2620 5112 2750 5152 vero
2777 5097 3111 5153 Veronensis
3138 5098 3287 5152 urbis
3308 5140 3323 5163 ,
3351 5098 3440 5153 ubi
3468 5098 3537 5154 de
3561 5100 3712 5155 cultu

2106 5190 2344 5245 Zenonis
2374 5189 2576 5258 agitur,
2606 5204 2727 5257 qum.
2774 5188 3024 5243 Perettus
3065 5188 3231 5244 refert
3277 5190 3329 5246 in
3376 5190 3612 5246 Scholiis
3639 5189 3709 5245 ad

2105 5281 2284 5338 Vitam
2308 5281 2365 5336 S.
2395 5280 2658 5347 Zenonis,
2692 5297 2867 5350 neque
2898 5291 3122 5356 martyr,
3155 5299 3329 5353 neque
3348 5283 3631 5340 confessor
3653 5284 3707 5338 in

2107 5374 2216 5430 illis
2246 5376 2443 5446 legitur
2464 5374 2521 5436 8.
2550 5375 2718 5443 Zeno,
2746 5374 2840 5431 sed
2863 5384 3122 5445 patronus
3152 5386 3207 5432 et
3234 5376 3384 5433 urbis
3412 5385 3708 5444 protector.

2108 5467 2250 5524 Alibi
2285 5466 2422 5522 forte
2452 5484 2574 5523 cum
2604 5468 2789 5523 addito
2815 5470 3124 5541 confessoris
3154 5467 3411 5523 scribitur
3445 5466 3504 5522 S.
3535 5467 3704 5521 Zeno.

2109 5559 2180 5616 At
2206 5560 2261 5615 in
2289 5560 2527 5630 antiquis
2559 5559 2859 5624 codicibus,
2890 5568 2949 5614 ut
2978 5575 3138 5630 supra
3157 5557 3412 5619 vidimus,
3431 5555 3715 5610 confesso-
3760 5624 3769 5627 _

2112 5655 2188 5710 ris
2214 5669 2408 5709 nomen
2452 5664 2746 5723 martyrem
2780 5651 3085 5721 signiﬁcare
3114 5660 3322 5707 certum
3350 5656 3454 5700 est.
3503 5647 3559 5703 Si
3587 5661 3719 5703 vero

2112 5748 2407 5821 pustetiori
2432 5758 2595 5807 atate
2624 5748 2820 5810 alicubi
2845 5748 3073 5817 legatur,
3096 5746 3147 5803 id
3181 5750 3248 5798 ex
3270 5739 3544 5798 veteribus
3572 5729 3731 5798 lilnlt
