4198 6160
502 231 605 285 735

1284 230 1373 288 ne
1412 230 1733 289 OPlNlONE
1773 229 2117 287 BALLERJN
2157 190 2361 286 ciues
2401 228 2557 285 ΖΕΝ.
2603 225 3021 286 manuum

3698 228 3804 284 716

501 341 779 398 derivasse
818 342 1123 399 dicendum.
1177 341 1361 412 Neque
1387 343 1530 397 enim
1563 350 1887 397 statutorum
1914 340 2103 397 condi-
2130 340 2526 401 ACaiemlaria
2581 341 2902 407 'csinceruit,
2944 341 3122 396 recole
3174 356 3294 412 quae
3345 340 3612 407 diximus,
3642 349 3697 396 et
3742 357 3805 399 ea

500 442 649 489 tores
695 434 935 489 rubricas
964 431 1359 489 ecclesiasticas
1387 433 1765 501 consulebant,
1796 434 1923 490 dum
1958 434 2104 506 leges

503 523 717 589 darent,
750 522 845 581 sed
871 524 1072 581 codicis
1103 533 1155 580 et
1183 522 1540 596 digestomm.
1574 524 1733 582 Aliud
1761 524 1892 581 libet
1922 540 2107 581 exem-

502 616 649 689 plum
679 617 873 674 afferre
920 630 1026 688 quo
1050 626 1237 689 aperte
1264 627 1532 691 martyres
1554 619 1737 674 vocari
1765 618 2104 674 confessores

502 708 927 766 demonstratur.
976 710 1191 767 Praebet
1237 709 1364 766 illud
1419 710 1687 767 Perettus.
1736 709 1796 767 8.
1846 709 2105 767 Paulinus

504 816 738 871 namque
763 801 962 873 pluries
992 801 1387 871 confessorem,
1411 811 1464 860 et
1496 803 1698 875 pluries
1725 814 2017 877 martyrem
2042 800 2103 860 S.

502 892 738 951 Felicem
771 893 1034 951 Nolanum
1065 896 1305 967 appellat
1339 913 1351 949 :
1890 888 1895 891 ’

623 1029 745 1142 {re
764 1028 965 1092 Opifex,
986 1028 1094 1115 Lux
1117 1037 1281 1102 nostra
1302 1029 1460 1090 Deus,
1479 1028 1662 1079 Felicis
1682 1029 1828 1081 amici

673 1090 854 1141 atalem
878 1099 1012 1141 tanta
1034 1088 1187 1140 \Oiml
1209 1089 1447 1141 decorare
1473 1090 1688 1142 medela.

631 1089 854 1142 Natalem
878 1099 1012 1141 tanta
1034 1089 1187 1140 voluit
1209 1089 1447 1141 decorare
1473 1090 1688 1151 medela,

631 1153 697 1204 Ut
718 1153 1023 1205 Gonfessoris
1043 1155 1279 1204 meritum
1304 1154 1515 1203 sublime
1541 1155 1730 1205 patenti

627 1216 836 1266 Baitero
861 1222 1178 1273 monstraret,
1204 1228 1301 1265 non
1325 1223 1379 1265 ut
1395 1216 1672 1265 cumularet.
1692 1216 1930 1264 honorem

627 1276 854 1339 Martyris
877 1279 967 1326 hoc
990 1290 1163 1339 opere,
1190 1278 1426 1339 ingentes
1445 1278 1523 1328 cui
1548 1278 1753 1327 contulit
1773 1273 1890 1327 olim

628 1338 887 1391 Nobilibus
910 1338 1065 1390 titulis
1087 1338 1355 1390 benedicto
1380 1343 1578 1390 nomine
1602 1338 1825 1403 palmas,

507 1460 711 1518 Eodem
745 1462 905 1518 modo
933 1479 1075 1519 nunc
1107 1463 1462 1532 confessoris,
1496 1480 1639 1521 nunc
1670 1465 1923 1537 martyris
1951 1460 2110 1520 titulo

504 1553 564 1613 S.
590 1552 824 1611 Felicem
848 1555 1070 1611 decorat
1090 1555 1231 1611 idem
1262 1555 1321 1613 S.
1355 1554 1612 1612 Paulinus
1641 1556 1694 1612 in
1726 1558 1834 1611 vita
1860 1554 2109 1627 ejusdem

506 1646 564 1701 8.
601 1646 1070 1704 Felicisversibus
1121 1647 1453 1705 hexametris
1492 1660 1732 1705 exarata.
1764 1647 1822 1705 S.
1856 1649 2111 1719 Augusti-

2207 434 2371 488 etiam
2425 447 2544 504 quas
2582 430 2957 499 disseruimus,
2994 432 3087 487 lib.
3140 432 3208 487 de
3240 432 3501 505 martyrio
3546 432 3599 490 8.
3634 431 3805 489 Zeno-

2210 524 2316 593 nis,
2346 539 2465 596 cap.
2503 526 2589 581 ιι).
2634 524 2919 581 Probabile
2949 540 3079 581 vero
3109 532 3287 581 utrum
3319 526 3411 593 sit,
3439 524 3500 582 8.
3530 522 3800 583 Zenonem

2210 617 2312 674 sub
2352 618 2612 676 Gratiano
2633 618 3009 674 Valentiniano
3030 617 3247 687 juniore
3276 632 3340 673 ac
3373 614 3679 673 Theodosio
3709 618 3805 673 im-

2212 710 2549 782 peratoribus
2592 710 2910 783 martyrium
2949 710 3201 776 subiisse,
3233 725 3692 781 supervacaneum
3724 719 3805 766 est

2211 802 2517 873 inquirere,
2548 818 2672 858 cum
2698 805 2809 873 jam
2842 817 3005 874 supra
3037 801 3263 859 Gallieni
3313 800 3654 876 imperatoris
3690 818 3805 860 aevo

2210 892 2267 951 8.
2303 892 2538 950 Zenonis
2563 895 2825 965 epncliam
2857 894 3318 951 constituerimus.

2283 985 2379 1041 His
2401 985 2652 1042 omnibus
2674 987 2957 1054 discussis,
2980 1003 3101 1058 quae
3118 996 3306 1043 contra
3329 984 3388 1045 8.
3413 987 3646 1044 Zenonis
3668 1002 3811 1044 mar-

2215 1075 2412 1149 tyrium
2442 1077 2651 1149 objecta
2679 1077 2918 1145 fuerunt,
2942 1077 3072 1135 illud
3106 1078 3539 1151 praetereundum
3573 1094 3677 1136 non
3701 1090 3808 1150 est,

2214 1185 2409 1241 nempe
2444 1172 2593 1227 edito
2629 1171 2742 1242 jam
2780 1189 2810 1227 a
2849 1172 3096 1228 Dominis
3142 1172 3452 1231 Balleriuiis
3499 1189 3807 1232 sermonum

2213 1260 2272 1318 S.
2307 1261 2539 1318 Zenonis
2592 1263 2729 1320 libro
2755 1305 2772 1332 ,
2822 1280 3127 1321 sermonem
3155 1264 3444 1336 quemdam
3479 1262 3535 1325 S.
3572 1266 3810 1323 Petronii

2214 1353 2453 1426 episcopi
2483 1353 2811 1411 Veronensis
2843 1356 2943 1428 ipsi
2966 1356 3203 1414 editores
3228 1358 3584 1425 invenerunt,
3620 1358 3674 1415 in
3702 1374 3809 1431 quo

2213 1446 2272 1502 8.
2302 1445 2450 1502 Zeno
2478 1446 2763 1505 confessor
2794 1450 3104 1506 nominatur
3128 1449 3212 1506 his
3241 1450 3422 1507 verbis
3447 1470 3459 1506 :
3496 1446 3686 1507 Probat
3715 1454 3812 1509 hoc

2214 1539 2341 1593 aedis
2384 1539 2536 1595 istius
2584 1541 2832 1610 ampliata
2878 1543 3191 1610 sublimitas,
3219 1560 3332 1615 qua
3361 1545 3485 1599 dum
3526 1546 3814 1601 sacratissi—

2214 1648 2357 1687 mum
2383 1636 2725 1706 confessorem
2751 1635 2945 1706 gremio
2970 1636 3205 1703 sustinet,
3236 1637 3523 1709 fragrantia
3549 1638 3813 1694 suavitatis

505 1754 608 1795 nus
659 1739 775 1810 ipse
819 1740 1071 1796 eumdem
1113 1738 1172 1797 S.
1203 1734 1440 1798 Felicem
1493 1741 1654 1797 modo
1699 1740 2066 1798 confessorem
2093 1782 2112 1809 ,
2140 1747 2190 1808 Β
2216 1729 2329 1801 ejus
2359 1727 2508 1799 longe
2538 1727 2738 1799 lateque
2764 1727 3097 1802 dispergitur.
3138 1728 3354 1786 Titulus
3391 1732 3658 1786 sermonis
3682 1740 3765 1788 est
3795 1749 3809 1787 :

504 1828 669 1886 modo
694 1838 987 1904 martyrem
1021 1842 1180 1887 vocat
1208 1831 1262 1887 in
1296 1832 1435 1887 libro
1465 1830 1534 1888 de
1561 1829 1702 1886 Cura
1732 1847 1830 1902 pro
1861 1830 2109 1896 mortuis,

505 1937 626 1994 cap.
662 1920 686 1975 l
723 1938 737 1976 :
770 1920 923 1988 Quod
956 1932 1187 1977 materno
1227 1931 1276 1977 et
1306 1924 1394 1986 pio
1418 1919 1608 1990 affectu
1658 1921 1968 1977 desideravit
2006 1938 2116 1979 esse

507 2012 838 2084 completum,
865 2025 919 2068 ut
947 2016 1142 2071 scilicet
1180 2016 1233 2069 in
1276 2016 1554 2070 beatissimi
1582 2012 1775 2069 Felicis
1804 2015 2114 2086 confessoris

505 2107 719 2163 basilica
749 2116 1043 2179 poneretur.
1075 2107 1139 2163 Et
1171 2109 1222 2164 in
1254 2125 1375 2177 cap.
1408 2110 1441 2164 4
1469 2127 1481 2161 :
1508 2108 1634 2163 Cum
1662 2124 1781 2180 ergo
1807 2108 1977 2178 ﬁdelis
2002 2126 2115 2162 ma-

509 2211 586 2255 ter
610 2200 779 2271 ﬁdelis
805 2197 904 2270 ﬁlii
933 2201 1163 2273 defuncti
1212 2217 1399 2272 corpus
1436 2199 1743 2255 desideravit
1767 2199 1821 2254 in
1850 2201 2114 2254 basilicam

508 2294 751 2365 martyris
775 2294 918 2364 poni,
949 2294 1202 2366 siquidem
1228 2292 1503 2348 crediderit
1532 2296 1643 2366 ejus
1672 2294 1898 2348 animum
1920 2295 2113 2349 meritis

505 2385 749 2456 martyris
779 2384 1037 2455 adjuvari.
1095 2386 1170 2441 De
1207 2386 1397 2441 eadem
1426 2383 1652 2441 basilica
1700 2385 1759 2442 S.
1792 2382 1988 2443 Felicis
2034 2387 2114 2443 lo-

505 2481 690 2551 quitur
715 2477 1070 2548 Augustinus.

577 2568 635 2628 Si
673 2587 802 2628 vero
832 2570 884 2627 in
917 2568 1143 2626 Litaniis
1171 2580 1225 2627 et
1260 2570 1484 2627 Conone
1513 2570 1695 2626 missae
1727 2569 1869 2628 inter
1894 2573 2111 2630 confes-

504 2678 658 2721 sores
704 2662 764 2720 S.
804 2661 953 2719 Zeno
994 2670 1383 2729 recenseatur,
1423 2660 1526 2717 hoc
1556 2675 1619 2716 ea
1653 2661 1865 2718 ratione
1909 2661 2113 2720 factum

504 2754 673 2813 fuisse
701 2755 998 2827 putandum
1019 2764 1126 2823 est,
1152 2753 1296 2824 quod
1329 2752 1603 2825 processio
1627 2752 1716 2814 die
1740 2756 2113 2814 Ordinationis

506 2849 672 2905 flebat
698 2848 865 2922 (idem
897 2847 1061 2904 modo
1090 2847 1144 2904 in
1176 2847 1277 2905 hac
1306 2847 1622 2907 Pistoriensi
1650 2850 1894 2908 Ecclesia
1942 2850 2025 2922 fit)
2058 2861 2117 2907 ut

505 2941 736 2998 Litauiae
758 2948 812 2997 et
842 2941 1020 2996 missae
1042 2940 1228 2996 Ganou
1253 2956 1374 2996 cum
1404 2941 1583 2998 officio
1610 2943 2023 2999 coueordarent.
2052 2943 2110 3000 In

504 3035 730 3090 (latione
763 3048 893 3090 vero
935 3042 1057 3105 post
1096 3028 1442 3090 confessores
1474 3036 1757 3105 pontifices
1783 3035 2017 3091 locatum
2047 3034 2107 3092 8.

2221 1817 2403 1875 Sermo
2432 1819 2495 1875 S.
2544 1817 2780 1875 Petronii
2820 1823 3052 1893 episcopi
3086 1821 3399 1879 Veronensis
3436 1823 3490 1878 in
3529 1821 3717 1879 Natale
3748 1824 3809 1881 8.

2219 1908 2461 1966 Zenonis.
2497 1910 2650 1967 Hunc
2692 1926 2999 1969 sermonem
3031 1915 3171 1986 typis
3197 1914 3349 1971 dedit
3370 1915 3814 1986 prmclarissimus

2219 2004 2495 2061 litterariae
2538 2006 2848 2076 reipublicm
2880 2006 3157 2078 splendor,
3191 2008 3432 2065 marchio
3463 2008 3643 2081 Scipio
3682 2008 3813 2065 Mal-

2219 2095 2378 2164 feius,
2406 2097 2474 2153 de
2498 2110 2605 2168 quo
2632 2099 2772 2153 inter
2800 2098 2904 2153 alia
2932 2100 3009 2155 sic
3037 2097 3236 2155 habet:
3266 2099 3321 2155 ιι
3349 2101 3524 2155 codice
3549 2099 3577 2155 ἑ
3606 2099 3661 2155 di
3685 2117 3813 2173 pora

2216 2189 2488 2257 antichita,
2516 2206 2601 2246 ma
2631 2192 2687 2260 fu
2725 2192 2954 2247 ricat‘ato
2979 2193 3045 2247 da
3074 2208 3145 2247 un
3173 2193 3331 2261 altro,
3358 2195 3451 2250 che
3474 2193 3631 2249 dovea
3650 2211 3811 2249 essere

2218 2284 2413 2340 d’assai
2441 2287 2672 2360 magglor
2698 2287 2802 2343 eia.
2845 2288 2982 2343 Cum
3021 2288 3199 2360 itaque
3225 2289 3293 2344 ab
3320 2288 3607 2361 autiquiori
3626 2289 3810 2346 codice

2217 2376 2320 2431 hoc
2345 2390 2447 2432 ms.
2471 2377 2737 2449 originem
2761 2378 2943 2446 ducat,
2962 2394 3138 2451 neque
3158 2380 3339 2437 desint
3360 2381 3631 2455 exempla,
3662 2391 3811 2438 vctu-

2216 2468 2386 2525 stiora
2419 2484 2550 2525 mss.
2588 2486 2711 2542 qua:
2753 2470 2812 2530 S.
2843 2469 3079 2529 Zenonis
3111 2470 3430 2548 martyrium
3458 2482 3807 2539 concernunt,

2217 2565 2386 2622 fuisse
2415 2566 2653 2622 secunda
2698 2578 2857 2623 manu
2888 2574 3166 2638 corrupta,
3193 2575 3250 2621 ut
3279 2566 3332 2621 in
3362 2565 3572 2622 duobus
3613 2565 3809 2639 Marty-

2214 2658 2435 2730 rologiis
2461 2658 2681 2730 capituli
2712 2657 3040 2715 cathedralis
3064 2658 3411 2715 Pistoriensis
3438 2669 3490 2714 et
3527 2657 3810 2715 bibliothe-

2215 2769 2294 2809 cae
2338 2754 2495 2810 almae
2534 2755 2728 2812 domus
2770 2755 3062 2827 Sapientia:
3106 2755 3265 2827 hujus
3302 2754 3541 2828 ejusdem
3578 2751 3809 2809 civitatis

2215 2850 2578 2919 ostendimus,
2630 2851 2725 2907 lib.
2763 2844 2832 2906 de
2876 2848 3135 2924 Martyrio
3180 2852 3237 2908 S.
3293 2850 3554 2916 Zenonis,
3599 2865 3717 2922 cap.
3748 2848 3803 2917 2,

2215 2945 2480 3000 incertum
2508 2944 2745 3011 videtur,
2775 2959 2842 2998 an
2886 2942 3222 3016 autograplio
3251 2959 3503 3001 sermone
3531 2942 3592 3000 8.
3624 2941 3806 2998 Petro-

2216 3035 2289 3091 nii
2318 3052 2442 3091 vere
2484 3037 2691 3108 legatur
2734 3040 3104 3109 confessorem.
3160 3034 3292 3091 Nam
3335 3035 3634 3106 epithetum
3678 3033 3806 3089 illud

506 3124 781 3183 Zenonem
808 3141 903 3197 par
931 3135 1013 3182 est
1041 3126 1288 3192 credere,
1307 3140 1373 3181 eo
1394 3126 1535 3199 quod
1565 3129 1834 3196 posterius
1863 3127 2105 3184 additum
2133 3128 2179 3192 C
2212 3129 2592 3183 sanctissimum
2637 3131 2889 3202 martyris
2923 3130 3097 3197 potius
3118 3144 3278 3199 quam
3308 3124 3637 3183 confessoris
3664 3124 3806 3181 vide-

506 3219 703 3286 fuerit;
735 3236 858 3275 nam
889 3227 945 3275 et
976 3217 1035 3275 8.
1073 3218 1332 3275 Proculus
1370 3224 1495 3291 post
1525 3219 1625 3276 SS.
1659 3218 1942 3287 llilarium,
1968 3218 2110 3275 Mur-

504 3314 699 3379 tinum,
731 3311 1115 3384 Augustinum,
1140 3313 1459 3384 Gregorium
1489 3356 1503 3379 ,
1548 3313 1931 3386 Hieronymum
1976 3312 2111 3385 legi-

501 3412 611 3474 tur‘,
642 3422 737 3462 eos
765 3407 892 3462 licet
917 3413 1077 3462 :etate
1109 3402 1606 3476 prmcesserit.Alio
1632 3417 1810 3461 autem
1840 3414 2107 3478 tempore,

506 3505 562 3553 et
608 3496 894 3554 occasione
949 3498 1201 3553 recitatas
1257 3512 1383 3553 esse
1428 3497 1709 3561 Litanias,
1760 3494 1891 3568 quid
1943 3495 2109 3552 inde?

504 3586 641 3645 Cum
684 3586 911 3647 Litauiis
953 3589 1062 3661 jam
1094 3605 1194 3663 pro
1220 3587 1386 3646 Festo
1415 3587 1783 3646 Ordinationis
1831 3588 2108 3662 dispositis

440 3710 445 3717 '
506 3691 810 3739 uterentur.

578 3768 635 3829 In
664 3770 1291 3830 Commemorationibus
1318 3772 1699 3829 communibus
1722 3814 1738 3841 ,
1782 3787 1879 3831 seu
1915 3771 2109 3829 suifra-

504 3865 606 3937 giis
637 3874 974 3933 sanctorum,
1004 3868 1048 3923 si
1078 3865 1359 3924 confessor
1389 3866 1447 3925 S.
1477 3866 1623 3923 Zeno
1652 3867 1978 3939 appelletur,
1994 3870 2105 3938 jam

507 3972 574 4011 ex
623 3971 768 4028 saepe
812 3954 1060 4013 adductis
1108 3958 1372 4030 exemplis
1428 3966 1574 4030 patet
1632 3960 1811 4028 prisco
1853 3974 2005 4014 more
2052 3968 2108 4016 et

506 4060 772 4124 martyres
810 4048 1110 4122 appellatos
1156 4049 1323 4108 fuisse
1365 4050 1730 4107 confessores.
1779 4048 1913 4107 Nam
1953 4058 2009 4107 et
2052 4051 2107 4107 in

508 4138 887 4200 benedictione
936 4141 1231 4215 pontilicali
1276 4142 1331 4200 in
1385 4143 1549 4200 Festo
1600 4144 1658 4200 8.
1707 4141 2105 4210 Zenonis,ubi

504 4238 777 4309 praecipue
800 4233 1083 4293 confessor
1110 4231 1445 4303 inscribitur,
1472 4238 1588 4293 haec
1613 4237 1775 4292 verba
1805 4234 2057 4307 leguntur
2087 4254 2101 4291 :

508 4328 845 4400 Omnipotens
889 4324 1029 4384 Deus
1058 4343 1104 4383 et
1133 4324 1387 4383 Dominus
1417 4326 1502 4383 det
1528 4328 1674 4383 nobis
1703 4330 1904 4399 copiam
1946 4326 2100 4384 bene-

504 4418 766 4489 dictionis,
790 4422 877 4491 qui
906 4418 968 4475 B.
994 4417 1256 4475 Zenonem
1292 4420 1388 4475 sibi
1417 4419 1632 4476 adscivit
1675 4422 1857 4478 virtute
1900 4421 2104 4494 confes-

2215 3232 2300 3277 tur
2324 3223 2620 3293 proprium.
2651 3221 2709 3277 Si
2736 3232 2913 3276 tamen
2934 3220 3291 3277 confessionis
3317 3235 3515 3285 nomen
3547 3234 3641 3290 pro
3664 3233 3804 3273 mar-

2214 3326 2331 3388 tyre
2363 3315 2710 3386 accipiamus,
2735 3326 2791 3369 ut
2834 3314 3027 3385 priscis
3054 3312 3389 3385 temporibus
3419 3312 3616 3367 factum
3641 3310 3802 3365 fuisse

2211 3408 2571 3465 indubitatum
2614 3416 2732 3474 est,
2761 3407 2909 3463 nullo
2955 3404 3120 3463 modo
3164 3405 3423 3479 martyrio
3468 3405 3529 3462 S.
3575 3403 3803 3460 Zenonis

2211 3500 2431 3557 officere
2463 3500 2591 3555 satis
2614 3506 2846 3554 constat.
2880 3498 3074 3566 Quanti
3104 3513 3235 3554 vero
3266 3496 3525 3553 momenti
3558 3495 3803 3565 hujusce-

2210 3593 2355 3648 modi
2396 3594 2636 3648 rationes
2665 3592 2797 3658 sint,
2830 3606 2895 3647 ex
2924 3592 3171 3665 sequenti
3202 3587 3537 3663 paragrapho
3568 3586 3802 3663 prudens

2209 3684 2382 3741 lector
2405 3682 2681 3755 dijudicet.

2212 3817 2377 3890 §Vll.
2426 3818 2675 3875 Auctores
2704 3832 2828 3872 mss.
2869 3793 3029 3889 atque
3050 3783 3399 3873 .monumenta
3450 3830 3566 3888 qua
3603 3812 3664 3871 8.
3697 3812 3803 3868 Ze-

2630 3911 2777 3966 nonis
2800 3911 3107 3981 martyrium
3133 3918 3390 3966 asserunt.

2280 4048 2440 4106 Plura
2466 4046 2780 4122 collegimus
2804 4050 2872 4106 de
2899 4048 3156 4122 martyrio
3183 4051 3240 4106 8.
3272 4046 3507 4105 Zenonis
3537 4054 3755 4119 agentes
3780 4088 3795 4113 ,

2206 4142 2303 4200 lib.
2338 4155 2395 4209 ιι,
2419 4158 2539 4214 cap.
2568 4142 2622 4210 t,
2648 4142 2706 4209 2,
2738 4144 2794 4209 5,
2814 4141 2872 4209 4,
2902 4158 3020 4214 qua:
3052 4140 3121 4197 ibi
3150 4140 3396 4198 eruditus
3440 4142 3608 4195 lector
3632 4137 3799 4208 inspi-

2206 4251 2331 4291 cere
2377 4235 2592 4307 poterit,
2622 4234 2679 4290 8.
2715 4233 2961 4305 Gregorii
3007 4233 3375 4304 incorruptum
3404 4230 3795 4294 testimonium,

2206 4326 2355 4384 Pauli
2382 4328 2623 4399 Diacoui,
2646 4327 2874 4394 Rabani,
2897 4324 3160 4394 Notkerii,
3188 4324 3367 4395 Bedae,
3389 4322 3797 4391 Usuardi,Vau-

2205 4421 2457 4489 deiberti,
2488 4422 2829 4492 aliorumque
2853 4420 3239 4487 recentiorum,
3270 4419 3360 4491 qui
3389 4418 3661 4475 communi
3687 4417 3798 4473 cal-

500 4512 680 4572 sionis.
700 4512 827 4570 Haec
853 4514 1038 4584 verba,
1066 4514 1249 4569 virtute
1274 4515 1630 4584 confessionis,
1661 4528 2102 4589 martyrem,non
2130 4508 2181 4571 Ι)
2206 4514 2332 4569 culo
2362 4520 2652 4588 martyrem
2676 4512 2734 4571 8.
2760 4508 3030 4569 Zenonem
3054 4511 3373 4579 decernunt,
3402 4526 3576 4583 neque
3618 4510 3798 4581 plures

502 4604 803 4677 simplicem
830 4604 1203 4663 confessorem
1233 4604 1561 4678 significant.

574 4699 706 4779 Quae
737 4705 961 4767 restant,
1008 4712 1202 4770 nempe
1231 4716 1243 4752 :
1278 4696 1429 4765 Quod
1466 4714 1557 4751 nec
1592 4694 1901 4764 Ratherius,
1927 4698 2015 4768 qui
2034 4696 2095 4753 S.

498 4790 759 4848 Zenonem
798 4793 905 4847 suis
936 4792 988 4847 in
1040 4790 1280 4863 operibus
1305 4802 1353 4847 et
1384 4791 1683 4860 honoriﬁcis
1704 4791 1911 4861 quidem
1936 4790 2100 4849 titulis

494 4883 707 4957 allegat,
739 4900 831 4939 nec
856 4884 1191 4957 manuscripti
1226 4891 1494 4949 tractatus,
1526 4881 1658 4935 inter
1685 4898 1811 4951 quos
1833 4876 2101 4942 Remensis

496 4978 888 5049 antiquissimus
934 4974 1051 5031 huic
1081 4975 1181 5046 ipsi
1207 4968 1456 5028 Ecclesia:
1492 4973 1623 5028 inter
1645 4991 1793 5029 sacra
1817 4972 1981 5048 ofﬁcia
2009 4977 2095 5032 in-

494 5070 719 5136 serviuit,
748 5085 839 5124 nec
866 5066 1166 5123 calendario
1190 5067 1296 5120 sive
1325 5077 1516 5133 nostra,
1540 5068 1644 5123 sive
1662 5068 1853 5132 aliena,
1878 5085 2095 5141 quorum

496 5154 651 5236 plura
697 5161 823 5216 vidit
870 5158 937 5215 P.
978 5154 1355 5226 Henschenius,
1397 5175 1513 5232 cap.
1551 5159 1604 5227 Ι,
1649 5178 1701 5217 n.
1751 5156 1806 5229 3,
1848 5178 1969 5234 pag.
1998 5163 2090 5229 70,

495 5268 770 5328 martyrem
819 5253 967 5307 illum
1016 5262 1215 5321 vocant,
1243 5250 1334 5308 sed
1361 5255 1469 5309 solo
1496 5253 1803 5326 confessoris
1834 5255 1983 5310 titulo
2010 5257 2090 5311 in-

493 5350 759 5424 signiunt;
797 5345 937 5412 haec,
965 5343 1205 5417 inquam,
1232 5347 1536 5419 argumenti
1583 5346 1826 5421 negativi‘
1855 5348 2087 5405 abusum

493 5442 595 5496 hac
632 5441 685 5495 in
726 5436 1118 5509 disceptatione
1146 5454 1255 5511 pra:
1283 5455 1342 5495 se
1372 5436 1573 5507 ferunt,
1598 5456 1773 5511 neque
1802 5440 1935 5495 tanti
1963 5450 2089 5496 sunt

495 5528 773 5605 looderis,
802 5542 862 5590 ut
905 5533 1127 5605 praecisa
1177 5535 1532 5605 responsione
1568 5532 1689 5605 quis
1723 5548 1786 5589 ea
1832 5534 2091 5604 suscipiat

492 5629 772 5695 refellere;
816 5645 939 5687 cum
970 5637 1049 5686 tot
1084 5630 1203 5686 aliis
1234 5629 1621 5695 monumentis,
1649 5640 1707 5687 ut
1733 5646 1855 5687 mox
1886 5629 2090 5687 videbi-

489 5738 631 5796 mus,
666 5721 725 5782 S.
753 5722 984 5787 Zenonis
1011 5724 1328 5807 martyrium
1345 5722 1755 5805 comprobetur.
1784 5724 1935 5803 Quod
1958 5741 2089 5786 vero

2204 4608 2294 4664 alii
2324 4608 2541 4677 desunt,
2572 4607 2667 4681 qui
2696 4608 2901 4665 eisdem
2933 4602 3311 4675 consentiunt;
3338 4606 3579 4663 Joannes
3606 4600 3797 4662 Diaco-

2204 4717 2305 4757 nus
2349 4704 2400 4758 in
2429 4700 2549 4758 Vita
2590 4698 2650 4758 S.
2675 4701 2945 4773 Gregorii,
2976 4700 3063 4769 55,
3099 4698 3220 4756 Ado
3249 4700 3336 4755 die
3359 4708 3545 4755 octava
3579 4699 3796 4754 decem-

2202 4793 2314 4850 bris
2344 4795 2395 4850 in
2422 4792 2806 4861 additionibus,
2830 4794 3147 4850 Guillclmus
3174 4793 3501 4865 Pastrengus
3518 4790 3796 4848 Veronen-

2209 4887 2284 4941 sis
2313 4887 2363 4941 in
2391 4886 2530 4942 libro
2558 4888 2625 4942 de
2668 4885 2976 4959 Originibus
2997 4926 3013 4952 ,
3044 4885 3133 4959 qui
3180 4884 3380 4940 sarculo
3411 4900 3500 4938 xlv
3529 4882 3747 4954 scripsit
3778 4899 3791 4936 :

2207 4978 2347 5035 Zeno
2379 4974 2680 5034 Veronensis
2700 4982 2967 5053 episcOpus
2987 4977 3211 5035 Gallieni
3229 4979 3554 5051 imperatoris
3575 4987 3794 5050 tentpcre

2205 5066 2418 5143 insignis
2444 5071 2679 5139 habetur,
2704 5084 2752 5129 et
2776 5074 3078 5145 martyrium
3099 5073 3314 5146 patitur.
3346 5071 3419 5126 Ita
3443 5070 3790 5143 Pastrengus.

2205 5163 2391 5221 Sixtus
2427 5163 2684 5221 Senensis
2713 5166 2765 5219 in
2783 5162 3140 5230 Bibliotheca,
3165 5164 3302 5221 libro
3329 5179 3381 5219 tv
3414 5181 3428 5218 :
3460 5160 3606 5219 Zeno
3632 5158 3792 5237 605

2210 5256 2707 5331 Veromeepiscopus
2725 5268 2772 5313 et
2792 5269 3006 5332 martyr.
3029 5255 3370 5314 Hermannus
3389 5255 3711 5312 Contractus
3740 5257 3792 5309 in

2197 5350 2467 5408 Chronico
2495 5352 2563 5408 de
2590 5367 2685 5408 sex
2717 5352 2897 5409 mundi
2944 5352 3198 5408 aetatibus
3227 5370 3239 5406 :
3268 5346 3422 5407 Passi
3460 5362 3584 5406 sunt
3630 5348 3794 5424 (Gal.

2195 5444 2343 5500 lieno
2389 5445 2726 5516 imperante)
2761 5445 2943 5501 Roma:
2972 5436 3235 5500 Fabianus
3275 5460 3528 5516 papa.....
3578 5440 3792 5497 Verona:

2197 5535 2338 5593 Zeno
2362 5538 2649 5608 episcOpus.
2678 5537 3046 5595 Bernardinus
3068 5539 3281 5601 Curius.
3302 5551 3356 5594 et
3383 5539 3500 5609 ipse
3528 5539 3583 5594 in
3618 5538 3793 5593 Histo-

2197 5630 2277 5687 ria
2310 5630 2698 5688 Mediolanensi
2737 5632 2804 5689 de
2843 5631 3090 5690 Gallieno
3136 5636 3464 5706 imperatore
3506 5646 3693 5705 agens,
3725 5629 3784 5689 8.

2198 5723 2471 5783 Zenonem
2507 5724 2874 5788 Veronensem
2917 5729 3231 5803 episcopum
3276 5730 3534 5805 martyrio
3558 5744 3791 5786 corona-
