4198 6160
316 208 420 264 757

1828 197 2127 257 DISSEBT
2134 198 2299 256 A710
2312 240 2325 256 .

3648 231 3758 289 7E8

316 330 425 376 tum
451 317 598 373 dicit,
636 294 785 371 [dem
817 314 1021 373 asserit
1057 306 1395 364 Vincentius
1420 305 1851 364 Bellovacensis
1882 325 1988 367 suo
2016 312 2070 372 Α
2111 312 2205 364 sia:
2240 312 2565 369 cathedralis
2599 313 2849 373 Verania.
2895 320 3047 380 ldem
3088 328 3145 383 in
3196 330 3582 413 Martyrologio
3629 347 3765 400 anti-

321 413 376 469 in
405 408 630 482 Speculo
655 407 933 464 historiali
955 449 969 473 ,
999 402 1100 460 lib.
1133 415 1202 467 tl,
1238 415 1368 471 cap.
1401 400 1493 456 85.
1530 399 1822 456 Marianus
1858 403 1997 458 Sco—

325 510 410 560 tus
456 504 508 557 in
548 498 826 556 Chronico
875 502 934 557 S.
958 492 1214 554 Zenonis
1265 492 1605 565 martyrium
1641 492 1808 559 ponit
1845 508 2001 549 anno

329 594 518 653 Christi
557 590 684 656 369,
713 606 851 658 quae
878 606 1004 649 vero
1035 594 1238 642 contra
1287 593 1572 639 tantorum
1604 581 1866 637 virorum
1893 600 2007 639 au-

335 688 629 747 ctoritatem
655 692 1033 753 Opponuntur,
1058 693 1233 749 supra
1256 676 1471 747 rejecta
1494 680 1652 727 sunt.
1687 672 2014 739 Complura

339 783 494 841 etiam
527 793 625 834 ms.
655 791 715 832 ac
735 787 939 832 vetera
966 780 1323 832 monumenta
1364 776 1684 836 martyrem
1719 762 1782 819 8.
1818 764 2026 821 Zeno-

342 890 463 933 nem
487 872 838 929 conﬁrmant.
878 870 1008 936 Quae
1049 867 1101 922 in
1138 862 1395 920 Ecclesia
1442 856 1798 914 Pistoriensi
1839 872 2033 927 repe-

338 968 576 1031 riuntur,
632 978 756 1035 cap.
786 961 861 1029 2,
894 963 989 1018 lib.
1042 961 1107 1017 de
1147 956 1423 1029 Martyrio
1469 951 1531 1007 S.
1589 949 1853 1005 Zenonis
1910 965 2037 1004 ex-

2102 408 2362 473 quissimo
2390 408 2653 485 ratrum
2699 416 2904 474 ordinis
2928 420 3349 487 Praedicatorum
3366 474 3385 504 ,
3420 408 3564 509 quod
3592 457 3765 498 serra-

2112 506 2198 552 tur
2225 502 2283 555 in
2313 502 2432 599 loco
2454 520 2609 577 quem
2640 504 2864 566 Fratres
2907 511 2967 569 S.
3002 517 3294 578 Anastasio:
3337 502 3634 599 depositum
3680 550 3766 589 vo-

2118 603 2262 648 cant.
2323 592 2477 651 Idem
2528 599 2586 654 in
2634 601 3028 679 Martyrologio
3076 615 3289 686 antiquo
3341 592 3416 676 εω-
3448 626 3767 686 membranis

2124 687 2488 793 manusclripto
2525 694 2845 793 monialium
2875 699 3127 760 Ecclesia:
3156 706 3218 763 S.
3255 708 3445 770 Marite
3484 714 3771 793 Magdale-

2136 791 2219 830 πω
2244 776 2297 831 in
2325 778 2525 851 Campo
2559 784 2762 843 Martio
2812 792 3011 849 ordinis
3039 796 3326 861 Minorum.
3355 804 3507 864 Idem
3532 776 3770 869 afua-

2142 869 2399 962 tyrologio
2430 877 2740 933 monialiam
2768 880 2831 938 S.
2864 882 3037 942 Lucice
3072 886 3288 949 Verona:
3330 899 3535 957 ordinis
3577 902 3638 961 S.
3671 905 3770 962 Be-

2147 958 2361 1065 nedicti,
2390 962 2633 1024 Perottus
2678 971 2735 1024 in
2776 972 3025 1057 Scholiis.
3055 977 3123 1035 In
3157 981 3542 1065 Martyroloqio
3569 958 3769 1052 ordinis

345 1062 686 1134 scripsimus;
723 1072 854 1129 pag.
890 1065 1069 1112 tamen
1111 1054 1204 1117 69,
1235 1064 1394 1108 error
1428 1042 1694 1157 i'r‘rcpsil.
1731 1042 1819 1157 illa
1833 1040 2043 1157 adgu-
2149 1046 2560 1157 {rtedicato‘rum
2603 1071 2721 1131 post
2758 1048 3034 1123 concilium
3080 1040 3765 1157 Tridentinumareformalo

344 1133 527 1214 cendis
566 1152 803 1223 εωθιοεὶ
848 1148 1130 1220 cujusdam
1172 1143 1361 1249 verbis
1387 1159 1399 1194 :
1435 1134 1734 1252 Depositio
1878 1227 1892 1239 .
1916 1133 2039 1252 Ze:
2145 1143 2338 1249 dicitur
2363 1162 2383 1201 :
2409 1145 2591 1252 Pridie
2619 1150 2753 1208 ldus
2779 1155 2977 1252 Aprilis
3005 1163 3187 1218 eadem
3215 1168 3300 1223 die
3326 1133 3763 1252 saviari};

349 1250 497 1305 nonis
532 1246 747 1317 patroni
778 1243 951 1299 nostri
989 1237 1294 1297 Veronensis
1330 1229 1606 1302 martyris,
1649 1228 1740 1284 ita
1787 1227 1930 1301 legi,
1970 1239 2038 1285 ut

348 1341 550 1413 antiqui
572 1339 958 1403 characteres,
980 1343 1036 1391 et
1062 1338 1328 1388 vetustate
1351 1342 1467 1383 non
1496 1321 1702 1378 leviter
1729 1321 2032 1413 assumipti

350 1435 526 1508 primo
567 1442 798 1502 aspectu
828 1445 943 1502 prae
970 1443 1029 1483 se
1053 1423 1320 1481 ferebant.
1360 1417 1431 1474 At
1466 1412 2030 1488 perlustranteillu-

352 1507 753 1585 strissimorum
801 1519 1208 1578 Canonicorum
1250 1511 1509 1568 Archivio
1539 1509 1707 1565 Adm.
1741 1509 1810 1565 Β.
1841 1507 2022 1566 Patre

353 1618 647 1676 Francisco
676 1614 923 1671 Antonio
951 1608 1220 1667 Zacharia
1265 1604 1323 1660 S.
1355 1603 1402 1659 J.
1436 1619 1668 1658 summae
1688 1646 1705 1669 ,
1742 1618 2015 1659 consum-

2142 1238 2320 1307 δευρὶ,
2344 1240 2431 1310 qui
2476 1242 2610 1296 inter
2648 1246 2908 1314 procellas
2952 1257 3361 1323 persecutionum
3417 1238 3762 1330 Veronens'em

2141 1332 2319 1385 urbem
2365 1333 2670 1391 mirabiliter
2712 1342 2867 1410 rexit,
2897 1360 2960 1399 ac
2990 1357 3219 1419 tempore
3249 1352 3482 1415 Gallieni
3513 1372 3763 1440 martyrio

2136 1435 2414 1481 coronatus
2442 1436 2536 1481 est.
2569 1427 2771 1487 Iisdem
2812 1433 2927 1492 fere
2962 1442 3140 1497 verbis
3178 1444 3433 1505 Perottus
3477 1454 3625 1513 aliud
3647 1427 3758 1517 vre-

2126 1515 2236 1574 fert
2276 1519 2747 1593 Martyrologium,
2776 1528 2924 1597 quod
2956 1530 3115 1587 Viola
3142 1547 3462 1598 sanctorum
3494 1515 3751 1609 inscribi-

2123 1619 2231 1676 tur,
2261 1618 2318 1666 et
2360 1609 2511 1666 aliud
2538 1610 2983 1690 Martyrologium
3015 1624 3160 1693 apud
3183 1626 3245 1682 S.
3276 1627 3528 1689 Marcum
3548 1639 3605 1695 in
3631 1644 3757 1700 urbe

354 1722 623 1782 matreque
653 1706 996 1764 eruditionis
1015 1702 1156 1768 viro,
1180 1697 1528 1765 antiquarum
1561 1712 1752 1752 rerum
1778 1695 2004 1768 peritis—
2032 1712 2085 1773 Β
2111 1702 2306 1759 Roma,

357 1806 523 1869 simo,
549 1796 705 1873 cujus
730 1799 905 1855 aciem
936 1795 1066 1852 nihil
1097 1792 1268 1865 fugit,
1294 1787 1674 1860 attentiorique
1706 1789 1993 1862 diligentia

359 1900 607 1970 inspecto
636 1908 743 1950 ms.
776 1892 849 1947 ita
900 1887 1189 1960 legendum
1241 1897 1389 1949 esse,
1418 1894 1753 1952 compertum
1780 1894 1899 1949 est,
1936 1899 1994 1942 ut

360 1990 454 2046 hic
482 1987 635 2044 vides
663 2029 680 2056 ,
714 1983 887 2041 nostri
925 1981 1107 2038 Vicvis
1153 1994 1271 2035 rnr.
1317 1976 1446 2032 Nam
1481 1983 1601 2046 post
1623 1978 1845 2059 verbum
1880 1977 1993 2032 Pa-

365 2081 503 2137 troni
531 2080 692 2136 nostri
719 2083 973 2149 punctum
1001 2083 1107 2141 est,
1140 2072 1259 2127 alia
1287 2069 1449 2124 verba
1479 2067 1557 2122 sic
1598 2068 1823 2139 legenda
1864 2080 1993 2126 sunt

367 2174 663 2247 separatim
696 2170 766 2226 ab
786 2167 1245 2225 antecedentibus
1281 2161 1500 2218 Victoris
1529 2162 1793 2233 martyris.
1825 2160 1992 2218 Erro-

371 2286 465 2326 rcs
489 2281 728 2338 namque
760 2279 911 2321 meos
939 2260 1093 2317 fateri
1125 2275 1241 2315 non
1271 2256 1556 2313 erubesco.

449 2360 896 2418 Vetustissimum
940 2372 1044 2412 ms.
1077 2350 1356 2424 Anonymi
1397 2346 1661 2417 Pipiniani
1692 2356 1866 2403 octavo
1894 2364 1992 2403 sae-

378 2456 498 2510 culo
530 2462 745 2509 exeunte
770 2450 849 2504 vel
878 2448 1059 2505 saltem
1085 2447 1295 2501 ineunte
1324 2440 1513 2495 ste‘culo
1541 2454 1675 2493 nono
1704 2438 1989 2507 scriptum,

377 2557 441 2603 ut
481 2544 697 2602 Domini
725 2540 1005 2598 Ballerinii
1036 2539 1242 2610 optime
1271 2532 1589 2603 conjiciunt,
1623 2532 1680 2587 8.
1713 2528 1990 2588 Zenonem

380 2652 678 2713 martyrem
710 2637 858 2693 canit
890 2635 943 2690 in
976 2648 1074 2689 suo
1100 2630 1340 2704 Rythmo
1368 2645 1381 2680 :

511 2712 727 2783 Octavus
749 2734 911 2793 pastor
931 2733 985 2777 et
1007 2722 1274 2781 confessor,
1295 2716 1431 2768 Zeno
1451 2724 1633 2779 martyr
1644 2712 1866 2778 inclytus.

457 2823 847 2882 Autbenticum
896 2821 1312 2874 instrumentum
1344 2822 1587 2881 tempore
1630 2804 1810 2862 Caroli
1850 2804 1995 2878 regis

383 2920 551 2976 Italiae
581 2917 671 2988 qui
705 2925 844 2971 teste
888 2911 1133 2983 Sigonio,
1169 2907 1263 2963 lib.
1306 2922 1361 2961 tv
1409 2902 1547 2959 Hist.
1581 2901 1648 2957 de
1695 2916 1861 2972 regno
1887 2899 1994 2954 lta-

384 3013 498 3078 lim,
531 3024 677 3065 anno
728 3008 834 3065 814
888 3003 1054 3070 obiit,
1106 2999 1421 3072 stipulatum
1474 2993 1758 3051 occasione
1807 2993 1994 3064 prima)

2174 1797 2440 1867 Quaedam
2468 1815 2686 1871 quoque
2708 1799 3012 1876 fragmenta
3050 1824 3083 1865 a
3113 1809 3385 1871 Panvinio
3418 1820 3654 1882 collecla
3686 1843 3749 1885 se

2098 1890 2301 1950 vidisse
2321 1891 2464 1947 idem
2494 1893 2744 1950 Perettus
2770 1904 3020 1967 testatur,
3050 1917 3171 1972 quae
3193 1910 3444 1979 martyrii
3477 1912 3535 1972 S.
3565 1916 3744 1974 Zeno-

2095 1983 2184 2038 nis
2214 1984 2551 2040 mentionem
2585 1984 2828 2054 faciunt;
2859 1988 3032 2059 ipsius
3060 1994 3226 2049 verba
3249 1997 3489 2059 referam
3520 2020 3586 2062 ex
3615 2024 3739 2078 cap.

2094 2071 2130 2127 5
2171 2072 2307 2129 Vita:
2358 2076 2416 2132 S.
2472 2072 2733 2134 Zenonis.
2786 2076 2854 2132 In
2904 2082 3087 2136 alcuni
3144 2087 3397 2156 frementi
3440 2094 3497 2147 di
3548 2071 3740 2156 Fratre

2100 2165 2329 2238 Onofrio
2382 2165 2649 2234 Panvinio
2710 2168 2970 2224 Veronese
3000 2170 3250 2231 Cronista
3295 2181 3734 2256 diligentissimo,

2093 2258 2473 2331 investigator:
2486 2258 2623 2316 delle
2650 2276 2768 2316 cose
2788 2262 3019 2331 antiche,
3048 2266 3068 2319 i
3101 2267 3248 2334 quali
3276 2273 3545 2331 vedemmo
3576 2278 3669 2332 adi
3695 2279 3730 2333 4

2095 2347 2355 2405 Febbraio
2384 2350 2525 2406 1574
2548 2368 2822 2423 oppresso,
2846 2350 3022 2409 Paolo
3054 2373 3151 2411 suo
3172 2356 3413 2418 Fratello
3441 2368 3488 2420 si
3514 2367 3572 2437 [ὰ
3584 2382 3730 2424 men-

2095 2442 2232 2497 tione
2260 2442 2315 2496 di
2342 2460 2461 2497 aver
2489 2443 2627 2511 letto,
2657 2444 2748 2499 cite
2778 2442 2842 2500 S.
2872 2443 3016 2501 Zeno
3051 2444 3283 2506 Vescovo
3322 2454 3380 2508 di
3415 2453 3619 2513 Verona
3646 2462 3725 2515 sia

2095 2539 2230 2587 stato
2252 2532 2441 2604 legato,
2472 2549 2499 2587 e
2526 2535 2682 2589 molle
2715 2533 2850 2590 volte
2878 2546 3057 2605 preso,
3090 2552 3118 2593 e
3147 2539 3369 2597 battuto.
3404 2542 3471 2599 Et
3492 2562 3563 2601 un
3588 2551 3722 2619 [atto

2096 2643 2129 2679 a
2154 2634 2329 2694 questo
2365 2626 2629 2696 conforme
2657 2627 2701 2681 si
2728 2627 2873 2700 legge
2901 2630 3120 2702 esserin
3147 2642 3368 2691 avenuto
3393 2639 3609 2695 essendo
3628 2656 3724 2696 an-

2097 2715 2221 2771 dato
2248 2732 2280 2769 a
2325 2717 2593 2786 predicare
2620 2718 2755 2773 nelle
2798 2720 2937 2788 parti
2983 2721 3331 2780 oltramarine
3358 2724 3480 2783 dell‘
3513 2729 3658 2799 Asia,
3691 2746 3720 2787 e

2097 2805 2547 2878 particolarmente
2577 2808 2715 2863 uella
2744 2808 2924 2864 Soria.
2970 2809 3292 2871 Perciocché
3319 2818 3390 2874 da
3417 2831 3486 2875 un
3523 2816 3718 2879 Ponte-
3772 2854 3781 2863 -

2097 2898 2194 2969 [ire
2223 2898 2287 2953 de
2316 2896 2417 2953 Dei
2460 2899 2583 2969 falsi
2606 2916 2634 2955 e
2672 2900 2912 2971 bugiardi
2941 2907 3176 2961 consuoi
3219 2913 3426 2980 sequaci
3446 2913 3505 2982 fu
3532 2928 3713 2984 preso,
3816 2966 3829 2976 κ

2098 2992 2268 3063 legato
2295 3008 2321 3045 e
2349 2990 2568 3060 battuto,
2601 3009 2628 3047 e
2657 2993 2711 3048 di
2742 2993 2829 3063 poi
2870 2997 2929 3065 [it
2956 3013 3048 3067 per
3094 3001 3237 3070 aspri
3288 3001 3467 3076 luoghi
3510 3006 3717 3062 crudel-

385 3101 813 3160 consecrationis
842 3096 1091 3154 ecclesia:
1116 3094 1173 3149 S.
1208 3088 1453 3160 Gregorii
1485 3098 1538 3143 et
1579 3084 1814 3141 Zenonis
1834 3127 1848 3151 ,
1875 3101 1997 3157 qua:
2025 3088 2071 3151 C
2100 3091 2270 3137 mente
2296 3083 2618 3148 strascinato,
2648 3094 2693 3138 et
2715 3086 2915 3139 (tuendo
2954 3089 3123 3159 legate
3149 3089 3197 3144 le
3234 3094 3399 3162 mani,
3432 3103 3482 3149 et
3506 3094 3526 3150 i
3550 3098 3712 3167 piedi,

386 3213 534 3255 nunc
555 3196 789 3251 Verona:
818 3194 876 3250 8.
905 3190 1123 3246 Helena:
1154 3180 1690 3254 nuncupatuncujus
1713 3179 1873 3234 verba
1903 3195 1995 3235 su-

391 3306 484 3363 pra
509 3288 817 3353 retulimus,
842 3284 900 3341 S.
928 3283 1205 3338 Zenonem
1233 3276 1485 3348 martyris
1506 3272 1661 3328 titulo
1683 3272 1918 3327 decorat.

459 3378 518 3437 In
567 3379 802 3452 quodam
846 3372 1128 3449 privilegio
1158 3386 1190 3424 a
1222 3368 1549 3438 Berengario
1578 3363 1905 3420 monasterio
1932 3363 1991 3418 S.

391 3472 629 3532 Zenonis
679 3484 948 3526 concesso
960 3480 1105 3521 anno
1125 3463 1255 3525 90!,
1285 3461 1343 3516 S.
1369 3460 1514 3516 Zeno
1530 3457 1614 3514 bis
1637 3454 1914 3512 confessor
1940 3463 1996 3510 et

398 3567 569 3624 semel
599 3536 805 3635 martyr
840 3560 1071 3627 dicitur,
1109 3555 1266 3611 sicuti
1306 3550 1601 3635 antiquitus
1643 3550 1696 3605 in
1737 3563 1835 3603 usu
1876 3554 1994 3603 erat

398 3673 664 3732 martyres
692 3643 1036 3715 confessores
1062 3653 1225 3707 etiam
1254 3647 1545 3718 appellare.

460 3752 519 3811 lu
551 3751 661 3809 alio
697 3762 913 3822 quoque
956 3742 1242 3816 privilegio
1268 3740 1443 3797 eidem
1473 3735 1822 3803 monasterio,
1850 3748 1992 3791 anno

392 3848 542 3909 1055
584 3857 847 3903 concesso
874 3840 943 3897 ab
987 3837 1221 3894 Henrico
1265 3833 1615 3903 imperatore,
1648 3830 1706 3887 S.
1737 3827 1881 3885 Zeno
1911 3827 1993 3884 bis

387 3950 604 4014 martyr
625 3938 842 3995 dicitur.

465 4013 710 4091 Ecclesia
752 4021 1131 4097 Frisingensis,
1165 4032 1287 4092 quae
1316 4034 1346 4075 a
1374 4018 1431 4076 8.
1463 4015 1789 4075 Corbiniano
1820 4013 1993 4086 primo

386 4124 640 4200 ejusdem
674 4116 929 4177 Ecclesiae
973 4114 1250 4185 episcOpo,
1281 4111 1436 4182 cujus
1475 4110 1657 4166 obitus
1700 4122 1843 4164 anno
1887 4105 1992 4164 750

387 4215 683 4287 contingit,
711 4211 915 4270 cultum
948 4209 1005 4266 8.
1035 4205 1273 4263 Zenonis
1297 4203 1493 4271 hausit,
1527 4211 1814 4273 martyrem
1842 4215 1993 4257 sem-

430 4328 495 4369 er
522 4319 757 4369 θκηονιι.

430 4328 495 4369 Cl‘
522 4328 548 4363 3
593 4325 757 4364 ηονιι.

389 4331 427 4387 p
466 4325 850 4460 Calgendarium
884 4392 1067 4451 saeculi
1100 4389 1224 4446 noni
1254 4432 1268 4456 ,
1303 4386 1734 4445 Sacramentario
1775 4384 1833 4442 8.
1861 4384 1996 4441 Gre-

2097 3189 2125 3227 e
2148 3172 2495 3227 crudelmente
2536 3173 2756 3242 battuto,
2787 3190 2960 3231 mezzo
2990 3179 3127 3247 vivo,
3169 3197 3198 3235 e
3226 3184 3531 3241 moribundo
3561 3187 3617 3254 {it
3642 3187 3713 3243 da

2096 3265 2256 3337 quelli
2284 3264 2499 3320 lasciato
2525 3265 2579 3319 in
2601 3266 2908 3323 abandonno
2934 3287 2953 3324 :
2984 3272 3073 3324 ma
3095 3272 3267 3327 subito
3292 3279 3295 3283 '
3321 3276 3497 3346 doppo
3525 3275 3574 3330 la
3596 3279 3710 3334 loro

2097 3371 2345 3430 partenza
2389 3374 2480 3427 per
2525 3358 2662 3413 virtit
2693 3359 2879 3417 Divina
2910 3364 2970 3436 fit
2999 3364 3144 3421 dalla
3175 3378 3343 3423 morte
3389 3381 3707 3441 preservalo,

2096 3455 2164 3507 da
2194 3452 2379 3524 legami
2401 3452 2604 3522 sciolto,
2632 3471 2661 3508 e
2698 3455 2783 3510 nel
2804 3459 3028 3529 pristino
3056 3470 3190 3537 stato
3228 3460 3710 3519 miracolosamente

2095 3546 2364 3600 ritornato.
2389 3544 2597 3600 Avendo
2612 3546 2667 3600 di
2679 3548 2762 3618 poi
2781 3549 2995 3605 liberato
3011 3567 3082 3606 un
3094 3552 3332 3624 ﬁgliuolo
3344 3554 3399 3609 di
3418 3554 3577 3627 quell’
3595 3570 3708 3610 em-

2096 3641 2204 3711 pio,
2223 3658 2250 3695 e
2270 3641 2472 3696 crudele
2487 3643 2977 3714 ponte/iceidolatra
2997 3648 3087 3702 dal
3110 3650 3371 3714 demonio,
3401 3650 3494 3704 che
3522 3646 3707 3704 crude-

2096 3734 2457 3788 lissimamente
2476 3732 2527 3788 lo
2545 3743 2857 3792 tormentava
2869 3755 2960 3808 per
2979 3740 3029 3794 la
3041 3741 3276 3796 crudelta
3295 3753 3478 3798 usuata
3492 3743 3583 3798 dal
3597 3741 3707 3797 Pa-

2097 3828 2189 3884 dre
2212 3837 2389 3883 contra
2418 3828 2470 3882 la
2490 3825 2725 3885 Persona
2752 3831 2806 3886 di
2838 3833 2901 3888 S.
2932 3830 3093 3905 Zeno,
3117 3834 3286 3889 subito
3314 3848 3460 3893 corse
3485 3838 3537 3892 la
3561 3836 3705 3909 fama

2097 3921 2150 3975 di
2168 3921 2329 3991 questi
2341 3919 2442 3975 due
2458 3920 2692 3977 miracoli
2715 3939 2804 3993 per
2819 3941 2915 3994 que
2929 3924 2949 3979 i
2968 3926 3144 3999 luoghi
3156 3945 3248 4000 per
3267 3929 3307 3983 il
3318 3929 3412 3984 cbe
3426 3948 3458 3985 a
3479 3930 3553 3984 lui
3574 3940 3701 3984 con-

2098 4030 2305 4069 correva
2330 4032 2459 4088 gran
2484 4015 2806 4072 mollitudine
2836 4019 2888 4073 di
2935 4020 3147 4091 infermi
3173 4023 3441 4079 acciocclté
3466 4036 3557 4098 per
3586 4036 3698 4080 esso

2096 4106 2136 4160 il
2145 4105 2388 4175 bene/icio
2400 4106 2535 4163 della
2546 4110 2713 4164 sanila
2724 4113 3116 4182 acquistassero,
3139 4115 3158 4168 i
3173 4117 3316 4185 quali
3332 4133 3442 4172 esso
3461 4133 3550 4188 per
3572 4114 3704 4172 νίνιᾶ

2097 4195 2291 4254 Divina
2312 4199 2447 4255 nella
2472 4201 2688 4273 pristina
2701 4203 2888 4259 Sanitt‘t
2907 4202 3188 4260 ritornava.
3213 4204 3265 4259 E
3278 4207 3417 4278 quivi
3439 4225 3549 4264 sese
3572 4222 3704 4280 gran

2100 4293 2259 4363 frutto
2283 4292 2650 4364 distruggendo
2675 4295 2745 4367 gl’
2774 4296 2923 4361 idoli,
2954 4313 2982 4351 e
3008 4300 3375 4363 confermando
3398 4300 3450 4355 la
3471 4301 3704 4356 dottrina

2099 4392 2195 4436 sua
2223 4398 2282 4437 co
2309 4385 2558 4452 miracoli,
2591 4403 2620 4440 e
2647 4386 3093 4457 particolarmenle
3105 4391 3446 4448 cacciandone
3469 4392 3510 4448 il
3530 4394 3705 4448 dentoa

390 4495 535 4570 gorii
581 4490 880 4565 praeﬁxum,
906 4486 995 4543 die
1037 4501 1113 4541 xu
1158 4481 1343 4553 aprilis
1374 4480 1428 4535 in
1456 4478 1708 4535 Biblioth.
1734 4472 1991 4533 Vaticana
2019 4476 2072 4548 D
2099 4479 2184 4536 nio
2214 4477 2282 4534 da
2316 4480 2334 4535 i
2369 4481 2512 4551 carpi
2540 4482 2739 4550 umani,
2762 4498 2788 4537 e
2816 4482 2886 4538 da
2911 4484 2929 4538 i
2970 4484 3145 4556 luoghi
3179 4484 3281 4558 agl‘
3300 4482 3428 4543 idoli
3456 4482 3701 4543 dedicati.

391 4604 545 4648 anno
577 4586 717 4643 1806
742 4587 801 4641 8.
835 4584 1111 4639 Zenonem
1140 4590 1432 4652 martyrem
1464 4576 1727 4633 nominat.

472 4681 573 4738 Hic
599 4676 935 4735 accensenda
957 4689 1086 4731 mss.
1116 4668 1825 4738 EcclesiarumVeronensis
1847 4667 1998 4725 etPi-

393 4772 708 4839 storiensis,
740 4769 809 4826 de
837 4767 1031 4841 quibus
1053 4779 1218 4837 supra
1243 4765 1472 4835 egimus.
1950 4810 1955 4816 .

474 4865 596 4921 Alia
620 4862 1019 4933 subsequuntur
1042 4855 1440 4929 Martyrologia,
1459 4864 1516 4912 et
1534 4853 1854 4911 Calendaria
1876 4851 1996 4910 edi-

400 4973 482 5029 ta,
506 4971 561 5016 et
590 4974 693 5015 ms.
720 4958 1046 5013 Cassinense
1073 4952 1274 5009 editum
1296 4993 1310 5017 ,
1343 4959 1473 5007 tom.
1507 4966 1579 5007 vn
1624 4950 1822 5006 Rerum
1846 4949 2000 5005 Italia

400 5071 585 5111 caram
609 5095 624 5119 ,
670 5044 950 5126 pag—956,
980 5049 1036 5105 in
1061 5062 1167 5121 quo
1187 5062 1355 5101 mense
1380 5046 1533 5119 aprili
1558 5045 1697 5101 Zeno
1747 5065 1765 5097 ι
1798 5054 2001 5116 marty-

400 5149 492 5205 rio
516 5156 811 5204 coronatus
842 5144 1057 5200 dicitur.
1090 5160 1109 5195 ι
1141 5140 1376 5197 Joannes
1404 5138 1998 5211 praesbyterVeronen-

400 5245 506 5309 sis,
529 5243 583 5297 in
606 5240 843 5295 Historia
882 5233 1142 5307 imperiali
1188 5248 1315 5298 ms.,
1344 5234 1423 5288 sic
1451 5232 1612 5287 habet
1640 5250 1653 5285 :
1689 5229 1815 5285 Post
1840 5231 2002 5287 multa

401 5332 669 5404 supplicia
696 5329 879 5401 quievit
906 5327 985 5400 (8.
1011 5321 1181 5396 Zeno)
1213 5325 1265 5377 in
1291 5321 1517 5389 Christo,
1550 5338 1587 5377 rt
1614 5321 1747 5376 Idus
1776 5323 2004 5392 Aprilis;

402 5422 635 5486 Charta,
666 5423 717 5476 in
745 5421 865 5477 vico
893 5418 1256 5489 Campellione
1276 5416 1528 5473 dioecesis
1558 5415 2000 5483 Medi’olanensis,

401 5531 559 5572 anno
584 5513 690 5570 769
720 5514 915 5584 scripta
942 5553 959 5579 ,
992 5510 1049 5567 8.
1078 5509 1344 5563 Zenonem
1393 5508 1758 5564 beatissimum
1803 5506 2001 5566 Christi

2170 4573 2484 4632 Consonant
2518 4572 2603 4631 bis
2630 4576 2966 4649 fragmentis,
3000 4595 3122 4651 quae
3148 4581 3202 4636 in
3254 4581 3455 4653 hymno
3495 4598 3700 4653 praesu-

2101 4667 2168 4723 lis
2198 4669 2372 4726 sancti
2402 4670 2655 4740 leguntur
2679 4688 2694 4724 :

2348 4790 2555 4856 Magnus
2573 4790 2769 4856 Excelsi
2789 4790 2881 4844 fuit
2905 4797 2957 4845 et
2979 4793 3238 4856 Sacerdos,

2348 4851 2535 4922 βςῇιῇ
2560 4854 2781 4922 effrenat:
2807 4862 3073 4922 penetrans
3093 4851 3324 4922 marinas,

2346 4914 2463 4967 Inde
2477 4917 2727 4985 Veronam
2746 4914 2885 4969 Deus
2898 4920 3028 4969 hunc
3048 4919 3109 4969 ad
3133 4914 3391 4985 Urbem'ji

2477 4978 2678 5031 Mittere
2700 4988 2858 5031 curat.

2171 5080 2475 5150 Consonat,
2535 5096 2590 5140 et
2624 5066 3078 5143 .Vetustissimum
3136 5102 3240 5144 ms.
3293 5089 3564 5164 Anonymi
3613 5091 3702 5165 Pi-_

2105 5175 2329 5247 pinlani.

2358 5273 2467 5348 ljon
2490 5289 2622 5348 queo
2641 5283 2771 5348 tanta
2794 5280 2940 5348 hpjus
2961 5284 3125 5334 Sancti
3147 5296 3309 5348 Opera,
3323 5296 3528 5336 narrare

2357 5338 2477 5451 gare
2500 5338 2746 5392 veniendo
2768 5357 2795 5393 a
2814 5338 2950 5407 Syria
2973 5359 3134 5410 usque
3157 5338 3205 5396 in
3228 5346 3414 5398 Italiam

2413 5402 2603 5451 irabilia
2628 5418 2717 5451 uer
2740 5407 2898 5451 insum
2923 5407 3062 5451 Deus
3083 5410 3315 5451 ostendit-

2413 5402 2603 5453 irabilia
2628 5418 2717 5467 per
2740 5402 2898 5469 ipsum
2923 5402 3067 5459 Deus'
3083 5410 3315 5460 ostendit.

2182 5507 2373 5568 Plures
2401 5511 2658 5568 Ecclesia:
2686 5512 2745 5568 8.
2791 5512 3064 5571 Zenonem
3105 5525 3379 5585 tamquam
3412 5514 3707 5584 Martyrem

404 5608 783 5666 confessorem
794 5604 1045 5678 appellat.
1076 5603 1276 5673 Martyr
1296 5602 1457 5658 etiam
1478 5603 1536 5657 8.
1561 5601 1709 5656 Zeno
1733 5600 1931 5656 dicitur
1948 5603 2006 5658 in
2109 5615 2453 5661 venerantur.
2478 5603 2537 5660 In
2564 5604 2821 5661 Patavina
2842 5605 3061 5663 ditecesi
3108 5606 3248 5661 inter
3272 5605 3406 5659 alias
3436 5603 3711 5662 Ecclesias
3781 5612 3786 5617 ‘

412 5699 795 5773 Martyrologio
824 5698 1031 5770 antiquo
1056 5712 1119 5752 ex
1146 5694 1449 5751 membranis
1478 5696 1824 5767 manuscripto
1846 5697 2007 5754 eccle-
2114 5712 2216 5755 una
2247 5709 2330 5757 est
2358 5700 2555 5760 Montis
2581 5700 2763 5761 Silicis
2793 5699 2852 5758 S.
2882 5699 3106 5759 Thom
3146 5696 3413 5771 Apostoli,
3441 5710 3499 5758 et
3521 5698 3582 5756 S.
3614 5700 3726 5761 Ze-
