4198 6160
524 300 630 357 759

1544 293 1603 350 S.
1644 289 1897 348 OPTATI
1935 284 2225 344 OPERUM
2265 283 2804 344 PROLEGOMENA.
3722 279 3822 335 160

519 417 677 472 nonis
724 414 1066 474 Confessoris
1107 410 1309 468 Christi
1368 416 1696 481 nuncupata.
1751 406 1808 461 ιη
1858 403 2113 460 Brixiana
2143 418 2192 479 Β
2216 400 2554 473 duarumque
2594 400 2787 456 harum
2829 396 3265 467 inscriptionum,
3295 400 3484 448 contra
3518 400 3596 447 tot
3637 407 3823 447 monu-

519 508 741 565 dioecesi
787 507 876 563 ubi
904 507 960 563 8.
990 505 1222 560 Zenonis
1267 503 1448 557 cultus
1487 499 1880 556 vetustissimus
1907 495 2112 561 extitit,

520 601 830 674 quindecim
867 599 1126 656 Ecclesiae
1174 597 1233 654 8.
1266 595 1476 651 Zenoni
1522 594 1718 650 dicatae
1760 597 2120 647 numerantur

518 708 744 761 quarum
775 707 966 746 novem
1017 690 1104 745 die
1147 696 1340 743 octava
1394 685 1709 742 Decembris
1752 681 2119 739 Ordinationis

516 784 735 841 Festum
767 783 948 838 ofﬁcio
969 780 1311 838 Confessoris
1334 778 1613 834 Pontiﬁcis
1637 778 1843 844 colunt,
1869 775 1963 831 sed
1987 774 2113 831 reli-

517 892 636 948 qum
669 875 809 946 prid.
845 876 923 931 ld.
960 874 1159 944 Aprilis
1186 871 1676 942 Ofﬁcio’Martyris.
1709 869 1876 925 Hallze
1907 882 2120 938 quoque

516 971 845 1026 Monasterio
869 969 1298 1040 Salisburgensis
1340 966 1593 1023 dioecesis
1632 964 1812 1019 ofﬁcio
1838 964 2116 1035 Martyris,

516 1071 569 1118 et
611 1065 662 1117 in
692 1062 855 1118 Festo
887 1063 1109 1132 Aprilis,
1144 1069 1198 1117 et
1219 1059 1310 1115 die
1336 1058 1729 1113 Translatiouis
1769 1056 1827 1113 S.
1855 1056 1998 1110 Zeno
2031 1071 2120 1110 ve-

518 1168 763 1214 neratur.
825 1155 892 1211 In
926 1159 1165 1212 universa
1215 1155 1625 1228 Congregatione
1675 1151 1870 1206 Montis
1922 1148 2123 1203 Cassini

516 1256 628 1324 ejus
661 1251 846 1305 Sancti
873 1248 1155 1323 (Zenonis)
1197 1248 1496 1301 memoriam
1540 1254 1802 1318 peractam
1845 1242 2123 1297 didicimus

514 1360 581 1400 ea:
637 1342 972 1407 Calendario,
1032 1342 1172 1415 quod
1211 1341 1487 1411 praeﬁxum
1516 1339 1760 1393 vidimus.
1800 1355 1819 1387 ι
1856 1335 2122 1391 Psalterio

515 1437 818 1492 Mouastico
864 1434 1080 1490 Ordinis
1122 1434 1307 1488 Sancti
1351 1430 1632 1486 Benedicti
1677 1427 2122 1499 Congregationis

514 1529 857 1585 Cassinensis
884 1528 941 1585 8.
971 1528 1202 1585 Justinte
1249 1527 1317 1581 de
1370 1525 1551 1580 Padua
1615 1543 1634 1576 ι
1702 1521 1932 1576 Venetiis
1984 1520 2121 1574 edito

513 1640 650 1677 anno
685 1622 846 1687 1606,
887 1622 939 1676 in
967 1638 1068 1692 quo
1114 1621 1354 1691 leguntur
1370 1634 1541 1673 ntense
1572 1616 1838 1671 Decembri
1868 1615 1952 1668 die
1981 1624 2123 1668 octa-

513 1732 575 1770 vo
626 1734 644 1767 ι
697 1714 995 1786 Conceptio
1045 1714 1225 1769 Beata:
1269 1712 1449 1766 Maria:
1486 1711 1723 1781 Virginis
1761 1708 1959 1779 duplex
2009 1722 2123 1760 ma-

2225 503 2404 550 menta
2451 493 2873 561 traditionesque
2901 505 3061 562 quam
3104 488 3335 559 plurium
3381 485 3611 541 aliarum
3640 484 3825 542 Eccle-

2222 587 2424 643 siarnm
2472 586 2675 640 clausis
2710 584 2878 639 etiam
2924 581 3098 639 oculis
3131 596 3237 635 non
3287 579 3585 651 agnoscat?
3632 577 3825 646 Quanti

2222 689 2350 735 sunt
2374 678 2510 743 bare,
2550 686 2612 733 ut
2641 676 2727 733 illa
2758 676 2968 748 possint
2994 673 3256 729 eludere?
3292 670 3674 728 Commentum
3704 686 3828 728 vero

2225 769 2381 838 illud,
2421 769 2565 842 quod
2611 785 2644 825 e
2692 769 2942 833 cerebro,
2976 766 3193 837 propria
3238 764 3497 835 opinione
3540 763 3823 830 obdurato,

2223 861 2566 917 solummodo
2614 861 2868 924 emersit,
2916 874 3114 929 nempe
3158 856 3498 926 Antiphontis
3537 864 3591 910 et
3656 855 3832 910 Evan-

2222 953 2363 1024 gelia
2395 967 2496 1023 pro
2542 951 2866 1023 Martyribus
2917 962 3157 1020 tempore
3203 946 3470 1012 Pascitali,
3521 946 3828 1003 communia

2223 1058 2345 1100 esse
2370 1043 2534 1100 etiam
2564 1041 2875 1098 Confessori
2919 1041 3189 1107 Pontiﬁci,
3217 1041 3339 1111 quis
3368 1054 3474 1094 non
3504 1037 3721 1095 rideat!

2868 1153 3203 1211 JUDlClUM.

2296 1251 2480 1307 Sancti
2510 1250 2745 1308 Zenonis
2771 1249 3088 1322 martyrium
3128 1247 3185 1304 8.
3217 1246 3463 1318 Gregorii
3502 1247 3675 1318 Magni
3701 1260 3832 1303 auc-

2225 1344 2443 1400 toritate
2488 1344 2799 1413 probatum,
2850 1343 2936 1398 cui
2988 1341 3247 1397 Ecclesia:
3302 1339 3651 1407 Veronensis,
3705 1341 3835 1394 alia-

2224 1452 2450 1508 rumque
2483 1437 2846 1493 Ecclesiarnm
2898 1436 3137 1501 traditio,
3180 1444 3236 1489 et
3262 1434 3527 1489 unanimis
3570 1434 3835 1490 celebrio-

2226 1547 2345 1586 rum
2375 1541 2657 1585 auctorum
2683 1572 2698 1597 ,
2738 1545 2803 1587 ac
2848 1538 3094 1585 veterum
3138 1527 3411 1593 codicum,
3440 1529 3837 1598 manuscripto-

2224 1638 2451 1693 rumque
2477 1637 2777 1679 consensus
2825 1622 3005 1693 palam
3035 1622 3148 1677 suis
3195 1621 3249 1676 in
3295 1622 3510 1691 scriptis
3540 1636 3834 1692 expressus

2224 1714 2567 1786 suffragatur,
2599 1717 2650 1770 in
2680 1715 2902 1771 dubium
2935 1729 3194 1770 revocare
3225 1728 3331 1768 non
3381 1721 3630 1782 possunt.
3680 1713 3831 1768 Con-

508 1809 959 1879 jus,otZenonis
978 1805 1587 1881 Episcopi,etMartyris
1609 1803 2112 1861 commemoratio.)
2149 1805 2450 1864 Bfessoris
2504 1809 2690 1864 titulus
2743 1807 2796 1862 in
2853 1807 3020 1863 Festo
3065 1805 3439 1861 Ordinationis
3510 1805 3569 1862 8.
3629 1787 3836 1862 Zenoni

585 1905 713 1960 Hcce
740 1903 1038 1969 sufﬁciant,
1063 1903 1280 1956 omissis
1301 1901 1423 1955 aliis
1452 1915 1573 1969 qum
1586 1897 1766 1953 afferri
1805 1904 2044 1966 possent,
2067 1904 2124 1950 et

511 2013 635 2068 qua:
691 1998 746 2051 in
803 1998 905 2051 hac
949 1993 1345 2051 Dissertatione
1382 1990 1957 2055 commemoravimus,
1990 1982 2123 2042 saﬁs

511 2090 655 2144 enim
686 2103 810 2144 esse
837 2086 1095 2144 videntur
1110 2085 1177 2141 ad
1198 2084 1519 2157 martyrium
1539 2083 1599 2140 8.
1624 2081 1861 2138 Zenonis
1888 2080 2122 2151 proban-

513 2183 665 2238 dum.

582 2275 719 2344 Quid
751 2261 955 2331 etenim
983 2281 1171 2330 contra
1204 2272 1320 2327 haec
1373 2268 1606 2326 afferunt
1647 2268 1685 2323 ii
1721 2266 1815 2343 qui
1861 2265 2122 2322 adversus

510 2368 572 2425 8.
598 2367 833 2423 Zenonis
856 2366 1173 2437 martyrium
1201 2362 1518 2433 opinantur?
1544 2361 1830 2417 Extortum
1859 2368 1911 2414 et
1938 2358 2121 2413 incer-

510 2472 625 2518 tum
652 2462 712 2517 8.
761 2460 1036 2516 Ambrosii
1066 2469 1319 2514 textum:
1366 2454 1764 2512 emendicatum
1820 2461 1877 2508 et
1921 2453 2123 2523 impro-

508 2554 745 2611 babilem
771 2553 827 2608 in
855 2554 915 2609 8.
947 2550 1268 2621 Gregorium
1312 2548 1593 2605 memoriae
1623 2548 1833 2617 lapsum
1862 2564 1875 2601 :
1911 2546 2119 2616 impru-

509 2645 728 2703 dentem
772 2646 827 2700 in
858 2643 1193 2700 clarissimos
1222 2651 1475 2697 auctores
1504 2638 1906 2695 credulitatem.
1959 2637 2118 2692 Plura

509 2753 642 2795 mss.
692 2753 813 2809 quae
849 2737 899 2792 in
948 2735 1111 2792 Festo
1139 2733 1510 2791 Ordinationis
1562 2732 1620 2789 S.
1672 2730 1911 2786 Zenonis
1943 2730 2117 2800 ipsum

509 2830 892 2887 Confessorem
946 2830 1153 2894 dicunt,
1214 2837 1325 2882 tum
1373 2842 1496 2882 cum
1543 2824 1728 2881 ofﬁcio
1775 2816 2118 2879 ConfeSStiris

506 2922 789 2980 Pontiﬁcis
811 2924 993 2993 peragi
1020 2921 1242 2977 Festum
1263 2920 1544 2975 debuerat.
1576 2918 1750 2987 Quam
1782 2933 1912 2974 vero
1943 2918 2119 2988 impu-

508 3015 704 3070 denter
726 3014 1011 3069 asserant!
1044 3011 1156 3067 Nec
1177 3011 1486 3067 Calendaria
1506 3011 1612 3065 sive
1639 3020 1841 3074 nostra,
1868 3010 1973 3065 sive
1990 3009 2116 3064 alie-

507 3126 643 3164 na...
701 3108 989 3180 Martyrem
1040 3107 1189 3162 illum
1241 3115 1446 3171 vocant,
1500 3106 1590 3159 sed
1632 3105 1743 3160 solo
1794 3101 2115 3177 Confessoris

510 3202 662 3257 titulo
700 3202 1020 3272 insigniunt,
1061 3216 1128 3255 ex
1176 3199 1281 3265 ltis,
1313 3214 1437 3267 quae
1479 3214 1603 3254 mox
1634 3200 1918 3255 retulimus
1957 3214 2116 3267 mss.,

506 3302 564 3349 et
614 3293 1037 3364 Martyrologiis,
1087 3290 1635 3362 atquetialendariis
1674 3290 1955 3346 evidenter
1982 3305 2115 3345 con-

507 3392 637 3439 stat.
666 3382 916 3438 Afferunt
955 3391 1010 3438 et
1049 3382 1460 3455 inscriptionem
1490 3381 1760 3455 lapideam
1794 3382 1848 3437 in
1885 3380 2116 3437 ecclesia

508 3474 568 3531 8.
603 3473 823 3544 Georgii
853 3473 1109 3537 Veronte.
1162 3452 1306 3529 nunc
1342 3473 1400 3531 8.
1450 3452 1693 3536 Ηθιιιιιωξ
1728 3473 1780 3527 in
1824 3488 1927 3543 qua
1958 3488 2114 3528 error

502 3567 794 3624 manifesto
821 3566 1270 3639 deprehenditur,
1302 3577 1355 3622 et
1380 3568 1589 3623 falsitas
1612 3567 2034 3623 demonstratur.

576 3659 753 3717 Unam
779 3661 1081 3717 Ecclesiam
1124 3661 1321 3717 habent
1348 3659 1405 3716 8.
1439 3660 1676 3716 Zenonis
1716 3660 1785 3714 de
1818 3658 2024 3715 liuvico
2054 3660 2106 3715 in

502 3753 783 3810 Tarvisina
834 3754 1087 3821 dimcesi,
1133 3754 1443 3826 qum/prid.
1492 3754 1573 3809 Id.
1627 3751 1849 3824 Aprilis,
1893 3752 2120 3824 quando,

506 3847 754 3919 martyrii
777 3846 997 3903 Festum
1017 3849 1346 3911 celebratur,
1364 3847 1566 3914 ofﬁcio,
1592 3845 1930 3903 Confessoris
1963 3847 2109 3902 Pon-

504 3938 668 3994 tiﬁcis
724 3942 1047 3996 memoriam
1102 3942 1312 3996 recolat
1357 3941 1415 3996 8.
1470 3941 1744 4007 Zenonis;
1775 3940 2111 4011 alteramque

503 4034 916 4103 inscriptionem
950 4036 1000 4089 in
1030 4034 1267 4089 Ecclesia
1314 4032 1506 4088 Montis
1536 4035 1695 4088 Αρινεὶ
1725 4032 1968 4089 Diwcesis
2001 4034 2101 4090 Ve-

501 4128 756 4193 ronensis,
788 4143 943 4199 quant
971 4127 1201 4181 nondum
1229 4126 1475 4180 hactenus
1503 4124 1717 4190 editam,
1746 4136 1797 4180 et
1823 4143 1854 4179 a
1895 4125 1963 4181 P.
2005 4123 2101 4180 Jo-

498 4219 660 4290 seplto
702 4218 1009 4273 Blanchinio
1032 4219 1158 4272 olim
1178 4217 1452 4287 diligenter
1475 4217 1784 4290 exscriptam
1831 4218 1893 4273 D.
1927 4217 2104 4275 Balle-

501 4311 626 4366 rinii
657 4311 967 4377 ediderunt,
995 4319 1050 4365 et
1080 4311 1132 4365 in
1162 4325 1226 4366 ea
1258 4309 1316 4366 8.
1344 4310 1488 4366 Zeno
1506 4310 1799 4368 Confessor
1827 4313 2102 4370 scribitur.

499 4404 633 4474 Quis
658 4408 841 4475 itaque
864 4420 1108 4461 errorem
1138 4404 1398 4460 Ecclesiae
1418 4404 1475 4461 S.
1511 4405 1745 4462 Zenonis
1767 4406 1837 4464 de
1867 4408 2102 4473 Ruvico,

1142 4507 1336 4514 ~—-——~

2226 1900 2555 1972 adscriptus,
2584 1900 2933 1969 ofﬁciumque
2961 1898 3154 1956 eodem
3184 1899 3273 1954 die
3301 1899 3463 1954 Festo
3505 1898 3575 1954 de
3603 1898 3836 1954 Confes-

2228 2010 2358 2051 sore
2387 1994 2649 2051 Pontilice
2692 1994 3054 2058 celebratum,
3088 1992 3234 2063 quod
3285 1991 3670 2048 Ecclesiastico
3710 1993 3837 2046 ritui

2224 2087 2509 2143 conforme
2532 2096 2648 2152 est;
2683 2100 2863 2158 neque
2903 2101 3006 2142 una
3030 2085 3271 2141 Ecclesia
3312 2084 3367 2139 in
3395 2083 3677 2139 Tarvisina
3701 2083 3836 2138 diu»

2224 2182 2358 2249 cesi,
2383 2197 2504 2260 qua:
2546 2180 2723 2252 pridie
2755 2181 2879 2237 ldus
2916 2180 3117 2251 Aprilis
3156 2179 3377 2235 Festum
3410 2179 3479 2235 tle
3505 2178 3837 2235 Confessme

2225 2272 2489 2329 Pontiﬁce
2516 2273 2788 2340 celebrat,
2833 2272 3050 2344 quando
3080 2272 3340 2328 memoria
3371 2272 3614 2344 martyrii
3643 2270 3701 2327 S.
3727 2270 3835 2326 Ze-

2226 2368 2382 2423 nonis
2413 2368 2691 2435 recolitur,
2713 2377 2791 2423 tot
2816 2366 2939 2422 aliis
2970 2367 3252 2433 Ecclesiis,
3281 2382 3403 2437 quin
3432 2366 3624 2422 eodem
3649 2364 3741 2420 die
3768 2365 3834 2419 de

2224 2459 2463 2532 Martyre
2492 2458 2754 2516 Pontiﬁce
2778 2457 2999 2515 Festum
3027 2468 3216 2529 agunt,
3237 2467 3562 2527 argumento
3592 2472 3716 2513 esse
3751 2471 3835 2526 po.

2227 2561 2363 2620 test,
2397 2554 2455 2608 S.
2486 2552 2762 2609 Zenonem
2794 2554 2935 2607 inter
2970 2551 3347 2619 Confessores,
3378 2567 3486 2607 non
3530 2550 3675 2605 inter
3698 2548 3841 2604 Mar-

2224 2654 2372 2717 tyres
2402 2645 2746 2703 reccnsendi.
2798 2644 3031 2700 Evidens
3060 2660 3295 2715 namque
3339 2653 3424 2699 est
3453 2643 3745 2699 Festorum
3777 2639 3833 2698 8.

2223 2737 2457 2794 Zenonis
2505 2737 2819 2803 distinctio;
2894 2751 3016 2792 nam
3071 2750 3261 2792 omnes
3306 2736 3431 2791 alia:
3484 2733 3749 2791 Ecclesia:
3786 2748 3838 2789 vr

2222 2828 2347 2883 ldus
2395 2829 2708 2885 Decembris
2737 2826 3144 2883 Ordinationem
3176 2825 3237 2883 8.
3287 2825 3523 2881 Zenonis
3551 2825 3865 2882 celebrant-

2222 2919 2400 2975 ofﬁcio
2420 2916 2761 2974 Confessoris
2784 2917 3062 2973 Pontiﬁcis
3096 2934 3109 2970 :
3145 2915 3319 2987 pridie
3349 2932 3479 2971 vero
3508 2916 3637 2971 ldus
3668 2916 3836 2986 Apri-

2221 3011 2287 3068 lis
2315 3010 2561 3085 Martyrii
2587 3012 2900 3066 memoriam
2929 3019 3095 3081 agunt
3115 3009 3295 3066 ofﬁcio
3327 3010 3581 3082 Martyris
3609 3010 3839 3065 Pontiﬁ-

2220 3107 2320 3162 cis.
2367 3106 2708 3176 Quapropter
2751 3104 2797 3159 si
2867 3104 2920 3159 in
2970 3103 3152 3178 aliquo
3200 3102 3582 3175 Martyrologio
3638 3106 3835 3160 eodem

2145 3185 2191 3248 C
2224 3197 2387 3252 Festo
2429 3198 2630 3268 Aprilis
2659 3197 2715 3252 S.
2744 3196 2888 3250 Zeno
2920 3194 3216 3251 Confessor
3246 3204 3609 3265 nuncupatur,
3644 3209 3837 3251 errore

2226 3290 2279 3344 id
2311 3289 2510 3345 factum
2544 3289 2709 3345 fuisse
2737 3298 2949 3344 constat
2975 3297 3165 3343 contra
3201 3296 3277 3342 tot
3307 3287 3599 3358 insignium
3635 3291 3835 3343 Aucto-

2219 3396 2340 3436 rum
2365 3382 2714 3449 sententiam,
2746 3380 3172 3437 vetustissimam
3199 3378 3458 3435 Codicum
3480 3384 3833 3450 antiquorum

2218 3475 2526 3542 veritatem,
2574 3483 2738 3545 atque
2796 3472 3125 3529 Veronensis
3179 3472 3437 3528 Ecclesia:
3490 3473 3838 3543 aliarumque

2215 3569 2581 3623 traditionem.
2609 3566 2795 3637 itaque
2822 3580 2943 3622 cum
2975 3564 3232 3621 Summus
3261 3554 3511 3620 Pontifex
3566 3564 3761 3620 Sixtns
3792 3562 3834 3618 V

2214 3673 2407 3719 exacte
2428 3662 2529 3717 hac
2547 3676 2706 3717 causa
2729 3659 2972 3716 discussa
2993 3659 3257 3729 judicium
3284 3673 3442 3713 suum
3467 3658 3679 3726 tulerit,
3702 3667 3763 3714 ut
3781 3659 3834 3713 in

2213 3774 2315 3815 suo
2364 3758 2522 3814 Brevi
2552 3757 2651 3812 sub
2676 3756 2765 3811 die
2792 3755 2862 3810 26
2908 3754 3228 3810 Novembris
3260 3753 3424 3819 1588,
3468 3754 3830 3824 praecipiens,

2212 3860 2274 3907 ut
2296 3848 2577 3906 Ordinatio
2602 3852 2661 3909 S.
2687 3846 2923 3903 Zenonis
2943 3845 3127 3902 ofﬁcio
3153 3843 3499 3901 Confessoris
3523 3845 3832 3911 Pontiﬁcis,

2212 3943 2455 4015 Martyrii
2504 3955 2637 3997 vero
2664 3955 2728 3996 ac
2755 3940 3146 3996 Translationis
3171 3937 3326 3995 Festa
3355 3937 3540 4007 ofﬁcio
3568 3937 3832 4010 Martyris

2213 4035 2492 4092 Pontificis
2504 4033 2930 4099 celebrarentur,
2946 4032 3205 4104 judicium
3219 4031 3322 4087 ltoc
3338 4032 3570 4103 quisque
3583 4045 3832 4087 exoscu-

2212 4128 2312 4183 lari
2346 4127 2524 4195 debet,
2554 4138 2905 4197 sanctumque
2923 4124 3193 4180 Zenonem
3223 4140 3408 4180 verum
3424 4123 3723 4195 Martyrem
3743 4140 3834 4178 ve-

2214 4221 2392 4276 nerari
2403 4262 2417 4288 ,
2440 4220 2495 4276 in
2521 4230 2797 4291 posterum
2812 4220 2879 4275 ab
2894 4218 3041 4274 omni
3061 4218 3453 4288 disceptatione
3472 4216 3829 4273 abstinendo.

2212 4312 2354 4368 Laus
2399 4313 2538 4380 Deo,
2595 4311 2939 4383 Deiparwque
2988 4310 3224 4383 Virgini,
3268 4327 3328 4365 ac
3370 4309 3568 4365 Sancto
3619 4309 3833 4365 Zenoni

2450 4405 2673 4477 Martyri
2694 4445 2710 4473 ,
2736 4405 2997 4477 Episwpo
3027 4404 3329 4458 Veronensi.
3397 4402 3581 4457 Amen.

1846 4508 2590 4521 -οα-ιι-ο-ε-ρ-οε-ν-’σ-η
2596 4506 3780 4521 'r,?.-__*W
2782 4506 3186 4521 _~

1603 4627 1774 4673 ANNO
1816 4629 2053 4675 DOMINI
2097 4628 2726 4693 ρεοιιι-οοαιχιιν.

713 4715 2061 4916 ‘SANCTUS

2233 4750 3487 4971 0PTATUS

1354 5012 2003 5101 EPISCOPUS
2077 5013 2922 5100 MILEVITANUS.

1758 5171 2536 5302 PROLEGOMENA.

1735 5442 1781 5510 ι
1843 5442 2448 5522 PREFATIO.

1639 5574 1912 5647 (Auctore
1959 5571 2161 5629 Ladae.
2223 5572 2326 5631 Ell.
2362 5576 2447 5633 Du
2499 5577 2668 5650 Pin.)

562 5671 904 5729 Praefationis
942 5668 1104 5736 hujus
1123 5676 1235 5726 tres
1269 5674 1641 5737 ernutpartes.
1666 5666 1866 5735 Prima,
1883 5667 1951 5723 de
1971 5664 2087 5721 Vita

2199 5684 2345 5736 rum,
2374 5671 2712 5741 aliorumque
2743 5682 3217 5731 monumentorum
3247 5675 3316 5732 ad
3349 5674 3664 5732 Donatistas
3686 5690 3817 5749 per-

483 5765 695 5835 Optati;
748 5762 941 5829 altera,
979 5760 1049 5817 de
1080 5759 1233 5820 libris
1262 5759 1413 5830 ejus:
1456 5762 1642 5827 tertia,
1677 5760 1745 5820 de
1784 5776 1922 5821 nova
1966 5759 2089 5818 illo.
2115 5741 2173 5806 D
2198 5763 2485 5821 tinentium
2511 5766 2775 5825 editione.
