4198 6160
354 219 453 279 Ἷϐί
1651 227 1954 285 ΡΒΛΕΡΑἸ

2078 229 2364 288 DUPlNll.

822 340 857 396 Ι.
893 371 966 382 -
995 358 1062 398 os
1092 358 1220 399 vnn
1252 358 1475 403 0PTA’I‘I.

426 435 642 507 Optatus
662 434 788 507 Afer
813 444 865 491 et
896 434 1238 491 Milevitanus
1258 440 1561 510 episcopus.
1597 439 1833 509 Quando
1855 440 1989 493 scri-

349 532 523 604 pserit.
572 530 848 601 Quousque
881 530 1070 585 vixerit
1102 530 1356 603 Optatus.
1402 533 1574 601 Quam
1607 534 1853 589 laudata:
1879 548 1990 588 me-

350 624 544 679 moriae.
592 621 742 679 Unde
769 638 956 677 nomen
990 623 1111 693 ejus
1137 624 1191 677 in
1226 623 1679 696 Martyrologium
1709 640 1991 678 romanum

348 716 624 786 irrepserit.
663 744 733 755 -
763 713 1008 769 Primum
1064 714 1256 785 paucis
1301 716 1665 772 absolvetur:
1726 730 1856 768 nam
1901 715 1989 769 vix

349 808 634 881 quidquam
662 807 807 864 aliud
824 806 896 864 de
922 806 1128 878 Optato
1155 809 1321 866 nobis
1356 820 1719 880 compertum
1746 822 1855 875 est,
1887 810 1990 865 nisi

347 916 467 958 eum
498 901 690 959 Afrum
717 901 903 969 fuisse,
927 901 1077 973 quod
1101 911 1339 958 testatur
1369 902 1780 975 Hieronymus,
1813 912 1867 957 et
1893 902 1997 963 Mi-a

344 994 634 1051 levitanum
658 994 1000 1068 episcopum.
1026 996 1147 1064 Quo
1180 1004 1435 1065 tempore
1473 994 1745 1050 ﬂoruerit
1767 1010 1834 1050 ex
1867 994 1986 1065 ejus

344 1101 506 1158 opere
526 1088 820 1160 colligitur.
864 1087 1003 1144 Nam
1027 1088 1170 1145 libro
1202 1089 1389 1160 primo
1422 1088 1450 1162 §
1480 1090 1569 1155 l5,
1611 1088 1716 1157 ait,
1750 1098 1871 1144 ante
1892 1107 1986 1145 an-

2094 902 2260 959 libros
2285 921 2381 963 sex
2412 910 2767 969 elucubravit.
2803 916 2914 972 Scd
2955 921 3093 977 vixit
3123 940 3295 993 usque
3320 927 3385 981 ad
3426 933 3709 999 pontifica—

2092 1004 2202 1095 tum
2237 999 2414 1057 Siricii
2453 1019 2518 1060 ac
2547 1006 2841 1065 Theodosii
2882 1012 3199 1083 imperium,
3235 1034 3342 1090 quo
3370 1031 3615 1095 tempore
3643 1029 3706 1084 li-

2090 1089 2216 1147 bros
2243 1107 2374 1150 suos
2400 1101 2710 1165 recensuit,
2746 1116 2921 1174 eaque
2951 1108 3100 1164 forte
3128 1089 3498 1172 additamenta
3522 1120 3707 1177 conle-

346 1197 437 1237 που
457 1183 728 1255 sexaginta
754 1193 801 1237 et
823 1184 965 1254 quod
986 1183 1224 1239 excurrit
1262 1199 1361 1253 per
1389 1192 1553 1238 totam
1580 1180 1833 1239 Africam
1863 1200 1985 1257 ρεπυ-
2085 1181 2160 1237 cit
2189 1199 2310 1256 qua:
2338 1188 2479 1244 libro
2500 1191 2733 1262 septimo
2774 1197 3155 1269 continentur,
3198 1203 3267 1258 de
3305 1207 3501 1274 quibus
3542 1213 3703 1270 modo

347 1277 644 1332 secutiouis
668 1287 1045 1348 tempestatem
1091 1291 1217 1332 esse
1269 1277 1616 1349 divagatam,
1659 1279 1977 1338 Diocletiani

348 1382 531 1424 autem
561 1370 893 1439 persecutio,
926 1368 996 1424 de
1016 1384 1120 1439 qua
1154 1368 1251 1423 hic
1284 1372 1471 1440 procul
1502 1370 1679 1425 dubio
1713 1373 1969 1443 loquitur,

349 1461 549 1531 incepit
589 1476 619 1514 a
651 1476 838 1515 mense
868 1460 1138 1516 februariu
1168 1461 1310 1516 anni
1338 1477 1464 1517 terte
1495 1462 1742 1533 vulgaris
1763 1465 1888 1532 505,
1918 1476 1973 1522 et

349 1554 510 1610 desiit
555 1555 609 1610 in
639 1554 934 1610 Occidente
978 1570 1123 1610 anno
1154 1555 1293 1620 505,
1338 1570 1403 1610 ex
1437 1571 1542 1627 quo
1571 1556 1809 1613 infertur
1837 1559 1972 1614 scri-

348 1646 527 1717 psisse
555 1645 806 1716 Optatqu
831 1656 953 1718 post
976 1661 1182 1702 annum
1210 1646 1346 1708 365,
1365 1658 1420 1703 et
1446 1649 1594 1705 circa
1622 1666 1822 1706 annum
1839 1653 1964 1718 370,

2083 1275 2350 1337 dicemus.
2396 1281 2513 1350 Quo
2541 1300 2689 1339 anno
2716 1285 2861 1342 diem
2886 1302 3199 1350 extremum
3235 1297 3492 1358 clauserit
3528 1304 3705 1361 incer-

2081 1379 2192 1473 tum
2224 1384 2328 1429 est.
2359 1375 2506 1433 Illius
2538 1388 2724 1434 tamen
2750 1387 3015 1440 memoria
3039 1387 3112 1442 ob
3144 1389 3441 1450 Eeelesiam
3485 1403 3701 1473 egregie

2077 1464 2360 1523 defensam
2402 1473 2454 1526 in
2504 1473 2719 1529 honore
2757 1488 2979 1545 semper
3034 1479 3134 1536 fuit
3160 1487 3301 1557 apud
3338 1464 3694 1551 Christianos.

2078 1559 2232 1616 Hunc
2291 1565 2626 1635 Augustinus
2684 1571 3023 1626 venerabilis
3084 1581 3361 1636 memoria:
3415 1585 3696 1643 catholicae

2073 1658 2475 1712 communionis
2503 1659 2823 1729 episcopum
2847 1675 3034 1731 Vocat,
3056 1675 3113 1720 et
3139 1669 3298 1741 hujus
3328 1676 3693 1735 testimonium

349 1738 489 1793 libro
519 1738 758 1809 ejusdem
784 1740 971 1810 operis
996 1750 1193 1809 quarto
1228 1737 1521 1793 Photinum
1545 1744 1815 1810 prtesentis
1841 1753 1969 1798 tem-
1997 1744 2043 1804 B
2072 1743 2446 1803 Ambrosiauo
2494 1764 2824 1819 comparare
2864 1766 2976 1807 non
3006 1737 3248 1816 veretur.
3282 1760 3464 1820 Sancti
3499 1784 3693 1825 ηοηιεη

352 1833 494 1902 poris
531 1833 826 1888 ltwreticum
871 1844 1055 1898 vocat;
1106 1832 1311 1903 quibus
1342 1834 1521 1889 verbis
1567 1850 1692 1890 eum
1728 1838 1780 1892 in
1828 1838 1968 1893 vivis

350 1925 702 1995 superstitem
734 1926 912 1981 adhuc
935 1926 1103 1982 fuisse
1135 1926 1381 1981 indicare
1404 1927 1643 1986 videtur.
1682 1930 1789 1987 Sed
1825 1931 1969 1987 Pho-

352 2018 500 2074 tinus
531 2033 563 2074 e
590 2017 770 2075 medio
794 2018 1042 2074 sublatus
1063 2028 1151 2074 est
1174 2033 1318 2073 anno
1340 2019 1468 2088 376,
1503 2032 1561 2075 ut
1585 2020 1750 2079 docet
1776 2023 1969 2079 Hiero-

351 2112 505 2184 nymi
553 2110 884 2167 Cbronicon.
929 2111 1024 2166 His
1082 2111 1297 2167 accedit
1347 2113 1719 2170 testimonium
1778 2117 1969 2174 Hiero-

350 2209 500 2283 nymi
547 2209 840 2265 scribentis
865 2251 881 2276 ,
920 2207 1174 2281 Optatum
1217 2208 1320 2263 sub
1351 2209 1737 2267 Valentiniano
1775 2224 1828 2270 et
1860 2214 1967 2271 Va-

348 2301 497 2358 lente
526 2300 861 2372 principibus
893 2303 1197 2372 scripsisse,
1234 2316 1295 2355 ac
1329 2302 1555 2371 proinde
1584 2303 1729 2360 inter
1761 2322 1962 2361 annum

348 2397 476 2465 572,
500 2412 612 2467 quo
643 2395 1048 2451 Valentinianus
1080 2396 1329 2463 proximo
1354 2406 1473 2464 post
1496 2395 1839 2455 bissextilem
1872 2402 1962 2457 die

344 2490 652 2560 imperator
690 2488 895 2544 electus
932 2495 1034 2552 est,
1082 2498 1136 2543 et
1166 2487 1296 2555 575,
1344 2503 1451 2558 quo
1493 2488 1638 2544 idem
1678 2495 1963 2563 apoplexia

343 2591 637 2651 correptus
687 2580 889 2636 interiit
939 2596 1008 2634 xv
1035 2578 1256 2636 kalend.
1298 2581 1565 2649 septemb.
1619 2582 1673 2637 in
1726 2583 1963 2642 Castello

346 2674 675 2748 misiliam,
708 2681 767 2728 ut
794 2682 1025 2730 testatur
1070 2673 1287 2728 ldatius.
1325 2674 1497 2729 Unum
1528 2686 1614 2730 est
1649 2679 1794 2748 quod
1838 2695 1960 2736 cum

344 2769 449 2825 hac
473 2766 685 2839 epoclia
725 2780 1025 2837 congruere
1060 2766 1145 2820 vix
1193 2766 1395 2833 possit;
1429 2766 1609 2822 Siricii
1644 2785 1842 2843 nempe
1866 2789 1962 2830 uo-

342 2880 495 2930 men,
547 2859 694 2933 quod
741 2861 793 2914 in
845 2859 1089 2930 catalogo
1147 2860 1517 2915 Romanorum
1574 2864 1958 2937 episcoporum

339 2976 504 3033 quem
537 2959 715 3015 texuit
757 2956 985 3026 Optatus
1010 2957 1103 3012 lib.
1132 2974 1191 3026 u,
1235 2958 1343 3029 δῖ»,
1379 2961 1648 3029 reperitur
1684 2974 1808 3035 post
1858 2968 1960 3022 Da-

341 3069 582 3109 masum.
617 3050 750 3105 Nam
783 3065 904 3105 cum
936 3048 1164 3108 Siricius
1203 3052 1270 3106 ad
1302 3053 1485 3107 sedem
1521 3054 1819 3113 Romanam
1850 3077 1956 3116 non

2065 1835 2178 1906 jam
2206 1838 2276 1892 ab
2295 1839 2448 1895 initio
2471 1841 2613 1897 sexti
2642 1849 2770 1912 post
2796 1841 3077 1902 Christum
3103 1853 3287 1908 smculi
3310 1858 3409 1927 ipsi
3435 1859 3693 1917 tributum

2071 1927 2272 1998 legitur
2292 1932 2359 1987 ab
2381 1933 2597 1988 eximize
2626 1933 2936 1990 sanctitatis
2973 1950 3032 1995 et
3057 1945 3383 2002 eruditionis
3416 1951 3532 2007 viro
3564 1953 3694 2010 Ful-

2068 2023 2253 2089 gentio
2286 2023 2556 2096 Ruspeusi
2585 2025 2869 2095 episc0po,
2901 2031 2995 2099 qui
3039 2037 3212 2092 sancti
3243 2037 3422 2110 Optati
3456 2047 3693 2102 auctori-

2072 2122 2262 2181 tatem,
2288 2121 2458 2175 sancti
2486 2120 2762 2174 Ambrosii
2785 2127 2841 2175 et
2862 2127 3036 2181 sancti
3055 2127 3340 2201 Augustini
3366 2137 3689 2195 testimoniis

2070 2207 2331 2282 adjungit.
2354 2213 2410 2268 In
2434 2212 2815 2284 Martyrologio
2844 2216 2896 2287 2
2940 2216 3187 2277 Romano
3202 2224 3268 2278 ad
3295 2225 3437 2283 diem
3485 2231 3520 2285 4
3547 2231 3687 2300 juuii

2069 2301 2374 2374 adscriptas
2409 2316 2493 2361 est
2522 2322 2553 2361 a
2580 2306 2816 2361 Baronio
2858 2308 3003 2366 inter
3031 2326 3250 2372 sanctos
3279 2317 3508 2389 Optatos
3535 2323 3686 2379 Mile-

2069 2397 2306 2463 vitauus,
2339 2401 2493 2470 cujus
2531 2415 2730 2455 nomen
2771 2401 2822 2455 in
2857 2404 3005 2457 nullo
3046 2408 3152 2462 alio
3190 2410 3576 2486 Martyrologio
3606 2418 3683 2472 Ie-

2066 2502 2199 2556 gcre
2244 2498 2346 2556 est,
2398 2493 2499 2545 nisi
2545 2489 2597 2545 in
2641 2493 2889 2561 catalogo
2931 2494 3075 2553 Petri
3124 2499 3193 2555 de
3230 2501 3536 2572 Natalibus,
3584 2510 3677 2578 qui

2066 2580 2321 2649 Optatum
2356 2584 2718 2640 Antissindori
2750 2586 3088 2658 episc0pum,
3120 2593 3276 2664 cujus
3306 2597 3503 2653 natalis
3534 2600 3677 2655 cele-

2068 2671 2256 2728 bratur
2281 2675 2346 2731 ad
2372 2676 2513 2733 dietn
2540 2678 2601 2732 51
2628 2675 2876 2748 Augusti,
2903 2682 3106 2749 putavit
3130 2684 3378 2740 eumdem
3401 2703 3525 2744 esse
3546 2705 3669 2744 cum

2065 2769 2260 2841 Optato
2284 2773 2614 2843 Milevitauo,
2639 2791 2807 2845 eaque
2824 2775 2912 2831 die
2936 2780 3258 2835 memoriam
3284 2780 3455 2850 ipsius
3475 2783 3670 2840 factam

2063 2866 2318 2924 credidit.
2360 2870 2527 2939 Cujus
2557 2885 2799 2927 errorem
2832 2887 3139 2943 agnoscens
3184 2875 3470 2943 Baronius,
3503 2877 3669 2949 Opta-

2064 2968 2175 3015 tum
2206 2963 2737 3021 Antissiodorensem
2764 2965 2829 3020 ad
2861 2966 3005 3021 diem
3034 2969 3095 3023 5|
3134 2971 3358 3039 Augusti
3393 2972 3662 3035 restituit;

2063 3050 2156 3105 sed
2182 3053 2427 3123 religioni
2455 3055 2659 3111 ducens
2686 3055 2940 3126 Optatum
2970 3070 3238 3127 nostrum,
3270 3061 3356 3116 cui
3385 3062 3560 3117 locum
3583 3064 3667 3119 iu-

340 3147 507 3203 fuerit
532 3154 757 3204 evectus
822 3156 951 3204 ante
997 3162 1195 3201 annum
1237 3144 1343 3200 584
1378 3146 1583 3215 aliquot
1631 3154 1787 3205 annis
1832 3165 1955 3223 post
1983 3130 2028 3193 Ο
2063 3152 2145 3199 ter
2184 3156 2401 3203 sanctos
2430 3149 2482 3204 iu
2516 3149 2900 3222 Martyrologio
2934 3152 3124 3208 Petrus
3162 3154 3229 3209 de
3257 3155 3538 3212 Natalibus
3566 3160 3661 3215 de-

341 3253 581 3301 mortem
629 3243 993 3300 Valentiniani
1025 3254 1078 3298 ct
1102 3242 1346 3298 Valentis
1384 3250 1433 3296 et
1466 3244 1740 3312 octoginta
1768 3263 1794 3298 a
1828 3263 1953 3318 per-

340 3336 627 3391 secutione
650 3336 1038 3413 Diocletianea,
1082 3350 1188 3389 non
1213 3332 1385 3403 potuit
1413 3333 1555 3388 circa
1585 3350 1788 3391 annum
1820 3337 1947 3404 570,

343 3428 570 3484 vivente
599 3427 985 3485 Valentiniano
1032 3427 1260 3498 Optatus
1290 3425 1544 3479 Siricium
1573 3428 1714 3484 inter
1737 3430 1950 3499 episco-

342 3537 442 3595 pos
486 3522 766 3578 Romanos
806 3536 1114 3587 recensere,
1148 3535 1210 3575 ac
1237 3519 1476 3574 scribere
1521 3519 1666 3576 hunc
1710 3538 1833 3580 esse
1859 3540 1950 3582 so-

341 3616 487 3671 cium
518 3630 677 3670 suum
708 3623 988 3684 totumque
1010 3613 1198 3668 orbem
1231 3612 1330 3667 sibi
1361 3627 1454 3680 per
1469 3628 1591 3667 eum
1618 3618 1947 3673 commercio

342 3708 701 3766 [armatarum
743 3708 795 3763 in
831 3724 992 3763 uuam
1025 3707 1423 3763 communionis
1462 3708 1777 3765 societatem
1815 3727 1948 3767 con-

342 3802 590 3857 cordare.
635 3799 743 3856 Sed
789 3799 965 3855 nodus
1006 3798 1096 3854 ille
1122 3798 1275 3854 facile
1306 3798 1567 3866 solvetur,
1601 3800 1644 3854 si
1676 3801 1942 3872 dicamus,

342 3895 484 3967 quod
529 3893 840 3950 necessario
889 3892 1321 3962 supponendum,
1357 3890 1537 3947 Siricii
1567 3908 1763 3950 nomen
1824 3904 1947 3963 post

340 3987 647 4044 absolutum
677 3983 1090 4055 opusadjectum
1121 3983 1287 4038 fuisse
1303 3984 1387 4038 vel
1410 3982 1477 4037 ab
1497 3982 1624 4049 alio,
1648 3984 1733 4040 vel
1765 3985 1944 4057 petitis

339 4079 409 4134 ab
438 4081 669 4150 ipsemet
714 4078 932 4147 Optato.
975 4075 1086 4132 Cur
1115 4076 1310 4145 Optato
1356 4078 1535 4147 potius
1579 4093 1739 4148 quam
1784 4079 1942 4135 alteri

340 4173 441 4229 ista
469 4171 673 4229 additio
696 4170 977 4227 tribuenda
1010 4170 1101 4235 sit,
1145 4171 1282 4225 ratio
1308 4180 1392 4226 est
1429 4170 1573 4241 quod
1606 4170 1634 4244 §
1664 4174 1941 4240 sequentis

339 4266 495 4322 initio
538 4267 771 4336 scriptor
813 4266 1013 4320 seriem
1058 4272 1248 4317 texens
1301 4278 1489 4318 eorum
1540 4264 1627 4333 qui
1669 4278 1733 4318 ex
1789 4274 1940 4335 parte

341 4358 533 4412 Donati
571 4371 631 4411 se
665 4355 937 4410 Romanos
984 4354 1272 4423 episcopos
1320 4367 1441 4407 esse
1475 4353 1818 4422 jactitabant,
1873 4355 1939 4410 de

338 4451 614 4506 Macrobio
651 4448 890 4520 loquitur
940 4456 1215 4517 tamquam
1262 4454 1530 4516 praesente
1575 4456 1628 4499 et
1665 4445 1787 4500 vivo
1814 4462 1936 4502 cum

2056 3234 2231 3302 derat,
2256 3238 2323 3294 ab
2349 3254 2416 3294 eo
2437 3255 2658 3310 prorsus
2682 3258 2993 3313 expungere
3014 3288 3028 3312 ,
3076 3243 3218 3299 hunc
3246 3245 3311 3300 ad
3344 3246 3484 3301 diem
3519 3251 3551 3303 4
3574 3250 3661 3319 ju-

2055 3328 2128 3382 nii
2157 3332 2451 3399 revocavit,
2484 3333 2668 3387 nescio
2704 3350 2804 3404 qua
2836 3334 2904 3390 de
2933 3350 3119 3398 causa,
3148 3338 3248 3390 nisi
3283 3336 3421 3392 forte
3457 3341 3579 3409 quia
3611 3342 3657 3394 is

2053 3422 2145 3491 qui
2177 3425 2467 3481 Baronium
2495 3427 2548 3481 in
2578 3442 2714 3482 nova
2748 3428 3110 3501 Martyrologii
3156 3430 3383 3485 Romani
3417 3432 3655 3488 editione

2053 3515 2376 3595 przeivcrat,
2431 3517 2519 3572 die
2573 3519 2897 3587 praecedenti
2948 3518 3227 3575 Camillum
3280 3521 3652 3594 presbyterum

2051 3604 2538 3677 Carthaginiensem
2585 3612 2727 3665 inter
2761 3623 2976 3667 sanctos
3005 3612 3387 3682 adscripserat.
3435 3613 3566 3667 Nam
3599 3624 3655 3669 et

2050 3714 2226 3756 anuus
2245 3711 2301 3756 et
2324 3701 2439 3758 dies
2471 3704 2660 3757 mortis
2692 3702 2871 3775 Optati
2898 3706 3053 3774 plane
3079 3706 3336 3772 incertus,
3364 3721 3427 3760 ac
3454 3706 3643 3763 nullibi

2049 3792 2288 3862 gentium
2323 3794 2424 3849 sub
2463 3795 2580 3864 ejus
2623 3792 2965 3851 invocatione
3004 3796 3246 3853 Ecclesia
3287 3807 3377 3853 aut
3412 3815 3503 3852 ara
3540 3799 3650 3855 Deo

2048 3896 2363 3943 consecrata
2392 3888 2607 3959 legitur.

2489 3982 2554 4037 ll.
2585 4013 2655 4024 ——
2682 4000 2748 4039 ne
2778 4000 2948 4040 uenis
2978 4001 3189 4040 orn'rt.

2122 4073 2338 4129 Occasio
2388 4077 2558 4143 operis
2610 4076 2809 4146 Optati.
2859 4076 2988 4144 Quis
3042 4079 3199 4148 fuerit
3266 4076 3648 4133 Parmeniauus

2045 4183 2192 4236 quem
2223 4168 2413 4238 refellit
2442 4166 2681 4235 Optatus.
2705 4169 2850 4239 Opus
2873 4168 3302 4223 Partttcniani.-—
3326 4170 3506 4241 Longe
3532 4185 3647 4225 am-
3684 4154 3689 4157 ι

2048 4258 2272 4327 pliorcm
2327 4261 2631 4317 disserendi
2685 4264 2966 4316 materiam
3017 4261 3173 4315 nobis
3219 4262 3418 4331 praebet
3464 4262 3642 4331 Optati

2044 4367 2181 4421 opus
2222 4354 2568 4424 quantumvis
2609 4355 2754 4409 mole
2782 4358 3054 4425 exiguum.
3102 4354 3269 4422 llujus
3300 4356 3640 4411 occasionem

2046 4444 2164 4515 ipse
2194 4446 2431 4516 scriptor
2453 4447 2676 4515 exponit
2719 4446 2856 4501 libro
2888 4448 3080 4517 primo,
3122 4446 3149 4518 ᾗ
3198 4450 3246 4502 l.
3297 4466 3317 4501 ι
3347 4447 3643 4503 Donatisltn

340 4546 458 4601 haec
487 4544 748 4600 scriberet
779 4561 793 4599 :
824 4542 959 4596 Ecce
986 4551 1262 4609 prtzsenles
1287 4550 1429 4607 sunt,
1464 4541 1656 4610 inquit,
1689 4541 1759 4595 ibi
1789 4539 1940 4611 (Ro-
1967 4524 2020 4584 Ῐ)
2048 4536 2327 4592 maledicis
2373 4536 2575 4608 ubique
2614 4537 2835 4593 vocibus
2882 4538 3142 4594 adversus
3169 4536 3480 4594 Catholicos
3520 4554 3643 4610 per-

337 4652 443 4692 mae
470 4636 490 4708 )
519 4636 736 4690 duorum
779 4634 1040 4689 memoria:
1068 4634 1448 4704 apostolorum,
1495 4632 1647 4686 dicite
1673 4633 1717 4686 si
1747 4632 1815 4686 ad
1846 4633 1939 4690 hos

332 4729 542 4801 ingredi
570 4728 735 4797 potuit
772 4737 862 4783 aut
891 4726 1075 4781 obtulit
1114 4725 1256 4791 illic,
1297 4725 1384 4779 ubi
1412 4733 1708 4780 sanctorum
1738 4740 1933 4781 memo~

332 4822 447 4876 rios
476 4837 584 4876 esse
610 4830 826 4875 constat.
858 4818 1002 4890 Ergo
1031 4827 1208 4885 restat,
1234 4826 1291 4872 ut
1319 4822 1543 4888 fateatur
1569 4818 1743 4872 socius
1773 4828 1935 4872 vester

338 4914 641 4970 Macrobius
674 4931 729 4970 se
768 4913 842 4969 ibi
878 4911 1075 4978 sedere,
1121 4910 1206 4965 ubi
1247 4910 1530 4978 aliquando
1566 4910 1696 4965 sedit
1733 4909 1930 4966 Encolo

335 5009 480 5077 pius,
506 5017 611 5063 etc.
646 5006 780 5073 Quis
809 5020 915 5061 non
945 5019 1009 5060 ex
1038 5001 1121 5057 his
1157 5002 1421 5073 intelligat
1460 5002 1790 5059 Macrobium
1823 5002 1934 5059 Eu-

332 5099 504 5170 colpii
546 5111 918 5155 successorem
957 5095 1010 5151 in
1058 5093 1199 5150 serie
1237 5094 1605 5150 Romanorum
1648 5095 1934 5167 episcOpo-

332 5209 460 5251 rum
492 5208 523 5250 e
552 5201 705 5264 parte
738 5189 932 5246 Donati
980 5185 1324 5258 superstitem
1373 5186 1548 5242 adhuc
1595 5186 1764 5243 fuisse
1806 5203 1929 5243 eum

335 5287 458 5342 hac
494 5285 759 5342 scriberet
805 5279 1070 5354 Optatus?
1099 5278 1169 5335 At
1204 5279 1304 5336 sub
1334 5278 1493 5334 finem
1539 5278 1698 5351 hujus
1737 5280 1931 5350 capitis

330 5381 444 5435 duo
472 5385 826 5435 recensentur
864 5384 987 5446 post
1030 5372 1380 5429 Macrobium.
1428 5370 1601 5445 Igitur
1625 5374 1747 5444 quia
1774 5370 1931 5428 Clau-

330 5475 523 5528 dianus
560 5470 811 5535 Luciano,
856 5465 1118 5521 Lucianus
1148 5462 1434 5531 Macrobio,
1477 5461 1775 5520 Macrobius
1818 5463 1931 5521 En-

330 5565 526 5635 solpio,
583 5560 865 5631 Encolpius
914 5556 1208 5630 Bonifacio,
1248 5555 1550 5628 Bonifacius
1585 5556 1780 5611 Victori
1811 5573 1930 5611 suc-

329 5659 547 5715 cessisse
572 5656 828 5711 videntur.
861 5652 941 5709 Ex
971 5652 1056 5708 bis
1087 5649 1361 5706 Claudiani
1392 5649 1673 5707 etLuciani
1705 5653 1923 5708 nomina

331 5738 547 5820 adjecta
573 5743 697 5808 esse
719 5752 867 5820 patet
892 5750 1172 5818 poStquam
1204 5743 1466 5818 Scriptum
1496 5754 1613 5803 erat
1637 5759 1792 5818 opus.
1817 5746 1927 5806 Sed

2045 4631 2379 4702 strepebant.
2434 4632 2480 4687 A
2526 4632 2706 4686 multis
2745 4630 3040 4685 Catltolicis
3085 4646 3230 4702 sa-pe
3273 4630 3638 4687 desideratum

2046 4720 2244 4789 fuerat,
2274 4731 2332 4778 ut
2351 4723 2418 4778 ad
2440 4722 2735 4779 eruendam
2759 4725 3043 4779 veritatem
3069 4724 3138 4777 ab
3162 4724 3430 4793 aliquibus
3453 4722 3634 4778 defen-

2042 4794 2256 4873 soribus
2280 4818 2510 4886 partium
2535 4817 2818 4874 conflictus
2839 4816 3154 4873 haberetur.
3184 4817 3289 4874 Sed
3321 4817 3636 4885 Donatistze,

2040 4922 2217 4963 causa:
2248 4924 2360 4963 suae
2390 4908 2574 4975 diffisi,
2607 4918 2659 4965 ct
2679 4908 2989 4970 Catholicos
3024 4909 3312 4981 fugientes,
3358 4925 3635 4967 accessum

2036 5001 2413 5072 pronibebant,
2446 5002 2649 5057 aditum
2678 5002 3126 5068 intercludebant,
3154 5017 3473 5059 consessum
3503 5005 3638 5059 vita-

2037 5094 2187 5160 bant,
2240 5094 2567 5166 colloquium
2611 5096 2972 5167 deuegabaut.
3026 5096 3416 5153 Parmeniauus
3454 5107 3631 5153 autem

2033 5202 2221 5245 eorum
2262 5189 2549 5259 episc0pus
2591 5204 2697 5244 non
2728 5199 3016 5246 contentus
3043 5191 3224 5257 dictis,
3264 5207 3385 5261 qua:
3423 5192 3475 5247 in
3508 5206 3636 5247 ven-

2020 5289 2121 5337 -tos
2162 5280 2383 5347 abeunt,
2437 5280 2747 5338 Catholicos
2796 5282 3095 5346 incessere,
3141 5283 3304 5337 animi
3350 5284 3433 5338 sui
3475 5298 3632 5338 sensa

2038 5374 2254 5448 scriptis
2279 5376 2511 5446 aperuit.
2545 5375 2656 5431 Hac
2682 5377 2970 5432 occasione
2994 5386 3208 5446 arrepta
3239 5375 3468 5444 Optatus
3491 5376 3635 5431 veri-

2035 5478 2144 5525 tate
2172 5479 2421 5541 cogente,
2452 5468 2669 5536 scriptis
2696 5467 2812 5537 ejus
2843 5469 3174 5538 respondere
3207 5482 3493 5539 aggresms
3525 5476 3630 5532 est,

2036 5574 2095 5619 ut
2122 5562 2223 5620 hac
2246 5565 2458 5620 ratione
2478 5571 2625 5619 esset
2645 5563 2788 5644 inter
2811 5564 3066 5619 absentes
3091 5558 3494 5633 quodaminodo
3519 5558 3632 5611 col-

2033 5657 2181 5714 latio.
2226 5676 2245 5711 ι

2104 5750 2495 5813 Parmeniauus
2515 5751 2611 5813 ille
2622 5749 2782 5821 cuius
2794 5762 2929 5821 opus
2939 5747 3136 5809 refellit
3155 5740 3639 5817 Optatos,))onato
