4198 6160
540 253 646 310 7(ὶῖ

1615 254 1670 310 S.
1712 251 1962 309 OPTATI
2007 253 2291 312 OPERUM
2337 251 2865 310 PHOLEGOMENA.

3727 243 3825 301 ’ῖϐί

539 375 881 424 successerat
911 367 1052 423 circa
1081 381 1278 421 annum
1312 366 1438 432 550,
1468 365 1521 420 in
1545 364 1801 420 cathedra
1834 379 1994 435 quam
2023 364 2136 419 Ma-
2163 369 2216 428 Α
2243 365 2454 420 dixerat
2497 365 2566 422 de
2594 365 2888 420 traditione
2912 363 3338 430 Donatistarum,
3363 377 3502 433 quos
3525 370 3702 416 tamen
3732 362 3832 414 tra-

535 459 750 532 jorinus
799 459 1060 515 adversus
1110 458 1458 514 Caecilianum
1502 457 1812 528 Carthagini
1867 466 2138 514 erexerat.

543 552 734 611 Afrum
778 565 885 605 non
930 551 1094 606 fuisse
1129 551 1546 606 Parmenianum
1595 552 1911 606 testimonio
1955 549 2140 621 Optati

541 654 876 713 compertum
909 651 1011 705 est,
1046 643 1138 712 qui
1179 643 1260 698 bis
1303 643 1452 697 illum
1497 643 1839 714 peregrinum
1881 644 2139 714 appellat,

543 729 870 791 setnellibro
890 733 1084 803 primo,
1109 732 1136 805 §
1163 734 1216 800 5,
1245 743 1298 788 et
1330 734 1468 789 libro
1503 736 1683 800 tertio,
1703 734 1731 806 ᾗ
1753 736 1803 799 ὅ,
1831 750 1894 789 ac
1920 744 2143 806 praeter-

544 842 607 883 ea
653 827 720 881 de
770 826 986 882 illorum
1029 843 1258 882 numero
1291 827 1456 883 fuisse
1489 839 1751 893 testatur,
1784 845 1920 899 quos
1964 830 2142 884 Dona-

544 921 684 976 tistae
714 920 1114 977 circumeuntes
1147 922 1312 975 maria
1341 931 1392 976 et
1428 935 1599 978 terras
1631 924 1958 996 proselytum
1984 938 2142 978 suum

545 1013 837 1069 ellecerant
879 1024 930 1068 et
983 1013 1294 1083 Carthagini
1342 1014 1744 1070 ordinaverant.
1803 1015 2148 1072 Partneniani

547 1121 682 1176 npus
712 1107 796 1162 cui
829 1106 1121 1176 respondet
1141 1105 1390 1176 Optatos,
1413 1106 1686 1162 diversum
1709 1116 1792 1162 est
1819 1107 1886 1163 ab
1915 1107 2146 1174 epistola

552 1199 796 1270 ejusdem
831 1199 1171 1255 Parmeniani
1196 1199 1263 1254 ad
1287 1184 1605 1254 Tichonium
1643 1201 1995 1266 Donatistam,
2021 1214 2152 1254 con-

550 1301 629 1348 tra
660 1307 821 1363 quam
853 1291 1022 1348 libros
1070 1301 1178 1348 tres
1209 1293 1530 1361 conscripsit
1563 1293 1914 1362 AuguStinus.
1951 1291 2006 1347 In
2050 1292 2151 1347 hac

549 1386 986 1455 reprehendebat
1009 1401 1069 1440 ea
1099 1402 1220 1456 quae
1243 1385 1536 1440 Ticltonius
1558 1386 1836 1440 Donatista
1868 1385 1935 1439 de
1963 1385 2152 1440 Eccle-

555 1477 632 1531 sia
665 1478 962 1548 scripserat
991 1494 1103 1533 sua:
1150 1491 1313 1532 sectae
1347 1478 1555 1547 placitis
1585 1478 1880 1532 contraria.
1926 1477 1997 1531 At
2026 1493 2155 1533 vero

550 1570 604 1626 io
654 1580 882 1626 tractatu
925 1571 1042 1633 illo,
1091 1587 1252 1638 quem
1283 1570 1483 1626 refutat
1530 1570 1780 1641 Optatus,
1829 1572 2154 1626 catholicam

564 1663 863 1717 Ecclesiam
901 1663 1336 1734 aggrediehatur.
1387 1663 1608 1717 Diversa
1659 1664 1941 1733 utriusque
1976 1663 2158 1732 operis

2251 465 2391 512 trum
2421 459 2538 512 loco
2568 457 2753 513 haberi
2787 455 3025 523 volebat,
3055 456 3217 525 objici
3251 467 3432 526 posset
3457 471 3485 508 a
3516 453 3830 518 Donatistis;

2247 551 2510 620 siquidem
2543 551 2730 607 Patres
2756 550 2927 607 nostri
2969 549 3261 606 traditores
3290 558 3435 614 sunt,
3479 563 3577 604 cur
3603 563 3698 602 nos
3729 546 3834 601 fra-

2247 654 2360 702 tres
2388 646 2713 717 appellatis?
2759 661 2859 701 cur
2880 646 2946 700 ad
2975 646 3414 700 communionem
3446 653 3678 708 vestram
3704 641 3834 696 invi-

2248 737 2412 794 tatis?
2445 737 2578 792 Huic
2607 736 2908 792 difficultati
2937 736 3328 790 occurrendnm
3361 750 3482 790 esse
3505 734 3708 804 putavit
3737 731 3840 801 0p-

2252 839 2414 898 tatus,
2438 829 2764 900 exponendo
2791 845 2887 885 cur
2908 838 2965 885 et
2989 843 3157 900 quare
3179 828 3485 883 Donatistas
3510 825 3576 881 ad
3608 841 3844 880 commu-

2250 926 2467 979 nionem
2491 939 2643 978 suam
2680 923 2952 987 invitaret,
2990 922 3116 977 licet
3163 921 3481 976 traditarum
3509 918 3668 984 filios,
3701 917 3843 988 quod

2253 1017 2281 1090 §
2317 1019 2370 1083 l,
2401 1017 2436 1072 2
2474 1026 2530 1073 et
2559 1018 2612 1081 3,
2654 1019 2976 1087 exequitur,
3020 1016 3108 1086 qui
3141 1013 3367 1085 proinde
3410 1014 3474 1068 ad
3513 1013 3705 1068 librum
3740 1013 3844 1081 pri-

2252 1128 2398 1167 mum
2430 1112 2720 1181 pertinent.
2766 1111 2896 1180 Quae
2923 1111 2991 1165 de
3028 1111 3228 1166 muscis
3265 1109 3542 1164 morituris
3571 1123 3689 1177 quae
3721 1123 3846 1178 per-

2253 1205 2387 1261 dunt
2409 1207 2725 1260 suavitatem
2761 1206 3042 1275 unguenti,
3073 1205 3133 1276 3-
3155 1215 3207 1258 et
3229 1203 3296 1258 de
3311 1203 3502 1259 Jamne
3533 1213 3584 1257 et
3613 1202 3849 1258 Hambre

2256 1298 2507 1352 dicuntur
2538 1297 2565 1369 §
2599 1300 2632 1352 4
2657 1307 2711 1353 et
2737 1298 2791 1361 5,
2826 1297 2892 1350 ad
2925 1297 3049 1351 libri
3076 1295 3297 1351 secundi
3337 1295 3520 1358 ﬁnem,
3551 1304 3639 1348 aut
3674 1295 3850 1364 potius

2258 1389 2324 1444 ad
2354 1400 2604 1460 quartum
2640 1390 2932 1459 pertinent,
2985 1388 3075 1442 ubi
3115 1388 3306 1444 similia
3339 1387 3571 1444 convitia
3601 1387 3852 1440 refellun-

2260 1492 2366 1538 tur.
2397 1483 2528 1552 Quae
2558 1499 2686 1538 vero
2716 1489 3018 1552 sequuntur
3045 1481 3112 1536 de
3135 1481 3368 1536 Macario
3395 1496 3515 1535 cum
3545 1479 3854 1548 praeceden-

2264 1576 2404 1630 tibus
2451 1592 2554 1628 non
2585 1577 2882 1640 cohaerent,
2915 1574 3009 1628 sed
3043 1573 3186 1628 haud
3221 1573 3383 1628 dubie
3429 1572 3854 1626 additamentum

2263 1677 2390 1723 sunt
2419 1668 2482 1722 ad
2514 1668 2705 1721 librtnn
2736 1671 2974 1722 tertium.
3003 1667 3078 1721 lta
3111 1667 3160 1721 id
3188 1667 3332 1737 quod
3360 1666 3556 1720 dicitur
3586 1665 3720 1720 liber
3751 1665 3858 1735 Op-

556 1756 773 1823 divisio,
809 1757 1024 1812 diversa
1073 1756 1378 1821 methodus,
1432 1758 1706 1812 diversum
1740 1766 2153 1827 argumentum;
2189 1763 2236 1823 B
2265 1762 2360 1816 tati
2400 1760 2684 1827 septimus,
2732 1759 2865 1814 nihil
2909 1759 3054 1814 aliud
3085 1768 3168 1814 est
3210 1774 3368 1826 quam
3410 1757 3609 1827 triplex
3656 1757 3862 1812 addita-

561 1863 886 1919 quamquam
912 1849 1099 1904 eadem
1127 1849 1412 1919 utrobique
1439 1849 1491 1904 in
1517 1848 1815 1903 Ecclesiam
1837 1849 2156 1904 catholicam

560 1941 794 1996 convitia
827 1943 1153 2012 legerentur.

644 2032 846 2088 Divisio
884 2035 1053 2103 operis
1086 2033 1287 2103 Optati.
1343 2033 1526 2089 Utrum
1556 2034 1681 2090 liber
1710 2036 1956 2104 septimus
1986 2033 2164 2106 Optati

565 2127 818 2198 genuinus
857 2127 940 2180 sit.
987 2125 1235 2179 Rationes
1267 2125 1558 2179 dubitandi.
1614 2125 1751 2191 Quid
1789 2123 1852 2178 de
1896 2124 1988 2178 illo
2014 2124 2165 2198 judi-

565 2219 808 2272 candum.
841 2247 912 2258 —
941 2217 1138 2272 Totum
1171 2233 1308 2288 opus
1339 2234 1494 2273 suum
1539 2218 1591 2271 itt
1631 2216 1976 2272 Parineniani
2023 2225 2162 2271 trac-

568 2319 736 2366 latum
771 2313 996 2380 partitur
1023 2306 1250 2380 optatus
1275 2311 1327 2365 in
1362 2326 1454 2366 sex
1485 2311 1653 2365 libros
1674 2352 1688 2376 ,
1741 2325 1970 2380 quorum
2000 2325 2158 2380 argu-

571 2413 811 2458 mentum
844 2403 1009 2459 refert
1035 2403 1062 2474 §
1094 2405 1124 2458 7
1161 2406 1279 2458 libri
1321 2405 1498 2473 primi.
1529 2404 1799 2471 Totidem,
1828 2414 1883 2459 et
1914 2419 2017 2459 non
2044 2405 2164 2475 plu-

568 2513 657 2553 res
683 2497 864 2567 Optati
909 2498 1074 2552 libros
1103 2508 1350 2552 recenset
1391 2497 1774 2570 Hieronymus.
1822 2498 1973 2553 Nunc
2003 2497 2170 2568 septi-

569 2608 690 2647 mus
706 2593 935 2647 accessit
951 2607 1108 2662 quem
1129 2592 1257 2645 olim
1280 2602 1400 2660 post
1417 2593 1562 2646 viros
1577 2592 1766 2646 doctos
1781 2593 2023 2662 spurium
2047 2605 2168 2646 esse

570 2685 898 2748 existimavi,
945 2693 998 2739 et
1027 2683 1250 2739 alterius
1277 2685 1580 2754 scriptoris.
1613 2684 1739 2739 Tria
1768 2699 1854 2739 me
1901 2685 2170 2754 praecipue

574 2776 640 2831 ad
694 2777 745 2831 id
804 2775 1135 2831 credendqu
1187 2775 1497 2831 movebant.
1559 2776 1840 2842 Primum,
1891 2776 2168 2829 silentium

574 2869 756 2942 Optati
802 2870 968 2940 ipsius
995 2880 1050 2925 et
1081 2869 1412 2942 Hieronymi.
1470 2869 1603 2926 Nam
1645 2870 1857 2926 etiamsi
1902 2870 2172 2926 diceretur

571 2965 827 3031 Optatum
853 2976 974 3017 cum
1006 2962 1238 3032 primum
1266 2979 1362 3018 sex
1396 2972 1602 3018 tantum
1631 2962 1798 3018 libros
1823 2962 2062 3017 scribere
2090 2963 2171 3017 in-

573 3058 858 3120 stituisset,
887 3058 1176 3127 septimum
1203 3067 1385 3127 postea
1417 3057 1714 3126 adjecisse,
1746 3057 1814 3112 de
1842 3057 2171 3128 Hieronymo

2264 1865 2503 1908 mentum
2531 1851 2595 1906 ad
2631 1863 2741 1908 tres
2771 1851 2955 1921 Optati
2989 1851 3176 1915 libros,
3209 1861 3370 1921 atque
3398 1849 3519 1906 idco
3538 1867 3644 1906 non
3676 1851 3860 1920 plures

2264 1962 2421 2016 quam
2456 1961 2548 2002 sex
2578 1961 2763 2001 revera
2790 1946 3006 2000 fuerunt
3027 1955 3113 2000 aut
3142 1945 3494 2000 enumerandi
3525 1955 3668 2000 sumi.
3705 1944 3852 1998 Veri-

2263 2039 2442 2094 simile
2488 2038 2652 2093 estin
2705 2039 2974 2093 veteribus
3023 2037 3202 2108 Optati
3248 2037 3525 2094 codicibus
3563 2052 3702 2108 quos
3759 2052 3862 2106 pra:

2267 2131 2515 2187 manibus
2545 2130 2777 2186 habebat
2816 2131 3201 2200 Hieronymus,
3251 2129 3369 2186 haec
3409 2131 3770 2185 additamenta
3801 2129 3864 2183 ad

2267 2225 2431 2278 linem
2461 2224 2702 2292 apposita
2735 2223 2901 2280 fuisse
2932 2224 3050 2278 sine
3077 2224 3196 2278 libri
3225 2239 3296 2278 vn
3327 2223 3712 2288 inscriptione;
3746 2222 3865 2277 hinc

2269 2319 2542 2384 etl‘cctum,
2572 2328 2630 2372 ut
2657 2334 2753 2373 sex
2787 2327 2996 2373 tantum
3028 2318 3286 2374 librorum
3315 2317 3492 2388 Optati
3529 2315 3863 2371 mentionem

2269 2410 2480 2468 fecerit.
2529 2411 2770 2478 Denique
2801 2409 3182 2465 dissimilitudo
3221 2409 3347 2482 styli
3387 2426 3487 2480 qua
3516 2411 3678 2462 etiam
3724 2423 3868 2462 cont-

2271 2504 2546 2568 movebar,
2581 2503 2899 2557 occurrebat
2930 2503 3228 2572 praesertim
3263 2503 3312 2556 in
3335 2501 3708 2557 additamenta
3742 2516 3866 2570 Spu-

2270 2597 2354 2651 rio
2382 2597 2448 2652 de
2472 2597 2692 2652 levitate
2721 2596 3025 2651 traditionis
3050 2613 3063 2660 ;
3107 2611 3172 2651 ae
3201 2595 3420 2650 aliunde
3461 2594 3643 2664 Optati
3672 2594 3867 2665 stylum

2273 2703 2378 2743 non
2403 2687 2623 2741 omnino
2653 2686 2912 2757 aequalem
2937 2702 3058 2740 esse
3090 2687 3396 2756 legentibus
3420 2684 3649 2756 patebit.
3685 2684 3766 2738 Ex
3791 2683 3871 2738 his

2273 2779 2398 2850 quid
2429 2778 2495 2834 de
2523 2779 2702 2849 Optati
2739 2779 2877 2834 libro
2898 2779 3130 2850 septimo
3155 2780 3225 2833 sit
3254 2777 3600 2834 sentiendum
3627 2779 3765 2833 satis
3789 2777 3866 2830 in-

2276 2871 2554 2938 tclligitur.

2349 2963 2556 3019 Utititas
2588 2963 2834 3017 librorum
2878 2962 3075 3033 Optati.
3119 2993 3189 3004 —
3247 2961 3455 3028 Quanta
3497 2963 3570 3017 sit
3615 2961 3872 3019 librorum

2275 3057 2454 3129 Optati
2489 3057 2711 3121 utilitas,
2743 3058 2901 3112 docet
2922 3057 3104 3127 operis
3130 3067 3533 3128 argumentum.
3573 3057 3869 3112 Ecclesium

578 3147 670 3202 vix
687 3147 833 3203 credi
861 3160 953 3203 aut
980 3149 1085 3204 dici
1119 3158 1300 3218 potest
1331 3149 1469 3218 quod
1499 3150 1542 3203 si
1569 3149 1728 3217 hujus
1759 3158 2001 3219 tempore
2033 3150 2172 3204 liber
2199 3152 2245 3216 C
2276 3152 2599 3208 catholicam
2657 3151 2918 3206 adversus
2967 3150 3239 3206 Sectarios
3288 3151 3486 3205 acriter
3532 3158 3870 3222 propugnat.

576 3243 838 3314 septimus
889 3244 1065 3314 Optati
1123 3243 1335 3299 caeteris
1383 3241 1576 3299 fuisset
1624 3258 1892 3308 annexus,
1926 3241 2070 3296 hunc
2107 3243 2175 3298 ab

577 3335 696 3404 ipso
723 3335 775 3389 in
809 3334 1065 3405 Catalogo
1087 3351 1185 3389 suo
1214 3337 1640 3406 praetermissum
1673 3335 1758 3388 iri.
1805 3333 2050 3388 Secunda
2085 3347 2174 3386 ra-

580 3428 673 3490 tio,
709 3443 812 3498 qua
843 3429 1114 3500 praecipuae
1140 3429 1436 3495 afﬁciebar,
1486 3429 1601 3484 haec
1627 3437 1765 3494 erat,
1806 3428 1948 3497 quod
1972 3428 2176 3482 crimen

579 3518 884 3574 traditionis
936 3521 1078 3590 quod
1118 3521 1344 3589 Optatus
1378 3523 1516 3575 libro
1549 3521 1725 3590 primo
1756 3520 2048 3588 pessimum
2075 3535 2172 3571 vo-

514 3597 526 3608 ’
577 3622 688 3678 cat,
744 3611 1067 3668 ldololatriac
1113 3621 1412 3682 comparat,
1451 3629 1516 3668 ac
1555 3612 1754 3668 damno
1807 3620 2025 3667 aeternae
2057 3612 2178 3668 vitae

579 3706 923 3776 plectendum
949 3721 1069 3762 esse
1094 3705 1270 3770 docet,
1299 3706 1352 3759 in
1379 3707 1484 3761 isto
1515 3705 1652 3759 libro
1680 3705 1866 3760 multis
1890 3706 2135 3761 elevetnr
2159 3721 2174 3773 ;

581 3799 651 3853 ita
683 3809 739 3854 ut
777 3801 1099 3869 conquisitis
1128 3799 1364 3870 undique
1401 3799 1702 3854 rationibus
1752 3814 1935 3869 parum
1967 3800 2175 3867 solidis,

581 3899 636 3944 et
665 3892 925 3961 exemplis
948 3891 1013 3945 ad
1047 3907 1160 3946 rem
1192 3891 1603 3962 haudquaquam
1634 3893 1978 3959 facientibus,
2011 3893 2062 3947 id
2094 3894 2178 3949 in-

582 3983 785 4051 tendat,
832 3984 884 4039 id
929 3985 1182 4042 moliatur
1220 3995 1411 4040 auctor
1443 4027 1456 4049 ,
1499 3996 1554 4039 ut
1589 3985 1880 4040 traditores
1919 4002 2178 4043 excusen-

582 4087 667 4133 tur
688 4092 717 4131 a
743 4079 990 4133 crimine.
1021 4079 1234 4145 Tertio,
1269 4080 1524 4135 nonnulla
1558 4079 1690 4136 mihi
1720 4079 2002 4136 videbatur
2043 4085 2184 4139 inter

585 4171 728 4226 hunc
777 4170 969 4226 librum
1007 4180 1064 4228 et
1091 4173 1226 4227 aliOs
1260 4171 1388 4245 styli
1434 4173 1720 4228 diversitas
1752 4191 1872 4244 quae
1912 4175 2181 4245 suspicio-

586 4281 709 4321 nem
759 4265 1080 4336 ingerebat,
1131 4267 1296 4322 alium
1352 4267 1530 4338 potius
1579 4281 1702 4323 esse
1751 4267 1910 4339 hujus
1956 4270 2184 4340 scripto-

585 4373 724 4414 rem.

659 4450 787 4506 Haec
826 4460 945 4506 erat
980 4468 1133 4507 mens
1159 4467 1277 4507 mea
1317 4451 1556 4507 nondum
1589 4453 1853 4510 consultis
1889 4453 2072 4524 Optati
2095 4467 2188 4509 co-

2277 3244 2418 3314 quod
2451 3259 2622 3314 genus
2652 3244 2976 3311 scriptorum
3009 3241 3197 3310 quovis
3237 3251 3478 3310 tempore
3509 3241 3722 3311 pariter
3755 3240 3880 3294 utile

2277 3347 2358 3391 est
2392 3351 2530 3390 :ncc
2554 3336 2698 3389 enim
2746 3333 2814 3389 de
2858 3335 3248 3389 controversiis
3278 3332 3344 3388 ad
3392 3333 3700 3389 Ecclesium
3737 3347 3879 3404 spec-

2280 3432 2513 3484 tantibus
2548 3430 2686 3484 idem
2707 3431 2968 3499 judicium
2995 3428 3271 3484 ferendum
3295 3443 3358 3482 ac
3384 3428 3451 3484 de
3482 3429 3714 3498 privatis
3741 3429 3878 3483 circa

2277 3525 2493 3594 aliquod
2523 3525 2716 3594 dogma
2743 3524 2982 3593 speciale
3014 3521 3424 3592 quaestionibus.
3460 3521 3554 3577 Hae
3576 3564 3591 3590 ,
3629 3519 3879 3593 quamdiu

2279 3618 2477 3673 durant
2504 3627 2666 3674 secta:
2689 3658 2704 3684 ,
2733 3633 2851 3688 qua:
2881 3617 2965 3672 vel
2987 3616 3180 3688 dogma
3229 3615 3500 3686 quoddam
3550 3615 3881 3670 catholicum

2281 3710 2730 3780 Oppugttant,vel
2781 3723 3022 3764 errorem
3070 3709 3300 3779 aliquem
3334 3707 3567 3774 docent,
3622 3708 3810 3778 vigent
3836 3711 3885 3757 et

2283 3803 2585 3871 agitantur;
2619 3801 2848 3857 sublatis
2905 3801 3207 3871 hujnsmodi
3253 3801 3418 3855 secus
3465 3798 3746 3854 oblivione
3793 3794 3886 3850 de-

2283 3893 2490 3958 lentur,
2526 3901 2580 3948 ct
2630 3892 2828 3950 haeresi
2869 3893 3039 3948 semel
3071 3891 3341 3946 exstincta
3369 3933 3384 3955 ,
3421 3889 3560 3945 haud
3609 3901 3760 3946 tanta
3809 3895 3886 3942 est

2284 3988 2544 4044 librorum
2600 3987 2690 4058 qui
2739 3985 2885 4040 illam
2931 3991 3315 4054 Oppugnarunt
3362 3983 3584 4037 utilitas.
3644 3984 3718 4037 At
3769 3991 3886 4035 cum

2285 4096 2474 4136 omnes
2501 4081 2760 4145 haereses,
2791 4078 2969 4135 omnia
2994 4077 3285 4132 schismata
3328 4091 3620 4131 commune
3656 4076 3761 4131 hoc
3788 4074 3881 4127 ha-

2289 4176 2472 4245 beant,
2501 4186 2558 4230 ut
2582 4175 2875 4230 Ecclesiam
2901 4188 2928 4227 a
2953 4187 3056 4242 qua
3087 4171 3891 4240 discesseruntaggrediantur,

2291 4270 2495 4340 scripta
2519 4268 2716 4338 quibus
2740 4269 3007 4323 adversus
3032 4266 3242 4335 aliquos
3272 4274 3606 4337 propugnata
3631 4273 3718 4320 est
3749 4273 3894 4329 mque

2292 4366 2471 4419 valent
2519 4363 2806 4418 adversum
2855 4375 3078 4424 omnes;
3135 4359 3389 4413 omnibus
3438 4357 3722 4413 haereticis
3763 4368 3893 4426 qua-

2291 4458 2599 4528 lescumque
2619 4456 2759 4519 sint,
2791 4453 3180 4516 adversantur,
3213 4461 3269 4507 et
3304 4450 3603 4506 Catholicis
3639 4447 3895 4521 quannliu

589 4542 798 4599 dicibus
829 4545 1230 4614 manuscriptis.
1258 4544 1324 4599 At
1359 4555 1638 4616 postquam
1667 4546 1908 4601 intellexi
1943 4546 1995 4601 id
2028 4561 2190 4602 omne
2214 4537 2267 4598 D
2294 4559 2453 4606 erunt
2503 4548 2743 4604 haeretici
2785 4554 2878 4601 aut
2903 4543 3232 4601 schismatici
3266 4559 3442 4616 _aeque
3492 4543 3649 4598 utilia
3710 4552 3899 4598 cense-

587 4639 731 4710 quod
792 4639 860 4695 ad
914 4641 1240 4697 elevandum
1299 4642 1606 4700 traditionis
1650 4641 1860 4696 crimen
1921 4641 2185 4708 pertinet,

591 4733 784 4788 abesse
825 4749 856 4787 a
903 4734 1180 4790 codicibus
1212 4737 1607 4808 'manuscriptis
1653 4748 1791 4798 quos
1836 4731 1966 4787 mihi
2007 4731 2192 4790 videre

593 4828 841 4898 contigit,
894 4829 1226 4897 praecipuum
1265 4832 1487 4886 arietem
1516 4830 1606 4900 qui
1639 4827 1900 4884 adversus
1947 4826 2088 4884 hunc
2127 4829 2192 4884 li-

596 4918 749 4974 brum
779 4919 1045 4974 militabat
1069 4933 1314 4990 ereptura
1346 4922 1477 4976 mihi
1506 4936 1626 4978 esse
1644 4921 1810 4976 sensi.
1845 4921 2045 4976 Deinde
2069 4935 2192 4975 cum

594 5013 704 5068 vidi
737 5022 944 5084 partem
978 5013 1136 5084 hujus
1165 5015 1288 5070 libri
1319 5016 1534 5086 septimi
1578 5016 1908 5086 adscriptam
1939 5015 2105 5070 fuisse
2126 5013 2194 5069 ad

599 5104 759 5159 ﬁnem
801 5103 924 5158 libri
952 5104 1117 5173 tertii,
1159 5122 1280 5176 quae
1311 5107 1435 5163 licet
1461 5107 1527 5162 ad
1557 5122 1681 5163 eum
1711 5109 1974 5178 pertineat
2005 5107 2076 5162 ob
2102 5121 2192 5160 ar-

600 5195 842 5266 gumenti
888 5197 1320 5263 similitudinem,
1371 5200 1651 5272 ablegatur
1693 5209 1871 5257 tamen
1913 5200 1980 5256 ad
2027 5198 2198 5269 septi-

605 5305 751 5343 mum
794 5288 846 5342 in
885 5289 1135 5344 omnibus
1168 5295 1570 5363 manuscriptis,
1615 5310 1673 5350 re
1703 5295 1958 5349 attentius
1995 5290 2200 5362 ponde-

602 5392 741 5447 rata,
775 5383 827 5437 in
851 5397 968 5438 eam
999 5385 1309 5454 opinionem
1338 5387 1600 5442 adductus
1626 5403 1779 5452 sum,
1813 5395 2021 5452 partem
2052 5384 2197 5440 illam

604 5478 784 5546 operis
813 5475 1014 5548 Optati,
1047 5496 1168 5547 qua:
1196 5479 1333 5536 liber
1373 5481 1636 5548 septimus
1678 5477 1897 5540 dicitur,
1941 5491 2046 5530 non
2083 5489 2205 5530 esse

604 5589 799 5628 revera
831 5574 1027 5631 librum
1053 5575 1368 5630 distinctum
1393 5592 1419 5625 a
1441 5573 1676 5635 caeteris,
1707 5569 1804 5627 sed
1826 5569 2196 5627 additamenta

605 5668 670 5722 ad
701 5671 965 5734 quosdam
998 5668 1167 5723 libros
1205 5669 1274 5722 ab
1321 5666 1436 5734 ipso
1475 5665 1674 5737 Optato
1703 5663 2001 5733 composita
2040 5677 2207 5735 opere

597 5759 722 5826 jam
745 5765 1016 5822 confecto.
1050 5761 1118 5817 Et
1140 5761 1356 5834 quidem
1379 5773 1501 5820 cum
1523 5757 1599 5819 ad
1625 5772 1685 5815 ea
1715 5775 1834 5835 quae
1862 5757 2037 5833 primo
2067 5757 2210 5819 libro

2294 4644 2513 4700 buntur.

2375 4736 2511 4804 Quot
2539 4743 2590 4788 et
2611 4741 2803 4804 quanta
2825 4730 2892 4784 ad
2917 4729 3205 4784 doctrinam
3226 4737 3273 4782 et
3296 4726 3630 4798 disciplinam
3662 4723 3904 4781 Ecclesiae

2302 4825 2607 4898 pertinentia
2631 4824 2988 4878 contineantur
3010 4823 3061 4876 in
3092 4820 3232 4875 libris
3263 4819 3538 4887 0ptati.—
3559 4819 3675 4875 Sed
3712 4823 3906 4889 praeter

2302 4937 2361 4976 ea
2394 4935 2514 4992 quae
2539 4919 2796 4973 Ecclesia:
2827 4916 3200 4972 defensionem
3231 4923 3287 4969 et
3315 4914 3733 4969 Donatistarum
3761 4908 3900 4968 schi-

2303 5028 2416 5071 sma
2445 5020 2722 5082 speetant,
2755 5011 2842 5066 vix
2866 5011 2918 5065 in
2946 5008 3184 5079 antiquis
3214 5009 3586 5062 monumentis
3619 5007 3798 5062 ullum
3824 5018 3902 5058 reo

2304 5104 2469 5176 periri
2521 5113 2700 5174 potest
2743 5104 2872 5171 (non
2916 5101 3039 5156 dico
3090 5099 3330 5171 ejusdem
3364 5099 3563 5163 molis,
3613 5098 3714 5155 sed
3759 5095 3908 5165 longe

2305 5195 2572 5268 prolixius
2621 5193 2779 5266 opus)
2826 5191 2969 5263 quod
3000 5200 3079 5248 tot
3129 5200 3184 5246 et
3231 5201 3376 5245 tanta
3422 5190 3486 5245 ad
3520 5189 3836 5246 doctrinam
3861 5192 3908 5240 et

2306 5289 2642 5356 disciplinam
2675 5285 3027 5340 christianum
3060 5283 3388 5354 pertinentia
3421 5291 3527 5336 tam
3553 5290 3754 5352 aperte
3784 5293 3907 5334 con-

2313 5381 2502 5436 tineat.
2536 5377 2871 5434 Christianos
2897 5390 3089 5431 omnes
3121 5390 3282 5429 unam
3313 5372 3684 5442 eamdemque
3709 5370 3867 5425 fidem
3893 5407 3906 5430 ,

2312 5489 2476 5529 unum
2508 5480 2562 5526 et
2592 5472 2731 5526 idem
2776 5469 3079 5541 symbolum
3126 5467 3327 5523 habere
3369 5475 3598 5522 testatur
3652 5464 3908 5536 Optatns,

2311 5566 2465 5637 cujus
2490 5563 2731 5620 haeretici
2760 5563 3066 5618 desertores
3090 5569 3234 5616 sunt.
3269 5558 3540 5627 Praecipua
3577 5555 3711 5613 ﬁdei
3744 5555 3910 5624 capita

2313 5660 2549 5717 breviter
2578 5697 2591 5721 ,
2626 5655 2860 5712 dilucide
2886 5695 2902 5720 ,
2946 5668 3010 5709 ac
3052 5652 3353 5708 orthodoxe
3395 5649 3619 5707 omnino
3672 5645 3910 5718 exponit.

2322 5749 2568 5812 Ostendit
2595 5764 2764 5823 unam
2797 5762 2917 5806 esse
2958 5756 3198 5805 sanctam
3243 5743 3560 5804 catholicam
3612 5741 3914 5800 Ecclesiam
