4198 6160
356 245 465 302 765

1671 235 1917 295 PREFA
1927 234 2038 291 ἨΟ
2077 232 2352 292 DL‘PINII.

3572 234 3674 289 706

355 374 455 430 per
478 367 643 412 totum
685 355 875 411 orbem
906 363 1183 411 terrarum
1215 354 1497 423 diﬂ‘usam,
1528 370 1628 413 nec
1653 355 1814 410 aliam
1845 365 1965 409 esse
1991 360 2046 425 Α
2070 350 2212 406 ιὶειω
2242 358 2519 421 tammtant
2549 360 2818 422 martyres
2846 349 2904 423 Α
2932 349 3187 407 colebant
3233 351 3476 422 loquitur
3541 351 3682 405 lilno

356 464 540 523 posse,
572 460 663 504 aut
688 463 810 504 eam
841 447 1096 518 angustis
1137 447 1381 518 regionis
1433 448 1659 518 alicujus
1708 444 1969 501 limitibus

356 537 745 599 circumscribi.
791 534 945 595 lianc
973 545 1236 594 constare
1282 555 1348 593 ex
1397 538 1701 610 episcOpis,
1745 535 1970 608 presby-

364 633 520 701 teris,
544 620 807 699 diaconis,
836 639 893 688 et
914 630 1168 687 ﬁdelium
1193 630 1376 687 turba.
1409 633 1701 703 Episcopos
1724 631 1774 685 in
1800 629 1973 700 primo

363 727 698 795 sacerdotio,
728 728 1087 799 presbyteros
1121 726 1174 779 in
1207 724 1460 782 secundo
1484 767 1503 793 ,
1535 734 1590 781 et
1617 723 1888 779 Diaconos
1916 720 1973 775 in

360 821 525 878 tertio
552 819 869 876 constitutos
917 816 1200 883 afﬁrmat;
1258 832 1370 886 quo
1415 818 1547 872 satis
1586 815 1824 872 ostendit
1864 811 1976 883 epi-

360 928 562 983 scopos
589 911 825 968 eminere
844 926 1014 981 super
1038 908 1426 982 presbyteros,
1454 924 1560 964 non
1593 922 1749 964 secus
1769 904 1977 963 acemi-

362 1014 506 1062 nent
532 1004 831 1079 presbyteri
850 1020 1015 1075 supra
1035 1003 1317 1059 diaconos.
1348 1002 1650 1059 ltomanam
1675 999 1975 1058 Ecclesiam

362 1107 684 1155 ceterarum
709 1108 959 1167 matrem,
987 1105 1045 1154 et
1069 1096 1291 1153 unitatis
1314 1106 1600 1162 centrum,
1636 1103 1856 1166 propter
1879 1092 1978 1147 Pe-

366 1201 534 1257 trum,
566 1192 652 1263 qui
694 1200 855 1261 caput
882 1192 1256 1262 apostolorum
1305 1188 1446 1258 fuit,
1497 1190 1761 1262 agnoscit.
1810 1187 1980 1243 Docet

368 1285 642 1340 hominem
673 1291 865 1354 suapte
891 1293 1083 1338 natura
1113 1281 1395 1353 inﬁrm-um
1439 1298 1563 1339 esse
1590 1290 1647 1337 et
1692 1279 1979 1349 imperfec-

367 1388 523 1441 tum,
552 1378 832 1448 gratiaque
879 1376 976 1432 Dei
1009 1375 1255 1446 indigere
1301 1386 1363 1430 nt
1417 1374 1695 1448 perfectus
1740 1372 1976 1429 evadat:

366 1467 525 1524 nobis
549 1468 801 1524 omnibus
833 1478 1110 1540 peccatum
1143 1484 1266 1523 esse
1305 1468 1558 1523 innatum
1584 1507 1599 1531 ,
1625 1481 1689 1521 ac
1712 1464 1983 1535 baptisma

365 1559 731 1617 necessarium
752 1568 808 1613 ut
829 1557 946 1630 ejus
976 1557 1363 1614 remissionem
1396 1556 1655 1615 obtinere
1676 1555 1980 1610 valeamus.

373 1672 393 1707 ί
430 1650 787 1707 Nihilominus
809 1660 982 1706 tamen
1004 1647 1259 1715 hominis,
1282 1668 1302 1701 ι
1322 1650 1420 1715 ait,
1441 1667 1461 1702 ‹
1481 1645 1767 1719 essequod
1781 1646 1984 1702 bonum

2071 443 2256 500 tertio.
2326 444 2493 501 Verbi
2550 444 2726 500 divini
2777 444 3222 514 praedicationem
3271 459 3471 499 munus
3520 443 3686 499 fuisse

2070 537 2457 607 episcOporum
2485 539 2765 610 proprium
2809 538 3046 605 indicat,
3096 538 3351 608 huucqne
3382 538 3686 594 solemnem

2072 627 2242 684 fuisse
2267 646 2517 694 morem,
2558 641 2616 686 ut
2658 638 2924 685 tractatus
2949 632 3129 687 omnis
3158 632 3211 687 in
3239 630 3482 687 Ecclesia
3517 645 3549 685 a
3587 646 3687 685 no.

2074 723 2222 779 mine
2254 722 2357 778 Dei
2404 724 2781 794 inciperetur,
2830 733 2884 778 et
2931 733 2989 777 ut
3029 721 3275 793 ejusdem
3320 722 3417 777 Dei
3472 722 3692 777 nomine

2075 812 2490 871 terminaretur.
2525 815 2873 872 Ptnnitentiae
2901 816 3129 885 publica:
3155 815 3329 873 semel
3353 815 3601 871 addictos
3626 816 3693 871 ad

2077 906 2308 963 ordines
2338 910 2653 978 promoveri
2693 911 2919 964 vetitum
2963 908 3134 965 fuisse
3182 925 3249 965 ex
3294 910 3549 981 Pttrpurii
3598 909 3690 964 Li-

2078 1001 2355 1057 matensis
2384 1003 2537 1059 dicto
2564 1001 2717 1074 quod
2755 1002 2824 1056 ab
2859 1004 2977 1072 ipso
3008 1002 3248 1059 refertur
3275 1003 3314 1058 l.
3348 1020 3403 1071 ι,
3438 1003 3697 1074 colligere

2077 1103 2161 1153 est
2194 1112 2208 1151 :
2243 1094 2419 1153 Exeat
2448 1097 2549 1153 huc
2575 1097 2732 1168 quasi
2768 1096 3067 1168 imponatur
3090 1098 3170 1152 illi
3205 1114 3389 1153 manus
3418 1100 3473 1153 in
3496 1100 3696 1169 episco-

2081 1201 2205 1262 patu
2238 1203 2288 1247 et
2316 1204 2589 1264 quassetur
2609 1192 2694 1246 illi
2723 1200 2879 1260 caput
2910 1191 2973 1245 de
3001 1192 3321 1264 pauitantia.
3348 1191 3503 1249 Unde
3531 1193 3693 1248 etiam

2081 1281 2316 1338 infertur
2360 1286 2768 1340 ordinationem
2814 1283 3176 1353 episcOpalem
3227 1299 3420 1340 manus
3472 1284 3696 1355 imposi-

2084 1375 2233 1432 tione
2259 1378 2479 1447 perﬁci.
2519 1378 2682 1447 Quod
2712 1392 2844 1432 vero
2874 1378 2949 1432 ait
2977 1377 3302 1434 Caecilianus
3349 1379 3549 1435 ibidem
3576 1420 3591 1446 ,
3643 1388 3700 1434 ut

2085 1468 2130 1523 si
2163 1467 2305 1525 nihil
2335 1469 2487 1526 Felix
2520 1472 2572 1526 in
2604 1485 2667 1526 se
2707 1469 3031 1525 contulisset
3062 1478 3339 1538 tamquam
3368 1470 3546 1524 adhuc
3571 1469 3695 1525 Dia-

2087 1574 2262 1617 conus
2296 1564 2679 1629 ordinaretur,
2709 1561 3009 1632 suspicioni
3039 1561 3216 1617 locum
3247 1561 3344 1637 dat
3369 1605 3382 1627 ,
3411 1563 3697 1619 diaconum

2089 1652 2410 1726 episcopum
2456 1663 2583 1711 tunc
2628 1654 2894 1724 temporis
2930 1652 3242 1708 ordinatum
3287 1655 3455 1710 fuisse
3495 1655 3699 1725 absque

365 1752 452 1802 est
475 1744 604 1800 velle
624 1783 640 1811 ,
670 1751 730 1798 et
764 1740 818 1797 in
845 1756 910 1798 eo
933 1740 1070 1814 quod
1093 1742 1332 1798 voluerit
1362 1754 1629 1805 currere,
1657 1750 1984 1810 quamquam

2093 1747 2295 1815 praevia
2324 1763 2516 1804 manus
2538 1748 2894 1817 impositione
2914 1746 2967 1801 in
2995 1747 3401 1819 presbyterum.
3443 1749 3699 1804 Basilicas

367 1837 466 1907 ipsi
494 1836 667 1892 datum
700 1852 815 1890 non
844 1835 915 1890 sit
938 1832 1225 1905 perﬁcere,
1261 1842 1322 1889 ut
1351 1841 1473 1904 post
1510 1832 1698 1904 spatia
1739 1846 1857 1902 quae
1886 1828 1982 1885 dc-

366 1930 455 1985 bet
481 1928 635 1985 homo
664 1926 939 1997 implere,
981 1933 1144 1981 restet
1189 1925 1399 1990 aliquid
1434 1926 1554 1982 Deo
1612 1934 1670 1980 ut
1712 1922 1987 1981 deﬁcienti

365 2030 656 2078 succurrat.
690 2038 711 2072 ι
752 2018 956 2087 Quibus
987 2016 1194 2071 videtur
1228 2017 1392 2089 paulo
1410 2017 1545 2087 plus
1574 2017 1787 2073 arbitrii
1817 2011 1989 2070 nostri

364 2112 567 2168 viribus
596 2111 846 2167 tribuere
869 2122 1030 2181 quam
1043 2119 1255 2179 parest.
1282 2126 1303 2161 ι
1324 2106 1618 2163 Neminem
1650 2108 1927 2164 hominem
1957 2121 1987 2159 a

368 2215 586 2276 peccato
630 2219 730 2274 per
760 2203 899 2257 hanc
932 2203 1093 2256 vitam
1123 2200 1423 2256 immunem
1470 2214 1604 2256 esse
1627 2243 1643 2270 ,
1677 2216 1991 2257 sacramen-

369 2306 483 2351 tum
513 2295 770 2368 baptismi
822 2296 874 2350 itt
924 2296 1143 2352 nomine
1174 2292 1460 2367 Trinitatis
1490 2296 1669 2349 semel
1729 2294 1988 2350 collatum

371 2386 552 2444 iterari
581 2404 686 2444 non
715 2387 939 2455 debere,
971 2405 991 2440 ι
1016 2390 1108 2442 ait.
1136 2384 1360 2441 Videtur
1389 2396 1572 2440 tamen
1606 2402 1702 2457 pro
1728 2402 1990 2459 persuaso

375 2483 578 2539 habere
599 2498 790 2539 eorum
818 2481 908 2556 qui
938 2480 1078 2552 apud
1108 2478 1398 2535 hmreticos
1422 2477 1809 2550 baptizantur,
1844 2481 1991 2535 lava—

375 2592 529 2633 crum
560 2592 664 2632 non
694 2591 818 2632 esse
846 2585 1052 2640 ratum,
1100 2571 1246 2640 quod
1298 2570 1459 2627 iidem
1514 2573 1571 2627 in
1618 2575 1872 2631 ministro
1903 2589 1992 2630 re-

374 2674 592 2746 quirat,
642 2672 737 2726 sed
764 2666 888 2743 quia
917 2668 1078 2724 ﬁdem
1129 2670 1181 2724 in
1229 2668 1565 2737 suscipiente
1615 2670 1988 2727 necessariam

374 2764 651 2837 supponit,
700 2772 759 2819 ut
790 2758 974 2819 videre
1003 2772 1087 2818 est
1118 2763 1255 2817 libro
1278 2762 1313 2818 5
1339 2802 1353 2827 ,
1386 2758 1415 2831 §
1462 2760 1530 2825 8;
1561 2771 1617 2817 at
1645 2760 1717 2817 de
1747 2763 1815 2818 iis
1839 2764 1931 2835 qui
1958 2780 1988 2816 ει

377 2856 741 2917 schismaticis
762 2866 855 2913 aut
876 2856 1028 2911 malis
1053 2854 1316 2912 miniStris
1335 2853 1591 2924 baptizati
1623 2858 1834 2912 suntin
1859 2856 1988 2925 ﬁde,

378 2968 488 3008 non
520 2948 733 3006 dubitat
774 2948 903 3021 quin
935 2957 1106 3004 ratum
1137 2942 1325 3001 haberi
1364 2944 1564 3000 debeat
1610 2960 1805 3002 eorum
1848 2948 1990 3021 bap-

380 3049 568 3105 tisma.
618 3038 845 3103 Joannis
876 3042 1143 3114 baptismo
1177 3042 1349 3098 semel
1378 3044 1575 3096 tinctos
1604 3054 1734 3099 ante
1767 3043 1989 3098 institu-

381 3142 591 3198 tionem
620 3137 869 3209 baptismi
897 3132 1097 3193 Christi
1124 3136 1318 3191 iterum
1361 3132 1501 3190 lotos
1532 3149 1640 3188 non
1682 3150 1809 3192 esse
1838 3136 1987 3191 arbi-
2015 3124 2061 3185 C

296 3296 309 3303 κ
384 3238 581 3291 tratur.
641 3230 1015 3286 Exoreismum
1077 3237 1138 3283 ut
1183 3227 1344 3281 ritum
1402 3222 1678 3295 baptismo
1727 3227 1989 3295 praevium

384 3322 755 3386 commendat.
788 3321 1027 3378 Meminit
1056 3316 1369 3375 chrismatis
1415 3327 1689 3386 tamquam
1722 3318 1803 3373 rei
1836 3332 1985 3374 sanc-

386 3436 488 3491 ne,
523 3436 627 3478 nec
653 3435 761 3475 non
787 3430 839 3474 et
868 3416 1140 3472 unctionis
1163 3431 1280 3486 quae
1311 3413 1367 3467 in
1399 3411 1726 3483 baptismate
1755 3412 1871 3468 ﬁeri
1901 3427 1994 3468 so-

387 3516 556 3574 lebat.
598 3511 796 3568 Verbis
842 3509 979 3565 adeo
1007 3507 1307 3583 perspicuis
1336 3521 1491 3561 suam
1532 3512 1768 3559 mentem
1819 3505 1994 3576 aperit

389 3610 538 3666 circa
570 3598 773 3662 realem
819 3599 1075 3673 Corporis
1122 3608 1177 3656 et
1218 3597 1510 3668 Sanguinis
1554 3596 1755 3653 Christi
1798 3599 1854 3654 in
1886 3598 1995 3653 Eu-

391 3698 651 3760 charistia
683 3696 1048 3769 przeseutiam,
1074 3702 1130 3749 et
1155 3691 1301 3748 circa
1325 3689 1699 3746 adorationem
1723 3706 1843 3762 quae
1868 3690 1996 3749 huic

393 3801 660 3862 debetur,
712 3803 770 3848 ut
799 3791 930 3848 nihil
978 3786 1289 3861 cXpressius
1337 3785 1513 3856 Optari
1567 3795 1751 3855 queat.
1799 3785 1996 3841 Multas

393 3896 655 3951 observat
703 3886 1056 3946 caeremonias
1088 3881 1430 3955 pertinentes
1474 3876 1541 3933 ad
1568 3875 1993 3933 celebrationem

396 3981 753 4044 Eucharistia:
782 3994 941 4052 quam
973 3974 1228 4031 sacriﬁcii
1278 3971 1498 4028 nomine
1543 3968 1783 4040 insignit.
1818 3968 1896 4024 Ex
1930 3968 1996 4023 iis

396 4094 521 4152 qua:
551 4076 714 4142 dicit,
750 4080 896 4143 patet
924 4069 1066 4127 illius
1110 4077 1357 4136 tempore
1399 4061 1725 4118 sacriﬁcium
1758 4075 1856 4132 pro
1885 4068 1994 4117 tota

399 4169 646 4229 Ecclesia
674 4166 915 4223 oblatum
940 4162 1109 4219 fuisse
1130 4177 1145 4228 ;
1170 4160 1222 4215 in
1244 4174 1311 4215 eo
1328 4155 1665 4213 Dominicam
1691 4157 1995 4209 orationem

401 4263 623 4323 recitari
673 4257 1058 4316 consuevisse:
1113 4266 1269 4307 sacra
1313 4248 1588 4306 celebrata
1634 4261 1797 4317 super
1838 4246 1997 4305 altari

401 4358 588 4429 ligneo
611 4361 803 4408 ornato
829 4360 885 4408 et
904 4347 972 4406 ad
995 4344 1262 4417 majorem
1289 4343 1648 4399 reverentiam
1674 4340 1841 4396 linteo
1868 4354 1997 4395 coo-

406 4459 601 4523 perto;
644 4444 840 4501 calices
884 4450 1079 4496 aureos
1119 4446 1175 4494 et
1224 4442 1549 4505 argenteos,
1590 4440 1645 4488 et
1672 4440 1997 4487 ornamenta

2091 1836 2525 1897 Christianorum
2571 1840 2884 1910 complures
2923 1837 3091 1893 fuisse
3127 1848 3467 1909 compertum
3507 1850 3592 1896 est
3631 1854 3699 1895 ex

2092 1931 2284 1989 eodem
2313 1932 2511 2005 Optato
2546 1954 2558 1990 :
2592 1938 2703 1989 imo
2748 1931 3109 2003 quadraginta
3141 1943 3198 1988 et
3235 1935 3472 2006 amplius
3510 1935 3699 1990 Romae

2087 2026 2199 2097 jam
2232 2039 2346 2084 tum
2378 2030 2547 2086 fuisse
2575 2045 2697 2084 cum
2729 2027 2911 2082 Victor
2937 2041 2967 2080 a
3001 2025 3300 2083 Donatistis
3335 2029 3466 2085 illuc
3494 2029 3694 2084 missus

2092 2127 2176 2174 est
2205 2121 2516 2191 episcopus,
2538 2123 2692 2177 testis
2716 2128 2800 2177 est
2829 2118 2968 2174 libro
2992 2118 3188 2186 primo,
3215 2119 3242 2192 §
3270 2120 3322 2174 4.
3353 2120 3477 2175 Hate
3497 2129 3553 2175 et
3578 2120 3683 2175 alia

2096 2212 2405 2282 ltnjusmodi
2447 2216 2616 2270 multa
2665 2213 2834 2269 libros
2857 2211 3038 2281 Optati
3089 2223 3349 2269 accurate
3394 2213 3700 2284 legentibus

2094 2305 2385 2363 observato
2406 2307 2730 2378 dignissima
2759 2312 3077 2361 occurrent.

2166 2397 2246 2454 De
2272 2401 2409 2472 style
2442 2400 2641 2470 Optati.
2675 2428 2747 2441 --
2773 2397 2928 2465 Quod
2960 2396 3027 2452 ad
3057 2397 3259 2468 stylum
3291 2399 3409 2468 ejus
3437 2397 3696 2468 pertinet,

2095 2492 2419 2562 magniﬁcus
2444 2501 2564 2558 est,
2596 2490 2894 2547 vehemens
2918 2497 2974 2544 et
2999 2502 3225 2560 pressus
3243 2532 3258 2557 ,
3294 2488 3389 2543 sed
3415 2488 3596 2543 minus
3619 2486 3702 2542 nl-

2096 2584 2242 2640 tidus
2269 2599 2334 2641 ac
2365 2586 2590 2655 politus.
2614 2584 2761 2652 Quos
2786 2592 3090 2652 expugnat,
3119 2580 3321 2636 acriter
3345 2590 3533 2651 urget;
3567 2593 3704 2649 quos

2096 2687 2281 2733 narrat
2303 2688 2554 2743 eventus,
2589 2672 2764 2731 oculis
2789 2674 2944 2746 quasi
2971 2672 3227 2745 subjicit;
3269 2688 3393 2743 qua:
3423 2672 3544 2728 loca
3575 2686 3700 2741 pro-

2094 2769 2233 2838 fert,
2278 2770 2566 2841 ingeniose
2596 2768 2869 2838 explicat;
2898 2766 3255 2823 subtilissime
3297 2774 3353 2821 et
3389 2763 3702 2819 acutissime

2095 2874 2333 2918 mentem
2376 2877 2532 2917 suam
2564 2859 2856 2931 exprimit,
2900 2868 2954 2914 et
2981 2858 3161 2914 verbis
3204 2872 3269 2913 ac
3324 2856 3695 2911 locationibus

2093 2956 2264 3013 utitur
2290 2954 2357 3010 ad
2381 2969 2447 3010 ea
2477 2969 2598 3022 quae
2628 2967 2882 3024 promere
2904 2951 3017 3007 vult
3040 2948 3453 3021 signiﬁcandum
3476 2946 3696 3019 aptissi-

2098 3052 2222 3105 tuis.
2254 3048 2613 3105 Narrationes
2644 3049 2865 3103 lestivas
2904 3056 3068 3115 atque
3104 3044 3376 3115 jucundas
3428 3042 3700 3107 instituit,

2096 3159 2324 3215 quarum
2354 3143 2666 3213 exemplum
2693 3143 2736 3197 si
2764 3142 2887 3213 quis
2914 3140 3115 3195 habere
3139 3138 3287 3203 velit,
3317 3138 3459 3208 legat
3484 3138 3699 3194 descri—

2098 3236 2338 3306 ptiOnem
2380 3234 2636 3305 atteupii,
2677 3250 2798 3303 quae
2843 3233 3042 3289 librum
3069 3241 3281 3286 sextum
3318 3229 3559 3295 claudit,
3590 3244 3698 3301 qua

2097 3329 2234 3385 nihil
2273 3327 2581 3399 elegantius
2634 3338 2726 3383 aut
2784 3327 3104 3383 concinuius
3148 3325 3444 3396 excogitari
3500 3333 3698 3396 potest.

2096 3421 2218 3479 Uno
2248 3420 2415 3476 verbo
2447 3421 2593 3493 quod
2628 3430 2817 3478 auctor
2849 3420 3013 3490 hujus
3049 3418 3231 3487 operis
3273 3431 3482 3487 magna:
3520 3416 3703 3471 erudi-

2099 3514 2264 3571 tionis
2292 3526 2347 3568 et
2375 3514 2698 3570 excellentis
2746 3512 2949 3583 ingenii
2981 3511 3175 3579 fuerit,
3215 3525 3377 3566 nemo
3405 3526 3588 3567 rerutn
3629 3513 3701 3565 is-

2100 3618 2278 3664 tarum
2316 3606 2524 3677 peritus
2552 3606 2900 3663 inﬁci-ibitur.

2176 3702 2253 3757 De
2281 3702 2562 3771 allegorica
2594 3701 2913 3773 expositione
2942 3699 3234 3770 Scriptura
3271 3713 3427 3768 quam
3469 3697 3698 3768 sequitur

2105 3794 2349 3865 Optatus.
2377 3824 2450 3835 -—
2479 3794 2655 3851 Unum
2682 3803 2769 3851 est
2790 3793 2934 3863 quod
2964 3794 3017 3847 in
3045 3806 3112 3848 eo
3134 3790 3459 3862 reprehendi
3491 3799 3711 3862 posset,

2101 3887 2430 3958 allegoricus
2463 3887 2555 3942 ille
2586 3899 2780 3951 sensus
2822 3885 3121 3940 secundum
3153 3899 3311 3954 quem
3339 3882 3568 3953 plurima
3614 3897 3703 3936 sa-

2100 3994 2318 4035 crarnm
2343 3978 2668 4035 Litterarum
2702 3977 3004 4033 testimonia
3048 3974 3297 4046 exponit.
3334 3972 3530 4028 Vitiqu
3569 3972 3699 4028 illud

2100 4071 2250 4142 quod
2289 4070 2344 4126 in
2384 4071 2770 4126 coneionatore
2812 4067 3101 4124 ferendum
3144 4076 3319 4129 esset,
3366 4068 3456 4119 vix
3499 4064 3702 4120 condo-

2100 4162 2341 4220 nandum
2382 4162 2597 4217 videtur
2632 4161 2837 4216 auctori
2888 4159 3153 4231 poletnieo
3194 4155 3472 4226 religionis
3517 4165 3701 4226 partes

2100 4257 2363 4313 adversus
2401 4254 2689 4309 haereticos
2726 4252 2942 4323 agenti,
2980 4248 3178 4322 quibus
3223 4248 3279 4303 in
3316 4245 3703 4304 controversiis

2104 4352 2260 4406 ﬁrma
2286 4357 2340 4403 et
2371 4346 2675 4405 indubitata
2700 4354 2914 4416 oportet
2937 4359 3061 4399 esse
3090 4348 3428 4425 argumenta.
3462 4338 3567 4395 Sed
3594 4338 3702 4408 0p-

2104 4453 2218 4501 tato
2242 4455 2333 4501 res
2354 4449 2473 4499 erat
2498 4456 2619 4499 cont
2643 4440 2972 4497 adversariis
2997 4438 3086 4508 qui
3112 4438 3304 4494 eadem
3338 4435 3545 4492 ratione
3569 4448 3700 4504 age-

405 4514 645 4600 adhibita
670 4538 856 4593 fuisse.
895 4531 1201 4590 Ecelesiam
1241 4529 1318 4585 ait
1347 4542 1475 4583 suos
1520 4525 1720 4583 habere
1745 4523 1957 4595 jndices
1979 4566 1992 4591 ,

2100 4541 2265 4607 bant,
2292 4547 2349 4594 et
2384 4536 2682 4608 Scriptura
2723 4532 3050 4591 testimoniis
3079 4532 3472 4595 abutebantnr,
3506 4537 3565 4582 ut
3595 4526 3698 4581 Ec-

406 4632 571 4709 plecti
594 4630 818 4687 erimina
844 4670 860 4696 ,
894 4636 946 4683 et
974 4621 1311 4697 paenitentiae
1341 4618 1533 4690 subjici
1573 4631 1669 4673 eos
1697 4616 1791 4689 qui
1815 4618 1997 4688 gravia

409 4736 632 4802 peccata
663 4722 948 4780 admisisse
974 4736 1034 4778 se
1060 4718 1420 4779 confitentur,
1452 4725 1546 4770 aut
1573 4728 1763 4769 eorum
1792 4712 1868 4767 rei
1900 4726 2000 4782 pe-

408 4827 690 4890 raguntur.
725 4814 1101 4886 Virginitatem
1143 4807 1360 4874 laudat,
1392 4805 1487 4862 sed
1521 4804 1588 4860 ad
1615 4819 1734 4861 eam
1766 4818 2000 4859 servan-

410 4912 537 4967 dam
568 4924 678 4965 non
703 4904 1025 4966 vultteneri,
1045 4902 1149 4958 nisi
1180 4915 1276 4963 eos
1303 4901 1393 4971 qui
1412 4906 1541 4952 voto
1555 4912 1674 4955 sese
1694 4896 2003 4955 obstrinxe-

409 5003 527 5060 rint
570 5019 583 5054 :
639 4998 869 5054 advertit
916 5004 1074 5051 aetate
1105 5007 1200 5049 sna
1231 4989 1470 5062 virgines
1495 5006 1614 5059 quae
1644 5004 1704 5045 se
1727 4988 1840 5045 Deo
1869 5002 2003 5044 cou—

411 5090 732 5161 secrabant,
760 5098 945 5146 votum
975 5083 1104 5143 illud
1148 5083 1465 5140 solemniter
1492 5097 1834 5153 nuncupasse
1855 5120 1870 5146 ,
1913 5095 2005 5142 ea-

412 5201 644 5258 rumque
688 5184 849 5257 eapiti
880 5178 1115 5238 mitellas
1143 5178 1426 5249 impositas
1476 5176 1641 5234 fuisse
1665 5216 1680 5242 ,
1704 5174 1851 5247 quod
1896 5175 2004 5233 voti

412 5281 488 5337 ab
535 5279 663 5350 ipsis
691 5276 877 5334 emissi
931 5271 1189 5328 indicium
1216 5278 1354 5326 erat.
1399 5269 1611 5338 Quanta
1657 5269 2004 5325 veneratione

413 5372 534 5430 suis
553 5370 882 5443 temporibus
911 5365 1243 5424 Sanctorum
1273 5362 1516 5432 reliquiae
1541 5361 1854 5417 colerentur
1873 5402 1888 5425 ,
1918 5375 2007 5416 sa-

418 5466 492 5522 tis
516 5471 742 5519 testatur
768 5477 892 5517 cnm
936 5457 1024 5513 de.
1046 5454 1251 5513 tumulo
1282 5455 1562 5515 beatorum
1594 5453 1741 5509 Petri
1769 5462 1823 5507 et
1849 5451 2021 5508 Pauli.

415 5558 584 5616 verba
630 5556 787 5622 facit,
844 5553 973 5610 dum
1026 5551 1247 5609 Lucillte
1307 5546 1508 5605 factum
1580 5549 1849 5620 improbat
1888 5561 2009 5620 qua:

417 5647 884 5725 pseudomartyris
922 5654 1017 5701 aut
1062 5645 1257 5700 saltem
1287 5641 1527 5698 nondum
1578 5639 1831 5697 vindicati
1866 5656 2008 5698 mar-

417 5742 561 5822 tyris
590 5758 650 5800 os
680 5737 850 5799 libare
878 5738 1187 5808 dicebatur,
1233 5744 1289 5795 et
1326 5752 1449 5793 cum
1477 5726 1545 5793 de
1575 5729 1642 5794 iis
1668 5750 1805 5808 quos
1827 5736 2007 5799 Dona-

2103 4636 2323 4692 clesiam
2348 4632 2811 4689 calumniarentur
2825 4638 2880 4684 et
2901 4637 3104 4683 sectam
3128 4641 3281 4682 suam
3300 4623 3698 4681 collaudarent.

2106 4727 2291 4784 Videri
2317 4737 2545 4797 possunt
2571 4723 2880 4782 testimonia
2902 4736 2931 4776 a
2958 4720 3319 4776 Parmeniano
3344 4719 3396 4771 in
3418 4716 3521 4771 hoc
3537 4726 3704 4783 opere

2106 4818 2322 4875 laudata
2349 4857 2363 4883 ,
2397 4833 2520 4888 quae
2580 4818 2633 4874 in
2685 4829 2905 4872 sensum
2936 4812 3161 4868 omnino
3204 4809 3443 4866 alienum
3489 4805 3559 4863 ab
3584 4805 3705 4873 ipso

2107 4910 2520 4980 detorquentur.
2576 4911 2668 4965 llis
2711 4904 3137 4969 animadversis,
3180 4911 3351 4960 restat
3376 4912 3437 4957 ut
3463 4898 3591 4972 quid
3644 4897 3700 4955 in

2112 5003 2215 5059 hae
2246 5003 2485 5059 editione
2515 5001 2696 5074 Optati
2727 5016 2756 5055 a
2782 4998 2938 5056 nobis
2974 4995 3279 5069 praestitum
3328 4993 3492 5052 fuerit
3536 5004 3706 5062 expo-

2112 5110 2328 5151 namus.

2114 5227 2201 5286 Ill.
2241 5257 2313 5270 ——
2349 5242 2417 5284 ns
2455 5240 2559 5284 me
2598 5242 2739 5284 nova
2777 5241 2973 5282 orrtt'rt
3014 5238 3317 5291 unauana,
3363 5230 3710 5283 Αιιοειυιίρυε

2182 5339 2250 5379 ΑΙ)
2287 5334 2611 5378 ΒΟΝᾹΤΙΕΤΑὸ
2649 5332 3044 5377 PEBTINBNTIUI
3084 5324 3521 5374 ﬂONUIENTOBUK
3588 5324 3706 5365 EDI-

2185 5428 2346 5472 TIONE
2357 5456 2369 5469 .

2191 5550 2330 5621 Quid
2374 5566 2407 5604 a
2447 5548 2595 5607 nobis
2635 5549 2943 5625 pra-uitam.
2967 5577 3038 5589 —
3071 5544 3129 5603 ln
3158 5551 3388 5615 quatuor
3443 5544 3716 5603 ρι’ωςψιιθ

2117 5652 2366 5705 versatus
2395 5652 2482 5701 est
2513 5643 2667 5704 labor
2713 5649 2938 5715 noster;
2982 5642 3039 5705 in
3066 5630 3406 5699 emendando
3434 5634 3616 5687 textu;
3666 5626 3719 5681 in

2121 5739 2275 5797 novis
2334 5737 2477 5799 notis
2531 5736 2921 5807 conﬁciendis,
2974 5745 3067 5803 aut
3109 5731 3334 5811 aliorum
3378 5715 3724 5778 observatio-
