4198 6160
495 271 600 328 767

1476 274 1533 329 S.
1594 271 1846 331 OPTATI
1891 275 2182 337 OPERUM
2235 284 2771 344 PROLEGOMENA.

3684 290 3787 345 768

495 385 655 441 nibus
684 383 944 451 edendis;
994 385 1047 440 in
1076 383 1402 454 adjiciendis
1432 386 1706 442 veteribus
1755 403 2084 446 monumen-
2112 397 2164 455 Δ
2195 396 2351 468 isque
2389 401 2802 470 antiquissimus
2840 408 2923 457 est
2962 400 3130 457 codex
3172 401 3231 459 S.
3285 401 3612 459 Theodorici
3653 405 3794 473 apud

499 477 571 533 tis
618 475 686 531 ad
742 476 1024 531 historiam
1082 476 1484 533 Donatistarum
1546 479 1983 549 pertinentibus;
2034 484 2090 538 in

495 567 726 625 texenda
756 568 997 623 breviter
1029 567 1189 638 hujus
1213 567 1528 625 schismatis
1557 571 1625 627 ab
1646 570 1765 643 ejus
1785 574 1997 646 origine
2024 576 2090 631 ad

501 662 664 716 littem
697 676 868 731 usque
899 660 1148 717 historia.

572 751 765 808 Textus
794 752 973 825 Optati
1020 755 1123 810 huc
1172 772 1332 827 usque
1370 761 1813 829 corruptissimus.
1873 762 2097 819 Enume-

498 845 632 901 ratio
685 846 1087 918 praedantium
1144 848 1447 905 editionum.
1502 851 1851 923 Manuscripti
1895 856 2097 912 codices

497 940 681 1010 quibus
727 941 810 995 usi
837 956 1036 995 smnus.
1070 956 1139 981 -—‘-
1167 939 1346 1013 Optati
1389 952 1569 999 textus
1619 948 1723 1001 huc
1761 963 1931 1019 usque
1977 965 2100 1006 cor-

499 1031 848 1103 ruptissimus
878 1032 996 1087 fuit.
1028 1031 1195 1106 Typis
1227 1034 1460 1105 primum
1490 1051 1726 1094 excusus
1750 1049 1834 1093 est
1879 1040 2101 1111 Mogun-

502 1126 594 1180 tiae
619 1139 764 1181 anno
791 1125 954 1192 1549,
988 1141 1118 1181 cura
1150 1126 1377 1183 Joannis
1405 1127 1666 1184 Cochlaai.
1708 1129 1871 1185 Plura
1914 1134 1965 1186 in
1998 1132 2102 1189 hac

503 1218 745 1276 editione
773 1219 1005 1286 menda,
1062 1236 1221 1289 quam
1264 1236 1453 1277 versus
1499 1223 1667 1279 fuisse
1715 1223 1948 1280 afﬁrmat
1978 1226 2104 1282 Bal-

503 1313 703 1370 duinns
728 1356 742 1381 ,
770 1314 863 1387 qui
902 1332 1097 1372 novam
1148 1319 1307 1389 hujus
1336 1320 1524 1390 operis
1545 1320 1837 1377 editionem
1879 1324 2103 1387 Parisiis

500 1404 785 1461 adornavit
812 1422 960 1462 anno
993 1409 1153 1476 1565,
1198 1410 1415 1481 adjutus
1440 1412 1735 1467 collatione
1773 1416 2102 1485 exemplaris

506 1498 857 1568 manuscripti
898 1499 1041 1569 quod
1074 1501 1173 1571 ipsi
1226 1503 1719 1559 communicaverat
1744 1505 2092 1575 ESpettS:t.'uS,

504 1588 829 1647 Parisiensis
885 1592 1195 1663 Theologus
1253 1593 1394 1649 hattd
1435 1595 1706 1667 ignobilis.
1751 1598 1860 1653 Sex
1896 1607 2100 1653 tantum

504 1683 675 1740 libros
701 1686 911 1756 priores
932 1685 1247 1742 continebat
1272 1688 1460 1743 isthaec
1473 1688 1639 1745 editio
1660 1706 1674 1755 ;
1706 1690 1801 1746 sed
1815 1692 2101 1760 septimum

2201 490 2438 547 lihemos
2468 490 2934 563 septingentorum
2973 494 3039 549 ad
3070 494 3246 549 minus
3275 509 3561 549 annorum.
3593 494 3795 553 Secun-

2199 583 2300 637 dus
2331 600 2436 639 non
2483 585 2700 655 quidem
2744 586 2986 656 ejusdem
3038 586 3403 658 antiquitatis,
3437 588 3533 642 sed
3582 589 3793 660 optimae

2200 686 2343 732 nota:
2372 687 2456 732 est
2483 680 2885 748 manuscriptns
2931 678 3103 734 codex
3140 679 3194 736 S.
3231 678 3489 735 Germani
3525 695 3555 735 a
3587 680 3792 749 Pratis,

2200 769 2290 838 qui
2320 784 2449 824 sane
2480 770 2954 825 emendatissitnns
2986 782 3089 825 est.
3117 768 3359 825 Tertium
3382 813 3395 837 ,
3428 773 3518 841 qui
3549 771 3647 827 fuit
3668 773 3793 829 olim

2200 859 2446 915 Macerzei
2489 860 2749 931 Theologi
2791 861 3149 927 Parisiensis,
3193 861 3322 916 mihi
3368 863 3797 921 subministravit

2201 951 2715 1021 PhilippnsSilvius,
2730 968 2899 1007 sacrm
2915 953 3204 1009 Facultatis
3226 955 3544 1011 Parisiensis
3566 956 3792 1028 Doctor,

2204 1046 2256 1098 in
2288 1045 2442 1113 cujus
2472 1060 2663 1101 manus
2709 1046 2985 1115 pervenit,
3020 1048 3306 1102 recentiori
3346 1064 3504 1103 manu
3542 1059 3797 1106 exaratos

2203 1153 2268 1193 ac
2297 1137 2452 1192 valde
2474 1139 2785 1194 mendosus.
2820 1140 3056 1207 Quartus
3086 1148 3168 1194 est
3194 1143 3594 1210 manuscriptus
3625 1142 3797 1198 codex

2205 1228 2263 1283 S.
2300 1229 2447 1283 Pauli
2476 1230 2907 1284 Cormaricensis
2938 1245 3106 1299 prope
3137 1230 3409 1296 Turones,
3454 1233 3546 1301 qui
3570 1249 3714 1289 nunc
3744 1234 3797 1288 in

2207 1321 2538 1376 Bibliotheca
2575 1321 2886 1376 Colbcrtina
2918 1338 3144 1376 numero
3181 1322 3315 1378 193i
3345 1365 3359 1388 ,
3387 1325 3660 1395 ascriptus
3690 1335 3794 1382 est.

2156 1442 2159 1445 -
2204 1412 2598 1467 Sexcentorum
2632 1421 2687 1466 et
2730 1413 2961 1481 amplius
2998 1427 3261 1468 annorum
3294 1422 3377 1469 est
3415 1414 3517 1470 iste
3546 1416 3715 1472 codex
3745 1425 3802 1472 et

2207 1506 2426 1571 Optume
2456 1514 2617 1571 notat,
2643 1513 2805 1575 atque
2837 1504 3041 1558 utinam
3074 1519 3267 1559 omnes
3288 1505 3467 1573 Optati
3500 1506 3625 1561 libri
3656 1508 3707 1562 in
3735 1522 3802 1562 eo

2208 1598 2500 1653 etiamnum
2525 1598 2949 1652 haberentunat
2972 1597 3113 1667 quod
3138 1596 3428 1653 dolemlum
3453 1598 3799 1666 intercidere,

2211 1689 2334 1743 folia
2360 1705 2481 1760 quae
2504 1690 2713 1759 priores
2738 1689 2980 1758 quinque
3009 1689 3177 1743 libros
3201 1689 3553 1745 continebant
3572 1705 3637 1744 ac
3665 1690 3805 1746 sexti

504 1775 666 1844 paulo
692 1788 812 1845 poSt
840 1776 1223 1834 minutioribus
1248 1780 1616 1836 caracteribus
1642 1790 1926 1837 exaratum
1952 1782 2104 1853 adje—
2138 1789 2182 1848 Β
2213 1783 2445 1836 initium.
2486 1782 2689 1836 Praeter
2717 1780 2834 1837 haec
2875 1780 3142 1835 habentur
3186 1782 3237 1835 in
3289 1780 3389 1835 hoc
3435 1782 3805 1851 manuscripto

507 1874 722 1922 cerunt.
770 1868 841 1923 At
867 1868 1296 1926 emendatiorem
1345 1873 1570 1927 alteram
1613 1874 1909 1931 editionem
1963 1876 2105 1932 idem

507 1970 651 2013 anno
674 1959 838 2023 1569,
858 1960 1086 2041 Parisiis
1111 1962 1227 2017 fieri
1250 1966 1462 2020 curavit
1486 1966 1697 2022 duobus
1723 1970 2107 2039 manuscriptis

509 2064 676 2118 usus,
707 2066 938 2122 quorum
983 2070 1147 2109 unum
1179 2056 1412 2113 debebat
1450 2059 1645 2115 Joanni
1672 2061 1812 2116 Tilio
1849 2064 2107 2135 episcopo

510 2139 812 2207 Meldensi,
861 2145 1094 2202 alterum
1138 2148 1402 2205 Maceraeo
1442 2151 1721 2225 Tlteologo
1767 2154 2107 2211 Parisiensi:

509 2231 705 2289 borum
732 2250 837 2306 ope
866 2237 1036 2293 multa
1083 2239 1199 2296 loca
1238 2242 1510 2312 restituit;
1568 2244 1769 2301 fatetur
1818 2258 1996 2303 tamen
2051 2247 2104 2302 in

412 2320 415 2329 '
510 2325 838 2385 Pro-latione
861 2330 1025 2386 multa
1057 2331 1235 2389 adhuc
1264 2335 1481 2404 menda,
1516 2338 1717 2394 multas
1751 2340 1971 2396 lacunas
2015 2358 2106 2397 su-

510 2433 754 2489 peresse.
796 2420 959 2478 Juxta
986 2423 1280 2481 editionem
1313 2428 1462 2484 illam
1492 2428 1922 2487 Commeliniana
1966 2432 2106 2488 facta

507 2522 592 2567 est
621 2528 764 2569 anno
804 2514 966 2571 1599.
1013 2517 1227 2575 Saecula
1273 2532 1539 2592 sequente
1582 2523 1962 2595 Albaspinaus
1992 2528 2108 2597 epi-

508 2619 707 2675 scopns
727 2607 1137 2667 Aurelianensis
1156 2654 1171 2678 ,
1201 2616 1290 2685 qni
1318 2614 1432 2671 fere
1457 2618 1663 2685 primus
1684 2635 1715 2671 e
1743 2620 1944 2675 nostris
1970 2622 2110 2675 anti-

513 2713 634 2765 qua:
662 2697 919 2756 Ecclesia:
949 2702 1251 2775 disciplina:
1279 2706 1617 2764 illustrandae
1644 2711 1791 2766 serio
1825 2713 2105 2778 incubuit,

512 2791 771 2848 librorum
798 2794 978 2865 Optati
1019 2814 1215 2854 novam
1244 2800 1541 2857 editionem
1574 2804 1796 2860 molitus
1826 2819 1907 2861 est
1932 2848 1945 2869 ,
1987 2823 2107 2878 qua:

511 2885 733 2943 Parisiis
763 2891 947 2946 statim
978 2892 1047 2948 ab
1072 2893 1192 2964 ejus
1217 2904 1393 2953 morte
1423 2898 1625 2968 prodiit
1666 2915 1808 2955 anno
1842 2902 2005 2957 1651.
2041 2901 2110 2957 At

510 2988 720 3036 tantum
764 2982 923 3039 abest
948 2995 1006 3040 ut
1047 2989 1097 3041 in
1150 2987 1252 3043 hac
1280 2990 1521 3046 editione
1564 3002 1744 3049 textus
1788 2996 2110 3053 emendatus

517 3071 721 3142 fuerit,
765 3086 877 3134 ute
905 3088 1095 3135 contra
1137 3092 1342 3138 scatcat
1372 3086 1671 3143 innumeris
1706 3091 1916 3145 mendis
1958 3100 2113 3163 typo-

2210 1875 2397 1930 codice
2436 1883 2787 1929 monumenta
2814 1873 2879 1928 ad
2912 1883 3153 1928 veterum
3196 1874 3596 1929 Donatistarum
3637 1875 3805 1928 histo-

2212 1968 2343 2021 riam
2371 1967 2693 2036 pertinentia
2715 2008 2729 2032 ,
2763 1980 2884 2034 quae
2913 1967 2965 2021 in
2994 1967 3141 2020 nullo
3170 1966 3279 2021 alio
3306 1968 3676 2038 manuscripto
3713 1982 3807 2023 co—

2210 2062 2328 2116 dice
2360 2061 2604 2130 reperire
2640 2070 2741 2117 est.
2782 2060 2890 2117 Hoc
2922 2070 3102 2115 autem
3131 2062 3276 2116 circa
3311 2062 3444 2117 istos
3473 2063 3688 2117 codices
3711 2062 3806 2117 ob—

2210 2154 2559 2221 servandum,
2584 2154 2830 2210 codicem
2856 2153 3091 2225 Philippi
3116 2154 3267 2209 Silvii
3289 2155 3457 2209 videri
3489 2166 3801 2225 excerptum

2209 2264 2238 2301 a
2293 2248 2481 2303 codice
2540 2248 2596 2303 S.
2650 2247 3015 2314 Theoderici,
3062 2256 3117 2302 et
3160 2248 3403 2304 codicem
3434 2247 3542 2304 San
3583 2249 3807 2305 Germa-

2209 2354 2435 2394 nensem
2462 2355 2530 2394 ex
2563 2341 2987 2396 Cormaricensi.
3040 2341 3243 2396 llorum
3286 2356 3390 2411 ope
3429 2341 3675 2397 codicum
3716 2342 3805 2397 vix

2209 2432 2314 2488 dici
2351 2442 2531 2503 potest
2569 2442 2702 2503 quot
2733 2434 2851 2488 loca
2880 2434 3312 2500 restituerimus;
3341 2444 3595 2505 corrupta
3621 2450 3806 2491 emcn-

2209 2524 2477 2591 davimus,
2507 2524 2687 2579 luxata
2724 2525 2837 2580 suis
2872 2527 3209 2581 restituimus
3236 2526 3372 2582 locis
3395 2570 3410 2595 ,
3442 2527 3645 2582 omissa
3681 2542 3805 2598 sup-

2210 2618 2513 2686 plcvimus,
2558 2619 2789 2674 nscititia
2829 2620 3231 2683 resecavimus;
3279 2634 3387 2674 uno
3418 2619 3590 2675 verbo
3630 2628 3806 2675 textus

2208 2709 2393 2780 Optati
2431 2711 2614 2787 nativo
2652 2711 2928 2780 splendori
2971 2713 3254 2779 restitutus
3285 2712 3495 2782 integer
3524 2721 3581 2768 et
3626 2728 3780 2768 einen

2210 2804 2366 2859 datus
2410 2805 2609 2874 prodit.
2644 2804 2982 2876 Cenjecturis
3031 2807 3118 2860 vix
3161 2806 3450 2877 quidquam
3487 2806 3809 2863 indulsimus

2211 2896 2311 2950 nisi
2367 2898 2754 2969 manuscriptis
2800 2897 3080 2954 codicibus
3126 2898 3317 2953 innixi.
3363 2898 3651 2955 Variantes
3694 2900 3806 2955 lec-

2213 2992 2388 3047 tiones
2407 2994 2698 3060 separatim
2722 3008 2753 3048 a
2783 2995 2923 3047 notis
2943 2993 2996 3047 in
3023 2995 3129 3048 line
3150 2992 3580 3064 uniuscujusque
3602 2993 3808 3065 pagime

2212 3068 2599 3153 asciipsitnus,
2641 3100 2710 3139 ex
2754 3085 2948 3155 quibus
2998 3085 3315 3154 intelligitur
3340 3095 3473 3156 quot
3518 3094 3571 3141 et
3599 3095 3795 3154 quanta

514 3169 789 3239 graphicis
809 3213 824 3237 ,
847 3187 981 3243 quas
1004 3174 1228 3231 editoris
1254 3176 1460 3233 incuria
1491 3195 1679 3248 parum
1706 3183 1868 3236 cavit.
1898 3183 2102 3239 Eodem

2213 3176 2421 3230 sublata
2452 3176 2561 3231 sint
2600 3192 2627 3230 a
2669 3177 2823 3231 nobis
2850 3176 3043 3232 menda
3088 3187 3142 3232 et
3167 3187 3343 3232 errata
3367 3218 3382 3245 ,
3414 3186 3469 3233 et
3512 3190 3645 3248 quot
3694 3179 3807 3232 loca

515 3274 661 3317 anno
716 3262 948 3321 Mericus
996 3264 1355 3324 Casaubonus
1386 3270 1554 3326 edidit
1609 3272 1842 3330 Londini
1898 3289 2108 3344 septem

516 3352 700 3424 Optati
729 3357 928 3424 libros,
960 3360 1056 3416 sed
1106 3362 1158 3415 in
1185 3365 1526 3420 emendando
1554 3366 1657 3421 hoc
1685 3379 1908 3425 auctore
1964 3374 2113 3426 nullo

518 3461 647 3502 usus
668 3457 752 3503 est
784 3451 971 3507 codice
997 3455 1400 3525 manuscripto,
1438 3466 1493 3511 et
1522 3472 1588 3512 ex
1626 3460 1954 3528 conjectnris
1996 3473 2116 3517 tan-

515 3541 798 3596 tummodo
822 3543 938 3598 loca
970 3545 1144 3600 multa
1167 3584 1182 3611 ,
1224 3561 1317 3602 seu
1349 3559 1533 3615 recte,
1570 3563 1665 3604 seu
1697 3566 1979 3620 perperam
2012 3554 2114 3608 int-

520 3636 767 3690 mutavit.
808 3636 1222 3695 Eruditissimns
1262 3641 1558 3713 Rigaltius,
1605 3642 1944 3701 Tertulliano
1969 3688 1984 3710 ,
2020 3649 2115 3703 Illi-

517 3729 671 3783 nutio
708 3738 759 3784 et
803 3728 1077 3803 Cypriane
1136 3734 1190 3787 in
1230 3734 1401 3789 lucem
1444 3734 1641 3803 editis,
1665 3736 1919 3808 Optatum
1951 3742 2111 3796 etiam

516 3820 718 3877 addere
746 3833 1045 3889 statuerat,
1075 3836 1128 3880 et
1158 3828 1431 3897 conjicere
1472 3830 1595 3885 licet
1626 3846 1747 3885 eum
1766 3873 1781 3896 ,
1818 3847 1940 3887 cum
1972 3844 2115 3889 esset

517 3913 653 3967 artis
681 3915 885 3971 critica:
933 3918 1293 3987 peritissimus
1336 3935 1401 3975 ac
1448 3922 1500 3975 in
1548 3924 1870 3993 antiquitate
1910 3934 1966 3979 et
2003 3940 2117 3979 ma-

519 4007 922 4078 nuscriptorum
950 4009 1198 4066 codicum
1238 4014 1429 4067 notitia
1471 4014 1875 4071 versatissimus
1897 4058 1911 4079 ,
1946 4017 2111 4072 multa

520 4101 700 4171 tnagni
740 4103 1002 4158 momenti
1049 4105 1244 4159 menda
1275 4106 1684 4176 abstersurum,
1736 4119 1897 4179 atque
1943 4110 2012 4165 ab
2047 4125 2114 4165 eo

518 4191 699 4262 Optati
758 4203 962 4250 textum
1011 4194 1065 4250 in
1113 4194 1381 4266 integrum
1429 4200 1740 4255 restitutum
1775 4200 1840 4255 iri
1875 4219 1886 4253 :
1923 4216 2112 4255 verum

518 4295 810 4356 antequam
836 4302 975 4358 opus
1013 4288 1147 4344 illud
1190 4289 1580 4361 aggrederetur
1608 4308 1641 4348 e
1686 4294 1823 4347 vivis
1860 4291 2113 4349 excessit.

518 4382 762 4452 Denique
781 4381 1023 4438 Priorius
1052 4399 1206 4440 novae
1228 4385 1488 4442 librorum
1511 4385 1691 4456 Optati
1714 4386 1963 4452 editioni,
1995 4402 2116 4456 quae

521 4474 745 4531 Parisiis
794 4476 1054 4545 impensis
1092 4478 1315 4534 Joannis
1361 4481 1563 4551 llupuis
1613 4479 1926 4551 Bibliopolas
1980 4482 2112 4536 facta

2217 3267 2450 3323 obscura
2497 3283 2562 3323 ac
2591 3283 2784 3324 sensus
2833 3268 2990 3337 plane
3030 3283 3197 3323 vacua
3249 3269 3428 3324 lucem
3481 3269 3807 3341 acceperint.

2215 3358 2343 3415 Haec
2370 3362 2549 3430 quoad
2590 3361 3028 3416 emendationem
3071 3372 3285 3429 textus,
3315 3363 3401 3417 cui
3444 3375 3710 3433 przeterea
3744 3366 3811 3420 il-

2217 3455 2497 3510 luSIrando
2540 3471 2644 3510 non
2676 3470 2865 3526 parum
2893 3456 3150 3511 conducit
3176 3456 3293 3526 ejus
3336 3457 3390 3512 in
3428 3459 3686 3513 articulos
3723 3469 3811 3513 aut

2219 3552 2582 3621 paragraphos
2612 3551 2905 3616 distinctio,
2941 3566 3063 3607 cum
3092 3551 3348 3607 brevibus
3380 3555 3714 3623 argumentis
3745 3553 3810 3607 ad

2217 3647 2514 3714 marginem
2566 3644 2858 3713 appositis,
2893 3644 3036 3715 quod
3093 3644 3334 3700 nondum
3379 3660 3410 3700 a
3442 3662 3710 3718 quoquam
3758 3649 3810 3701 in

2216 3736 2396 3806 Optati
2426 3736 2578 3792 libris
2608 3737 2908 3806 praestitum
2941 3736 3137 3791 fuerat.

2289 3828 2442 3896 Quod
2476 3837 2680 3899 spectat
2705 3827 2772 3882 ad
2798 3839 2975 3895 notas,
3003 3843 3199 3899 paucas
3229 3844 3385 3896 sane,
3415 3829 3608 3885 breves
3637 3839 3690 3885 et
3715 3845 3813 3885 ne-

2218 3922 2484 3977 ccss:tri:ts
2526 3921 2595 3976 de
2640 3936 2779 3976 novo
2823 3919 3159 3977 confecimus
3185 3963 3198 3986 ,
3244 3937 3309 3976 ac
3339 3923 3565 3994 singulis
3609 3923 3815 3993 paginis

2220 4025 2341 4084 post
2370 4015 2641 4068 variantes
2684 4014 2948 4068 lectiones
2976 4030 3077 4067 una
3109 4029 3233 4068 cum
3275 4015 3418 4069 notis
3446 4015 3770 4084 Albaspinzei
3796 4057 3812 4078 ,

2219 4105 2403 4181 Merici
2429 4104 2759 4169 Casauboni,
2779 4104 3003 4173 Bartltii,
3018 4114 3072 4160 ει
3098 4104 3291 4159 incerti
3322 4105 3614 4175 Scriptoris
3633 4106 3817 4175 subje-

2219 4198 2395 4253 cimus
2435 4198 2725 4252 :Balduini
2767 4212 2896 4251 vero
2935 4197 3349 4253 observationes
3393 4207 3449 4252 et
3488 4198 3815 4269 Albaspinati

2219 4291 2539 4361 appendicis
2569 4290 2688 4347 loco
2712 4290 2869 4345 libris
2889 4288 3071 4360 Optati
3099 4290 3339 4359 integras
3360 4289 3689 4359 adjecimus;
3718 4289 3815 4345 sed

2221 4391 2536 4454 repurgatas
2566 4384 2635 4438 ab
2665 4382 2964 4437 innumeris
3003 4381 3215 4437 mendis
3257 4382 3662 4454 typographicis
3697 4399 3816 4452 qure

2224 4477 2280 4531 in
2306 4477 2636 4532 editionibns
2653 4476 2980 4545 Albaspinazi
3005 4487 3060 4531 et
3078 4476 3271 4531 Priorii
3299 4478 3652 4548 irrepserant.
3669 4477 3818 4531 Prio-

519 4576 634 4631 est,
668 4567 903 4636 praefuit.
938 4570 986 4625 Is
1026 4574 1080 4626 in
1122 4574 1330 4627 monito
1356 4572 1423 4627 ad
1455 4572 1739 4629 Lectorem
1779 4574 1977 4628 fatetur
1997 4587 2115 4627 cor-
2145 4562 2201 4622 D
2226 4570 2291 4626 rii
2323 4583 2480 4627 notas
2502 4586 2608 4625 non
2635 4571 3204 4640 prtetermisissemus,
3234 4572 3277 4625 si
3306 4572 3430 4641 quid
3464 4572 3515 4625 in
3544 4574 3628 4626 eis
3652 4585 3816 4642 quan-

521 4661 891 4730 rnptissintnm
923 4677 1047 4720 esse
1072 4671 1280 4720 textum
1303 4664 1481 4735 Optati
1517 4681 1530 4717 :
1562 4676 1617 4718 at
1643 4678 1750 4719 non
1788 4672 1993 4719 tantum
2025 4664 2119 4721 ille

519 4753 654 4807 nihil
683 4754 977 4827 quidquam
1003 4756 1259 4826 praestitit
1283 4765 1340 4809 nt
1368 4755 1708 4811 emendatior
1729 4755 1991 4826 prodiret,
2022 4757 2118 4811 sed

521 4854 577 4900 et
598 4847 923 4919 negligentia
954 4863 1049 4903 sua
1081 4862 1223 4903 nova
1245 4848 1486 4918 irrepere
1505 4848 1633 4902 sivit
1660 4847 1712 4902 in
1735 4858 1938 4904 textum
1962 4852 2120 4926 σφάλ-

521 4962 693 5013 ματα,
745 4940 870 5011 quid
912 4941 1114 5012 facias,
1173 4940 1373 5010 inquit,
1433 4941 1518 4995 ubi
1553 4941 1998 5015 meliorissnotw
2033 4963 2120 5000 co-

519 5032 695 5088 dicum
722 5033 950 5087 maxima
980 5032 1198 5103 penuria
1224 5042 1318 5087 est.
1366 5031 1513 5087 Nihil
1540 5034 1791 5103 equidem
1833 5038 1878 5091 si
1927 5039 1996 5091 ita
2027 5054 2117 5094 res

519 5136 688 5182 esset.
733 5129 803 5180 At
844 5125 974 5180 licet
1016 5125 1124 5178 rari
1155 5125 1266 5180 sint
1304 5126 1596 5183 admodum
1641 5131 1992 5202 manuscripti
2022 5147 2116 5187 co-

521 5216 672 5273 dices
705 5215 924 5284 Optati,
959 5232 1066 5271 non
1115 5227 1291 5274 tamen
1339 5221 1563 5277 omnino
1612 5222 1747 5278 nulli
1772 5232 1935 5287 sunt;
1969 5235 2023 5278 et
2071 5225 2115 5279 si

521 5298 608 5367 vel
658 5312 931 5382 paululum
977 5314 1272 5386 diligentiae
1311 5319 1682 5386 adhibuisset,
1727 5323 1815 5377 vix
1858 5321 1975 5377 ﬁeri
2022 5337 2120 5393 po-

521 5409 718 5465 tuisset
759 5410 888 5480 quin
947 5410 1001 5466 in
1034 5427 1199 5469 unum
1243 5423 1337 5468 aut
1376 5414 1607 5473 alterum
1647 5414 1827 5485 Optati
1868 5415 2113 5470 codicem

521 5503 821 5561 incidisset.
877 5507 990 5580 Ego
1041 5507 1255 5564 Priorio
1304 5509 1386 5562 vel
1433 5508 1641 5564 felicior
1697 5509 1785 5564 vel
1833 5509 2118 5564 sollicitior

517 5599 756 5670 quinque
780 5602 996 5658 codices
1017 5601 1195 5672 Optati
1221 5603 1622 5673 manuscriptos
1642 5601 1821 5659 inveni
1846 5645 1860 5670 ,
1888 5617 2114 5673 quorum

519 5705 624 5762 0pc
650 5694 937 5752 innumera
968 5708 1109 5763 pene
1146 5694 1341 5749 menda
1384 5696 1600 5751 sublata
1641 5706 1795 5763 sunt,
1839 5711 1902 5753 ac
1941 5706 2119 5756 textus

515 5780 568 5842 ill
622 5787 893 5857 integrum
940 5786 1137 5860 ubique
1175 5788 1343 5845 ferme
1402 5788 1689 5850 restitutus
1744 5798 1842 5848 ρει.
1901 5789 2116 5852 Primus

2225 4664 2350 4718 tivis
2384 4665 2543 4734 pretii
2576 4662 2855 4719 inventum
2906 4662 3101 4717 fuisset
3142 4663 3285 4733 quod
3307 4664 3375 4718 ab
3397 4664 3518 4719 aliis
3546 4680 3653 4719 non
3676 4674 3817 4719 esset

2220 4755 2607 4820 observatum;
2654 4755 2750 4810 sed
2804 4757 2891 4825 qui
2935 4755 3161 4812 aliorum
3195 4755 3358 4812 habet
3395 4758 3774 4813 annotationes
3800 4799 3815 4824 ,

2222 4849 2320 4905 has
2343 4849 2539 4905 frustra
2573 4851 2892 4921 requireret.

2295 4942 2635 4997 Monumenta
2675 4941 2737 4995 ab
2780 4943 2895 5009 ipso
2929 4942 3117 5012 Optato
3152 4942 3259 4996 suis
3304 4941 3445 4996 libris
3479 4942 3704 5013 adjecta.
3749 4974 3818 4983 —

2222 5037 2507 5092 Variorum
2538 5046 2695 5091 notas
2734 5037 3011 5105 excipiunt
3034 5046 3382 5091 monumenta
3407 5045 3590 5092 vetera
3614 5040 3680 5093 ad
3712 5038 3812 5092 his-

2223 5129 2415 5184 toriam
2444 5129 2837 5183 Donatistarum
2856 5128 3197 5197 pertinentia,
3219 5128 3411 5183 ordine
3431 5128 3819 5201 chronologico

2223 5222 2429 5291 digesta
2457 5231 2509 5276 et
2534 5221 2601 5276 ad
2648 5222 3044 5291 manuscriptos
3071 5221 3288 5277 codices
3320 5238 3383 5277 ac
3420 5222 3675 5279 meliores
3705 5224 3822 5280 edi—

2223 5313 2459 5370 ditiones
2505 5323 2714 5370 exacta.

2296 5407 2502 5464 Novum
2532 5424 2636 5462 non
2655 5415 2739 5461 est
2759 5405 3070 5476 huiusmodi
3098 5419 3443 5463 monumenta
3465 5407 3650 5478 Optati
3675 5410 3821 5465 lihris

2221 5522 2461 5571 assuere,
2484 5507 2588 5562 hoc
2618 5507 2793 5577 ipsum
2821 5507 3147 5578 praestiterat
3167 5508 3394 5576 Optatus
3415 5511 3504 5577 qui
3530 5507 3598 5561 ad
3624 5506 3822 5561 facien-

2222 5599 2347 5655 dam
2406 5599 2564 5654 tidetu
2615 5614 2804 5655 eorum
2846 5614 2966 5669 quae
3017 5599 3086 5655 de
3141 5599 3546 5655 Donatistarum
3594 5598 3823 5653 historia

2224 5693 2542 5765 scripserat.
2574 5702 2693 5749 acta
2721 5694 2835 5765 ipsa
2865 5702 2920 5749 et
2949 5705 3297 5749 monumenta
3330 5693 3396 5748 ad
3441 5693 3604 5747 tinem
3653 5692 3822 5748 libro-

2224 5804 2344 5845 rum
2385 5793 2605 5843 Suorum
2646 5788 3010 5861 opposuerat,
3039 5798 3095 5844 ut
3150 5784 3382 5845 testatur
3436 5778 3577 5843 libro
3618 5782 3822 5856 primo,
