4198 6160
331 268 439 323 761)

1089 263 1178 320 DE
1218 258 1506 318 ΟΡΤΛΤΟ
1546 257 1634 315 ΕΤ
1676 256 1842 315 EJUS
1884 258 2116 317 LlBRIS
2157 261 2498 320 VETERUM
2537 252 2977 316 TESTlMONlA.

3588 264 3695 320 770

332 387 359 458 ᾗ
412 384 480 439 £5
504 423 518 446 ,
572 378 661 432 ubi
701 376 955 447 loquens
998 378 1066 435 de
1093 378 1327 435 concilio
1369 354 1609 434 Cirtensi
1643 378 1695 430 in
1730 377 1984 431 testimo-
2014 380 2069 440 Α
2096 377 2565 435 Miscellaneorum
2597 393 2816 432 suorum
2845 377 2942 432 lib.
2968 393 3027 443 ιι,
3062 392 3184 433 eum
3213 378 3356 435 notis
3378 394 3513 451 quas
3533 383 3697 437 etiam

330 480 480 534 nium
511 470 744 527 adducit
778 470 992 539 scripta
1026 470 1342 545 Nundinarii
1395 471 1613 526 diaconi
1647 480 1700 525 et
1736 481 1985 527 vetustas

328 581 572 627 actorum
609 561 790 632 hujus
820 564 1049 619 concilii
1078 565 1453 631 membranas,
1478 581 1636 631 quas,
1660 564 1858 634 inquit,
1884 566 1986 619 du-

330 660 610 721 bitantibus
652 654 914 728 proferre
942 718 945 721 Α
972 657 1251 726 poterimus
1274 697 1286 719 ,
1320 654 1514 710 Irarum
1564 673 1786 725 namque
1816 657 1987 724 pleni-—

330 757 556 811 tudinem
600 764 791 803 rerum
843 746 901 799 in
935 748 1220 801 novissima
1243 756 1391 817 parte
1418 748 1637 802 istorum
1687 746 1986 802 libellorum

331 846 403 902 ad
431 840 756 915 implendam
781 839 951 905 ﬁdem
981 838 1347 903 adiunximus.
1378 838 1521 895 Item
1541 837 1611 892 de
1643 839 1878 908 epistola
1903 854 1990 893 ον.

332 942 637 996 dinatorum
691 930 965 1003 Majorini
1033 931 1299 985 adversus
1338 929 1694 985 Caecilianum
1755 931 1988 1001 loquens

335 1033 525 1090 eodem
572 1030 621 1083 in
656 1027 826 1089 libro,
856 1021 886 1094 §
918 1022 1028 1087 20,
1052 1023 1164 1078 ait.
1190 1038 1250 1076 se
1282 1039 1393 1076 eam
1422 1023 1563 1075 inter
1599 1030 1812 1076 crateras
1842 1033 1988 1077 actus

335 1129 395 1182 in
427 1134 681 1195 posterum
709 1118 929 1173 habere.
976 1115 1242 1170 Volumen
1270 1129 1493 1186 quoque
1520 1123 1770 1167 actorum
1803 1113 1990 1169 Euno-

343 1218 438 1273 mii
469 1225 523 1271 et
562 1211 809 1284 Olympii
836 1210 891 1263 in
921 1208 1246 1261 novissimis
1275 1208 1361 1260 sui
1391 1204 1580 1274 operis
1613 1206 1865 1271 partibus
1892 1206 1988 1260 de-

344 1311 623 1382 scripsisse
671 1321 743 1362 se
790 1310 1030 1361 testatur
1077 1300 1301 1361 ibidem,
1354 1300 1383 1371 §
1428 1298 1526 1352 26.
1560 1297 1690 1369 Et§
1737 1300 1994 1367 sequenti

347 1416 470 1460 acta
518 1399 861 1474 purgationis
905 1394 1109 1450 Felicis
1138 1394 1349 1462 pariter
1396 1391 1466 1444 ab
1500 1390 1618 1458 ipso
1663 1390 1988 1455 laudantur,

352 1511 477 1567 quzc
525 1494 577 1548 in
629 1495 1113 1545 monumentorum
1161 1497 1395 1538 suorum
1449 1479 1711 1550 congerie
1757 1481 1828 1534 ab
1872 1480 1991 1549 ipso

357 1593 561 1648 omissa
587 1588 757 1643 fuisse
785 1600 891 1640 non
925 1590 1011 1638 est
1039 1578 1363 1634 verisimile.

437 1687 519 1740 Ex
548 1685 633 1737 his
661 1681 803 1736 forte
833 1676 969 1732 actis
997 1690 1116 1744 quae
1151 1672 1210 1725 S.
1243 1669 1481 1740 Optatus
1508 1667 1575 1722 ad
1604 1668 1767 1724 liuent
1799 1669 1988 1739 operis

2096 471 2447 541 snbjecimus.
2481 472 2607 526 Post
2641 471 2757 525 hare
2808 470 2996 541 legere
3034 479 3120 527 est
3167 482 3520 529 monumenta
3555 490 3705 546 quae-

2091 562 2214 617 dam
2233 563 2299 618 ad
2324 563 2538 619 initium
2561 561 2876 618 schismatis
2906 562 3306 619 Donatistarum
3334 565 3662 635 pertinentia
3686 585 3699 621 :

2091 655 2390 710 succedunt
2428 654 2675 725 epistola:
2715 652 3055 709 Constantini
3090 671 3210 726 qua:
3250 655 3317 712 ad
3347 655 3619 713 thciliani
3649 668 3706 714 et

2092 746 2501 804 Donatistarum
2532 762 2754 803 causam
2787 756 3079 818 spectant,
3114 765 3325 807 necnon
3361 766 3423 808 ea
3443 766 3564 823 qua:
3586 753 3705 823 ipso

2091 839 2398 909 imperante
2427 856 2490 895 ea
2516 838 2586 895 de
2606 854 2667 895 re
2691 839 2909 896 decreta
2936 850 3083 896 sunt.

2167 932 2472 987 Donatistae
2500 930 2634 985 nihil
2659 929 3001 1002 frequentius
3026 933 3328 991 Catltolicis
3355 935 3708 1007 objiciebant,

2090 1038 2254 1092 quam
2298 1040 2361 1080 ea
2409 1038 2531 1094 qua:
2564 1024 2708 1092 passi
2741 1033 2897 1080 erant
2938 1026 3041 1081 sub
3071 1026 3301 1083 Leontio
3328 1071 3342 1094 ,
3368 1028 3585 1086 Ursatio
3609 1074 3625 1099 ,
3659 1041 3719 1088 ct

2092 1115 2356 1174 Macario.
2406 1118 2489 1173 Ad
2536 1116 2589 1173 id
2622 1127 2836 1188 spectat
2879 1120 3177 1178 Donatista:
3206 1123 3493 1195 Cujusdam
3533 1140 3717 1183 sermo

2092 1225 2242 1266 nunc
2270 1212 2509 1281 primum
2535 1226 2562 1263 a
2592 1211 2749 1267 nobis
2771 1212 2951 1268 editus
2972 1230 3003 1270 e
3028 1215 3219 1273 codice
3245 1221 3615 1293 manuscripto
3637 1221 3720 1277 bi-

2090 1302 2393 1362 bliotheca;
2449 1304 2809 1360 illustrissimi
2868 1316 2923 1363 et
2975 1312 3419 1370 reverendissimi
3477 1316 3719 1389 episcopi

2093 1394 2528 1452 Catalauneusis
2552 1438 2569 1462 ,
2599 1398 3016 1469 quingentorum
3046 1402 3263 1459 circiter
3290 1421 3555 1463 annorum
3575 1450 3590 1475 ,
3617 1408 3715 1466 sed

2095 1504 2240 1558 opus
2285 1490 2644 1546 vetustissimi
2675 1490 2966 1548 admodum
3012 1497 3318 1566 scriptoris.
3355 1499 3508 1558 llunc
3538 1503 3715 1574 sequi-

2096 1592 2188 1637 tur
2224 1585 2407 1653 passio
2432 1583 2654 1637 Marculi
2687 1585 2989 1643 sacerdotis
3012 1587 3335 1659 Donatistze,
3360 1594 3519 1666 cujus
3555 1599 3716 1654 etiam

2098 1677 2310 1731 mentio
2342 1677 2399 1731 ﬁt
2442 1676 2585 1747 apud
2609 1676 2886 1755 Optatum,
2918 1696 3040 1752 qua:
3064 1683 3176 1753 jatn
3210 1686 3352 1742 edita
3375 1688 3551 1748 fuerat
3574 1693 3723 1749 Aua-

364 1779 451 1836 sui
476 1779 830 1847 apposuerat.
862 1770 1104 1826 derivata
1129 1772 1256 1820 sunt
1284 1777 1351 1817 ea
1382 1777 1502 1832 qum
1523 1760 1577 1814 in
1608 1761 1985 1830 manusci-ipto
2018 1772 2065 1831 Β
2094 1766 2363 1823 lectorum
2397 1768 2702 1825 Mabillonii
2732 1781 2861 1826 tom.
2897 1790 2971 1841 tv,
3000 1792 3145 1833 nunc
3177 1781 3357 1850 prodit
3383 1787 3722 1844 emendatior

367 1872 565 1929 codice
583 1867 643 1924 S.
671 1866 827 1923 Pauli
855 1857 1284 1920 Cormaricensis
1316 1854 1593 1909 habentur
1612 1863 1760 1925 gesta
1791 1869 1986 1924 purga-

370 1963 538 2019 tionis
567 1957 844 2015 Caactliani
889 1964 943 2010 et
972 1952 1171 2008 Felicis
1203 1947 1555 2018 Aptungitani
1580 1988 1595 2013 ,
1628 1961 1838 2002 necnon
1889 1961 1985 2000 va-

371 2058 585 2113 riarum
617 2052 975 2122 epistularum
1017 2041 1368 2102 Constantini
1408 2041 1755 2111 imperatoris
1784 2040 1851 2096 ad
1881 2039 1989 2094 Do-

373 2156 613 2204 natistas
660 2141 1048 2215 pertinentium
1090 2136 1337 2209 sylloge,
1381 2147 1502 2204 qua:
1543 2142 1890 2187 monumenta
1933 2132 1985 2186 in

377 2238 722 2298 editionibus
749 2230 1084 2303 Albaspinaei
1109 2244 1174 2284 ac
1193 2223 1389 2282 Priorii
1412 2240 1514 2278 una
1545 2239 1666 2280 cum
1697 2224 1989 2278 collatione

376 2330 797 2403 Carthaginensi
823 2327 1077 2399 adjuncta
1101 2332 1226 2377 sunt
1253 2318 1436 2390 Optati
1468 2318 1620 2372 libris
1648 2359 1661 2383 ,
1685 2332 1806 2371 cum
1833 2317 1987 2387 prius

378 2444 410 2485 a
442 2428 697 2484 Massono
746 2422 978 2478 fuissent
1004 2419 1297 2488 separatim
1348 2413 1491 2469 edita
1521 2426 1667 2467 anno
1708 2410 1888 2478 1589,
1937 2419 1989 2466 et

381 2523 647 2589 deinceps
680 2533 709 2573 a
736 2515 968 2571 Pithazo.

455 2615 539 2671 Ad
580 2613 813 2668 istorum
854 2607 1205 2677 exemplum,
1240 2604 1293 2658 in
1320 2610 1503 2656 nostra
1527 2597 1766 2654 editione
1809 2607 1992 2653 vetera

383 2707 568 2765 omnia
613 2712 964 2760 monumenta
1009 2714 1130 2770 quae
1172 2696 1241 2752 ad
1271 2694 1553 2749 historiam
1588 2692 1989 2746 Donatistarum

384 2799 703 2873 pertinent,
737 2804 855 2851 acta
885 2792 1095 2849 scilicet
1141 2788 1496 2844 conciliorum
1536 2792 1593 2840 et
1641 2784 1991 2839 collationum

386 2888 807 2964 episcopalium,
828 2884 1094 2956 epistolas
1120 2883 1529 2952 episcoporum,
1560 2877 1734 2933 edicta
1787 2887 1840 2930 ct
1872 2878 1991 2944 epi-

387 2985 562 3041 stolas
618 2983 1052 3052 imperatorum,
1104 2982 1368 3047 gestaque
1415 2969 1818 3041 proconsularia
1841 2968 1994 3025 exhi-

389 3079 634 3136 buhnus.

2092 1874 2158 1915 ex
2190 1863 2499 1918 collatione
2545 1862 2612 1916 ad
2665 1863 2906 1919 codicem
2953 1866 3347 1930 Corbeienscm
3377 1919 3392 1943 ,
3447 1879 3538 1950 qui
3571 1880 3729 1936 nobis

2090 1951 2259 2007 etiam
2284 1951 2659 2024 suppeditavit
2687 1954 2955 2026 integram
3001 1958 3312 2021 Maximiani
3346 1981 3397 2022 et
3428 1969 3577 2026 Isaac
3621 1972 3726 2027 Do-

2090 2046 2425 2104 natistarum
2461 2050 2807 2117 passionem,
2842 2051 3001 2121 cujus
3030 2064 3245 2125 partem
3279 2069 3487 2120 tantum
3516 2067 3717 2124 ibidem

2091 2138 2346 2196 ediderat
2386 2141 2755 2197 Mabillonins.
2786 2141 2917 2197 Inde
2947 2143 3015 2200 ad
3041 2145 3529 2224 Carthaginensem
3558 2160 3724 2216 colla-

2095 2230 2302 2288 tionem
2333 2249 2505 2304 usque
2531 2245 2824 2289 occurrent
2848 2235 2992 2307 leges
3021 2247 3134 2297 tum
3158 2243 3560 2308 Ecclesiasticte
3608 2262 3721 2309 tum

2104 2323 2305 2380 civiles
2331 2327 2385 2382 in
2420 2327 2734 2382 Donatistas
2764 2327 2904 2382 lattc.
2937 2329 3204 2391 Civilibus
3234 2355 3298 2394 ex
3330 2343 3518 2399 codice
3543 2344 3723 2401 Theo-

2111 2412 2344 2470 dosiano
2370 2417 2740 2487 depromptis,
2777 2419 3132 2479 eruditissimi
3171 2428 3269 2483 viri
3298 2430 3486 2488 JaCobi
3517 2435 3722 2492 Gotho-

2100 2504 2251 2561 fredi
2294 2508 2747 2565 commentarium
2777 2510 3136 2580 subjecimus.
3726 2504 3731 2507 ⁷

2180 2600 2317 2654 Acta
2344 2600 2656 2656 collationis
2680 2600 3129 2674 Carthaginensis
3159 2596 3286 2666 cura
3317 2623 3370 2670 et
3392 2616 3587 2673 studiis
3610 2619 3724 2677 cla-

2107 2690 2312 2748 rissimi
2338 2703 2500 2764 atque
2528 2693 2877 2750 eruditissimi
2909 2698 3011 2754 viri
3034 2699 3237 2775 Balnzii
3261 2709 3724 2783 etnendatajuxta

2098 2782 2218 2853 ejus
2250 2785 2546 2843 editionem
2581 2802 2680 2842 suo
2702 2787 2823 2844 loco
2849 2790 3188 2851 inseruntur.
3219 2798 3395 2856 Novas
3437 2782 3727 2860 adornavi-

2101 2892 2219 2931 mus
2249 2888 2405 2934 notas
2437 2881 2739 2948 praesertim
2786 2881 2929 2937 circa
2970 2885 3130 2943 sedes
3158 2890 3540 2964 episcOporum
3571 2868 3723 2951 Μιυίἰ

2098 2984 2359 3026 canorum
2404 2974 2494 3043 qui
2532 2974 2810 3028 collationi
2843 2975 3155 3035 adfuerunt.
3189 2982 3353 3038 Multa
3378 2984 3494 3054 jam
3531 2986 3600 3042 de
3648 2988 3717 3044 iis

2095 3062 2487 3119 observaverat
2511 3065 2796 3133 Baluzius,
2827 3068 2923 3122 sed
2955 3086 3069 3125 rem
3101 3082 3229 3143 pOst
3256 3089 3381 3130 eum
3406 3079 3716 3136 accuratius

463 3173 705 3229 Primum
727 3171 870 3225 inter
897 3183 959 3224 ea
982 3167 1161 3223 locum
1194 3171 1423 3233 occupat
1448 3162 1682 3219 edictum
1730 3163 1780 3216 in
1807 3160 1993 3217 Cinis-
2020 3151 2066 3213 C
2098 3155 2352 3208 tractavit
2374 3155 2621 3211 eruditus
2647 3157 2809 3213 Pater
2834 3157 3211 3218 Theodoricus
3234 3165 3463 3223 Rniuart
3490 3168 3543 3223 in
3568 3172 3715 3228 notis

388 3269 570 3323 tianos
596 3267 758 3320 latum
782 3279 811 3318 a
841 3262 1178 3317 Diocletiano
1197 3268 1251 3312 et
1277 3256 1622 3322 Maximiano,
1654 3256 1813 3325 cujus
1840 3263 1993 3308 teno-

393 3376 506 3417 rem
558 3356 842 3413 Lactantio
872 3365 925 3409 et
957 3351 1191 3407 Eusebio
1219 3347 1509 3404 referimus
1533 3390 1547 3414 ,
1594 3347 1735 3417 quod
1770 3346 1895 3402 licet
1927 3346 1993 3400 ad

394 3451 708 3509 Donatistas
734 3464 841 3504 non
870 3445 1139 3519 pertineat
1166 3485 1180 3510 ,
1208 3441 1461 3513 quoniam
1498 3427 1777 3495 schi‘smati
1808 3448 1994 3509 postea

394 3547 576 3602 locum
605 3543 755 3599 dedit
780 3552 836 3598 et
865 3540 934 3595 ab
960 3555 1027 3595 eo
1070 3537 1389 3592 Donatiante
1418 3544 1583 3591 Secta:
1611 3535 1818 3605 epocha
1842 3548 1993 3603 repe-

395 3639 528 3696 titur
551 3681 566 3705 ,
611 3638 664 3692 in
708 3635 882 3706 capite
912 3639 1160 3688 actorum
1189 3629 1254 3684 ad
1278 3628 1561 3684 historiam
1595 3626 1996 3683 Donatistarum

395 3732 781 3806 pertinentium
808 3723 1186 3798 apponendum
1214 3737 1337 3778 esse
1364 3720 1635 3776 duximus.
1764 3722 1775 3725 ’

470 3825 784 3895 Sequuntur
807 3829 927 3875 acta
966 3817 1262 3888 Martyrum
1289 3812 1664 3869 Africanorum
1691 3852 1705 3877 ,
1758 3824 1880 3881 qua:
1930 3808 1996 3863 ad

396 3915 706 3973 traditionis
750 3912 957 3968 crimen
1005 3906 1296 3964 Catholicis
1324 3905 1642 3959 intentatum
1669 3902 1726 3973 6
1752 3917 1780 3955 a
1823 3902 2004 3957 Dona-

396 4010 547 4066 tistis
575 4013 842 4077 spectant.
884 4003 1010 4059 Htec
1039 4000 1311 4069 excipiunt.
1333 4010 1483 4069 gesta
1512 3995 1853 4068 purgationis
1898 3993 2003 4048 Fe-

396 4102 521 4159 licis
548 4110 602 4154 et
630 4096 939 4159 Caeciliani,
972 4108 1095 4165 quas
1132 4091 1262 4147 licet
1300 4092 1599 4162 posteriora
1640 4090 1745 4144 sint
1773 4131 1788 4155 ,
1821 4096 2001 4143 tamen

401 4197 768 4261 exponuntea
797 4201 918 4259 quae
942 4193 1189 4255 tempore
1219 4180 1619 4253 persecutionis
1665 4180 1999 4235 acciderunt.

394 4285 586 4343 Secuti
614 4296 802 4339 sumus
830 4281 884 4336 in
917 4281 983 4335 iis
1010 4278 1305 4335 editionem
1331 4273 1619 4332 clarissimi
1641 4275 1740 4328 viri
1772 4273 2006 4339 Baluzii,

398 4378 494 4450 qui
547 4375 665 4431 haec
696 4382 812 4430 acta
854 4388 976 4427 cum
1016 4368 1381 4438 manuscripto
1415 4366 1602 4422 codice
1631 4364 1894 4421 Tltuaneo
1917 4365 2010 4434 qui

395 4487 553 4531 nunc
595 4480 680 4527 est
724 4465 1078 4525 Bibliotheca:
1106 4462 1439 4520 Colbertinae
1467 4502 1483 4527 ,
1533 4459 1729 4515 collata
1777 4458 2008 4515 inseruit

734 4627 1021 4644 ψ

408 4631 735 4653 ’θ’-...⁵³⁸⁸⁸

2100 3246 2165 3300 ad
2204 3248 2452 3303 notitiam
2499 3250 2888 3322 Episcoporum
2934 3252 3313 3312 Africanorum
3344 3259 3447 3315 sub
3480 3261 3708 3318 lluune-

2101 3341 2237 3397 rico.
2287 3341 2373 3397 Ab
2404 3343 2487 3398 his
2510 3386 2523 3411 ,
2556 3360 2625 3400 ne
2654 3346 2780 3416 quid
2814 3346 3221 3406 dissitnulemus
3246 3393 3262 3417 ,
3314 3355 3543 3409 mutuati
3593 3354 3711 3412 fere

2100 3448 2285 3488 sumus
2312 3436 2491 3490 omnia
2517 3452 2637 3507 quin
2664 3437 2733 3494 de
2763 3438 2868 3493 illis
2898 3439 3124 3497 sedibus
3152 3441 3412 3499 diximus.
3447 3445 3630 3517 Atque
3659 3454 3723 3503 ut

2103 3528 2390 3581 materiam
2437 3529 2860 3586 exltauriremus
2884 3573 2900 3599 ,
2934 3531 3333 3605 Geographiam
3370 3551 3580 3592 sacram
3616 3554 3715 3594 seu

2111 3620 2362 3676 notitiam
2433 3622 2833 3692 provinciarum
2914 3633 2970 3679 et
3038 3626 3449 3697 episcopatuum
3518 3628 3721 3685 Africa:

2111 3715 2405 3781 texuimus,
2435 3717 2871 3788 quamseqnitur
2902 3717 3081 3774 tabula
3115 3718 3543 3792 Geographicaa
3569 3722 3718 3794 peri-

2112 3804 2323 3860 tissimo
2348 3807 2660 3878 geographo
2705 3807 2973 3864 delineata
3000 3849 3015 3874 ,
3047 3810 3100 3864 in
3133 3827 3236 3882 qua
3269 3822 3379 3868 tum
3414 3812 3721 3884 provincia-

2111 3914 2232 3955 rum
2266 3897 2648 3955 Al‘ricauarum
2682 3902 2909 3969 divisio,
2937 3913 3049 3956 tum
3082 3904 3480 3976 praecipitarqu
3510 3906 3721 3963 sedium

2112 3992 2503 4064 episcopalium
2532 3994 2669 4049 situs
2698 3996 2872 4052 oculis
2899 3996 3283 4066 subjiciuntur.

2195 4084 2436 4156 Denique
2464 4085 2727 4142 universo
2774 4089 2925 4157 Operi
2959 4097 3084 4158 post
3128 4088 3266 4144 hanc
3308 4090 3679 4160 prmlationem
3707 4131 3722 4158 ,

2117 4176 2403 4231 Donatiani
2425 4177 2741 4232 sehismatis
2769 4177 3055 4234 historiam
3087 4181 3506 4250 prmposuimus,
3534 4180 3588 4235 iu
3620 4195 3723 4250 qua

2119 4284 2224 4323 non
2252 4269 2458 4324 diserte
2500 4278 2555 4324 et
2600 4277 2793 4325 ornate
2812 4311 2827 4335 ,
2857 4269 2955 4325 sed
2983 4278 3236 4326 accurate
3264 4280 3319 4326 et
3338 4271 3727 4343 chronologico

2117 4377 2271 4418 more
2296 4361 2505 4433 singula
2533 4371 2880 4433 exponuntur
2901 4362 3124 4432 suisque
3153 4364 3487 4435 temporibus
3508 4363 3726 4435 consig-

2119 4463 2336 4511 nantur.

1186 4776 1187 4779 η
1368 4720 1419 4792 7
1467 4718 1575 4781 DE
1625 4715 1951 4780 OPTATO
2006 4717 2110 4779 ET
2173 4715 2360 4780 Ε]ῦὸ
2407 4715 2672 4779 .LIBRIS

1212 4875 1917 4964 VETERUM
2016 4868 2937 4959 TESTIMONI'A.

400 5193 487 5251 D.
514 5188 882 5260 Hieronymus,
908 5184 966 5239 in
988 5180 1118 5236 libro
1146 5177 1209 5233 de
1229 5174 1366 5232 Viris
1391 5173 1707 5241 illustribus,
1739 5186 1857 5240 cap.
1894 5168 2018 5225 121.

2132 5164 2195 5222 S.
2231 5164 2573 5237 Augustinus,
2600 5164 2692 5221 lib.
2715 5181 2755 5221 ιι
2777 5165 2841 5221 de
2869 5166 3124 5223 Doctrina
3151 5165 3470 5239 Christiana,
3503 5188 3621 5244 cap.
3646 5172 3738 5243 40,

2795 5276 2939 5316 num.
2975 5261 3068 5318 61.

492 5370 718 5440 Optatus
758 5366 883 5423 Afer
921 5363 1207 5434 episcopus
1253 5358 1594 5415 Milevitanus
1622 5350 1688 5411 ex
1719 5362 1873 5425 parte
1928 5366 2021 5407 ca-
2049 5312 2105 5373 Β
2203 5350 2396 5408 Nonne
2424 5352 2720 5422 aspicimus
2765 5362 2971 5423 quanto
3005 5369 3143 5412 auro
3171 5364 3228 5412 et
3256 5366 3485 5428 argento
3509 5366 3566 5413 et
3588 5367 3742 5415 veste

411 5467 623 5526 tholioa
671 5462 887 5532 scripsit
914 5459 1016 5515 sub
1051 5452 1431 5512 Valentiniano
1460 5462 1515 5508 et
1549 5450 1774 5505 Valente
1816 5445 2027 5518 princi-

407 5560 578 5635 pibus
606 5556 891 5611 adversum
932 5550 1247 5605 Donatiante
1278 5547 1447 5618 partis
1485 5538 2013 5600 calumniamlibros

412 5634 545 5720 sex,
576 5650 851 5722 inquibus
889 5644 1086 5703 asserit
1127 5642 1339 5701 crimen
1364 5638 1787 5696 Donatianorum
1822 5634 1878 5689 in
1918 5648 2018 5689 nos

413 5750 547 5880 ἲιεο
581 5741 911 5814 retorqueri.

2130 5444 2519 5503 suﬂ‘arcinatus
2558 5445 2750 5502 exierit
2791 5445 2862 5503 de
2906 5446 3151 5521 Egypto
3194 5448 3499 5520 Cyprianus
3549 5449 3745 5506 doctor
3836 5500 3839 5503 .

2126 5541 2483 5596 suavissimus
2522 5551 2578 5598 et
2601 5552 2808 5616 martyr
2853 5540 3238 5608 beatissimus;
3276 5552 3481 5614 quanto
3507 5542 3745 5599 Lactan-

2130 5633 2278 5701 tius,
2307 5644 2514 5704 quanto
2551 5633 2897 5703 Victorinus,
2952 5635 3216 5708 Optatus,
3268 5634 3528 5702 Hilarius,
3578 5643 3636 5691 ut
3680 5635 3753 5696 de

2132 5725 2270 5784 vivis
2294 5737 2526 5787 taceam.
