4198 6160
361 232 467 312 iis

1584 239 1910 316 ntsromn
1950 240 2509 323 bonarisrsabu.

3590 272 3693 342 sit

360 369 553 424 Semen
580 374 657 423 est
700 368 919 441 sanguis
948 368 1387 425 Christianorum.
1433 367 1504 423 At
1545 370 1698 426 nulla
1730 386 1986 442 umquam
2018 374 2061 432 Α
2094 389 2199 429 non
2229 385 2435 433 tantum
2466 377 2658 446 laieos,
2706 379 2802 436 scd
2837 387 2897 436 et
2941 382 3168 443 clericos
3219 404 3282 444 ac
3334 390 3479 462 ipsos
3529 396 3689 451 etiam

356 462 412 519 in
429 460 767 519 Christianos
797 464 997 518 suavior
1016 470 1312 530 tempestas
1331 462 1568 517 excitata
1591 474 1683 522 est
1710 465 1762 518 in
1784 463 1955 520 Africa
1971 506 1986 531 ,

357 572 521 629 quam
554 556 897 612 Diocletiano
934 566 993 613 et
1041 557 1380 614 Maximiano
1426 557 1829 630 imperantibus
1866 569 1985 629 post

361 648 635 720 proposita
666 647 867 717 ubique
901 656 1172 706 terrarum
1200 651 1330 704 anni
1372 649 1480 705 503
1522 650 1684 706 initio
1717 651 1771 706 in
1803 650 1986 708 Chris-

365 740 542 797 tianos
560 738 754 796 edicta.
787 738 945 797 Tunc
974 742 1029 797 in
1072 741 1354 813 provincia
1397 741 1790 799 Proconsulari
1835 732 1984 799 Anu-

366 834 529 895 littus.
549 840 601 888 et
620 832 674 888 iu
703 831 954 889 Numidia
983 833 1177 891 Florus
1199 833 1401 890 bellum
1428 832 1753 892 Christiano
1778 836 1984 892 nomini

365 925 696 992 intulerunt,
755 925 902 997 quod
967 927 1048 983 sic
1096 926 1363 984 describit
1398 927 1706 998 Oppotatus
1754 930 1850 985 lib.
1901 945 1980 999 ut,

362 1016 393 1089 δ
418 1018 453 1075 8
479 1039 492 1075 :
518 1016 765 1090 Omnibus
788 1027 976 1074 notum
1010 1028 1109 1083 est,
1138 1020 1263 1091 quid
1292 1036 1471 1074 eorum
1504 1031 1726 1092 operata
1762 1024 1828 1077 sit
1856 1022 1983 1076 arti-

364 1115 544 1183 ficiosa
566 1114 845 1171 crudelitas
864 1132 884 1170 :
907 1116 1147 1174 seuiebat
1161 1117 1356 1174 bellum
1379 1117 1694 1176 Christianis
1706 1121 1980 1190 indictum;

364 1211 419 1259 in
442 1204 639 1275 templis
666 1206 1049 1263 daemoniorum
1073 1208 1317 1265 diabolus
1339 1211 1725 1283 triumphabat;
1758 1215 1982 1269 immun-

365 1294 449 1349 dis
479 1296 745 1365 fumabant
768 1313 877 1353 arte
911 1299 1205 1366 nidoribus,
1235 1310 1283 1356 et
1309 1302 1430 1371 quia
1476 1303 1546 1356 ad
1578 1304 1857 1375 sacrilegia
1897 1320 1980 1359 ve-

365 1387 481 1442 nire
505 1404 605 1442 non
633 1398 890 1456 poterant,
919 1390 1230 1461 ubicumqne
1268 1392 1387 1447 thus
1416 1410 1605 1462 ponere
1645 1397 1974 1467 cogebantur.

2089 468 2374 536 episcmios
2415 481 2559 525 metu
2604 481 3004 529 tormentorum
3036 494 3099 531 ac
3126 482 3334 547 mortis,
3368 494 3476 539 tum
3506 499 3693 541 sacros

2087 561 2325 626 codices,
2363 571 2472 617 tum
2501 563 2603 619 alia
2630 579 2778 619 sacra
2814 580 2949 621 vasa
2981 578 3072 624 aut
3119 570 3473 628 instrumenta
3525 575 3694 630 tradi-

2086 650 2251 708 disse.
2288 653 2370 717 Hi,
2400 653 2711 712 Traditores
2740 657 2906 727 vulgo
2937 658 3063 716 dicti
3094 672 3236 717 sunt.
3286 664 3386 720 Alii
3429 680 3459 720 e
3501 676 3689 721 contra

2086 746 2266 801 studio
2299 746 2589 818 ﬂagrantes
2634 751 2998 807 immoderato
3030 754 3228 823 palam,
3259 755 3420 811 etiam
3448 757 3490 812 si
3525 770 3686 814 nemo

2086 839 2138 909 2
2157 836 2476 909 inquireret,
2504 840 2901 911 proﬁtebantur
2922 859 2980 899 se
3003 845 3217 900 codices
3244 861 3429 901 sacros
3457 847 3687 916 habere,

2084 945 2222 999 quos
2249 931 2542 987 tradituros
2572 945 2853 1004 negarent,
2888 946 3051 1007 atque
3099 952 3220 993 sese
3250 939 3409 993 morti
3460 939 3688 1009 objicie-

2084 1022 2231 1078 bant.
2263 1025 2478 1092 Quanto
2511 1027 2586 1080 illi
2620 1027 2998 1097 prudentiores
3044 1030 3201 1084 simul
3234 1018 3289 1085 et
3314 1030 3687 1102 religiosiores

2081 1114 2173 1185 qui
2209 1117 2427 1173 codices
2456 1131 2642 1172 sacros
2673 1118 2893 1175 silentio
2921 1134 3022 1174 suo
3056 1129 3226 1176 tectos
3254 1122 3650 1177 conscrvabant
3670 1164 3686 1191 ,

2080 1205 2153 1262 ita
2187 1215 2366 1264 tamen
2400 1219 2457 1264 ut
2485 1204 2807 1281 apprehensi
2840 1222 2892 1266 et
2925 1213 3262 1284 interrogati,
3294 1230 3468 1286 neque
3505 1215 3688 1272 trade-

2082 1310 2223 1364 rent,
2251 1317 2426 1373 neque
2448 1304 2741 1361 tradituros
2763 1320 2822 1360 se
2847 1321 2969 1361 esse
2998 1307 3403 1376 promerentur.

2156 1392 2453 1449 Mensurius
2474 1394 2899 1468 Carthaginensis
2928 1398 3054 1470 quid
3075 1400 3138 1452 de
3158 1400 3393 1454 codicum
3419 1418 3687 1457 sacrorum

370 1479 553 1535 Omnis
581 1480 721 1536 locus
760 1483 1008 1554 templum
1047 1494 1157 1538 erat
1206 1486 1277 1540 ad
1321 1487 1505 1541 scelus.
1559 1487 1979 1561 Inquinabanmr
2079 1485 2354 1540 traditione
2391 1489 2659 1543 censuerit.
2699 1489 2839 1554 Quid
2883 1490 3157 1546 Secundus
3196 1489 3520 1564 Tigisitanus
3566 1495 3690 1550 Nu-

367 1589 532 1643 prope
559 1575 829 1631 morientes
864 1592 1008 1631 senes
1032 1595 1052 1631 :
1071 1578 1324 1651 ignorans
1355 1581 1685 1648 polluebatur
1721 1584 1980 1654 infantia;

2078 1577 2255 1633 midia:
2277 1577 2505 1635 Primos.
2529 1611 2601 1622 -—
2623 1582 2697 1637 Ex
2732 1582 2816 1638 his
2842 1582 2940 1638 fuit
2961 1584 3264 1641 Mensurius
3288 1585 3689 1661 Carthagiuen-

365 1683 400 1720 a
428 1665 679 1721 matribus
708 1667 913 1737 paruuli
942 1671 1288 1737 portabantur
1316 1671 1388 1727 ad
1414 1675 1602 1743 nefas;
1634 1686 1871 1743 parentes
1898 1677 1981 1730 in-
2082 1672 2158 1725 sis
2191 1674 2442 1739 antistes,
2478 1666 2565 1742 qui
2593 1675 2956 1730 antecessoris
2987 1677 3069 1731 sui
3099 1677 3353 1749 Cypriani
3384 1680 3691 1737 doctrinam

361 1768 580 1815 cruenta
605 1761 883 1831 parricidia
927 1766 1099 1833 facere
1142 1767 1460 1837 cogebantur
1482 1782 1501 1820 :
1527 1768 1623 1822 alii
1667 1770 1979 1840 cegebantur
2007 1756 2056 1818 Β
2085 1776 2340 1829 sequens,
2370 1779 2466 1820 eos
2496 1766 2585 1835 qui
2628 1780 2688 1822 se
2715 1784 2817 1822 non
2862 1769 3219 1841 comprehensi
3249 1758 3691 1843 persecutionibus

366 1853 560 1924 templa
590 1853 686 1909 Dei
711 1855 811 1909 vivi
842 1855 1164 1923 subvertere;
1192 1859 1288 1913 alii
1333 1859 1594 1916 Christum
1642 1879 1849 1934 negare,
1889 1864 1981 1918 alii

368 1948 507 2020 leges
543 1949 737 2007 divinas
782 1952 1093 2022 incendere;
1131 1955 1228 2009 alii
1266 1954 1418 2009 thura
1461 1972 1672 2026 ponere.
1730 1956 1796 2012 Et
1836 1958 1982 2012 idem

364 2040 595 2106 Auctor,
618 2041 710 2098 lib.
752 2042 849 2115 κς
889 2044 958 2099 15
989 2062 1002 2098 :
1036 2044 1214 2119 Hujus
1261 2048 1630 2117 persecutionis
1670 2065 1764 2117 per
1813 2059 1979 2105 totam

360 2133 603 2205 Africani
628 2137 864 2209 divagata
901 2149 1201 2209 tempestas,
1231 2142 1364 2195 alios
1389 2142 1509 2209 fecit
1539 2153 1814 2214 martyres,
1849 2145 1985 2200 alios

365 2229 704 2299 confessores,
734 2231 1009 2286 nonnullos
1037 2234 1303 2304 funestam
1333 2235 1611 2301 prostravit
1646 2235 1702 2288 in
1734 2247 1976 2302 mortem,

367 2319 587 2375 latentes
612 2320 804 2377 dimisit
822 2323 1035 2379 illaesos.
1079 2324 1223 2392 Quid
1255 2341 1645 2380 commemorem
1670 2327 1858 2395 laicos,
1894 2328 1985 2399 qui

369 2423 492 2469 tunc
520 2414 577 2470 in
602 2412 833 2472 Ecclesia
870 2419 1016 2472 nulla
1053 2421 1264 2489 fuerant
1290 2418 1539 2489 dignitate
1566 2418 1772 2486 stt/fulti
1793 2423 1819 2475 7
1856 2420 1985 2491 quid

369 2507 632 2562 ministros
678 2509 966 2578 plurimos?
1017 2509 1145 2577 quid
1206 2510 1456 2564 diaconos
1503 2510 1561 2563 in
1607 2513 1761 2564 tertio
1784 2512 1811 2565 9
1856 2511 1984 2583 quid

369 2599 709 2672 prwsbyteros
728 2603 782 2656 in
801 2603 1027 2658 secundo
1043 2602 1335 2659 sacerdotio
1360 2603 1668 2659 constitutos
1680 2606 1707 2659 7
1725 2605 1751 2659 l
1760 2608 1841 2677 psi
1868 2608 1985 2677 api-

369 2709 457 2749 ces
472 2703 521 2748 et
543 2694 796 2766 principes
815 2696 1066 2763 omnium,
1081 2696 1245 2765 aliqui
1270 2695 1498 2765 episc0pi
1526 2696 1633 2750 illis
1646 2700 1981 2769 temporibus,

372 2796 434 2841 ut
460 2785 649 2840 damno
682 2795 885 2843 ceteram
904 2788 1042 2854 vitta,
1066 2789 1218 2843 istius
1248 2789 1458 2843 incerta:
1487 2787 1618 2842 lucis
1660 2807 1837 2846 moras
1868 2792 1983 2847 bre-

370 2878 608 2934 vissimus
652 2891 1004 2952 compararent
1032 2883 1373 2936 instrumenta
1425 2880 1615 2936 diuinae
1652 2882 1782 2953 legis
1824 2884 1982 2955 impie

376 2968 719 3026 tradiderunt.
769 2971 883 3028 Hoc
923 2972 1070 3029 enim
1114 2980 1236 3029 erat
1272 2973 1546 3041 peculiare
1593 2973 1984 3032 Diocletiancze

377 3065 773 3135 persecutionis
810 3067 1011 3122 malum
1051 3066 1197 3138 quod
1241 3064 1537 3122 Christiani
1582 3066 1753 3124 libros
1797 3083 1986 3125 sacros

2084 1851 2331 1920 offerrent
2351 1867 2399 1910 et
2425 1858 2562 1911 ultro
2585 1860 2810 1913 dicerent
2836 1876 2889 1914 se
2916 1861 3100 1916 habere
3124 1864 3413 1934 scripturas
3432 1883 3560 1935 quas
3587 1884 3692 1923 non

2085 1945 2369 2012 traderent,
2402 1948 2521 2002 licet
2547 1950 2610 2004 ab
2633 1951 2705 2005 eis
2733 1951 2830 2005 hoc
2856 1969 3001 2007 nemo
3029 1955 3310 2022 quaesisset,
3340 1956 3689 2028 improbavit,

2083 2043 2141 2090 et
2169 2044 2440 2107 tamquam
2485 2049 2752 2114 martyres
2795 2044 3050 2101 honorari
3083 2048 3271 2102 vetuit.
3320 2046 3446 2117 Ipse
3489 2066 3610 2107 vero
3640 2068 3696 2107 se

2084 2142 2262 2185 sacros
2291 2132 2512 2197 codices,
2533 2150 2596 2187 ne
2616 2150 2649 2188 a
2678 2135 3087 2206 persecutoribus
3114 2139 3484 2210 invenirentur,
3518 2144 3695 2198 abstn-

2090 2218 2210 2274 lisse
2233 2232 2384 2292 atque
2409 2227 2706 2291 servavisse,
2738 2237 2783 2282 et
2814 2232 2994 2283 horum
3025 2231 3141 2285 loco
3171 2233 3225 2287 in
3254 2231 3470 2289 basilica
3498 2239 3694 2306 scripta

2084 2309 2439 2368 luereticorum
2476 2318 2770 2387 reliquisse,
2802 2329 3013 2375 testatus
3045 2332 3120 2377 est
3146 2324 3199 2378 in
3225 2326 3448 2398 epistola
3478 2330 3551 2382 ad
3591 2329 3693 2385 Se-

2087 2406 2311 2460 cundum
2343 2423 2361 2470 ;
2391 2424 2506 2479 qua:
2534 2425 2650 2463 cum
2680 2412 2989 2466 invenissent
3018 2425 3391 2485 persecutores,
3436 2430 3485 2474 et
3521 2421 3699 2475 abstu-

2089 2501 2288 2568 lissent,
2320 2502 2454 2557 nihil
2483 2504 2707 2572 amplius
2733 2521 2841 2560 esse
2885 2507 3222 2576 postulatum.
3262 2509 3399 2579 Quia
3451 2514 3700 2581 quamvis

2089 2593 2303 2662 quidam
2359 2604 2533 2663 postea
2594 2594 3020 2669 Carthaginensis
3068 2600 3267 2654 ordinis
3329 2605 3703 2675 suggessissent

2088 2683 2424 2749 Proconsuli,
2472 2687 2611 2757 quod
2674 2688 2820 2742 illusi
2861 2690 3079 2759 fuissent
3117 2693 3204 2760 qui
3243 2693 3392 2749 ntissi
3441 2707 3586 2751 erant
3633 2695 3703 2751 ad

2090 2777 2504 2832 Christianorum
2546 2781 2833 2847 scripturas
2880 2784 3188 2854 auferendae
3228 2796 3278 2840 et
3327 2788 3701 2858 incendendae,

2089 2874 2214 2943 quia
2240 2890 2341 2927 non
2386 2875 2683 2929 invenerunt
2715 2876 2817 2930 nisi
2860 2878 3029 2931 nescio
3058 2895 3173 2948 qua:
3198 2878 3269 2933 ad
3295 2897 3384 2936 eos
3412 2900 3514 2936 non
3544 2884 3705 2956 perti-

2091 2965 2285 3030 nentia,
2313 2966 2455 3035 ipsas
2504 2976 2679 3021 autem
2709 2968 2764 3022 in
2794 2968 2947 3023 domo
2978 2968 3226 3042 Episcopi
3266 2975 3553 3044 custodire,
3586 2976 3708 3033 inde

2091 3058 2328 3113 deberent
2358 3062 2582 3130 proferri
2607 3070 2653 3114 et
2682 3062 2909 3129 incendi,
2936 3062 3234 3119 Proconsul
3258 3066 3330 3120 ad
3352 3067 3451 3122 hoc
3480 3068 3553 3124 eis
3582 3084 3708 3123 con-

376 3156 489 3229 igni
513 3158 906 3215 comburendos
935 3160 1152 3215 uadere
1175 3169 1526 3230 cogeremur,
1557 3159 1771 3230 Quippe
1797 3163 1989 3219 existi-
2013 3141 2059 3205 C
2092 3152 2280 3205 sentire
2305 3151 2491 3206 noluit.
2508 3152 2582 3205 lta
2608 3152 2892 3221 prudentia
2913 3152 3166 3210 Meusurii
3182 3158 3403 3213 ‘servati
3428 3170 3551 3215 sunt
3574 3160 3710 3217 Car-

380 3250 602 3305 mabant
627 3250 872 3307 homines
902 3252 1036 3307 valri
1067 3253 1167 3306 hac
1199 3250 1542 3321 potissimum
1574 3252 1789 3308 ratione
1815 3254 1992 3308 chris-

383 3343 587 3399 tianam
605 3342 938 3415 Religionem
963 3360 1029 3399 ex
1051 3343 1250 3399 animis
1267 3343 1546 3398 hominum
1568 3343 1775 3399 aboleri
1805 3358 1988 3416 posse,

382 3435 431 3492 si
458 3434 580 3491 libri
601 3436 796 3507 quibus
819 3437 1068 3494 doctrina
1095 3436 1392 3492 christiana
1413 3436 1728 3492 continetur
1746 3453 1780 3494 e
1810 3438 1993 3494 medio

385 3529 725 3586 tollerentur.
744 3530 877 3586 llinc
892 3530 1212 3586 Diocletiani
1238 3542 1295 3585 et
1315 3530 1622 3586 Maximiani
1645 3527 1828 3587 edicto
1845 3547 1991 3603 pra-

386 3626 544 3693 cipue
571 3623 883 3692 cavebatur,
913 3634 971 3681 ut
997 3624 1144 3680 sacri
1183 3624 1404 3681 codices
1452 3625 1689 3681 llammis
1735 3627 1993 3683 absume-

387 3724 609 3782 rentur;
630 3726 793 3787 atque
821 3728 879 3773 ut
904 3718 957 3773 id
987 3719 1295 3773 executioni
1325 3719 1696 3781 mandaretur,
1730 3718 1997 3791 Principi-

390 3813 485 3864 bus
518 3819 566 3864 et
592 3811 976 3880 ntagistratibus
1004 3827 1098 3866 suo
1125 3812 1306 3882 cuique
1335 3812 1447 3866 loco
1477 3811 1767 3881 injunctum
1790 3815 1912 3885 fuit,
1942 3824 1998 3870 ut

390 3900 549 3955 libros
587 3901 797 3970 dei/icos
832 3910 1186 3972 extorquerent
1226 3919 1255 3958 e
1281 3900 1519 3956 manibus
1558 3903 1914 3976 episcoporum
1948 3913 1998 3959 et

390 3995 821 4066 presbyterorum,
856 4002 915 4047 ut
956 3992 1192 4049 refertur
1240 3993 1296 4049 in
1347 3994 1483 4049 actis
1530 3992 1727 4050 Felicis
1756 3996 1998 4067 episcopi

394 4084 814 4158 Tubyzacensis.
834 4086 972 4142 Huic
999 4086 1180 4142 edicto
1203 4097 1459 4159 parentes
1488 4087 1824 4159 singulorum
1846 4090 1997 4146 loco-

395 4202 515 4242 rum
546 4186 915 4258 magistratus.
944 4186 1202 4253 lectores,
1250 4186 1604 4259 presbyteros
1633 4197 1689 4244 et
1711 4189 2001 4259 episcopos

395 4294 579 4335 coram
605 4296 666 4335 se
691 4280 809 4337 εἱδιί
848 4279 1136 4350 jubebaot,
1168 4280 1483 4350 Scripturas
1529 4279 1601 4335 ab
1627 4280 1692 4334 iis
1737 4290 1999 4351 expostu-

396 4373 620 4434 labant;
650 4372 863 4428 tradere
885 4382 1175 4428 renuentes
1206 4370 1496 4428 tormentis
1525 4370 1666 4425 allici
1697 4382 1752 4426 et
1791 4372 1842 4426 in
1881 4386 2002 4427 car-

397 4478 579 4519 cerem
606 4463 799 4534 conjici
826 4464 1091 4534 iubebant
1110 4505 1125 4530 ,
1161 4464 1215 4520 in
1264 4463 1544 4535 proposito
1574 4472 1956 4532 permanentes
1976 4505 1994 4531 ,

397 4554 466 4609 ad
498 4557 872 4625 proconsulem
913 4566 1006 4611 aut
1050 4556 1119 4611 ad
1147 4556 1311 4611 alium
1340 4556 1676 4625 superiorem
1705 4560 1992 4626 magistra-

400 4655 516 4703 tum
565 4648 732 4711 missi.
784 4636 960 4721 capite
1011 4648 1406 4719 plectebantur.
1469 4647 1856 4704 Discurrebant
1904 4664 2000 4718 per

399 4738 834 4796 Chrisuanorum
874 4739 1023 4795 :cdcs
1049 4738 1389 4811 apparitores
1419 4749 1474 4795 ct
1520 4738 1719 4793 milites
1739 4780 1756 4804 ,
1785 4749 2000 4793 scruta-

401 4831 599 4888 bamur
628 4834 921 4888 secretiora
947 4832 1163 4896 domus,
1197 4847 1303 4888 non
1334 4840 1539 4888 tantum
1585 4831 1753 4887 libros
1788 4845 2001 4898 sacros,

402 4925 501 4982 sed
524 4942 646 4983 vasa
675 4942 829 4985 sacra
875 4942 1041 4984 aurea
1086 4936 1141 4981 et
1164 4938 1440 4998 argentea.
1474 4926 1699 4990 calices,
1726 4924 2003 4994 lucernas,

403 5020 618 5093 aliaque
655 5029 973 5081 ornamenta
1021 5019 1258 5092 undique
1284 5019 1588 5088 conquisita
1624 5019 2001 5090 asportabant,

404 5131 474 5170 ne
507 5117 821 5186 praeparatis
868 5114 1088 5187 quidem
1143 5114 1197 5169 in
1247 5129 1543 5185 pauperum
1586 5128 1715 5169 usus
1760 5114 2004 5169 vestibus

402 5208 729 5280 parcebant;
761 5224 825 5264 ac
852 5209 1094 5275 demum,
1142 5217 1202 5262 ut
1247 5206 1369 5263 fieri
1415 5206 1556 5263 solet
1598 5206 1652 5262 in
1696 5204 2004 5276 hujusmodi

403 5300 650 5366 casibus,
687 5288 1035 5368 perditissimi
1089 5297 1335 5357 homines
1366 5299 1606 5371 pretiosa
1644 5313 1869 5369 quaeque
1898 5306 2009 5354 tam

360 5422 367 5429 ι
403 5408 560 5449 sacra
586 5410 747 5465 quam
776 5395 1005 5467 profana
1043 5395 1438 5464 compilabant.
1470 5395 1528 5450 lu
1561 5393 1748 5451 Africa
1779 5408 2012 5464 praeser-

407 5487 504 5542 tim
529 5487 599 5541 ita
628 5497 929 5559 grassatam
957 5502 1081 5544 esse
1108 5498 1514 5559 persecutorum
1548 5486 1753 5543 rabiem
1779 5527 1794 5552 ,
1849 5485 2010 5542 [idem

405 5580 612 5635 iaciunt
656 5590 837 5637 vetera
892 5589 1265 5648 monumenta,
1318 5579 1664 5651 quae'Optati
1712 5578 1864 5635 libris
1908 5594 2006 5634 an-

409 5675 719 5731 nominans.
752 5675 860 5732 Sed
903 5674 1051 5746 quod
1099 5673 1397 5731 dolendum
1436 5674 1605 5744 magis
1652 5681 1773 5735 est.
1829 5687 1893 5728 ex
1943 5671 2010 5728 iis

409 5767 581 5823 etiam
610 5766 961 5839 intelligimus
982 5767 1168 5838 plures
1194 5765 1560 5834 Christianos,
1591 5773 1650 5821 ut
1674 5766 1753 5821 ait
1776 5764 2010 5835 Optatos

2096 3245 2313 3315 thagine
2342 3245 2601 3316 praecipui
2631 3247 2850 3303 codices
2878 3263 3159 3304 sacrorum
3191 3250 3481 3309 librorum.

2169 3337 2433 3393 Numidiae
2461 3337 2671 3394 Primas
2701 3339 2982 3396 Secundus
3009 3340 3338 3413 Tigisitanus
3365 3346 3551 3402 verbis
3578 3349 3705 3421 qui-

2096 3431 2221 3487 dem
2265 3430 2478 3502 jactans
2506 3432 2730 3504 gloriam
2754 3475 2768 3494 ,
2802 3432 2880 3488 rei
2909 3445 3079 3505 gestae
3113 3435 3332 3505 ignaros
3386 3437 3617 3509 fefellit;
3654 3451 3710 3500 at

2098 3525 2312 3580 virtutis
2338 3539 2552 3593 expers,
2577 3526 2775 3591 quibus
2794 3526 2922 3595 quid
2943 3527 3142 3597 egisset
3165 3528 3407 3598 ignotum
3435 3548 3540 3587 non
3564 3544 3705 3604 erat,

2098 3614 2300 3671 derisui
2352 3615 2469 3670 fuit.
2499 3617 2580 3672 Ad
2632 3616 2961 3672 Meusurium
3014 3617 3213 3688 quippe
3267 3619 3418 3675 dedit
3470 3622 3702 3692 litteras,

2098 3708 2296 3778 quibus
2326 3707 2526 3775 aiebat,
2558 3727 2578 3761 ι
2616 3708 2807 3764 Missos
2841 3709 2908 3764 ad
2939 3725 3000 3766 se
3047 3726 3077 3765 a
3128 3720 3381 3770 curatore
3420 3724 3474 3771 et
3514 3716 3709 3774 ordine

2099 3800 2487 3856 Centurionem
2513 3812 2567 3856 et
2600 3800 3009 3857 Beueliciarium
3057 3804 3149 3874 qui
3194 3816 3448 3875 peterent
3494 3807 3708 3865 divinos

2100 3893 2320 3951 codices
2346 3896 2681 3963 exurendos,
2713 3896 2871 3967 eique
2898 3914 2926 3950 a
2968 3912 3028 3953 se
3057 3912 3404 3968 responsum,
3447 3900 3706 3957 Christia-

2102 4002 2199 4040 nus
2236 4002 2355 4047 sum,
2383 3994 2429 4038 et
2475 3985 2764 4059 EpiscOpus
2787 4028 2802 4054 ,
2834 4004 2937 4043 non
2981 3988 3217 4043 traditor.
3265 3992 3508 4061 Cumque
3540 3991 3608 4048 ab
3638 4007 3706 4048 eo

2103 4081 2310 4138 vellent
2345 4083 2522 4153 aliqua
2554 4084 2742 4140 ecbola
2770 4093 2861 4138 aut
2889 4083 3270 4154 quodcumque
3315 4084 3585 4153 accipere,
3614 4101 3709 4142 ue-

2102 4188 2209 4244 que
2239 4173 2343 4230 hoc
2368 4175 2448 4230 eis
2478 4176 2713 4242 dedisse,
2760 4177 3017 4245 exemplo
3063 4174 3310 4232 Eleazari
3357 4176 3706 4248 Macchabaei,

2101 4266 2195 4337 qui
2227 4281 2329 4322 nec
2358 4266 2562 4338 ﬁngere
2587 4268 2758 4323 voluit
2785 4268 2997 4323 suillam
3017 4282 3237 4323 carnem
3270 4284 3332 4323 se
3355 4268 3708 4336 manducare,

2105 4373 2173 4412 ne
2213 4357 2332 4413 aliis
2381 4360 2648 4429 praeberet
2696 4360 3160 4431 praevaricationis
3199 4360 3532 4431 exemplum.
3570 4380 3589 4413 ι
3640 4363 3714 4418 At

2103 4450 2405 4522 Purpurius
2434 4452 2734 4523 Episcopus
2762 4451 3086 4508 Limatensis
3108 4454 3195 4507 vir
3222 4454 3488 4523 perfricm
3520 4454 3712 4511 frontis

2020 4522 2416 4617 Diactamiam
2471 4522 2646 4603 illam,
2681 4546 2918 4604 Secundi
2973 4522 3231 4617 sequenti
3292 4547 3712 4618 exprobratione

2102 4641 2459 4711 compescuit,
2489 4657 2611 4696 cum
2643 4651 2926 4697 accusatus
2954 4640 3023 4695 ab
3066 4655 3134 4695 eo
3165 4641 3441 4697 homicidii
3476 4642 3559 4697 bis
3584 4656 3711 4698 eum

2104 4734 2265 4789 dictis
2312 4733 2667 4790 subsannavit
2697 4749 2712 4787 :
2742 4731 2824 4787 Tu
2870 4732 2997 4802 quid
3042 4732 3213 4804 egisti,
3260 4734 3348 4800 qui
3387 4741 3555 4787 tentus
3595 4748 3648 4788 es
3679 4748 3717 4787 α

2106 4821 2358 4879 Curatore
2390 4834 2439 4880 et
2480 4825 2665 4880 ordine
2706 4835 2763 4879 ut
2800 4826 3085 4898 scripturas
3131 4824 3333 4878 dares?
3367 4822 3637 4891 Quomodo
3665 4834 3716 4880 te

2109 4916 2340 4973 liberasti
2368 4918 2433 4972 ab
2474 4919 2633 4986 ipsis,
2668 4918 2769 4973 nisi
2815 4920 2936 4987 quia
2982 4915 3172 4971 dedisti
3221 4926 3312 4972 aut
3339 4919 3549 4991 jussisti
3597 4919 3715 4974 dari

2111 5012 2484 5081 quodcumque,
2510 5025 2631 5063 nam
2661 5027 2763 5064 non
2786 5020 2834 5065 te
2856 5008 3176 5064 dimittebant
3206 5010 3421 5082 passim.
3449 5009 3563 5067 Hoc
3584 5026 3718 5067 cou-

2112 5104 2245 5159 vitio
2276 5117 2522 5171 repressa
2550 5113 2632 5158 est
2655 5102 2887 5158 Secundi
2911 5102 3153 5169 audacia,
3177 5102 3271 5175 qui
3301 5119 3365 5157 ex
3394 5110 3715 5160 accusatore

2113 5211 2238 5253 reus
2265 5194 2437 5252 lactus
2462 5194 2565 5249 sibi
2596 5194 2794 5251 timens
2823 5201 3012 5267 utpote
3056 5194 3390 5252 Traditionis
3432 5196 3716 5261 coinscius,

2114 5289 2343 5347 consilio
2368 5288 2608 5346 Secundi
2635 5287 2821 5345 fratris
2862 5291 2943 5345 sui
2993 5290 3084 5346 lilii
3114 5297 3285 5344 totum
3332 5291 3604 5361 negotium
3642 5288 3714 5344 ad

2115 5387 2211 5443 Dei
2234 5384 2496 5457 judicium
2518 5383 2748 5451 remisit,
2774 5390 2833 5440 ‘ct
2855 5383 3211 5455 coepiscopos
3230 5397 3361 5440 suos
3384 5381 3720 5438 Traditiouis

2113 5479 2401 5537 manileste
2428 5493 2492 5534 ac
2520 5478 2739 5550 propria
2768 5476 3117 5534 confessione
3146 5479 3447 5543 convictos,
3477 5476 3549 5530 ab
3568 5468 3722 5528 omni

2114 5588 2272 5645 pana
2303 5573 2571 5628 immunes
2596 5585 2720 5627 esse
2747 5585 2942 5641 passus
2968 5578 3082 5637 est;
3123 5584 3192 5625 ne
3220 5579 3275 5625 et
3313 5570 3427 5638 ipse
3470 5564 3721 5637 ejusdem

2112 5664 2357 5723 criminis
2389 5679 2515 5720 reus
2541 5670 2919 5736 perageretur.

2184 5758 2388 5816 Traditi
2424 5758 2627 5816 codices
2651 5757 2786 5816 sacri
2816 5774 2849 5811 a
2874 5755 3040 5810 Paulo
3069 5754 3288 5812 Cirtensi
3316 5760 3363 5808 et
3392 5748 3635 5807 Silvane.
3661 5772 3732 5795 -σι
