4198 6160
547 293 655 348 773

1568 280 1626 339 S.
1676 277 1928 336 0PTATI
1982 275 2268 334 OPERUM
2311 275 2848 334 PROLEGOMENA.

3748 270 3852 328 776

545 399 806 457 Cirtensis
859 397 1092 456 civitatis
1130 409 1251 466 quae
1281 392 1599 462 Metropolis
1636 393 1810 448 civilis
1857 391 2151 461 provincia:
2179 396 2228 453 Α
2259 389 2440 447 Zamze
2473 391 2662 456 fuisse,
2693 406 2800 462 quo
2823 405 2944 446 cum
2973 390 3249 446 venissent
3296 387 3590 444 Christiani
3641 388 3853 459 quidam

547 496 814 551 Numidiae
861 493 980 558 fuit,
1024 489 1314 559 cpiscopus
1358 495 1475 542 erat
1517 486 1739 540 Paulus.
1773 485 1852 540 Ad
1887 499 2010 540 eum
2056 498 2150 538 ve—

549 586 630 642 nit
663 601 748 640 χιν
768 581 1038 638 Kalendas
1089 579 1276 636 Junias
1306 578 1575 633 Munatius
1613 576 1765 632 Felix
1797 575 1990 631 ﬂamen
2025 589 2150 644 per-

549 688 739 750 petuus
790 683 1010 730 curator
1034 671 1262 728 οοιυιιίιε
1291 671 1596 735 Cirtensis;
1626 666 1996 738 interpellavit
2030 665 2153 734 epi-

548 786 769 841 sc0pum
805 779 859 822 ut
892 766 1162 838 proferret
1191 769 1489 836 scripturas
1519 764 1761 834 lcgis,fet
1781 763 1824 817 si
1850 762 1976 833 quid
2004 760 2152 816 aliud

547 865 792 921 haberet.
820 863 870 918 ls
901 861 1183 932 respondit
1209 861 1507 930 scripturas
1536 872 1658 913 esse
1691 871 1856 928 penes
1885 857 2152 918 lectores;

548 957 692 1028 quod
727 965 906 1012 autem
951 954 1186 1010 habebat
1235 953 1322 1008 hic
1367 967 1489 1007 sese
1535 951 1665 1005 dare
1712 958 1955 1020 paratum
2008 963 2151 1004 esse.

547 1049 783 1105 Rursum
824 1047 1197 1117 interpellatus
1232 1054 1289 1100 ut
1314 1043 1631 1100 ostenderet
1660 1044 1894 1098 lectores
1921 1083 1935 1106 ,
1965 1050 2058 1094 aut
2088 1039 2154 1093 ad

551 1140 673 1196 illos
702 1139 966 1206 mitteret,
993 1137 1239 1206 reposuit
1259 1151 1355 1190 eos
1373 1149 1497 1191 esse
1519 1141 1679 1188 notos
1705 1133 1902 1188 Edesio
1917 1142 1971 1187 et
1993 1131 2157 1186 Junio

551 1233 958 1304 cxceptoribus.
989 1231 1123 1286 Dein
1155 1230 1353 1285 Paulus
1384 1238 1437 1282 et
1465 1228 1582 1298 ejus
1604 1227 1787 1282 clerici
1821 1227 2042 1292 calices,
2074 1225 2158 1278 lu-

551 1341 770 1391 cernas,
803 1333 982 1380 vestes
1009 1337 1305 1393 pauperum
1334 1335 1398 1374 ac
1443 1322 1752 1393 universam
1787 1317 2045 1372 Ecclesia:
2067 1329 2157 1370 su-

553 1416 879 1488 pelleczilem
895 1431 1104 1471 necnon
1131 1428 1294 1469 unum
1309 1410 1553 1468 codicem
1587 1409 1967 1481 indagantibus
1990 1407 2155 1462 tradi-

550 1513 769 1569 derunt:
793 1511 920 1566 inde
941 1524 1062 1566 sese
1080 1508 1431 1578 magistratus
1445 1506 1514 1560 ad
1531 1505 1724 1559 domos
1742 1505 2004 1559 lectorum
2027 1515 2158 1556 con-

553 1607 810 1671 tulerunt,
843 1604 932 1674 qui
969 1617 1074 1662 non
1096 1602 1326 1656 multum
1344 1607 1708 1669 repugnantes
1725 1610 1912 1652 sacros
1938 1593 2157 1649 codices

551 1699 842 1756 tradidere.
870 1697 1142 1768 Imprimis
1154 1709 1284 1751 vero
1297 1694 1588 1765 Sylvanus,
1620 1702 1746 1746 tunc
1771 1689 2153 1753 subdiaconus,

2259 483 2570 554 inquisitum
2611 499 2737 538 num
2787 483 2852 537 ad
2876 482 3050 552 ipsum
3093 481 3435 552 pervenisset
3479 495 3690 536 sacrum
3721 497 3856 552 pran-

2256 588 2494 648 ceptum,
2532 575 2880 646 respondisse
2923 576 3192 642 nondum;
3241 575 3338 631 sed
3390 572 3599 628 vidisse
3638 588 3696 628 se
3740 575 3853 643 ejus

2257 670 2503 740 exempla
2544 679 2599 726 et
2629 669 2810 725 Zama:
2840 678 2894 724 et
2925 668 3138 726 Furmis
3189 669 3441 725 basilicas
3469 679 3523 724 et
3565 667 3856 737 scripturas

2257 761 2420 825 dirui.
2445 772 2776 833 quapr0ptcr
2797 765 3101 835 proferrent
3131 765 3431 835 scripturas
3455 764 3502 820 si
3528 778 3665 833 quas
3693 762 3858 819 habe-

2259 863 2405 921 rent,
2446 865 2573 910 tunc
2601 857 2815 911 misisse
2843 871 2939 912 eos
2977 857 3044 911 ad
3093 856 3289 913 Felicis
3327 856 3548 912 domum
3605 866 3660 910 et
3703 853 3862 911 Gala-

2261 950 2394 1004 tium
2438 964 2621 1004 secum
2651 951 2740 1005 ubi
2799 948 3229 1005 Christianorum
3263 949 3546 1006 orationes
3585 949 3701 1004 fieri
3731 964 3860 1004 con-

2262 1050 2576 1107 sueverant,
2606 1044 2914 1114 perrexisse
2943 1053 2998 1098 et
3030 1043 3157 1098 inde
3184 1041 3499 1098 cathedram
3528 1051 3583 1098 et
3606 1041 3865 1112 epistolas

2261 1135 2607 1192 salutatorias
2625 1135 2838 1190 ablatas
2865 1143 2920 1191 et
2949 1135 3090 1189 ostia
3115 1135 3295 1189 omnia
3318 1133 3625 1199 combusm,
3657 1140 3712 1189 et
3739 1148 3862 1187 cum

2264 1228 2330 1282 ad
2357 1227 2576 1282 domum
2612 1225 2808 1282 Felicis
2833 1228 3072 1297 episcopi
3105 1227 3342 1281 misisset
3381 1225 3642 1281 olliciales
3689 1224 3868 1295 puhli-_

2253 1335 2382 1392 'cos,
2414 1321 2482 1375 ab
2512 1320 2579 1374 iis
2605 1321 2972 1374 renuntiatum
3014 1334 3135 1374 esse
3165 1319 3315 1372 illum
3346 1318 3651 1372 absentem.
3682 1315 3760 1370 lta
3786 1315 3866 1369 ni-

2269 1411 2346 1467 hil
2375 1427 2402 1465 a
2427 1411 2607 1467 Felice
2635 1411 2886 1465 traditum
2916 1425 3037 1466 esse
3086 1409 3245 1481 hujus
3278 1409 3593 1465 testimonio
3619 1422 3871 1479 comper-

2267 1513 2401 1559 tum.
2433 1505 2503 1558 At
2531 1504 2798 1574 ingentius
2837 1504 2927 1574 qui
2977 1513 3163 1573 postea
3210 1501 3309 1556 fuit
3356 1499 3590 1558 Decurio
3633 1499 3869 1570 liquen-

2265 1601 2404 1656 sium
2424 1643 2436 1664 .
2475 1600 2643 1655 Felici
2674 1599 2917 1655 infensus
2945 1600 3087 1670 quod
3133 1598 3376 1654 Maurum
3407 1597 3722 1668 episcopum
3751 1595 3870 1652 Uti-

2265 1709 2484 1750 censem
2511 1696 2741 1750 amicum
2775 1707 2830 1749 et
2856 1694 3122 1763 hospitem
3155 1709 3312 1749 suum
3341 1693 3412 1748 ob
3435 1702 3674 1761 emptum
3733 1690 3869 1762 Epi-

553 1793 642 1862 qui
668 1792 944 1846 lucernam
972 1799 1027 1845 et
1052 1788 1398 1858 capitulatam
1415 1793 1726 1855 argenteam
1747 1797 1865 1853 qure
1887 1780 2150 1847 latebant,
2183 1786 2231 1846 Β
2260 1795 2540 1855 scopalum
2571 1787 3114 1853 excommunicasset’
3133 1785 3484 1841 ετροίιίεηιηη
3514 1784 3790 1849 convenit,
3815 1792 3873 1838 ﬂ

555 1886 697 1940 ultro
724 1883 986 1954 protulit,
1019 1882 1206 1937 dicens
1235 1896 1297 1936 se
1344 1893 1482 1949 pone
1530 1892 1710 1932 aream
1739 1891 1832 1931 eas
1863 1875 2158 1929 invenisse.

623 1975 994 2045 Comprehensi
1038 1973 1324 2028 Christiani
1355 1973 1408 2024 in
1438 1970 1638 2023 ciuitate
1684 1967 1968 2021 Abitinensi
2014 1976 2061 2020 et
2109 1965 2162 2018 in

555 2085 809 2126 carcerem
837 2068 1078 2136 conjecti.
1113 2064 1402 2120 Consilium
1434 2061 1699 2117 Ctvciliani
1739 2069 1783 2114 et
1814 2058 2064 2114 Mensurii
2101 2058 2164 2112 de

554 2162 827 2218 uisitaudis
877 2169 1026 2216 caute
1090 2155 1523 2228 martyribus.—
1551 2153 1821 2208 Fervente
1866 2154 2160 2206 etiamnum

557 2252 937 2326 persecutione
967 2249 1145 2322 pridie
1173 2247 1299 2303 ldus
1327 2245 1606 2302 Februarii
1631 2243 1770 2299 ἰιιιηὶ
1798 2242 1924 2309 504,
1957 2245 2006 2296 ιιι
2032 2242 2166 2297 civi-

560 2356 669 2402 tate
691 2343 1000 2401 Abitiuensi
1030 2342 1295 2418 Saturnus
1317 2339 1614 2408 Presbyter
1635 2351 1756 2412 cum
1782 2335 1907 2390 ﬁliis
1936 2342 2166 2402 quatuor

559 2439 854 2496 Saturnino
880 2436 1098 2507 juniore
1128 2445 1184 2490 et
1214 2433 1402 2488 Felice
1425 2429 1769 2495 Lectorihus,
1799 2429 1964 2483 Maria
1999 2427 2166 2483 Sanc-

557 2529 843 2595 timoniali,
875 2528 1149 2584 Hilarione
1172 2525 1400 2589 infante,
1431 2531 1488 2579 et
1515 2537 1639 2578 cum
1679 2537 1745 2576 eo
1776 2521 2016 2585 Dativus,
2056 2518 2163 2573 Fe-

557 2625 656 2691 lix,
687 2623 991 2694 Ampelius,
1019 2622 1218 2692 aliique
1245 2618 1556 2690 complures
1585 2627 1692 2672 tam
1724 2614 1822 2671 viri
1847 2629 2015 2691 ‘quam
2041 2628 2163 2668 mu-

556 2717 721 2774 lieres
749 2715 1092 2772 celebrantes
1131 2713 1403 2768 dominica
1448 2717 1812 2775 sacramenta,
1861 2723 1891 2762 a
1937 2706 2164 2762 coloniae

558 2810 961 2883 Magistratibus
985 2808 1366 2877 comprehensi
1396 2813 1521 2860 sunt
1544 2812 1600 2859 et
1647 2819 1751 2858 una
1783 2799 2165 2871 Carthaginem

557 2904 828 2976 perducti,
860 2902 1044 2970 ibique
1071 2909 1194 2970 post
1221 2900 1512 2970 gloriosam
1539 2895 1940 2952 confessionem
1965 2894 2017 2946 in
2042 2906 2163 2945 ear-

557 3012 740 3054 cerem
789 2994 1044 3065 eonjecti.
1081 2991 1164 3047 Ad
1190 3007 1285 3047 eos
1325 2988 1728 3046 conveniendos
1762 2996 1815 3042 et
1841 2982 2163 3048 visitandos,

562 3091 641 3145 uti
668 3105 764 3160 par
793 3096 879 3144 cst
906 3085 1149 3152 credere,
1182 3085 1397 3139 incaute
1425 3088 1481 3136 et
1501 3079 1846 3151 glomeratim
1874 3089 2168 3132 concurre-

2267 1879 2335 1934 ab
2360 1892 2427 1934 eo
2451 1879 2604 1948 petiit
2629 1879 2780 1948 quasi
2816 1878 3011 1934 Felicis
3041 1879 3280 1941 nomine,
3304 1888 3361 1933 ut
3402 1879 3606 1948 scripto
3634 1885 3871 1932 testare-

2267 1981 2356 2028 tur
2384 1973 2603 2028 codices
2628 1989 2815 2029 sacros
2840 1975 3152 2030 combustos
3183 1989 3306 2030 esse
3334 1982 3577 2046 tempore
3614 1973 3875 2029 duumvia

2266 2075 2416 2120 ratus
2443 2066 2546 2120 sui.
2593 2067 2728 2121 Cum
2774 2068 2824 2122 id
2877 2068 2978 2138 ipsi
3019 2067 3344 2138 denegaSset
3370 2067 3728 2128 Caecilianus,
3763 2071 3874 2121 Au-

2266 2160 2506 2228 gentium
2553 2163 2786 2214 amicum
2813 2169 2868 2216 et
2911 2160 3172 2231 collegam
3219 2159 3491 2216 Caeciliani
3526 2160 3580 2216 in
3615 2161 3875 2215 aedilitate

2268 2250 2518 2306 adhibuit
2552 2252 2992 2319 intercessorem,
3027 2253 3091 2307 ad
3121 2252 3274 2324 cujus
3307 2267 3496 2321 preces
3539 2251 3865 2308 Caecilianus

2267 2342 2550 2412 epistulam
2582 2343 2802 2413 scripsit
2829 2344 3015 2411 Felici,
3047 2360 3149 2414 qua
3180 2347 3482 2400 testabatur
3509 2359 3654 2399 anno
3676 2343 3875 2400 dumu-

2267 2435 2475 2491 viratus
2521 2437 2606 2492 sui
2637 2448 2910 2508 praesente
2940 2438 3154 2494 Galatio
3183 2440 3442 2508 quasdam
3477 2439 3739 2510 epistolas
3787 2455 3875 2494 sa-

2269 2527 2552 2585 lutatorias
2578 2546 2609 2587 e
2632 2530 2853 2587 basilica
2883 2532 3046 2588 fuisse
3094 2533 3322 2600 ablatas,
3355 2542 3410 2588 et
3446 2533 3721 2604 lngentius
3753 2533 3876 2590 huic

2268 2624 2513 2694 epistola:
2553 2624 2760 2680 addidit
2807 2625 3038 2682 Felicem
3086 2627 3288 2683 dixisse
3321 2645 3333 2680 :
3363 2627 3512 2682 Tolle
3559 2628 3758 2681 clavem
3783 2669 3800 2694 ,
3828 2636 3875 2682 et

2269 2732 2398 2786 quos
2440 2716 2493 2770 in
2538 2716 2783 2771 cathedra
2823 2717 2982 2772 libros
3028 2728 3074 2772 et
3100 2735 3256 2787 super
3284 2719 3460 2789 lapide
3503 2719 3705 2774 codices
3755 2719 3879 2773 tolle

2269 2811 2409 2878 illos,
2441 2811 2531 2866 sed
2573 2811 2688 2865 uide
2727 2812 2980 2882 ofﬁciales
3010 2829 3073 2868 ne
3097 2814 3284 2867 tollant
3311 2813 3482 2868 oleum
3525 2823 3574 2868 et
3621 2813 3875 2867 triticum.

2270 2906 2367 2960 Cui
2401 2923 2524 2962 cum
2552 2909 2930 2979 respondisset
2950 2908 3270 2966 Crecilianus
3295 2928 3307 2962 :
3340 2909 3421 2964 Tu
3449 2910 3612 2965 nescis
3643 2911 3767 2976 quia
3793 2909 3881 2963 ubi

2269 2999 2540 3068 scriptum
2566 3002 2892 3056 inveniuntur
2921 3003 3034 3066 ipsa
3061 3003 3112 3074 3
3143 3003 3328 3056 domus
3356 3002 3604 3056 diruitur.
3638 3001 3879 3057 Felicem

2271 3091 2339 3145 ad
2392 3092 2506 3147 haec
2551 3094 2798 3150 dixisse:
2833 3095 2973 3160 Quid
3019 3113 3140 3169 ergo
3183 3097 3481 3165 facimus?
3524 3094 3882 3153 Caecilianum

562 3182 693 3238 bant
723 3179 1039 3244 Christiani,
1071 3192 1137 3233 ex
1165 3191 1272 3247 quo
1301 3174 1505 3230 invidia
1526 3171 1924 3237 concilabatur,
1957 3167 2162 3238 plures-

2273 3188 2619 3258 respondisse
2655 3205 2668 3244 :
2701 3188 2875 3242 Tollat
2897 3167 3088 3259 aliquis
3113 3189 3177 3243 de
3203 3190 3383 3245 vestris
3409 3190 3462 3244 in
3489 3205 3612 3244 area
3639 3189 3731 3243 ubi
3764 3205 3885 3243 ora-

558 3289 666 3347 que
715 3273 874 3330 morti
925 3269 1342 3341 objiciebantur.
1377 3264 1532 3335 Quod
1565 3278 1792 3320 cernens
1829 3261 2162 3324 Mensurius,

559 3367 852 3423 Czeciliano
883 3363 1270 3421 archidiacono
1302 3362 1355 3416 in
1399 3358 1668 3416 mandatis
1697 3357 1847 3413 dedit
1894 3365 1954 3412 ut
1981 3356 2165 3410 incon-

562 3461 759 3517 sultam
790 3461 935 3514 illam
969 3458 1180 3512 turbam
1209 3470 1238 3508 a
1289 3454 1497 3508 foribus
1535 3450 1772 3506 carceris
1817 3455 2048 3514 arceret,
2099 3460 2167 3500 ne

565 3553 826 3609 tumultus
854 3553 1030 3617 fieret,
1059 3557 1114 3604 et
1140 3545 1341 3603 invidia
1369 3544 1757 3600 concitaretur.
1793 3540 1929 3595 Hine
1975 3553 2160 3593 ansam

563 3655 754 3718 postea
778 3641 1050 3700 Caaciliani
1081 3636 1446 3696 calumniandi
1492 3635 1840 3704 arripuerunt
1884 3631 2045 3701 hujus
2071 3629 2166 3684 ad-

563 3739 794 3796 versarii
825 3751 889 3793 ac
917 3735 1155 3807 ﬁngendi
1182 3734 1350 3805 ipsum
1391 3730 1503 3785 lora
1531 3739 1579 3784 et
1609 3728 1779 3801 ﬂagra
1807 3742 1923 3780 cum
1954 3724 2165 3778 armatis

563 3842 682 3887 ante
704 3837 841 3904 {ores
871 3830 1093 3884 carceris
1125 3827 1376 3900 posuisse,
1402 3834 1448 3878 et
1478 3823 1540 3877 ab
1567 3823 1799 3893 ingressu
1821 3828 1972 3890 atque
2021 3818 2164 3873 aditu

565 3935 775 3982 cunctos
822 3925 910 3996 qui
957 3924 1144 3978 victum
1200 3929 1474 3993 potumque
1524 3914 1837 3986 martyribus
1886 3911 2166 3980 alferebant

564 4021 715 4092 gravi
740 4018 936 4092 injuria
973 4015 1306 4090 propulsasse
1333 4029 1350 4067 :
1377 4027 1498 4084 qua:
1525 4009 1795 4065 calumnia
1823 4023 1854 4062 a
1881 4005 2164 4061 verisimili

566 4111 794 4170 omnino
823 4110 1080 4166 abhorret
1112 4123 1212 4163 nec
1247 4107 1404 4161 aliam
1437 4103 1638 4159 habere
1664 4101 1878 4157 videtur
1901 4098 2165 4168 originem

563 4221 725 4279 quam
751 4203 897 4278 quod
926 4201 1184 4277 Cypriani
1209 4199 1491 4256 consilium
1551 4204 1767 4253 secutus
1797 4189 2166 4248 commendarit

565 4307 625 4354 ut
643 4309 790 4354 caute
815 4308 861 4353 et
888 4314 988 4353 non
1023 4295 1346 4369 glomeratim
1361 4292 1546 4365 (verba
1571 4285 1968 4360 suntCypriani
1991 4298 2082 4352 ep.
2108 4281 2166 4353 v)

566 4411 660 4450 nec
687 4409 777 4466 per
802 4391 1180 4446 multitudinem
1209 4387 1303 4441 sibi
1320 4389 1560 4459 junctam
1590 4382 1658 4437 ad
1679 4377 2091 4436 conservandum
2118 4385 2168 4429 et

564 4485 881 4542 uisitandum
916 4487 1258 4554 confessores,
1282 4477 1568 4534 Christiani
1595 4472 1978 4540 concurrerent,
2019 4482 2170 4540 atque

564 4586 623 4634 ut
650 4594 766 4633 cum
793 4582 1187 4648 temperamento
1216 4571 1312 4627 hoc
1333 4581 1571 4644 ageretur
1601 4584 1692 4639 per
1724 4566 2063 4636 Presbyteros

566 4673 724 4730 ternis
750 4672 942 4728 vicibus
969 4687 1026 4726 eo
1051 4669 1327 4735 uenientes,
1360 4677 1412 4720 ut
1447 4665 1638 4721 scilicet
1668 4661 1980 4732 temporibus
2006 4657 2168 4712 servi-

568 4777 730 4835 retur,
763 4767 922 4841 quieti
946 4765 1323 4839 prospiceretur
1345 4769 1390 4815 et
1417 4759 1552 4827 plebi
1574 4755 1949 4829 provideretur.

647 4859 784 4928 Quid
827 4858 893 4913 de
944 4856 1134 4911 Felicis
1183 4851 1522 4926 Aptungitan-i
1573 4865 1727 4903 causa
1769 4845 2072 4902 constiterit.
2093 4875 2167 4887 —-

567 4952 805 5013 Felicem
835 4949 1254 5021 Aptungitanum
1283 4945 1611 5016 Episcopum
1640 4939 1933 5002 Caeciliani,
1963 4948 2020 4994 ut
2039 4954 2162 4993 mox

569 5047 837 5109 dicemus,
869 5041 1258 5106 ordinatorem,
1288 5036 1594 5092 traditionis
1621 5034 1783 5091 etiam
1825 5032 2054 5088 crimine
2083 5031 2165 5086 in-

569 5139 844 5197 famarunt
885 5133 1198 5189 Donatistae.
1229 5130 1300 5186 At
1324 5146 1388 5187 ex
1419 5130 1740 5185 testimoniis
1769 5143 1958 5184 eorum
1987 5126 2078 5196 qui
2103 5140 2167 5182 ea
2205 5163 2208 5165 λ

565 5231 639 5287 de
665 5245 747 5296 re,
791 5227 1136 5298 postmodum
1178 5224 1525 5296 inquisitione
1573 5224 1708 5280 facta
1739 5237 1884 5278 anno
1913 5220 2054 5289 3M,
2098 5219 2168 5275 ab

566 5324 789 5383 A‘Jliano
852 5319 1174 5394 proconsule
1223 5319 1378 5390 jussu
1433 5315 1770 5373 Constantini
1826 5310 2168 5384 imperatoris

566 5416 735 5475 auditi
773 5425 919 5482 sunt,
953 5417 1248 5471 immunem
1275 5413 1344 5468 ab
1370 5425 1438 5468 eo
1476 5411 1706 5466 crimine
1732 5407 1970 5464 Felicem
2001 5405 2168 5461 fuisse

563 5511 830 5569 constitit.
855 5511 1064 5582 Quippe
1083 5508 1404 5565 Caecilianus
1428 5506 1519 5577 qui
1534 5503 1796 5558 Duumvir
1813 5511 1930 5555 erat
1953 5499 2163 5569 Aptun-

560 5603 759 5676 gitana:
793 5603 1045 5668 coloniae,
1075 5617 1200 5659 cum
1235 5597 1570 5670 prepositum
1603 5602 1688 5651 est
1712 5591 1952 5650 edictum
1990 5591 2059 5646 de
2084 5588 2165 5646 di-

557 5697 785 5759 ruendis
814 5697 1073 5757 Ecclesiis
1099 5705 1158 5752 et
1195 5692 1588 5752 comburendis
1633 5689 1786 5747 libris
1825 5685 2166 5744 Christiano-

555 5805 701 5861 rum,
760 5799 986 5848 testatus
1039 5799 1123 5846 est
1176 5805 1270 5854 se,
1321 5800 1440 5845 cum
1491 5784 1722 5846 missum
1772 5795 1856 5842 εει
1905 5781 2164 5850 edictum.

2275 3282 2437 3334 tiones
2465 3278 2637 3348 facitis
2664 3291 2710 3334 et
2733 3280 2841 3334 illic
2865 3291 3145 3352 ponantur,
3174 3291 3219 3335 et
3241 3298 3331 3352 ego
3353 3282 3499 3336 venio
3527 3298 3645 3336 cum
3668 3281 3885 3353 officia-

2271 3370 2404 3425 libus
2432 3381 2476 3426 et
2501 3372 2648 3437 tollo,
2676 3379 2840 3443 atque
2862 3371 2988 3428 huic
3011 3372 3240 3428 consilio
3263 3375 3508 3444 paruisse
3531 3374 3797 3441 Felicem,
3831 3381 3888 3428 et

2269 3463 2324 3519 in
2351 3479 2477 3520 area
2505 3465 2722 3520 codices
2747 3480 2934 3521 sacros
2982 3467 3108 3537 poni
3155 3467 3446 3523 mandasse
3482 3485 3496 3522 :
3530 3467 3660 3522 illuc
3708 3467 3888 3524 Carci-

2271 3555 2474 3612 lianum
2502 3573 2624 3612 cum
2670 3558 2994 3614 officialihus
3019 3561 3233 3617 venisse
3273 3570 3328 3616 et
3354 3562 3536 3616 omnia
3565 3561 3765 3618 tulisse
3795 3577 3886 3618 se—

2269 3649 2505 3706 cundum
2555 3665 2767 3706 sacrum
2817 3661 3167 3725 prmceptum.
3205 3653 3531 3709 Cmcilianus
3576 3655 3631 3709 in
3677 3655 3891 3725 judicio

2270 3749 2441 3799 totum
2487 3743 2627 3798 istud
2676 3745 2920 3814 epistolm
2975 3762 3087 3823 suae
3132 3747 3402 3816 adjectum
3435 3762 3559 3804 esse
3602 3748 3894 3804 contendit

2269 3845 2431 3906 atque
2476 3834 2784 3907 lngentium
2833 3838 2952 3892 falsi
2986 3839 3278 3911 redarguit,
3311 3840 3404 3910 qui
3433 3855 3742 3910 suspensus
3791 3841 3892 3895 im-

2272 3931 2588 3986 minentium
2649 3930 3039 3989 tormentorum
3081 3943 3226 3991 metu
3273 3934 3449 3990 fassus
3487 3946 3568 3990 est
3597 3935 3723 3992 lucc
3772 3935 3893 4005 epi-

2272 4025 2426 4080 stolae
2441 4040 2502 4081 se
2530 4025 2806 4083 addidisse
2837 4027 2890 4083 in
2915 4027 3206 4084 vindictam
3221 4028 3387 4084 Mauri
3413 4028 3643 4100 hospitis
3669 4030 3761 4086 sui
3786 4071 3801 4096 ,
3840 4037 3900 4084 ut

2272 4115 2436 4173 Felici
2471 4117 2773 4174 traditionis
2802 4129 2983 4174 nolam
3012 4120 3276 4176 inureret.

2345 4229 2575 4286 Nomina
2615 4231 2996 4302 Episcoporum
3022 4233 3245 4303 :concilii
3291 4231 3556 4289 Cirtensis.
3584 4263 3658 4274 —-
3688 4233 3897 4290 Perseo

2271 4325 2490 4381 cutione
2519 4325 2765 4382 codicum
2797 4325 3180 4382 tradendorum
3214 4326 3434 4397 paulum
3463 4325 3719 4382 relaxata
3751 4342 3900 4382 anno

2272 4433 2398 4474 terte
2439 4418 2677 4490 vulgaris
2717 4417 2852 4486 305,
2894 4435 2956 4474 tu
2991 4434 3163 4476 nonas
3200 4419 3375 4474 Martii
3418 4417 3532 4490 (l),
3573 4419 3777 4476 decem
3807 4427 3904 4474 aut

2273 4511 2524 4567 undecim
2575 4512 2816 4582 episcopi
2865 4510 3131 4567 Numidia:
3179 4522 3554 4567 convenerunt
3609 4509 3792 4567 Cir-tm
3847 4512 3900 4564 in

2089 4562 2170 4660 αθ
2191 4569 2246 4631 Ι)
2271 4562 3566 4659 assignas;3.5.1:".31....i;.;.'.;.;.;;.::;.
3609 4562 3905 4660 is}...

2271 4697 2602 4768 Episcopum
2620 4697 2672 4752 in
2698 4697 2873 4753 locum
2895 4697 3344 4754 PauliCirtensis.
3363 4697 3604 4753 Primum
3626 4698 3786 4755 inter
3806 4714 3906 4756 eos

2268 4792 2605 4863 antiquitatis
2629 4791 2751 4861 jure
2778 4791 2955 4848 locum
2979 4791 3201 4847 tenebat
3223 4791 3505 4849 Secundus
3524 4791 3906 4864 Tigisitanus,

2270 4901 2393 4942 cum
2438 4900 2546 4958 quo
2587 4885 2888 4942 consedere
2933 4887 3172 4942 Donatus
3217 4885 3650 4952 Masculitanus,
3704 4887 3909 4943 Victor

2270 4978 2721 5044 Russicadensis,
2758 4979 2996 5034 Marinus
3033 4979 3101 5034 ab
3127 4978 3296 5048 Aquis
3325 4977 3640 5033 Tibilitanis
3661 5020 3678 5044 ,
3715 4979 3910 5034 Dona.

2270 5082 2356 5127 tus
2380 5072 2750 5136 Calamensis,
2786 5071 3086 5141 Purpurius
3122 5070 3486 5135 Limatensis,
3520 5068 3725 5126 Victor
3765 5071 3910 5127 Gar-

2270 5167 2486 5233 hensis,
2516 5166 2670 5222 Felix
2701 5181 2731 5221 a
2771 5165 3018 5230 Rotario,
3059 5163 3241 5220 Nabor
3285 5179 3314 5219 a
3356 5163 3756 5232 Centurionis,
3808 5164 3911 5222 See

2271 5259 2478 5316 cundus
2501 5261 2680 5315 minor
2707 5258 2846 5312 filius
2871 5257 3055 5312 fratris
3073 5255 3313 5322 Secundi
3327 5255 3638 5328 Tigisitani.
3684 5258 3906 5312 Cirtam

2271 5367 2487 5422 quoque
2523 5360 2747 5409 venerat
2778 5351 3042 5406 Menalius
3071 5351 3336 5406 incertum
3364 5351 3520 5418 cujus
3547 5350 3601 5403 in
3636 5347 3906 5406 Numidia

2272 5442 2418 5500 sedis
2444 5445 2750 5516 episcopus,
2769 5442 2866 5500 sed
2895 5443 2987 5513 qui
3012 5458 3080 5500 ne
3106 5459 3135 5498 a
3165 5443 3278 5499 suis
3297 5443 3509 5499 civibus
3536 5441 3907 5499 thuriﬁcasse

2346 5682 2425 5756 (l)
2480 5683 2625 5739 Anno
2674 5683 2815 5753 505,
2861 5698 2920 5741 ιιι
2960 5682 3145 5740 Nonas
3172 5681 3378 5738 Martii.
3431 5679 3508 5738 De
3536 5678 3652 5737 hac
3684 5679 3906 5752 epocha

2275 5779 2400 5839 vide
2430 5779 2838 5838 aimotatiouem
2871 5780 2976 5850 62,
3011 5781 3064 5837 in
3094 5779 3190 5835 lib.
3225 5794 3240 5834 ι
3274 5776 3480 5850 Optati.
