4198 6160
426 155 532 239 ᾙἹ
1643 177 1981 235 HISTORIA
2028 179 2637 257 DONA'I'ISTARUM.

422 273 768 341 probaretur,
796 276 1076 337 oculorum
1108 284 1363 345 dolorem
1395 294 1603 367 fingens
1634 298 1703 353 ad
1730 315 2069 355 consessum
2106 308 2160 364 Α
2188 306 2448 366 Silvano.
2478 347 2553 359 —

418 375 640 421 suorum
673 369 970 437 procedere
1000 378 1316 448 trepidavit.

483 455 811 518 Accusantur
832 464 1006 534 plures
1033 469 1364 534 Traditionis
1390 499 1421 535 a
1449 484 1730 540 Secundo.
1764 484 2074 559 Purpurius

413 546 690 608 homicidii
713 565 988 614 accusatus
1039 562 1292 631 ferociter
1343 579 1649 644 respondit.
1712 577 2073 634 Absolvuntur

404 659 585 701 omnes
617 647 729 706 Deo
752 665 953 708 servata
976 673 1162 715 eorum
1190 680 1370 723 causa.
1386 700 1459 711 —
1480 672 1539 727 ln
1574 672 1835 731 Concilio
1859 693 2060 748 progro-

398 740 568 797 situm
593 753 686 800 est
705 760 733 799 a
759 746 1032 817 Secundo,
1060 765 1118 810 ut
1141 768 1437 832 antequam
1465 768 1809 837 episc0pum
1834 772 2057 829 ordina-

393 845 544 903 rent,
578 840 879 906 probarem
905 857 1027 901 sese
1053 849 1358 920 adstantes,
1395 857 1495 914 hoc
1522 869 1646 927 est,
1680 875 1972 934 purgarent
1996 884 2059 927 se

399 927 469 982 ab
494 933 940 990 accusationibus
965 947 1061 994 aut
1101 945 1509 1013 suspicionibus
1554 954 1883 1012 criminum.
1918 960 2053 1018 Tum

400 1017 448 1073 is
475 1020 748 1079 Donatum
773 1026 1187 1089 Masculitanum
1213 1037 1606 1113 interrogavit,
1643 1064 1775 1103 nutu
1808 1053 2055 1110 tradidis-

403 1121 520 1174 set;
549 1112 641 1169 ltic
665 1132 840 1189 neque
866 1119 1067 1180 factum
1095 1128 1331 1199 ingenue
1354 1112 1533 1191 lassus
1555 1148 1674 1204 est,
1703 1158 1872 1213 neque
1895 1149 2053 1216 plane

408 1206 660 1273 negavit,
687 1208 780 1264 sed
806 1215 1090 1280 reSpondit
1118 1234 1181 1275 sc
1211 1226 1502 1291 quaesitum
1529 1245 1562 1281 a
1588 1228 1764 1288 Floro
1795 1246 1851 1291 ut
1880 1238 2051 1296 thuri-

406 1293 601 1351 licaret
643 1309 696 1352 et
743 1301 1002 1357 traditum
1050 1324 1158 1363 non
1208 1311 1383 1371 fuisse
1428 1317 1481 1372 in
1532 1336 1743 1379 manus
1773 1328 1922 1397 ejus:
1956 1333 2047 1387 ad-

406 1384 578 1453 dens,
625 1390 747 1458 quia
791 1390 938 1448 Deus
982 1399 1111 1453 mihi
1152 1401 1394 1473 dimisit,
1439 1428 1567 1482 ergo
1615 1424 1664 1470 et
1704 1428 1759 1471 tu
1790 1437 1937 1477 serva
1966 1441 2048 1479 me

403 1476 549 1546 Deo,
583 1479 656 1535 ita
687 1485 900 1541 veniam
934 1489 1180 1549 criminis
1210 1500 1372 1567 quasi
1402 1502 1642 1561 admissi
1685 1520 1911 1581 petens;
1957 1518 2044 1572 cui

403 1577 647 1643 reposuit
687 1576 1011 1638 Secundus:
1048 1586 1187 1651 Quid
1209 1607 1339 1663 ergo
1360 1594 1561 1663 facturi
1596 1617 1777 1658 sumus
1808 1607 1869 1660 de
1899 1626 2041 1662 mur-

3730 268 3828 323 778

3412 364 3682 431 Posterior
3723 384 3816 437 fuit

3390 472 3471 512 um
3520 463 3800 525 demortui.

2580 320 2705 379 Haec
2753 332 2900 399 prior
2949 353 3070 407 pars
3120 352 3362 418 synodi.

2186 397 2409 477 electio
2463 419 2520 462 et
2569 417 2832 480 ordinatio
2882 431 3118 503 episc0pi
3148 397 3240 494 lin
3299 446 3383 507 loc

2181 488 2471 553 Silvanus
2514 502 2559 559 is
2604 508 2668 563 de

2173 581 2295 651 epis

3176 1088 3224 1141 'ii
3261 1096 3448 1149 rustici
3485 1100 3688 1171 aliique
3729 1122 3760 1159 c

3214 1140 3219 1141 ,
3261 1140 3275 1143 ,
3306 1140 3448 1149 -ν--υ-
3485 1140 3686 1171 unlll‘ub
3729 1140 3756 1159 υ

2154 1140 2245 1195 vili
2289 1146 2571 1213 plebecula
2614 1163 2864 1219 mercede
2902 1172 3169 1229 conducti.
3200 1179 3253 1234 in
3290 1200 3417 1238 area
3458 1204 3756 1263 martyrtun

2155 1236 2443 1263 ,ημυμ
2524 1249 2535 1259 .
2666 1253 2677 1263 .
2756 1256 2767 1263 .

2151 1236 2449 1301 honoratos
2488 1249 2633 1306 cives
2661 1253 3025 1330 incluserunt,
3059 1283 3124 1324 ac
3154 1274 3428 1334 sublatum
3475 1284 3753 1345 Silvanum

2148 1341 2178 1380 a
2208 1328 2354 1386 Muto
2379 1343 2631 1396 arenario
2655 1346 2970 1419 episcopum
2999 1363 3405 1425 proclamarunt
3424 1412 3440 1436 ,
3469 1390 3629 1443 quem
3656 1380 3756 1438 Se-

2999 1421 3011 1425 ,
3425 1421 3440 1436 ,
3472 1421 3628 1443 ηπ...
3656 1421 3748 1438 υν-

2147 1421 2356 1478 cuudus
2383 1435 2438 1481 et
2466 1431 2556 1485 alii
2586 1437 2824 1510 episcopi
2854 1446 2943 1514 qui
2972 1447 3172 1506 Cirtam
3202 1471 3581 1522 convenerant
3608 1473 3755 1528 ordi-

2146 1526 2366 1570 uavere.
2410 1520 2452 1574 A
2504 1522 2727 1585 Silvano
2771 1532 2997 1607 deinde,
3044 1552 3404 1613 praisentibus
3444 1559 3754 1636 episc0pis,

2147 1601 2333 1636 Vim..-
2374 1614 2624 1636 ......_L__.-
2774 1633 2780 1636 .
2912 1628 2946 1636 .-

2980 1601 2993 1607 '
3044 1601 3058 1613 .
3169 1601 3404 1612 ,_----__-
3445 1601 3475 1614 ν
3516 1601 3632 1619 ..που
3674 1601 3721 1623 ιο

2147 1601 2333 1660 Victor
2374 1614 2663 1687 presbyter
2704 1633 2787 1678 est
2829 1628 3145 1703 ordinatus,
3175 1642 3268 1710 qui
3310 1656 3367 1700 ut
3409 1601 3568 1708 θεῖοι
3598 1601 3756 1726 p:es:

2147 1692 2299 1726 huc"-
2337 1700 2518 1726 ..:..:-..:
2565 1707 2655 1726 ιιι.
2761 1716 2833 1726 η..
3025 1723 3035 1726 —

404 1665 731 1739 tyribusquia
752 1687 851 1727 non
874 1673 1227 1753 tradiderunt,
1261 1693 1313 1737 et
1338 1685 1457 1740 ideo
1472 1694 1723 1747 coronati
1743 1708 1861 1751 sunt
1878 1701 1903 1753 ἔ)
1929 1701 2034 1754 Do-

406 1766 568 1814 natus
604 1776 812 1818 rursum
844 1765 962 1819 ait:
998 1766 1144 1824 Mitte
1172 1789 1251 1828 me
1282 1776 1358 1830 ad
1388 1775 1570 1834 Deum
1595 1824 1612 1849 ,
1645 1795 1696 1837 et
1726 1787 1796 1841 ibi
1823 1791 2040 1846 reddant

401 1853 673 1909 rationem.
694 1855 827 1914 Tum
851 1858 1143 1919 Secundus
1164 1867 1340 1933 jussit
1369 1888 1496 1929 eum
1523 1878 1803 1938 recedere
1833 1885 1884 1940 in
1914 1902 2037 1956 par-

405 1956 513 2003 tem
552 1945 777 2008 'alteram
823 1964 881 2009 et
926 1963 1072 2011 stare
1099 1961 1251 2025 quasi
1285 1978 1465 2019 reum.
1509 1968 1743 2028 Deinde
1772 1975 2041 2035 Marinum

400 2041 472 2097 ab
498 2040 668 2114 Aquis
695 2044 1008 2103 Tibilitanis
1039 2053 1394 2123 compellavit
1435 2057 1518 2115 bis
1551 2065 1787 2122 verbis:
1833 2069 2041 2127 Dicitur

399 2142 451 2188 et
482 2143 531 2190 te
560 2137 844 2195 tradidisse.
877 2139 1182 2210 Respondit
1209 2146 1456 2205 Marinus
1486 2166 1546 2207 se
1600 2156 1825 2217 dedisse
1869 2163 2041 2221 Paulo

399 2227 675 2299 Cartulas,
704 2234 922 2292 codices
955 2252 1087 2292 vero
1114 2253 1243 2295 suos
1275 2241 1458 2298 salvos
1484 2261 1659 2317 esse;
1696 2254 1842 2311 hunc
1869 2261 2036 2315 etiam

401 2320 457 2376 iu
481 2330 692 2393 partem
718 2326 944 2384 alteram
970 2330 1230 2388 secedere
1253 2332 1420 2403 jussit
1445 2335 1759 2401 Secundus.
1791 2349 2037 2407 Donatus

400 2413 734 2475 Calameusis
759 2422 827 2478 ab
849 2438 917 2479 eo
942 2422 1195 2481 similiter
1222 2427 1595 2498 interregatus
1617 2477 1632 2501 ,
1665 2443 1948 2509 respondit
1974 2460 2035 2501 se

400 2509 623 2568 dedisse
665 2513 878 2570 codices
922 2517 1318 2583 medicinales,
1362 2528 1419 2575 et
1457 2522 1560 2579 hoc
1602 2543 1869 2600 responso
1908 2537 2036 2593 dato

399 2603 554 2659 stetit
582 2604 637 2659 in
669 2607 866 2663 medio.
898 2608 1091 2665 Victor
1117 2626 1147 2665 a
1180 2610 1484 2669 Russicade
1522 2630 1816 2681 accusatus
1855 2644 1885 2683 a
1929 2630 2031 2688 Se-

400 2697 583 2752 cundo
608 2699 749 2767 quod
778 2702 1097 2761 tradidisset
1123 2714 1364 2776 quatuor
1390 2706 1683 2780 Evangelia
1705 2757 1722 2782 ,
1751 2733 1940 2791 aperte
1966 2741 2032 2781 ac

401 2789 524 2842 sine
554 2789 680 2844 ullis
716 2792 1039 2864 ambagibus
1076 2795 1287 2851 crimen
1328 2795 1509 2854 fassus
1549 2813 1667 2859 est:
1703 2789 2031 2872 Valentinia-

402 2893 504 2933 nus
524 2921 540 2946 ,
574 2881 782 2951 inquit,
814 2882 1035 2941 Curator
1071 2888 1173 2957 fuit
1197 2931 1212 2955 ,
1244 2888 1357 2959 ipse
1384 2907 1465 2946 me
1494 2899 1660 2966 coegit
1688 2911 1745 2954 ut
1773 2906 2030 2964 mitterem

401 2970 532 3037 illa;
564 2971 662 3025 Itoc
676 2972 920 3031 delictum
946 2979 1076 3032 mihi
1104 2979 1341 3051 indulge,
1373 2991 1423 3035 et
1450 2983 1686 3061 indulget
1713 2992 1843 3049 mihi
1865 2997 2022 3054 Deus.

403 3063 521 3120 Hoc
550 3081 818 3137 responso
845 3070 974 3147 dato
1002 3073 1189 3128 statim
1222 3088 1347 3128 cum
1381 3078 1496 3131 reis
1525 3088 1673 3138 stare
1697 3084 1885 3155 jussus
1914 3103 2018 3149 cst.
2050 3077 2095 3139 (ἶ

402 3155 541 3211 Tum
557 3156 1271 3231 Purpuriutnijatensem
1301 3179 1408 3220 non
1440 3171 1766 3243 traditionis,
1796 3183 1893 3237 sed
1924 3185 2021 3239 IIO-

404 3250 611 3307 micidii
640 3253 972 3312 insimulavit
1002 3257 1291 3313 Secundus
1315 3301 1329 3327 ,
1363 3262 1433 3315 ita
1477 3278 1601 3320 eum
1640 3276 2016 3343 compellans:

405 3343 612 3399 Dicitur
638 3354 686 3400 te
707 3363 913 3404 necasse
931 3350 1071 3420 ﬁlios
1091 3354 1284 3407 sororis
1310 3362 1413 3408 tua:
1440 3356 1571 3412 duos
1600 3360 1767 3419 Nilei.
1798 3367 1896 3424 Hic
1921 3372 2017 3427 lto-

405 3452 496 3491 mo
515 3435 668 3492 ferox
693 3448 749 3494 et
773 3441 1074 3511 impudens,
1090 3445 1304 3499 crimen
1329 3445 1536 3502 illatum
1564 3451 1618 3505 in
1639 3467 2013 3518 accusatorem

410 3531 665 3586 retorsit:
694 3531 860 3589 Putas
882 3577 897 3603 ,
923 3535 1098 3608 inquit
1127 3538 1409 3607 Secundo,
1437 3558 1517 3597 me
1544 3552 1727 3603 terreri
1751 3569 1783 3606 a
1807 3564 1855 3609 te
1880 3558 2015 3613 sicut

408 3632 456 3676 et
484 3622 623 3678 alii?
648 3622 730 3678 Tu
756 3626 884 3693 quid
914 3629 1098 3699 egisti,
1130 3632 1221 3700 qui
1251 3641 1427 3685 tentus
1452 3649 1507 3688 es
1532 3654 1565 3691 a
1591 3652 1827 3699 curatore
1852 3658 1900 3700 et
1931 3664 2015 3703 or-

408 3713 528 3769 dine
554 3724 609 3769 ut
636 3718 925 3788 scripturas
953 3722 1149 3777 dares?
1181 3715 1455 3791 Quomodo
1484 3739 1534 3784 te
1562 3731 1791 3791 liberasti
1830 3740 1893 3794 ab
1934 3738 2016 3810 ip-

407 3808 513 3869 sis,
543 3809 647 3863 nisi
672 3811 795 3879 quia
831 3813 1051 3881 dedisti,
1095 3826 1187 3870 aut
1212 3818 1423 3888 jussisti
1463 3822 1578 3877 dari
1620 3808 2017 3904 quodcumque?

408 3915 531 3953 nam
558 3916 661 3955 non
689 3911 738 3957 te
763 3902 1087 3962 dimittebant
1119 3911 1333 3978 passim.
1367 3910 1501 3968 Tum
1535 3916 1585 3971 in
1618 3921 1793 3979 minas
1825 3902 2017 3996 proru-

409 3995 522 4064 pit:
560 3993 672 4066 Ego
691 4037 708 4065 ,
741 3997 954 4068 inquit,
985 4002 1154 4056 occidi
1174 4044 1189 4066 ,
1222 4016 1270 4058 et
1296 4006 1472 4062 occido
1501 4026 1586 4066 eos
1613 4016 1702 4086 qui
1728 3993 1908 4074 contra
1937 4039 2017 4079 me

411 4089 649 4158 faciunt:
678 4098 734 4162 (ο
762 4090 995 4149 ferinam
1022 4096 1488 4174 immanitatem!)
1516 4103 1630 4161 ideo
1655 4109 1763 4163 noli
1787 4128 1867 4167 me
1891 4131 2015 4182 pro-

408 4193 593 4235 vocare
622 4191 678 4235 ut
703 4182 821 4254 plus
851 4184 1022 4239 dicant
1044 4227 1060 4255 ,
1090 4189 1194 4242 scis
1222 4206 1302 4244 me
1326 4192 1389 4246 de
1419 4196 1618 4252 nemine
1646 4209 1887 4258 tractare.
1922 4204 2012 4262 Si-

411 4276 524 4331 mul
553 4291 746 4334 omnes
775 4280 853 4335 rei
883 4289 1101 4339 stantes
1133 4301 1473 4346 murmurare
1511 4306 1795 4363 coeperunt
1821 4299 2013 4359 adver-

410 4382 506 4424 sus
550 4368 883 4427 Secundum.
926 4373 1080 4444 Quod
1122 4376 1312 4435 videns
1358 4381 1637 4441 Secundus
1677 4387 1815 4445 alter
1851 4391 2011 4462 hujus

411 4460 599 4517 fratris
638 4463 780 4519 (ilius
800 4507 817 4531 ,
860 4477 1110 4536 patruum
1150 4472 1231 4526 sic
1261 4472 1530 4531 allocutus
1557 4487 1675 4533 est:
1707 4481 1869 4538 Audis
1898 4460 2011 4554 qua:
2037 4473 2087 4533 1)
2114 4472 2277 4529 libare
2301 4479 2598 4539 ἀίεεὺαιαντ
2626 4501 2672 4542 ει
2708 4505 2824 4545 cum

412 4556 552 4610 dicat
576 4558 630 4611 in
655 4558 743 4612 te?
770 4570 983 4629 paratus
1009 4574 1083 4619 est
1109 4569 1345 4621 recedere
1369 4579 1416 4622 et
1440 4570 1662 4626 schisma
1687 4575 1877 4646 facere,
1908 4596 2010 4636 non

410 4657 618 4701 tantum
643 4650 775 4720 ipse,
806 4652 895 4705 sed
921 4662 968 4707 et
995 4669 1170 4711 omnes
1195 4673 1319 4726 quos
1346 4663 1561 4732 arguis;
1600 4680 1726 4735 quos
1744 4667 1851 4722 scio
1890 4671 2012 4739 quia

414 4742 673 4802 dimittere
696 4758 744 4803 te
770 4748 959 4805 habent
998 4760 1045 4806 et
1095 4753 1221 4808 dare
1247 4757 1301 4811 in
1331 4766 1379 4812 te
1402 4762 1705 4817 sententiam
1726 4806 1739 4829 ,
1770 4776 1819 4819 et
1846 4784 2012 4823 rentu-

413 4837 561 4892 nebit
599 4841 740 4896 solus
781 4839 1097 4900 htereticus:
1133 4847 1248 4902 ideo
1287 4850 1412 4920 quid
1449 4842 1521 4906 ad
1557 4862 1605 4908 te
1643 4858 1860 4927 pertinet
1899 4862 2012 4930 quis

412 4931 545 4998 quid
568 4933 707 5005 egit?
727 4933 837 4990 Deo
864 4936 1013 4992 habet
1036 4939 1246 4994 reddere
1269 4942 1541 4998 rationem.
1568 4946 1704 5003 Tum
1731 4947 2011 5008 Secundus

415 5021 749 5092 Tigisitanus
778 5027 831 5083 id
863 5042 1109 5085 metuens
1131 5072 1146 5098 ,
1176 5034 1437 5090 consultis
1464 5036 1683 5096 Victore
1711 5041 1973 5100 Garbensi
1993 5088 2009 5116 ,

417 5114 603 5171 Felice
640 5134 670 5173 a
706 5118 962 5186 Rotario,
1005 5129 1060 5176 et
1097 5122 1308 5180 Nubere
1344 5141 1375 5181 a
1415 5127 1792 5198 Centurionis,
1840 5114 2011 5193 tribus

413 5204 630 5263 scilicet
648 5208 919 5279 judicibus
946 5214 1325 5282 superstitibus
1350 5220 1440 5288 qui
1469 5218 1523 5274 in
1552 5224 1877 5280 sententiam
1906 5226 2006 5283 See

414 5297 585 5353 eundi
625 5301 847 5359 minoris
892 5302 1293 5362 descenderunt
1327 5318 1384 5364 et
1424 5311 1584 5368 talem
1628 5329 1845 5371 causam
1895 5317 2007 5375 Deo

414 5391 628 5444 servari
674 5391 876 5451 debere
922 5410 1288 5466 censuerunt,
1343 5417 1559 5461 reorum
1607 5408 2005 5468 absolutionem

415 5483 790 5551 pronuntiavit
809 5525 823 5550 ,
855 5500 1059 5558 eosque
1087 5488 1280 5547 sedere
1302 5491 1485 5563 jussit.
1515 5496 1667 5555 'l‘unc
1692 5499 1895 5555 dictum
1926 5514 2012 5558 est

414 5572 491 5627 ab
519 5573 770 5628 oumibus
796 5574 904 5631 Deo
925 5581 1124 5649 gratias
1143 5622 1159 5646 ,
1189 5592 1240 5636 et
1266 5583 1545 5642 sederunt.

498 5663 769 5733 Ordinatio
810 5668 1027 5724 Silvani.
1080 5670 1400 5733 Nundinarii
1443 5678 1650 5737 diaconi
1688 5683 1935 5742 dissensio
1974 5704 2008 5744 a

844 5762 1115 5826 Ρηιωι..
1165 5766 1276 5829 ΧΙ.

3132 1689 3144 1703 ,
3179 1689 3268 1710 Ἰ..-
3311 1689 3367 1700 ..-
3409 1689 3568 1708 law-hi
3636 1689 3755 1715 lca.

2065 1689 2112 1748 B
2139 1692 2299 1765 bytcr
2337 1700 2520 1770 viginti
2562 1707 2720 1770 folles
2759 1716 2975 1776 Silvano
3004 1723 3182 1795 dedit,
3216 1748 3355 1802 quos
3397 1750 3526 1797 ante
3567 1689 3755 1806 cathe-

2142 1787 2296 1844 dram
2327 1795 2706 1870 episcoporum
2736 1812 2973 1881 positos,
3007 1818 3114 1889 ipsi
3145 1825 3451 1888 diviserunt
3493 1837 3632 1894 inter
3668 1857 3748 1899 se.

2146 1878 2225 1899 ..μ
2252 1897 2265 1899 -
2435 1888 2446 1899 -
2664 1896 2676 1899 -

2959 1878 2968 1881 _
3032 1878 3045 1889 _
3215 1878 3451 1888 ww“..-
3668 1878 3748 1899 ου.

2146 1878 2271 1936 llaec
2302 1888 2481 1943 omnia
2526 1896 2779 1962 patefecit
2822 1903 3191 1970 Nundinarius
3233 1919 3441 1979 Silvani
3487 1928 3752 1989 diaconus

2142 1970 2312 2029 iratos
2350 1978 2611 2042 adversus
2651 1993 2964 2065 episcopum
3006 2016 3163 2059 suum
3207 2024 3236 2062 a
3281 2028 3390 2083 quo
3421 2017 3600 2077 fuerat
3631 2024 3753 2081 loco

2142 2076 2343 2123 motus.
2388 2072 2520 2140 Qua:
2565 2096 2653 2136 res
2702 2084 3024 2157 Purpurioni
3069 2096 3446 2164 LimatenScm

2141 2158 2387 2229 ejusdem
2421 2165 2673 2231 factionis
2700 2180 3017 2253 episcopum
3060 2196 3278 2251 nomine

2141 2248 2237 2316 lit,
2270 2261 2328 2308 ut
2352 2257 2417 2310 ad
2446 2248 2804 2327 Silvanum‘et
2833 2276 2899 2330 ad
2927 2278 3206 2341 Cirtenses
3230 2306 3320 2345 scr

3271 2343 3305 2345 ρ
3324 2343 3430 2350 -_--
3448 2343 3538 2353 -...
3562 2343 3747 2373 qua...

2140 2343 2353 2401 ratione
2376 2346 2693 2415 Nundinarii
2724 2362 2933 2423 diaconi
2962 2375 3334 2438 exulceratum
3362 2391 3603 2449 animum
3632 2398 3747 2465 pla-

2137 2435 2250 2489 cari
2290 2449 2580 2515 oportere,
2620 2466 2690 2506 ne
2726 2471 2844 2523 qua:
2873 2460 3087 2518 sciebat.
3108 2468 3285 2534 palam
3314 2474 3520 2535 faceret
3557 2502 3571 2536 :
3604 2435 3746 2554 (iam:

2139 2540 2259 2554 Λ--ηι
2292 2530 2483 2554 l'.-.-_.__
2655 2544 2676 2554 ρ
2715 2545 2725 2554 .
2912 2551 2973 2554 μμ

3108 2530 3119 2534 -
3384 2530 3519 2535 την-
3557 2530 3570 2536 -
3605 2530 3746 2554 Ὶ-νυ

2137 2540 2260 2582 cum
2289 2530 2488 2590 factum
2516 2554 2623 2595 non
2651 2544 2872 2616 fuisset,
2904 2551 3156 2613 Silvanus
3187 2560 3386 2622 harum
3419 2586 3600 2629 rerum
3650 2576 3748 2631 do-

2136 2634 2389 2682 cumenta
2417 2641 2472 2685 et
2499 2641 2667 2692 testes
2693 2642 2937 2701 exhibuit
2963 2662 3146 2706 coram
3176 2655 3484 2731 Zenophilo
3512 2683 3744 2737 procon-

2137 2715 2250 2737 μμ
2407 2721 2419 2737 .
2478 2724 2489 2737 .

2134 2715 2253 2771 sule
2272 2759 2288 2784 ,
2321 2728 2379 2773 ut
2405 2721 2604 2782 habent
2628 2741 2801 2801 gesta.
3174 2794 3181 2797 .

2210 2809 2369 2883 Origo
2390 2817 2700 2877 schismatis.
2726 2825 2945 2886 Lucilla:
2966 2836 3211 2894 adversus
3227 2840 3568 2905 Caecilianum
3589 2857 3737 2913 νίκαν.

2134 2929 2204 2938 ——
2234 2900 2591 2968 Quantumvis
2645 2915 2926 2977 Secundus
2958 2924 3292 2998 Tigisitanus
3332 2950 3386 2992 et
3436 2941 3741 3005 Mensurius

2134 2991 2581 3067 Cartltaginensis
2612 3021 2721 3063 non
2755 3011 2892 3069 bene
2921 3022 3321 3081 coucordarent
3342 3071 3355 3094 ,
3387 3032 3740 3097 nihilominus

2132 3092 2309 3142 tamen
2348 3095 2603 3160 quamdiu
2635 3100 2766 3156 vixit
2811 3105 3145 3178 Mensurius,
3196 3119 3403 3176 nullum
3453 3125 3595 3183 inter
3641 3148 3735 3188 eos

2129 3179 2368 3236 schisma
2395 3191 2604 3256 erupit:
2648 3204 2705 3249 at
2733 3212 2799 3251 eo
2830 3213 3074 3271 mortuo,
3116 3206 3186 3262 ab
3224 3209 3419 3269 iisdem
3461 3221 3733 3295 episcopis

3474 3272 3732 3295 ,r-_---,,.-

2128 3272 2219 3341 qui
2248 3276 2478 3333 concilio
2504 3280 2738 3341 Cirtensi
2768 3290 3082 3361 adfuerant,
3111 3300 3460 3364 ordinatione
3486 3311 3736 3384 Majorini

2126 3378 2285 3432 quem
2326 3366 2620 3430 Cmciliano
2666 3380 2818 3449 prius
2861 3386 3109 3444 ordinato
3146 3406 3554 3468 opposuerunt,
3595 3406 3731 3464 Car-

2128 3454 2462 3529 thaginensis
2500 3469 2729 3534 primum
2767 3474 3043 3544 Ecclesia,
3081 3497 3146 3537 ac
3182 3454 3376 3554 postea
3415 3501 3524 3550 tota
3551 3497 3728 3558 Africa

2126 3547 2181 3605 in
2227 3549 2362 3608 duas
2404 3568 2587 3623 partes
2625 3564 2794 3620 scissa
2836 3580 2941 3624 est.
2974 3572 3136 3644 Cujus
3176 3576 3463 3640 divisionis
3493 3590 3644 3660 origo
3675 3606 3729 3649 et

2123 3657 2304 3701 causa:
2337 3655 2643 3711 accuratius
2681 3668 2735 3713 et
2769 3661 3069 3734 elegantius
3097 3668 3334 3730 describi
3363 3693 3469 3733 non
3503 3696 3728 3751 possunt

2122 3748 2283 3803 quam
2328 3739 2459 3808 ipsis
2503 3744 2682 3815 Optati
2731 3752 2936 3811 verbis.
2979 3756 3123 3828 Hoc,
3168 3762 3375 3835 inquit,
3431 3739 3746 3849 (si/usuin}

2121 3827 2266 3895 apud
2294 3827 2653 3904 Carthaginem
2683 3853 2796 3913 post
2824 3847 3203 3907 ordinationem
3232 3856 3502 3917 (ἶωεὶιίαηὶ
3528 3869 3721 3936 factum

2120 3932 2259 3987 esse,
2291 3938 2440 3979 nemo
2466 3937 2540 3981 est
2562 3931 2648 4000 qui
2678 3936 2909 3992 nesciat:
2936 3957 3029 4009 per
3054 3941 3313 4003 Lucillum
3343 3953 3537 4008 scilicet
3556 3999 3572 4024 ,
3630 3975 3720 4013 ne-

2118 4009 2227 4063 scio
2264 4028 2419 4081 quam
2456 4020 2717 4088 fwminam
2766 4027 3071 4095 factiosam:
3115 4051 3230 4104 qua:
3276 4028 3396 4095 a‘nte
3421 4059 3722 4121 concussam

2119 4109 2490 4171 persecutionis
2528 4115 2816 4174 turbinibus
2852 4139 3060 4191 pacem,
3105 4127 3228 4183 dum
3263 4133 3435 4188 adhuc
3460 4118 3530 4192 Vin
3577 4150 3724 4197 trun-

2117 4197 2280 4264 quillo
2317 4212 2445 4256 esset
2482 4203 2747 4277 Ecclesia,
2793 4231 2910 4269 cum
2947 4224 3318 4289 correptionem
3364 4231 3719 4291 archidiaconi

2118 4284 2387 4348 (Σωείιὶαηὶ
2417 4298 2552 4367 ferre
2580 4317 2683 4356 non
2713 4318 2912 4373 posset:
2945 4328 3059 4381 qutc
3086 4325 3206 4369 ante
3231 4319 3517 4388 spiritalem
3547 4326 3716 4382 cibum

2117 4388 2165 4434 et
2188 4395 2394 4455 potum,
2423 4404 2480 4443 os
2506 4396 2674 4449 nescio
2695 4398 2843 4467 cujus
2868 4405 3131 4475 martyris,
3160 4408 3206 4462 si
3233 4418 3400 4467 tamen
3449 4422 3712 4491 martyris,

2121 4472 2174 4491 ,η
2324 4479 2355 4491 ,.
2422 4480 2434 4491 ,

2861 4509 3179 4567 prteponeret
3218 4504 3368 4560 calici
3402 4511 3714 4584 salutarijos

2119 4568 2288 4621 nescio
2313 4572 2464 4643 cujus
2491 4576 2711 4636 hominis
2738 4588 2945 4654 mortui,
2962 4590 3058 4644 etsi
3088 4597 3346 4665 martyris,
3377 4601 3471 4654 sed
3499 4607 3715 4661 necdum

2117 4656 2391 4730 vindicati,
2428 4679 2692 4742 correpta,
2748 4692 2864 4731 cum
2910 4680 3242 4750 confusione,
3287 4687 3521 4747 discessit
3552 4695 3708 4754 irata.

2117 4747 2371 4809 lrascenti
2394 4768 2441 4812 et
2469 4761 2696 4832 dolenti,
2730 4783 2791 4822 ne
2817 4747 3104 4842 disciplima
3128 4779 3502 4853 succumberet,
3534 4804 3714 4844 occur-

2117 4842 2189 4898 rit
2218 4847 2387 4903 subito
2414 4858 2778 4923 persecutionis
2806 4872 2959 4917 enata
2983 4873 3274 4937 tempestas.

2188 4935 2491 5000 Mensurius
2518 4947 2587 5003 ad
2624 4953 2829 5009 curiam
2869 4955 3067 5013 citatus
3105 4975 3417 5022 ornamenta
3456 4970 3714 5034 Ecclesia:

2116 5024 2284 5084 Botro
2312 5042 2365 5086 el
2392 5032 2628 5095 Celesttio
2646 5047 3086 5103 commendat.—
3108 5050 3167 5125 4
3184 5052 3379 5113 Iisdem
3403 5068 3714 5135 temporibus

2116 5116 2273 5177 Felix
2313 5126 2525 5193 quidam
2573 5135 2841 5208 diaconus,
2889 5144 2978 5212 qui
3022 5116 3232 5219 propter
3259 5116 3527 5223 famosamr
3541 5166 3711 5220 nescio

2113 5231 2267 5287 quam
2291 5260 2306 5284 ,
2335 5219 2400 5275 de
2426 5230 2643 5293 tyranno
2673 5228 2975 5300 imperatore
3013 5246 3136 5294 tunc
3166 5219 3358 5313 factam
3395 5250 3666 5319 epistolam
3693 5300 3708 5325 ,

2111 5309 2400 5380 appellatus
2449 5326 2551 5382 est,
2601 5322 2888 5390 periculum
2936 5309 3341 5407 timens,‘apud
3388 5338 3711 5405 Memmium

2111 5403 2406 5475 episcopum
2457 5412 2720 5469 delituisse
2766 5418 2974 5476 dicitur.
3028 5425 3192 5491 Quem
3234 5446 3350 5484 cum
3394 5443 3710 5504 postulatum

2115 5493 2410 5555 Mamurius
2441 5505 2642 5573 publice
2694 5510 2999 5584 denegaret,
3033 5520 3215 5575 relatio
3264 5524 3421 5576 missa
3470 5540 3575 5596 est,
3627 5550 3709 5585 rc-

2111 5593 2355 5663 scriplum
2385 5599 2607 5671 vertitqu
2638 5604 2684 5657 si
2714 5602 3010 5664 Mensurius
3042 5605 3266 5669 Felicem
3296 5616 3573 5675 diaconum
3613 5639 3713 5679 non

2112 5686 2457 5761 reddidisset,
2498 5694 2567 5750 ad
2603 5697 2860 5770 palatium
2898 5702 3221 5774 dirigeretur.
3273 5707 3569 5768 Conventus
3622 5731 3725 5773 non

3118 5797 3196 5857 25

3484 2124 3538 2168 et
3580 2117 3746 2173 alimu

3322 2201 3543 2263 Fortem
3562 2211 3750 2281 impu-

3324 2294 3538 2353 ibercnt
3561 2306 3751 2373 quavis
