4206 6170
418 174 519 249 7n
1646 124 1988 251 uisionis
2036 166 2613 251 ponnensum.
3676 210 3777 271 7,3

426 298 624 354 litteris
654 297 706 352 in
738 293 1090 397 Caecilianum
1122 293 1272 352 datis
1299 296 1480 397 aliine
1508 309 1612 397 non
1646 302 1857 397 tantum
1906 291 2064 397 Car-
2181 287 2611 360 judiceseGallia
2641 298 2755 356 dari
2781 305 3143 383 postulabant,
3174 328 3335 385 quem
3360 319 3527 379 refert
3548 323 3774 397 Optatns

415 389 767 463 thaginensis,
792 387 887 445 sed
906 398 961 444 et
988 387 1249 444 universa
1269 388 1527 447 Africana
1552 386 1802 444 Ecclesia
1826 384 1877 437 in
1901 381 2071 437 duas
2184 395 2497 482 conceptum
2515 389 2595 445 bis
2620 392 2823 473 verbis:
2848 381 3109 469 Rogamus
3129 381 3769 490 te,Consttmtine,dptinte

414 494 597 556 Partes
643 492 728 540 est
753 481 982 561 (divisa;
1034 481 1162 536 aliis
1200 479 1482 541 Caeciliani
1513 478 1891 579 innocentiam
1940 476 2069 579 de:
2178 470 2469 545 imperator,
2489 470 2730 551 quoniam
2758 487 3014 555 degenere
3028 470 3274 568 justo‘es,
3297 506 3448 575 cujus
3476 470 3776 579 ραὶειῗίέέιὲῖ·

413 576 790 645 tendentibus,
840 584 898 632 et
950 589 1077 631 cum
1123 590 1196 631 eo
1246 577 1711 632 communionem
1758 567 2071 627 retinenti-
2174 576 2380 668 ςίειενοε
2404 571 2734 642 imperatores
2773 584 3179 648 persecutionem
3210 606 3315 645 non
3354 567 3606 668 Exercitu,
3637 612 3683 656 et
3710 604 3772 658 ab

412 672 550 739 bus;
591 672 710 728 aliis
752 668 1026 726 stantibus
1056 684 1087 722 a
1124 676 1286 739 parte
1317 668 1570 741 Majorini
1614 674 1673 721 et
1702 680 1731 718 a
1763 660 2061 721 Caeciliani
2170 654 2266 713 hoc
2291 663 2545 737 facinore,
2573 666 2816 751 immunis
2846 683 2921 726 est
2942 674 3133 732 Gallia.
3168 679 3309 737 Nam
3350 687 3405 741 in
3429 654 3613 762 Africa
3637 654 3773 751 inter

413 764 794 821 communione
837 760 1281 818 discedentibus.
1336 763 1409 817 At
1461 775 1594 817 eum
1654 755 1726 811 ad
1771 754 2062 811 Ecclesias
2166 770 2258 811 nos
2300 767 2349 812 et
2395 769 2608 815 cwteros
2648 764 2919 839 episcopos
2962 778 3308 833 contentiones
3338 754 3499 852 sunt;-
3555 790 3772 859 petimus

414 858 797 915 transmarinas
838 870 1057 912 causam
1108 855 1259 911 hanc
1288 854 1514 911 deferre
1545 849 1854 908 adversarii
1883 848 2060 905 CtBCi-
2162 857 2216 902 ut
2240 850 2304 906 de
2329 851 2507 909 Gallia
2550 855 2697 910 nobis
2727 861 2936 932 judices
2966 866 3081 920 dari
3130 873 3402 949 prmeipiat
3454 848 3621 967 pietas
3653 893 3767 939 tua.

414 950 451 967 ιο
527 953 538 962 -
583 959 627 967 .,
690 966 693 967 ,
751 949 1005 967 .-,___-,,--
1057 949 1174 967 -,-_0
1226 964 1327 967 ___,
1376 954 1563 967 ---μ-Α
1634 942 1967 967 l‘...-!l!......-
2000 942 2051 967 ξ...
2171 941 2312 967 Π-...
2342 965 2361 967 _
2401 947 2521 967 Iun
2689 950 2747 967 ne
2917 958 2959 967 -.
3086 964 3096 967 -
3240 966 3243 967 ,

412 950 541 1006 liani
583 959 704 1005 tunc
751 949 1010 1025 temporis
1051 949 1178 1005 ausi
1224 964 1334 1002 non
1367 954 1602 1009 essent,
1634 942 1969 999 Caecilianus
1999 942 2053 999 in
2160 941 2362 1001 Βαναία
2390 947 2646 1012 Luciano,
2679 950 2871 1029 Digna,
2907 941 3163 1032 Nasutt'ov,
3207 941 3492 1041 Capitoné,
3524 941 3771 1035 Fidenae

412 1043 786 1098 communione
829 1033 993 1096 totius
1030 1040 1190 1096 orbis
1220 1039 1611 1097 Ecclesiarum
1645 1036 1989 1108 permansit,
2020 1053 2052 1094 e
2158 1044 2204 1089 et
2250 1040 2449 1093 cteteris
2495 1041 2750 1113 episcopis
2796 1051 2957 1117 partis
2990 1050 3204 1123 Donati,
3253 1033 3347 1117 aut
3376 1033 3557 1141 potius
3589 1033 3769 1144 Majq.

413 1143 602 1191 contra
631 1148 757 1190 vero
785 1132 1086 1204 Majnrinus
1114 1132 1334 1205 nullum
1368 1129 1576 1186 habuit
1608 1138 1771 1185 extra
1814 1127 2050 1187 Africam

413 1229 655 1300 quicum
685 1243 750 1284 eo
777 1228 1260 1291 communicaret,
1307 1236 1397 1279 aut
1428 1223 1598 1283 illum
1645 1239 1751 1297 pro
1793 1224 2051 1296 episcopo

414 1318 817 1393 Carthaginensi
862 1320 1111 1375 haberet.
1144 1318 1231 1377 Ad
1258 1317 1627 1377 Caecilianum
1680 1318 1754 1373 ab
1798 1319 2048 1373 omnibus

396 1412 783 1470 'transmarinis
813 1413 1076 1469 Ecclesiis
1110 1410 1636 1467 communicatoritc
1666 1409 2045 1478 mittebantur,

417 1523 527 1564 non
563 1515 736 1562 autem
764 1506 830 1561 ad
860 1505 1215 1575 Majorinum.

510 1598 866 1656 Constantinus
922 1586 1265 1669 Ctecilianum
1322 1613 1419 1669 pro
1495 1596 1737 1670 legitimo
1808 1594 2046 1666 epismpo

2156 1127 2261 1182 riui
2280 1172 2294 1197 ,
2323 1142 2381 1185 ut
2410 1128 2825 1193 observavimus
2860 1141 2962 1197 hoc
2993 1144 3131 1201 loco.

2228 1220 2601 1279 Constantinus
2628 1226 2716 1282 dat
2748 1232 2955 1303 judices
3001 1246 3102 1293 tres
3125 1258 3151 1295 e
3177 1241 3353 1301 Gallia
3382 1251 3652 1327 episcopos
3686 1256 3775 1327 qui

2152 1310 2339 1368 Romae
2394 1332 2609 1371 causam
2663 1320 2913 1391 definiant
2972 1346 3076 1385 una
3145 1352 3261 1391 cum
3316 1310 3573 1399 Miltiade‘
3614 1310 3769 1403 Roin.

2151 1405 2420 1504 episcopo.
2454 1438 2529 1449 -——
2558 1410 2947 1475 Consranlinus
2969 1422 3289 1501 imperator,
3319 1446 3545 1504 accepta
3569 1439 3619 1495 in
3644 1441 3772 1499 Gal-

2151 1495 2265 1601 liis,
2300 1499 2390 1555 ubi
2422 1509 2536 1601 tum
2564 1507 2904 1578 versabatur,
2950 1515 3217 1575 relatione
3248 1495 3494 1583 .Annlini
3540 1495 3774 1601 procon-

2151 1589 2311 1705 sulis,
2343 1602 2399 1647 et
2423 1592 2623 1699 libellis
2674 1599 2848 1655 eidem
2892 1606 3143 1675 relationi
3189 1612 3501 1705 adjunctis,
3540 1589 3770 1695 permo-

418 1691 946 1781 agnoscit.—5Quin
972 1693 1138 1761 etiam
1164 1689 1578 1746 Constantinus
1610 1691 1930 1762 imperator,
1952 1686 2046 1760 qui
2076 1679 2123 1739 Β
2152 1679 2290 1781 les":
2323 1688 2552 1743 omnino
2583 1690 2734 1758 tulit,
2768 1702 2826 1749 ut
2858 1697 2973 1766 ipse
3005 1702 3080 1755 ait
3118 1703 3169 1763 in
3215 1679 3446 1777 epistola
3482 1679 3773 1777 adsllliltia-
3797 1705 3810 1718 ’

419 1796 665 1858 superato
691 1801 833 1842 anno
860 1786 967 1843 5l2
992 1784 1297 1849 Maxentio,
1334 1784 1556 1841 Italiam
1589 1795 1647 1839 et
1666 1783 1904 1841 Africam
1935 1786 2040 1841 im-

422 1879 573 1949 perio
593 1892 689 1933 suo
711 1876 1051 1947 adiunxerat,
1085 1878 1354 1948 pecunias
1372 1891 1507 1949 quas
1544 1876 1608 1931 in
1644 1888 1901 1951 sumptus
1942 1878 2044 1933 mi-

423 1970 712 2024 nistrorum
741 1969 1001 2026 Ecclesiae
1029 1967 1338 2024 Catholica:
1356 1952 1785 2043 provinciarum
1815 1971 2042 2038 Africa),

423 2061 686 2117 Numidia:
735 2073 787 2118 et
826 2063 1111 2136 utriusque
1140 2061 1480 2116 Mauritaniae
1520 2077 1609 2117 ex
1654 2064 1794 2119 fisco
1840 2064 2039 2136 largie-

425 2155 605 2223 batur,
645 2156 927 2213 Caeciliano
979 2167 1254 2228 tamquam
1308 2155 1559 2227 legitimo
1625 2156 2047 2231 Carthaginiensi

430 2249 687 2318 episcopo
713 2249 1113 2305 distribuendas
1140 2248 1446 2311 commisit;
1476 2260 1527 2303 et
1586 2250 1784 2307 litteris
1811 2253 1878 2307 ad
1918 2267 2044 2317 eum

430 2339 570 2394 datis
601 2341 968 2397 schismaticos
1017 2340 1218 2397 acerbe
1247 2339 1577 2413 perstringit
1601 2382 1616 2405 ,
1648 2352 1929 2415 tamquam
1962 2343 2047 2399 in-

431 2434 739 2505 compositae
787 2436 984 2490 mentis
1013 2435 1273 2490 homines
1294 2472 1310 2498 ,
1343 2430 1396 2487 id
1437 2441 1671 2500 agentes
1703 2442 1763 2488 ut
1813 2437 2049 2490 sanctis-

432 2523 586 2581 simae
613 2542 673 2583 ac
694 2528 978 2584 catholicae
1006 2526 1275 2583 Ecclesiae
1306 2524 1567 2595 p0pulum
1600 2525 1851 2597 improba
1882 2540 2048 2598 atque

434 2618 732 2675 adulterina
765 2619 999 2677 falsitate
1051 2627 1451 2688 corrumpant;
1494 2616 1684 2688 aitque
1726 2635 1787 2676 se
1828 2621 2050 2678 dedisse

435 2710 492 2766 in
519 2712 783 2768 mandatis
808 2713 1046 2768 Anulino
1092 2706 1414 2782 proconsuli
1460 2717 1515 2762 et
1565 2710 1797 2778 patricio
1843 2714 2047 2769 vicario

440 2801 840 2873 praefectorum,
873 2815 932 2860 ut
954 2805 1117 2874 hujus
1148 2802 1229 2857 rei
1253 2815 1443 2856 curam
1470 2808 1702 2870 gerant;
1749 2812 1804 2856 et
1834 2805 1877 2857 si
1909 2819 2047 2874 quos

437 2894 808 2966 hujuscemodi
849 2897 1100 2955 homines
1138 2896 1193 2951 in
1255 2895 1359 2950 bac
1406 2895 1641 2949 amentia
1689 2911 2047 2965 perseverare

437 2988 745 3061 contigerit,
790 2988 1083 3046 Cmciliano
1111 2990 1339 3056 scribit,
1369 2996 1428 3042 ut
1466 2988 1673 3059 absque
1700 2989 2047 3048 hmsitatinne

2091 1866 2100 1874 ἧ
2146 1773 2273 1874 dem
2300 1795 2322 1874 ε.
2349 1778 2419 1835 In
2456 1782 2571 1836 istis
2599 1787 2877 1854 provinciis
2922 1808 3050 1859 quas
3086 1773 3264 1854 divina
3290 1800 3629 1865 Providentia
3665 1830 3772 1869 sua:

2148 1866 2410 1925 devotioni
2437 1883 2725 1944 spontanea
2753 1878 3013 1935 deditione
3048 1888 3371 1960 tradiderat,
3422 1908 3472 1953 et
3496 1900 3550 1957 in
3579 1866 3764 1974 quibus

2148 1962 2381 2017 maxima
2408 1978 2515 2020 erat
2546 1968 2729 2041 pepuli
2769 1973 3066 2043 multitudo,
3124 1982 3323 2051 plebem
3368 1996 3520 2063 quasi
3558 1962 3771 2059 induas

2150 2064 2323 2123 partes
2355 2056 2577 2113 divisam
2623 2061 2709 2121 ad_
2744 2062 3005 2121 deteriora
3057 2072 3353 2147 deﬂectere,
3380 2056 3467 2139 tet.
3501 2056 3772 2165 episcopo;

2148 2146 2284 2257 inter
2309 2168 2362 2205 se
2392 2152 2679 2257 dissentire.
2708 2155 2778 2212 Ut
2806 2157 2970 2229 igitur
2994 2148 3227 2226 dissidio
3257 2146 3417 2233 finem
3458 2146 3772 2257 imponeret

2151 2238 2560 2346 Constantinus,
2592 2256 2704 2346 tres
2735 2250 3024 2325 episcopos
3053 2274 3084 2314 e
3110 2260 3285 2321 Gallia
3322 2238 3552 2338 judices.

2150 2329 2451 2391 Maternum
2478 2339 2952 2412 Agrippinensem.
2988 2347 3261 2412 Reticium
3296 2329 3759 2434 ᾹιιειιδιοιίιιιιιιένιιΣ

2151 2437 2308 2527 Ξθῐη,
2352 2438 2408 2486 et
2453 2432 2717 2489 Marinum
2774 2436 3190 2515 Arelatensem,
3243 2432 3489 2524 quicum
3523 2462 3766 2527 Miltiade

2153 2515 2403 2623 I‘iomano
2462 2527 2723 2623 episcopo
2775 2529 2960 2623 Romae
3014 2552 3130 2595 rem
3200 2515 3770 2623 judicarentf’S—im'u'l

2152 2606 2392 2714 Anulino
2416 2617 2709 2681 mandavit,
2735 2627 2794 2675 ut
2815 2620 3165 2686 Caecilianum
3187 2606 3308 2693 dum
3337 2606 3530 2699 decem

2154 2706 2237 2770 pis
2261 2706 2429 2773 partis
2460 2721 2596 2777 suae,
2626 2712 3046 2775 etadversarios
3074 2721 3354 2786 Caeciliani
3384 2706 3609 2795 totidem
3653 2706 3765 2801 Ro-

2153 2809 2296 2894 mam
2328 2801 2582 2894 navigare
2613 2805 2951 2879 praeciperet,
3000 2812 3139 2872 intra
3167 2819 3309 2876 diem
3341 2836 3555 2884 sextum
3587 2808 3761 2894 nonas

2153 2888 2427 2957 octobris;
2459 2902 2519 2947 ut
2551 2894 2660 2951 illic
2680 2899 2971 2970 episcOpali
2996 2902 3208 2974 judicio
3235 2928 3396 2970 causa
3429 2933 3618 2976 eorum

2151 2992 2483 3080 ceptaretur.
2509 2989 2685 3061 Atque
2707 3003 2765 3049 ut
2789 2993 3000 3064 judices
3021 2999 3131 3055 dati
3158 3010 3360 3079 negotii
3384 3012 3755 3080 plenissimam

435 3080 772 3151 supradictos
811 3083 1027 3154 judices
1051 3083 1236 3148 adeat,
1271 3081 1432 3151 idque
1473 3080 1606 3151 ipsis
1632 3085 1868 3151 referat,
1903 3096 1959 3141 ut
1991 3088 2043 3141 in
2074 3070 2120 3133 C
2156 3073 2832 3167 liaberenlcognitionetn,
2874 3093 3126 3163 exempla
3168 3070 3478 3158 libellorum

441 3187 567 3227 reos
608 3175 1055 3244 quemadmodum
1082 3176 1149 3231 iis
1187 3188 1370 3229 coram
1408 3173 2047 3245 mandaverat,animad-

451 3275 746 3320 verterent.
1519 3245 1542 3256 -

512 3358 801 3412 Adversarii
831 3358 1098 3415 Cteciliani
1130 3356 1333 3431 libellos
1361 3357 1486 3411 dant
1525 3361 1820 3441 proconsuli
1860 3363 2046 3417 adver-

438 3468 530 3506 sus
577 3467 710 3508 eum.
759 3451 945 3506 Petunt
971 3451 1037 3505 ab
1065 3452 1381 3520 imperatore
1421 3450 1516 3505 sibi
1554 3450 1672 3504 dari
1710 3452 1941 3523 judices.
1973 3484 2047 3495 —

440 3546 588 3601 Idem
618 3547 914 3616 imperator
933 3545 1002 3601 ad
1024 3545 1320 3601 Anulinum
1347 3544 1413 3599 de
1443 3544 1789 3611 immunitate
1817 3547 2047 3605 clerico-

442 3656 562 3695 rum
589 3641 641 3696 in
673 3641 854 3698 Africa
885 3643 1134 3699 scribens
1160 3684 1174 3707 ,
1206 3656 1304 3697 eos
1346 3650 1552 3695 tantum
1583 3656 1612 3695 a
1641 3642 1873 3711 publicis
1921 3643 2046 3699 fun-

444 3733 720 3790 ctionibus
760 3735 983 3805 eximit,
1031 3735 1120 3803 qui
1161 3736 1215 3787 in
1258 3731 1494 3788 Ecclesia
1532 3735 1788 3789 catholica
1812 3736 1896 3789 cui
1926 3734 2045 3791 Cte-

443 3825 666 3880 cilianus
692 3838 875 3897 praest
894 3826 1237 3882 sanctissima:
1279 3825 1541 3898 religionis
1589 3827 1907 3885 ministrant.
1942 3831 2047 3883 Ac-

442 3919 619 3988 ceptis
658 3918 741 3973 bis
768 3918 959 3974 litteris
1009 3917 1281 3973 Anulinus
1310 3914 1663 3973 Caecilianum
1709 3927 1765 3972 et
1812 3919 2045 3975 clericos

442 3996 889 4079 Carthaginiensis
911 4010 1171 4066 Ecclesiae
1200 4010 1519 4077 accersivit,
1544 4009 1888 4081 perlectoque
1916 4012 2047 4082 ipsis

444 4099 710 4169 imperiali
728 4113 997 4171 praecepto
1010 4118 1104 4158 eos
1120 4101 1366 4157 hortatus
1382 4112 1545 4169 est,ut
1561 4103 1765 4158 unitate
1776 4119 2045 4163 consensu

444 4191 689 4247 omnium
731 4193 893 4255 facta,
934 4193 1274 4249 immunitate
1296 4194 1398 4249 sibi
1418 4209 1677 4250 concessa
1710 4193 2042 4265 fruerentur,

444 4296 505 4341 et
550 4288 756 4357 absque
798 4287 1192 4357 impedimento
1238 4286 1498 4358 deinceps
1526 4287 1724 4342 divinis
1771 4288 1931 4343 rebus
1961 4290 2046 4343 in-

447 4379 735 4435 servirent.
769 4378 968 4435 Verum
1000 4391 1121 4451 post
1159 4394 1357 4450 paucos
1396 4380 1514 4435 dies
1560 4378 1774 4450 quidam
1830 4396 1897 4436 ex
1946 4382 2043 4437 ad-

2154 3164 2267 3221 lino
2290 3168 2584 3228 missorum
2614 3174 2681 3230 ad
2707 3176 2946 3249 singulos
2976 3197 3165 3241 eorum
3191 3194 3493 3255 transmisit
3514 3164 3763 3259 curuliwt-

2156 3260 2285 3315 teris
2311 3263 2508 3331 quibus
2535 3282 2631 3323 eos
2662 3267 2996 3339 hortabatur,
3028 3286 3086 3331 ut
3110 3294 3329 3338 causam
3370 3284 3510 3344 hanc
3536 3306 3763 3353 accura-

2155 3353 2364 3458 tissime
2400 3373 2797 3458 cognoscerent
2825 3374 2879 3421 et
2908 3383 2970 3422 ex
3005 3376 3325 3451 praescripto
3361 3378 3587 3448 iustitiae
3614 3387 3758 3458 judi-

2152 3455 2361 3549 carent.
2654 3455 2772 3524 ejus
2822 3459 3046 3527 epistola
3116 3464 3182 3518 ad
3238 3448 3536 3528 Miltiadem
3587 3448 3752 3549 d'ata,

2153 3554 2275 3608 quae
2297 3539 2726 3613 ipsumjudicem
2751 3548 2867 3618 ejus
2885 3565 3063 3607 cause
3085 3569 3207 3612 esse
3230 3559 3348 3615 vult
3371 3579 3473 3617 una
3497 3581 3618 3623 cunt
3646 3539 3758 3628 Rc:-
3838 3606 3861 3625 ρ

2155 3630 2304 3697 licio,
2328 3632 2571 3691 Materno
2586 3648 2638 3693 et
2660 3640 2887 3709 Marino,
2903 3644 3127 3717 collegis
3149 3649 3287 3718 ejus.

2226 3723 2445 3779 Romam
2465 3745 2529 3782 ea:
2559 3741 2772 3804 utraque
2809 3746 2954 3808 parte
2998 3742 3288 3800 mittuntur.
3320 3747 3608 3819 Concilium
3652 3759 3757 3817 Ro—

2152 3831 2363 3869 manum
2374 3820 2465 3873 sub
2480 3820 2739 3880 Miltiade.
2767 3826 3073 3887 chiliamts
3090 3834 3334 3895 innocens
3354 3851 3762 3920 pronuntiatus;

2151 3908 2205 4007 in
2233 3907 2497 3967 Donatum
2542 3922 2791 3975 sententia
2831 3923 2956 3976 lata.
2993 3955 3065 3966 -——
3103 3907 3372 3997 Anulinus
3399 3938 3551 4007 juxta
3602 3907 3757 3998 man:

2152 3997 2336 4055 datum
2392 4003 2741 4074 imperatoris
2796 4010 3088 4073 Cmciliano
3143 4031 3199 4076 et
3248 3997 3572 4089 adversariis
3635 4035 3753 4105 ejus

2153 4102 2478 4174 praecipitut
2506 4107 2632 4165 deni
2663 4127 2725 4167 ex
2751 4120 2975 4185 utraque
3004 4130 3161 4188 parte
3189 4119 3416 4183 Romam
3452 4128 3610 4189 irent.
3646 4102 3747 4189 Cui

2152 4196 2408 4269 inaudatp
2432 4214 2492 4253 se
2521 4203 2790 4270 parituros
2829 4220 2951 4262 cum
2980 4211 3194 4281 utrique
3238 4219 3635 4291 promisissent,
3669 4226 3752 4282 rei

2152 4287 2441 4344 certiorem
2456 4289 2581 4345 fecit
2601 4293 3002 4363 imperatorem.
3025 4301 3161 4373 Ergo
3177 4303 3497 4366 Caecilianus
3511 4287 3752 4373 unacum

2152 4377 2642 4475 decem-episcopis
2669 4388 2838 4458 partis
2867 4405 2980 4446 sua:
3001 4396 3297 4454 cttotidem
3324 4415 3390 4457 ex
3420 4405 3539 4475 ejus
3561 4408 3753 4471 adver-

450 4473 708 4527 versariis
736 4470 1044 4541 Caeciliani,
1074 4473 1325 4542 adjuncta
1348 4473 1447 4528 sibi
1479 4472 1661 4545 populi
1679 4472 2042 4543 multitudine,

2151 4470 2309 4525 sariis
2344 4472 2593 4544 (quorum
2631 4481 3019 4552 antesignanus
3045 4496 3163 4542 erat
3194 4490 3432 4551 Donatus
3448 4460 3745 4575 'Casensis)

449 4567 829 4638 proconsulem
869 4567 1158 4623 adiverunt
1176 4575 1338 4638 atque
1360 4567 1497 4622 duos
1520 4566 1738 4622 libellos
1760 4567 2009 4627 obtulere
2029 4612 2044 4640 ,

452 4676 622 4715 unum
648 4661 700 4715 in
716 4661 860 4715 aluta
873 4659 1163 4732 signatum,
1190 4660 1342 4729 cujus
1358 4658 1475 4715 haec
1489 4669 1604 4715 erat
1624 4661 2045 4732 superscriptio:

451 4752 681 4809 Libellus
707 4752 955 4810 Ecclesia:
997 4748 1267 4809 catholicae
1288 4753 1563 4808 criminum
1592 4750 1857 4808 Cteciliani
1887 4754 2048 4807 tradi-

453 4860 537 4903 tus
557 4866 589 4903 a
616 4859 759 4922 parte
789 4847 1042 4923 Μαίονὶηὶ
1070 4865 1087 4904 .'
1119 4848 1353 4904 alterum
1395 4848 1513 4903 sine
1558 4847 1736 4920 sigillo
1766 4848 2052 4904 cohaeren-

454 4952 564 4998 tem
614 4942 791 4999 eidem
837 4941 996 4996 alutae
1026 4959 1038 4995 :
1072 4941 1453 5013 petieruntque
1502 4950 1557 4996 ut
1597 4956 1693 4997 ens
1734 4941 1951 4998 libellos
1982 4942 2048 4998 ad

451 5034 767 5103 comitatum
799 5033 1078 5104 dirigeret.
1106 5033 1181 5089 Ita
1213 5049 1327 5090 rem
1356 5033 1518 5093 refert
1546 5036 1660 5108 ipse
1688 5036 1960 5091 Anuiinns
1993 5036 2045 5090 in

454 5127 717 5193 relatione
763 5126 829 5181 ad
863 5127 1242 5197 imperatorem
1273 5126 1397 5182 data
1425 5126 1736 5199 Carthagini
1785 5143 1897 5182 xvn
1940 5127 2049 5183 kal.

452 5219 621 5276 Maias
656 5220 1014 5277 Constantino
1041 5222 1281 5291 Augusto
1310 5217 1378 5274 Ill
1426 5219 1577 5286 Cos.,
1618 5220 1706 5290 qui
1737 5220 2050 5277 consulatus

454 5313 644 5370 incidit
692 5315 744 5370 in
774 5327 975 5377 annum
1007 5327 1128 5367 tera:
1178 5312 1416 5384 vulgaris
1472 5314 1598 5369 515.
1657 5311 1895 5369 Libellos
1949 5314 2052 5370 sibi

457 5407 666 5469 oblatos
715 5409 870 5464 simul
932 5423 1054 5462 cum
1099 5406 1364 5462 relatione
1410 5405 1476 5463 ad
1531 5406 1949 5476 imperatorem,
1996 5418 2053 5463 ut

457 5512 652 5556 cuncta
685 5508 869 5570 posset
895 5499 1211 5572 dignoscere
1234 5540 1250 5567 ,
1298 5497 1445 5553 misit
1491 5498 1779 5561 Anulinus.
1813 5499 2051 5556 Cmciiia-

460 5610 589 5649 num
638 5594 850 5649 interim
882 5594 934 5648 in
963 5608 1062 5661 suo
1092 5599 1234 5648 statu
1273 5591 1508 5665 reliquit.
1558 5592 1799 5649 Libellus
1821 5594 1940 5653 sine
1977 5593 2051 5650 si-

459 5703 569 5758 gno
599 5703 839 5746 annexus
869 5687 1054 5757 aiutte,
1088 5704 1194 5747 non
1227 5686 1365 5744 alius
1386 5696 1509 5745 erat
1537 5702 1697 5767 quam
1739 5688 1786 5746 is
1811 5702 1918 5761 quo
1946 5688 2049 5749 sibi

2157 4563 2383 4619 Romam
2411 4579 2711 4625 venerunt:
2744 4586 2978 4646 cumque
3010 4576 3113 4632 huc
3147 4582 3308 4637 etiam
3339 4588 3614 4647 venissent
3644 4563 3754 4651 tres

2158 4660 2396 4757 episcopi
2444 4661 2706 4720 Gallicani
2747 4666 2961 4737 judices
2987 4688 3015 4726 a
3045 4670 3406 4733 Constantino
3440 4685 3699 4742 nominati
3730 4730 3747 4757 ,

2158 4750 2210 4805 bi
2243 4767 2349 4808 una
2375 4768 2496 4809 cum
2544 4755 2781 4848 Miltiade
2812 4770 2866 4814 et
2897 4764 3207 4833 quindecim
3238 4769 3509 4843 episcopis
3556 4750 3747 4848 italis,

2155 4857 2382 4941 quorum
2414 4846 2631 4902 nomina
2651 4857 2704 4903 et
2729 4849 2888 4906 sedes
2918 4854 3085 4910 refert
3104 4854 3353 4930 Optatus,
3380 4862 3475 4920 lib.
3506 4881 3559 4935 ι,
3603 4867 3632 4941 §
3657 4846 3752 4941 25,

2155 4938 2209 4994 in
2242 4940 2404 4995 domo
2434 4941 2648 5001 Fausta:
2691 4948 2742 5001 in
2772 4948 3070 5022 Laterano,
3106 4942 3231 5027 (hoc
3258 4970 3343 5017 est
3390 4963 3443 5018 in
3491 4982 3554 5023 ea
3597 4938 3755 5041 parte

2154 5030 2409 5089 Laterani
2450 5036 2633 5105 palatii
2672 5053 2793 5107 quae
2852 5040 3067 5100 Faustae
3121 5048 3445 5120 imperatrici
3486 5030 3754 5120 destinata

2155 5126 2293 5195 erat)
2324 5124 2684 5183 Constantino
2728 5129 2795 5185 Ili
2837 5144 2891 5186 et
2938 5135 3149 5194 Licinio
3189 5141 3383 5203 iterum
3426 5148 3577 5209 Coss.
3609 5168 3757 5213 anno

2155 5217 2283 5283 515,
2316 5226 2468 5273 sexto
2498 5235 2668 5276 nonas
2694 5224 2934 5281 octobris
2974 5229 3085 5300 die,
3129 5246 3282 5292 sexta
3312 5238 3444 5301 feria
3485 5258 3757 5302 convenc-

2157 5320 2303 5405 runt.
2335 5310 2428 5365 His
2458 5314 2832 5371 novemdecim
2861 5322 3266 5389 considentibus
3296 5334 3565 5405 episcOpis
3591 5352 3756 5405 causa

2157 5403 2428 5462 Caeciliani
2469 5419 2521 5463 et
2563 5409 2751 5464 Donati
2788 5416 2955 5484 cmpit
2986 5419 3198 5493 agitari.
3246 5402 3355 5483 Res
3381 5402 3755 5499 pectit-iduum

2156 5509 2275 5559 acta
2317 5511 2422 5571 est,
2465 5505 2844 5581 assistentibus
2875 5508 3111 5587 Notariis
3134 5518 3227 5589 qui
3246 5528 3367 5585 acta
3396 5522 3754 5583 conficerent.

2158 5596 2340 5653 Primo
2387 5595 2476 5653 die
2504 5596 2827 5661 Caecilianus
2876 5612 2930 5673 ct
2969 5591 3317 5691 accusatores
3345 5612 3465 5682 ejus
3490 5624 3765 5675 steterunt

2158 5706 2215 5747 se
2240 5706 2421 5748 coram
2463 5691 2755 5762 iudicibus.
2803 5694 2879 5751 De
2916 5712 3294 5759 accusatorum
3344 5704 3591 5771 personis
3622 5716 3767 5765 ttae-
