  <div class='ocr_page' id='page_1' title='image "/cluster/home/n/w/nwhite01/storage/ocr_20150623/11/hvd.32044096580402/409.png"; bbox 0 0 4206 6170; ppageno 0'>
   <div class='ocr_carea' id='block_1_1' title="bbox 517 263 624 322">
    <p class='ocr_par' dir='ltr' id='par_1_1' title="bbox 517 263 624 322">
     <span class='ocr_line' id='line_1_1' title="bbox 517 263 624 322; baseline -0.019 0"><span class='ocrx_word' id='word_1_1' title='bbox 517 263 624 322; x_wconf 76' lang='lat'><strong>783</strong></span> 
     </span>
    </p>
   </div>
   <div class='ocr_carea' id='block_1_2' title="bbox 1719 247 2635 308">
    <p class='ocr_par' dir='ltr' id='par_1_2' title="bbox 1719 247 2635 308">
     <span class='ocr_line' id='line_1_2' title="bbox 1719 247 2635 308; baseline -0.004 -2"><span class='ocrx_word' id='word_1_2' title='bbox 1719 248 2036 308; x_wconf 78' lang='lat' dir='ltr'><strong>HISTORIA</strong></span> <span class='ocrx_word' id='word_1_3' title='bbox 2077 247 2635 308; x_wconf 77' lang='lat' dir='ltr'><strong>DONATISTARUM.</strong></span> 
     </span>
    </p>
   </div>
   <div class='ocr_carea' id='block_1_3' title="bbox 3613 212 3811 306">
    <p class='ocr_par' dir='ltr' id='par_1_3' title="bbox 3613 212 3811 306">
     <span class='ocr_line' id='line_1_3' title="bbox 3613 212 3811 306; baseline 0.035 -7"><span class='ocrx_word' id='word_1_4' title='bbox 3613 212 3661 299; x_wconf 72' lang='grc'><strong>’.</strong></span> <span class='ocrx_word' id='word_1_5' title='bbox 3712 249 3811 306; x_wconf 71' lang='lat' dir='ltr'><strong>78s</strong></span> 
     </span>
    </p>
   </div>
   <div class='ocr_carea' id='block_1_4' title="bbox 512 368 3814 444">
    <p class='ocr_par' dir='ltr' id='par_1_4' title="bbox 512 368 3814 444">
     <span class='ocr_line' id='line_1_4' title="bbox 512 368 3814 444; baseline -0.003 -11"><span class='ocrx_word' id='word_1_6' title='bbox 512 386 681 434; x_wconf 89' lang='lat' dir='ltr'><strong>tatum</strong></span> <span class='ocrx_word' id='word_1_7' title='bbox 727 381 843 438; x_wconf 82' lang='lat' dir='ltr'><strong>est,</strong></span> <span class='ocrx_word' id='word_1_8' title='bbox 874 382 927 428; x_wconf 91' lang='lat' dir='ltr'><strong>et</strong></span> <span class='ocrx_word' id='word_1_9' title='bbox 955 371 1172 444; x_wconf 90' lang='lat' dir='ltr'><strong>quidam</strong></span> <span class='ocrx_word' id='word_1_10' title='bbox 1200 384 1414 435; x_wconf 89' lang='lat' dir='ltr'><strong>eorum,</strong></span> <span class='ocrx_word' id='word_1_11' title='bbox 1454 385 1684 441; x_wconf 91' lang='lat' dir='ltr'><strong>quorum</strong></span> <span class='ocrx_word' id='word_1_12' title='bbox 1728 372 1837 426; x_wconf 87' lang='lat' dir='ltr'><strong>vita</strong></span> <span class='ocrx_word' id='word_1_13' title='bbox 1888 370 2113 427; x_wconf 78' lang='lat' dir='ltr'><strong>maculis</strong></span> <span class='ocrx_word' id='word_1_14' title='bbox 2141 373 2192 431; x_wconf 81' lang='grc' dir='ltr'><strong>Α</strong></span> <span class='ocrx_word' id='word_1_15' title='bbox 2294 369 2431 438; x_wconf 87' lang='lat' dir='ltr'><strong>Quid</strong></span> <span class='ocrx_word' id='word_1_16' title='bbox 2458 382 2573 439; x_wconf 81' lang='lat' dir='ltr'><strong>post</strong></span> <span class='ocrx_word' id='word_1_17' title='bbox 2612 369 2867 442; x_wconf 78' lang='lat' dir='ltr'><strong>synodum</strong></span> <span class='ocrx_word' id='word_1_18' title='bbox 2899 369 3186 424; x_wconf 82' lang='lat' dir='ltr'><strong>llontanam</strong></span> <span class='ocrx_word' id='word_1_19' title='bbox 3218 370 3270 422; x_wconf 84' lang='lat' dir='ltr'><strong>in</strong></span> <span class='ocrx_word' id='word_1_20' title='bbox 3302 368 3482 437; x_wconf 75' lang='lat' dir='ltr'><strong>Africa</strong></span> <span class='ocrx_word' id='word_1_21' title='bbox 3508 376 3723 439; x_wconf 87' lang='lat' dir='ltr'><strong>gestum.</strong></span> <span class='ocrx_word' id='word_1_22' title='bbox 3749 400 3814 407; x_wconf 98' lang='lat'><strong>—</strong></span> 
     </span>
    </p>
   </div>
   <div class='ocr_carea' id='block_1_5' title="bbox 514 463 2112 541">
    <p class='ocr_par' dir='ltr' id='par_1_5' title="bbox 514 463 2112 541">
     <span class='ocr_line' id='line_1_5' title="bbox 514 463 2112 541; baseline -0.004 -16"><span class='ocrx_word' id='word_1_23' title='bbox 514 470 791 541; x_wconf 91' lang='lat' dir='ltr'><strong>inquinata</strong></span> <span class='ocrx_word' id='word_1_24' title='bbox 836 476 988 529; x_wconf 90' lang='lat' dir='ltr'><strong>erat,</strong></span> <span class='ocrx_word' id='word_1_25' title='bbox 1031 463 1328 520; x_wconf 90' lang='lat' dir='ltr'><strong>secundum</strong></span> <span class='ocrx_word' id='word_1_26' title='bbox 1370 465 1514 536; x_wconf 92' lang='lat' dir='ltr'><strong>leges</strong></span> <span class='ocrx_word' id='word_1_27' title='bbox 1546 464 1614 519; x_wconf 91' lang='lat' dir='ltr'><strong>ab</strong></span> <span class='ocrx_word' id='word_1_28' title='bbox 1660 468 1872 521; x_wconf 90' lang='lat' dir='ltr'><strong>acti0ne</strong></span> <span class='ocrx_word' id='word_1_29' title='bbox 1912 465 2112 535; x_wconf 83' lang='lat' dir='ltr'><strong>repulsi</strong></span> 
     </span>
    </p>
   </div>
   <div class='ocr_carea' id='block_1_6' title="bbox 514 558 2113 629">
    <p class='ocr_par' dir='ltr' id='par_1_6' title="bbox 514 558 2113 629">
     <span class='ocr_line' id='line_1_6' title="bbox 514 558 2113 629; baseline -0.004 -9"><span class='ocrx_word' id='word_1_30' title='bbox 514 569 659 620; x_wconf 89' lang='lat' dir='ltr'><strong>sunt.</strong></span> <span class='ocrx_word' id='word_1_31' title='bbox 685 560 732 616; x_wconf 80' lang='grc' dir='ltr'><strong>Λ</strong></span> <span class='ocrx_word' id='word_1_32' title='bbox 757 561 968 616; x_wconf 84' lang='lat' dir='ltr'><strong>caeteris</strong></span> <span class='ocrx_word' id='word_1_33' title='bbox 994 558 1283 628; x_wconf 67' lang='lat' dir='ltr'><strong>quaesitum</strong></span> <span class='ocrx_word' id='word_1_34' title='bbox 1315 567 1373 612; x_wconf 91' lang='lat' dir='ltr'><strong>ut</strong></span> <span class='ocrx_word' id='word_1_35' title='bbox 1402 567 1568 614; x_wconf 91' lang='lat' dir='ltr'><strong>testes</strong></span> <span class='ocrx_word' id='word_1_36' title='bbox 1591 568 1643 614; x_wconf 90' lang='lat' dir='ltr'><strong>et</strong></span> <span class='ocrx_word' id='word_1_37' title='bbox 1673 558 2028 629; x_wconf 75' lang='lat' dir='ltr'><strong>probationes</strong></span> <span class='ocrx_word' id='word_1_38' title='bbox 2058 560 2113 613; x_wconf 94' lang='lat' dir='ltr'><strong>in</strong></span> 
     </span>
    </p>
   </div>
   <div class='ocr_carea' id='block_1_7' title="bbox 515 649 2116 721">
    <p class='ocr_par' dir='ltr' id='par_1_7' title="bbox 515 649 2116 721">
     <span class='ocr_line' id='line_1_7' title="bbox 515 649 2116 721; baseline -0.003 -11"><span class='ocrx_word' id='word_1_39' title='bbox 515 652 859 710; x_wconf 60' lang='lat' dir='ltr'><strong>Circilianum</strong></span> <span class='ocrx_word' id='word_1_40' title='bbox 908 650 1299 721; x_wconf 74' lang='lat' dir='ltr'><strong>producerent,</strong></span> <span class='ocrx_word' id='word_1_41' title='bbox 1337 659 1449 704; x_wconf 92' lang='lat' dir='ltr'><strong>tum</strong></span> <span class='ocrx_word' id='word_1_42' title='bbox 1481 649 1555 704; x_wconf 87' lang='lat' dir='ltr'><strong>illi</strong></span> <span class='ocrx_word' id='word_1_43' title='bbox 1594 650 1727 705; x_wconf 83' lang='lat' dir='ltr'><strong>nihil</strong></span> <span class='ocrx_word' id='word_1_44' title='bbox 1757 652 1808 705; x_wconf 91' lang='lat' dir='ltr'><strong>in</strong></span> <span class='ocrx_word' id='word_1_45' title='bbox 1841 666 1962 705; x_wconf 90' lang='lat' dir='ltr'><strong>eum</strong></span> <span class='ocrx_word' id='word_1_46' title='bbox 1993 665 2116 720; x_wconf 90' lang='lat' dir='ltr'><strong>pro-</strong></span> 
     </span>
    </p>
   </div>
   <div class='ocr_carea' id='block_1_8' title="bbox 514 742 2116 819">
    <p class='ocr_par' dir='ltr' id='par_1_8' title="bbox 514 742 2116 819">
     <span class='ocr_line' id='line_1_8' title="bbox 514 742 2116 819; baseline -0.005 -13"><span class='ocrx_word' id='word_1_47' title='bbox 514 749 661 806; x_wconf 86' lang='lat' dir='ltr'><strong>ferre</strong></span> <span class='ocrx_word' id='word_1_48' title='bbox 689 755 1014 819; x_wconf 91' lang='lat' dir='ltr'><strong>potuerunt;</strong></span> <span class='ocrx_word' id='word_1_49' title='bbox 1050 746 1146 801; x_wconf 83' lang='lat' dir='ltr'><strong>sed</strong></span> <span class='ocrx_word' id='word_1_50' title='bbox 1190 744 1245 800; x_wconf 89' lang='lat' dir='ltr'><strong>id</strong></span> <span class='ocrx_word' id='word_1_51' title='bbox 1279 755 1485 799; x_wconf 89' lang='lat' dir='ltr'><strong>tantum</strong></span> <span class='ocrx_word' id='word_1_52' title='bbox 1521 745 1829 816; x_wconf 82' lang='lat' dir='ltr'><strong>allegavere</strong></span> <span class='ocrx_word' id='word_1_53' title='bbox 1874 742 2116 800; x_wconf 61' lang='lat' dir='ltr'><strong>Caecilia-</strong></span> 
     </span>
    </p>
   </div>
   <div class='ocr_carea' id='block_1_9' title="bbox 514 836 2115 910">
    <p class='ocr_par' dir='ltr' id='par_1_9' title="bbox 514 836 2115 910">
     <span class='ocr_line' id='line_1_9' title="bbox 514 836 2115 910; baseline -0.006 -10"><span class='ocrx_word' id='word_1_54' title='bbox 514 858 644 900; x_wconf 91' lang='lat' dir='ltr'><strong>num</strong></span> <span class='ocrx_word' id='word_1_55' title='bbox 706 842 777 900; x_wconf 86' lang='lat' dir='ltr'><strong>ab</strong></span> <span class='ocrx_word' id='word_1_56' title='bbox 816 839 1069 897; x_wconf 86' lang='lat' dir='ltr'><strong>universa</strong></span> <span class='ocrx_word' id='word_1_57' title='bbox 1127 838 1284 909; x_wconf 84' lang='lat' dir='ltr'><strong>plebe</strong></span> <span class='ocrx_word' id='word_1_58' title='bbox 1339 836 1749 910; x_wconf 88' lang='lat' dir='ltr'><strong>Carthaginensi</strong></span> <span class='ocrx_word' id='word_1_59' title='bbox 1803 846 2115 893; x_wconf 89' lang='lat' dir='ltr'><strong>accusatum</strong></span> 
     </span>
    </p>
   </div>
   <div class='ocr_carea' id='block_1_10' title="bbox 513 928 2116 1002">
    <p class='ocr_par' dir='ltr' id='par_1_10' title="bbox 513 928 2116 1002">
     <span class='ocr_line' id='line_1_10' title="bbox 513 928 2116 1002; baseline -0.004 -13"><span class='ocrx_word' id='word_1_60' title='bbox 513 934 703 991; x_wconf 79' lang='lat' dir='ltr'><strong>fuisse.</strong></span> <span class='ocrx_word' id='word_1_61' title='bbox 729 931 800 988; x_wconf 85' lang='lat' dir='ltr'><strong>At</strong></span> <span class='ocrx_word' id='word_1_62' title='bbox 817 929 1028 1002; x_wconf 84' lang='lat' dir='ltr'><strong>judices</strong></span> <span class='ocrx_word' id='word_1_63' title='bbox 1071 929 1232 1000; x_wconf 85' lang='lat' dir='ltr'><strong>hujus</strong></span> <span class='ocrx_word' id='word_1_64' title='bbox 1263 929 1626 985; x_wconf 73' lang='lat' dir='ltr'><strong>accusationis</strong></span> <span class='ocrx_word' id='word_1_65' title='bbox 1651 944 1772 1000; x_wconf 73' lang='lat' dir='ltr'><strong>quae</strong></span> <span class='ocrx_word' id='word_1_66' title='bbox 1819 928 2116 984; x_wconf 90' lang='lat' dir='ltr'><strong>tumultuo-</strong></span> 
     </span>
    </p>
   </div>
   <div class='ocr_carea' id='block_1_11' title="bbox 513 1022 2117 1092">
    <p class='ocr_par' dir='ltr' id='par_1_11' title="bbox 513 1022 2117 1092">
     <span class='ocr_line' id='line_1_11' title="bbox 513 1022 2117 1092; baseline -0.003 -9"><span class='ocrx_word' id='word_1_67' title='bbox 513 1030 590 1083; x_wconf 85' lang='lat' dir='ltr'><strong>sis</strong></span> <span class='ocrx_word' id='word_1_68' title='bbox 610 1026 783 1083; x_wconf 91' lang='lat' dir='ltr'><strong>solum</strong></span> <span class='ocrx_word' id='word_1_69' title='bbox 807 1024 1138 1080; x_wconf 84' lang='lat' dir='ltr'><strong>clamoribus</strong></span> <span class='ocrx_word' id='word_1_70' title='bbox 1160 1065 1176 1092; x_wconf 90' lang='lat'><strong>,</strong></span> <span class='ocrx_word' id='word_1_71' title='bbox 1219 1023 1366 1078; x_wconf 90' lang='lat' dir='ltr'><strong>nulla</strong></span> <span class='ocrx_word' id='word_1_72' title='bbox 1402 1022 1854 1078; x_wconf 87' lang='lat' dir='ltr'><strong>documentorum</strong></span> <span class='ocrx_word' id='word_1_73' title='bbox 1890 1031 2117 1078; x_wconf 86' lang='lat' dir='ltr'><strong>attesta-</strong></span> 
     </span>
    </p>
   </div>
   <div class='ocr_carea' id='block_1_12' title="bbox 514 1113 2117 1185">
    <p class='ocr_par' dir='ltr' id='par_1_12' title="bbox 514 1113 2117 1185">
     <span class='ocr_line' id='line_1_12' title="bbox 514 1113 2117 1185; baseline -0.005 -9"><span class='ocrx_word' id='word_1_74' title='bbox 514 1120 681 1185; x_wconf 91' lang='lat' dir='ltr'><strong>tione,</strong></span> <span class='ocrx_word' id='word_1_75' title='bbox 705 1118 851 1174; x_wconf 89' lang='lat' dir='ltr'><strong>nulla</strong></span> <span class='ocrx_word' id='word_1_76' title='bbox 884 1117 1101 1173; x_wconf 81' lang='lat' dir='ltr'><strong>testium</strong></span> <span class='ocrx_word' id='word_1_77' title='bbox 1130 1115 1237 1171; x_wconf 83' lang='lat' dir='ltr'><strong>tide</strong></span> <span class='ocrx_word' id='word_1_78' title='bbox 1270 1116 1565 1181; x_wconf 84' lang='lat' dir='ltr'><strong>nitebatur,</strong></span> <span class='ocrx_word' id='word_1_79' title='bbox 1611 1116 1875 1170; x_wconf 89' lang='lat' dir='ltr'><strong>rationem</strong></span> <span class='ocrx_word' id='word_1_80' title='bbox 1909 1113 2117 1169; x_wconf 88' lang='lat' dir='ltr'><strong>haben-</strong></span> 
     </span>
    </p>
   </div>
   <div class='ocr_carea' id='block_1_13' title="bbox 514 1206 2116 1280">
    <p class='ocr_par' dir='ltr' id='par_1_13' title="bbox 514 1206 2116 1280">
     <span class='ocr_line' id='line_1_13' title="bbox 514 1206 2116 1280; baseline -0.004 -13"><span class='ocrx_word' id='word_1_81' title='bbox 514 1211 640 1268; x_wconf 89' lang='lat' dir='ltr'><strong>dam</strong></span> <span class='ocrx_word' id='word_1_82' title='bbox 677 1226 801 1266; x_wconf 90' lang='lat' dir='ltr'><strong>esse</strong></span> <span class='ocrx_word' id='word_1_83' title='bbox 843 1222 1184 1280; x_wconf 87' lang='lat' dir='ltr'><strong>nequaquam</strong></span> <span class='ocrx_word' id='word_1_84' title='bbox 1228 1214 1578 1263; x_wconf 88' lang='lat' dir='ltr'><strong>censuerunt.</strong></span> <span class='ocrx_word' id='word_1_85' title='bbox 1612 1206 1997 1277; x_wconf 81' lang='lat' dir='ltr'><strong>Requisiernnt</strong></span> <span class='ocrx_word' id='word_1_86' title='bbox 2046 1206 2116 1261; x_wconf 91' lang='lat' dir='ltr'><strong>ab</strong></span> 
     </span>
    </p>
   </div>
   <div class='ocr_carea' id='block_1_14' title="bbox 514 1296 2116 1371">
    <p class='ocr_par' dir='ltr' id='par_1_14' title="bbox 514 1296 2116 1371">
     <span class='ocr_line' id='line_1_14' title="bbox 514 1296 2116 1371; baseline -0.006 -11"><span class='ocrx_word' id='word_1_87' title='bbox 514 1304 604 1371; x_wconf 91' lang='lat' dir='ltr'><strong>iis,</strong></span> <span class='ocrx_word' id='word_1_88' title='bbox 635 1314 692 1358; x_wconf 93' lang='lat' dir='ltr'><strong>ut</strong></span> <span class='ocrx_word' id='word_1_89' title='bbox 715 1311 893 1359; x_wconf 88' lang='lat' dir='ltr'><strong>certos</strong></span> <span class='ocrx_word' id='word_1_90' title='bbox 927 1309 1271 1358; x_wconf 84' lang='lat' dir='ltr'><strong>accusatores</strong></span> <span class='ocrx_word' id='word_1_91' title='bbox 1288 1309 1344 1355; x_wconf 91' lang='lat' dir='ltr'><strong>et</strong></span> <span class='ocrx_word' id='word_1_92' title='bbox 1369 1307 1537 1356; x_wconf 83' lang='lat' dir='ltr'><strong>testes</strong></span> <span class='ocrx_word' id='word_1_93' title='bbox 1557 1298 1892 1365; x_wconf 88' lang='lat' dir='ltr'><strong>inducerent,</strong></span> <span class='ocrx_word' id='word_1_94' title='bbox 1926 1297 2017 1367; x_wconf 85' lang='lat' dir='ltr'><strong>qui</strong></span> <span class='ocrx_word' id='word_1_95' title='bbox 2042 1296 2116 1351; x_wconf 93' lang='lat' dir='ltr'><strong>si-</strong></span> 
     </span>
    </p>
   </div>
   <div class='ocr_carea' id='block_1_15' title="bbox 514 1394 2115 1462">
    <p class='ocr_par' dir='ltr' id='par_1_15' title="bbox 514 1394 2115 1462">
     <span class='ocr_line' id='line_1_15' title="bbox 514 1394 2115 1462; baseline -0.004 -11"><span class='ocrx_word' id='word_1_96' title='bbox 514 1399 629 1451; x_wconf 87' lang='lat' dir='ltr'><strong>mul</strong></span> <span class='ocrx_word' id='word_1_97' title='bbox 671 1410 795 1451; x_wconf 88' lang='lat' dir='ltr'><strong>cum</strong></span> <span class='ocrx_word' id='word_1_98' title='bbox 824 1394 890 1449; x_wconf 90' lang='lat' dir='ltr'><strong>iis</strong></span> <span class='ocrx_word' id='word_1_99' title='bbox 918 1410 985 1450; x_wconf 80' lang='lat' dir='ltr'><strong>ex</strong></span> <span class='ocrx_word' id='word_1_100' title='bbox 1033 1394 1219 1449; x_wconf 81' lang='lat' dir='ltr'><strong>Africa</strong></span> <span class='ocrx_word' id='word_1_101' title='bbox 1256 1404 1538 1459; x_wconf 90' lang='lat' dir='ltr'><strong>venerant,</strong></span> <span class='ocrx_word' id='word_1_102' title='bbox 1582 1400 1637 1447; x_wconf 89' lang='lat' dir='ltr'><strong>et</strong></span> <span class='ocrx_word' id='word_1_103' title='bbox 1664 1407 1784 1447; x_wconf 92' lang='lat' dir='ltr'><strong>cum</strong></span> <span class='ocrx_word' id='word_1_104' title='bbox 1814 1399 2115 1462; x_wconf 86' lang='lat' dir='ltr'><strong>praesentes</strong></span> 
     </span>
    </p>
   </div>
   <div class='ocr_carea' id='block_1_16' title="bbox 512 1478 2115 1553">
    <p class='ocr_par' dir='ltr' id='par_1_16' title="bbox 512 1478 2115 1553">
     <span class='ocr_line' id='line_1_16' title="bbox 512 1478 2115 1553; baseline -0.006 -9"><span class='ocrx_word' id='word_1_105' title='bbox 512 1488 765 1553; x_wconf 79' lang='lat' dir='ltr'><strong>fuissent,</strong></span> <span class='ocrx_word' id='word_1_106' title='bbox 792 1503 822 1541; x_wconf 92' lang='lat' dir='ltr'><strong>a</strong></span> <span class='ocrx_word' id='word_1_107' title='bbox 856 1487 1065 1541; x_wconf 89' lang='lat' dir='ltr'><strong>Donato</strong></span> <span class='ocrx_word' id='word_1_108' title='bbox 1085 1486 1349 1542; x_wconf 86' lang='lat' dir='ltr'><strong>subtracti</strong></span> <span class='ocrx_word' id='word_1_109' title='bbox 1389 1484 1732 1551; x_wconf 88' lang='lat' dir='ltr'><strong>dicebantur,</strong></span> <span class='ocrx_word' id='word_1_110' title='bbox 1762 1482 1886 1553; x_wconf 85' lang='lat' dir='ltr'><strong>quia</strong></span> <span class='ocrx_word' id='word_1_111' title='bbox 1920 1478 2115 1537; x_wconf 85' lang='lat' dir='ltr'><strong>testiﬁ-</strong></span> 
     </span>
    </p>
   </div>
   <div class='ocr_carea' id='block_1_17' title="bbox 512 1574 2117 1649">
    <p class='ocr_par' dir='ltr' id='par_1_17' title="bbox 512 1574 2117 1649">
     <span class='ocr_line' id='line_1_17' title="bbox 512 1574 2117 1649; baseline -0.005 -12"><span class='ocrx_word' id='word_1_112' title='bbox 512 1582 619 1638; x_wconf 88' lang='lat' dir='ltr'><strong>cati</strong></span> <span class='ocrx_word' id='word_1_113' title='bbox 645 1590 805 1637; x_wconf 88' lang='lat' dir='ltr'><strong>erant</strong></span> <span class='ocrx_word' id='word_1_114' title='bbox 848 1579 981 1635; x_wconf 87' lang='lat' dir='ltr'><strong>nihil</strong></span> <span class='ocrx_word' id='word_1_115' title='bbox 1018 1580 1222 1635; x_wconf 88' lang='lat' dir='ltr'><strong>habere</strong></span> <span class='ocrx_word' id='word_1_116' title='bbox 1242 1594 1301 1634; x_wconf 91' lang='lat' dir='ltr'><strong>sc</strong></span> <span class='ocrx_word' id='word_1_117' title='bbox 1324 1580 1468 1649; x_wconf 92' lang='lat' dir='ltr'><strong>quod</strong></span> <span class='ocrx_word' id='word_1_118' title='bbox 1499 1578 1554 1632; x_wconf 92' lang='lat' dir='ltr'><strong>in</strong></span> <span class='ocrx_word' id='word_1_119' title='bbox 1589 1575 1940 1631; x_wconf 71' lang='lat' dir='ltr'><strong>Cmcilianum</strong></span> <span class='ocrx_word' id='word_1_120' title='bbox 1968 1574 2117 1630; x_wconf 87' lang='lat' dir='ltr'><strong>dice-</strong></span> 
     </span>
    </p>
   </div>
   <div class='ocr_carea' id='block_1_18' title="bbox 515 1668 2113 1739">
    <p class='ocr_par' dir='ltr' id='par_1_18' title="bbox 515 1668 2113 1739">
     <span class='ocr_line' id='line_1_18' title="bbox 515 1668 2113 1739; baseline -0.006 -11"><span class='ocrx_word' id='word_1_121' title='bbox 515 1681 661 1729; x_wconf 85' lang='lat' dir='ltr'><strong>rent.</strong></span> <span class='ocrx_word' id='word_1_122' title='bbox 703 1671 815 1728; x_wconf 87' lang='lat' dir='ltr'><strong>Eos</strong></span> <span class='ocrx_word' id='word_1_123' title='bbox 857 1688 919 1728; x_wconf 87' lang='lat' dir='ltr'><strong>se</strong></span> <span class='ocrx_word' id='word_1_124' title='bbox 966 1670 1334 1727; x_wconf 81' lang='lat' dir='ltr'><strong>exhibiturum</strong></span> <span class='ocrx_word' id='word_1_125' title='bbox 1381 1670 1473 1724; x_wconf 92' lang='lat' dir='ltr'><strong>ille</strong></span> <span class='ocrx_word' id='word_1_126' title='bbox 1510 1669 1756 1739; x_wconf 89' lang='lat' dir='ltr'><strong>promisit</strong></span> <span class='ocrx_word' id='word_1_127' title='bbox 1782 1710 1796 1734; x_wconf 92' lang='lat'><strong>,</strong></span> <span class='ocrx_word' id='word_1_128' title='bbox 1838 1677 2002 1738; x_wconf 92' lang='lat' dir='ltr'><strong>atquc</strong></span> <span class='ocrx_word' id='word_1_129' title='bbox 2041 1668 2113 1720; x_wconf 90' lang='lat' dir='ltr'><strong>ita</strong></span> 
     </span>
    </p>
   </div>
   <div class='ocr_carea' id='block_1_19' title="bbox 2223 460 3816 534">
    <p class='ocr_par' dir='ltr' id='par_1_19' title="bbox 2223 460 3816 534">
     <span class='ocr_line' id='line_1_19' title="bbox 2223 460 3816 534; baseline -0.001 -17"><span class='ocrx_word' id='word_1_130' title='bbox 2223 462 2350 517; x_wconf 84' lang='lat' dir='ltr'><strong>Post</strong></span> <span class='ocrx_word' id='word_1_131' title='bbox 2401 461 2544 517; x_wconf 86' lang='lat' dir='ltr'><strong>istud</strong></span> <span class='ocrx_word' id='word_1_132' title='bbox 2591 462 2854 533; x_wconf 76' lang='lat' dir='ltr'><strong>judicium</strong></span> <span class='ocrx_word' id='word_1_133' title='bbox 2894 460 3203 530; x_wconf 85' lang='lat' dir='ltr'><strong>contugisse</strong></span> <span class='ocrx_word' id='word_1_134' title='bbox 3254 469 3414 530; x_wconf 91' lang='lat' dir='ltr'><strong>puto,</strong></span> <span class='ocrx_word' id='word_1_135' title='bbox 3469 460 3610 529; x_wconf 88' lang='lat' dir='ltr'><strong>quod</strong></span> <span class='ocrx_word' id='word_1_136' title='bbox 3639 470 3816 534; x_wconf 76' lang='lat' dir='ltr'><strong>narrat</strong></span> 
     </span>
    </p>
   </div>
   <div class='ocr_carea' id='block_1_20' title="bbox 2220 548 3817 625">
    <p class='ocr_par' dir='ltr' id='par_1_20' title="bbox 2220 548 3817 625">
     <span class='ocr_line' id='line_1_20' title="bbox 2220 548 3817 625; baseline -0.002 -16"><span class='ocrx_word' id='word_1_137' title='bbox 2220 552 2480 625; x_wconf 90' lang='lat' dir='ltr'><strong>Optatus,</strong></span> <span class='ocrx_word' id='word_1_138' title='bbox 2534 552 2630 607; x_wconf 91' lang='lat' dir='ltr'><strong>lib.</strong></span> <span class='ocrx_word' id='word_1_139' title='bbox 2686 551 2797 625; x_wconf 81' lang='lat' dir='ltr'><strong>t,§</strong></span> <span class='ocrx_word' id='word_1_140' title='bbox 2842 551 2934 615; x_wconf 77' lang='lat'><strong>26,</strong></span> <span class='ocrx_word' id='word_1_141' title='bbox 2983 552 3311 607; x_wconf 72' lang='lat' dir='ltr'><strong>hisrerbis:</strong></span> <span class='ocrx_word' id='word_1_142' title='bbox 3364 548 3562 605; x_wconf 86' lang='lat' dir='ltr'><strong>Eodem</strong></span> <span class='ocrx_word' id='word_1_143' title='bbox 3600 563 3817 622; x_wconf 86' lang='lat' dir='ltr'><strong>tempore</strong></span> 
     </span>
    </p>
   </div>
   <div class='ocr_carea' id='block_1_21' title="bbox 2224 628 3818 715">
    <p class='ocr_par' dir='ltr' id='par_1_21' title="bbox 2224 628 3818 715">
     <span class='ocr_line' id='line_1_21' title="bbox 2224 628 3818 715; baseline -0.001 -18"><span class='ocrx_word' id='word_1_144' title='bbox 2224 643 2363 699; x_wconf 87' lang='lat' dir='ltr'><strong>idem</strong></span> <span class='ocrx_word' id='word_1_145' title='bbox 2394 643 2631 699; x_wconf 94' lang='lat' dir='ltr'><strong>Donatus</strong></span> <span class='ocrx_word' id='word_1_146' title='bbox 2676 644 2818 715; x_wconf 88' lang='lat' dir='ltr'><strong>petiit</strong></span> <span class='ocrx_word' id='word_1_147' title='bbox 2844 685 2859 709; x_wconf 92' lang='lat'><strong>,</strong></span> <span class='ocrx_word' id='word_1_148' title='bbox 2892 628 2959 696; x_wconf 60' lang='lat' dir='ltr'><strong>~ut</strong></span> <span class='ocrx_word' id='word_1_149' title='bbox 2988 647 3030 697; x_wconf 88' lang='lat' dir='ltr'><strong>ei</strong></span> <span class='ocrx_word' id='word_1_150' title='bbox 3062 642 3240 697; x_wconf 72' lang='lat' dir='ltr'><strong>reverti</strong></span> <span class='ocrx_word' id='word_1_151' title='bbox 3270 641 3519 707; x_wconf 77' lang='lat' dir='ltr'><strong>licuisset,</strong></span> <span class='ocrx_word' id='word_1_152' title='bbox 3566 651 3613 696; x_wconf 91' lang='lat' dir='ltr'><strong>et</strong></span> <span class='ocrx_word' id='word_1_153' title='bbox 3640 657 3730 695; x_wconf 88' lang='lat' dir='ltr'><strong>nec</strong></span> <span class='ocrx_word' id='word_1_154' title='bbox 3754 642 3818 695; x_wconf 79' lang='lat' dir='ltr'><strong>atl</strong></span> 
     </span>
    </p>
   </div>
   <div class='ocr_carea' id='block_1_22' title="bbox 2223 733 3822 809">
    <p class='ocr_par' dir='ltr' id='par_1_22' title="bbox 2223 733 3822 809">
     <span class='ocr_line' id='line_1_22' title="bbox 2223 733 3822 809; baseline -0.002 -15"><span class='ocrx_word' id='word_1_155' title='bbox 2223 737 2588 809; x_wconf 81' lang='lat' dir='ltr'><strong>Carthaginem</strong></span> <span class='ocrx_word' id='word_1_156' title='bbox 2614 737 2897 791; x_wconf 81' lang='lat' dir='ltr'><strong>accederet.</strong></span> <span class='ocrx_word' id='word_1_157' title='bbox 2936 735 3079 790; x_wconf 88' lang='lat' dir='ltr'><strong>Tunc</strong></span> <span class='ocrx_word' id='word_1_158' title='bbox 3109 752 3140 790; x_wconf 90' lang='lat' dir='ltr'><strong>a</strong></span> <span class='ocrx_word' id='word_1_159' title='bbox 3164 734 3454 801; x_wconf 82' lang='lat' dir='ltr'><strong>Filumino,</strong></span> <span class='ocrx_word' id='word_1_160' title='bbox 3486 733 3822 807; x_wconf 74' lang='lat' dir='ltr'><strong>suifragatore</strong></span> 
     </span>
    </p>
   </div>
   <div class='ocr_carea' id='block_1_23' title="bbox 2221 828 3822 903">
    <p class='ocr_par' dir='ltr' id='par_1_23' title="bbox 2221 828 3822 903">
     <span class='ocr_line' id='line_1_23' title="bbox 2221 828 3822 903; baseline -0.003 -16"><span class='ocrx_word' id='word_1_161' title='bbox 2221 833 2353 903; x_wconf 86' lang='lat' dir='ltr'><strong>ejus,</strong></span> <span class='ocrx_word' id='word_1_162' title='bbox 2387 831 2685 902; x_wconf 81' lang='lat' dir='ltr'><strong>imperatori</strong></span> <span class='ocrx_word' id='word_1_163' title='bbox 2714 841 3010 903; x_wconf 75' lang='lat' dir='ltr'><strong>suggestum</strong></span> <span class='ocrx_word' id='word_1_164' title='bbox 3039 840 3131 896; x_wconf 86' lang='lat' dir='ltr'><strong>est,</strong></span> <span class='ocrx_word' id='word_1_165' title='bbox 3156 839 3211 883; x_wconf 90' lang='lat' dir='ltr'><strong>ut</strong></span> <span class='ocrx_word' id='word_1_166' title='bbox 3246 829 3379 883; x_wconf 86' lang='lat' dir='ltr'><strong>bona</strong></span> <span class='ocrx_word' id='word_1_167' title='bbox 3421 830 3563 898; x_wconf 89' lang='lat' dir='ltr'><strong>pacis</strong></span> <span class='ocrx_word' id='word_1_168' title='bbox 3590 828 3822 891; x_wconf 70' lang='lat' dir='ltr'><strong>Ca’cilia—</strong></span> 
     </span>
    </p>
   </div>
   <div class='ocr_carea' id='block_1_24' title="bbox 2219 921 3824 995">
    <p class='ocr_par' dir='ltr' id='par_1_24' title="bbox 2219 921 3824 995">
     <span class='ocr_line' id='line_1_24' title="bbox 2219 921 3824 995; baseline -0.004 -13"><span class='ocrx_word' id='word_1_169' title='bbox 2219 944 2318 982; x_wconf 88' lang='lat' dir='ltr'><strong>nus</strong></span> <span class='ocrx_word' id='word_1_170' title='bbox 2347 925 2543 981; x_wconf 75' lang='lat' dir='ltr'><strong>Brixia:</strong></span> <span class='ocrx_word' id='word_1_171' title='bbox 2583 925 2885 979; x_wconf 85' lang='lat' dir='ltr'><strong>retineretur</strong></span> <span class='ocrx_word' id='word_1_172' title='bbox 2911 939 2931 978; x_wconf 92' lang='lat'><strong><em>:</em></strong></span> <span class='ocrx_word' id='word_1_173' title='bbox 2961 933 3007 977; x_wconf 82' lang='lat' dir='ltr'><strong>et</strong></span> <span class='ocrx_word' id='word_1_174' title='bbox 3050 923 3245 995; x_wconf 78' lang='lat' dir='ltr'><strong>factum</strong></span> <span class='ocrx_word' id='word_1_175' title='bbox 3269 932 3365 977; x_wconf 85' lang='lat' dir='ltr'><strong>est.</strong></span> <span class='ocrx_word' id='word_1_176' title='bbox 3396 921 3542 977; x_wconf 87' lang='lat' dir='ltr'><strong>Tunc</strong></span> <span class='ocrx_word' id='word_1_177' title='bbox 3586 921 3691 976; x_wconf 87' lang='lat' dir='ltr'><strong>duo</strong></span> <span class='ocrx_word' id='word_1_178' title='bbox 3718 922 3824 992; x_wconf 90' lang='lat' dir='ltr'><strong>epi-</strong></span> 
     </span>
    </p>
   </div>
   <div class='ocr_carea' id='block_1_25' title="bbox 2218 1012 3820 1090">
    <p class='ocr_par' dir='ltr' id='par_1_25' title="bbox 2218 1012 3820 1090">
     <span class='ocr_line' id='line_1_25' title="bbox 2218 1012 3820 1090; baseline -0.002 -18"><span class='ocrx_word' id='word_1_179' title='bbox 2218 1019 2361 1090; x_wconf 89' lang='lat' dir='ltr'><strong>scopi</strong></span> <span class='ocrx_word' id='word_1_180' title='bbox 2404 1018 2472 1072; x_wconf 89' lang='lat' dir='ltr'><strong>ad</strong></span> <span class='ocrx_word' id='word_1_181' title='bbox 2511 1016 2742 1088; x_wconf 76' lang='lat' dir='ltr'><strong>Africam</strong></span> <span class='ocrx_word' id='word_1_182' title='bbox 2769 1016 2911 1070; x_wconf 81' lang='lat' dir='ltr'><strong>missi</strong></span> <span class='ocrx_word' id='word_1_183' title='bbox 2934 1026 3077 1081; x_wconf 88' lang='lat' dir='ltr'><strong>sunt,</strong></span> <span class='ocrx_word' id='word_1_184' title='bbox 3120 1012 3413 1069; x_wconf 86' lang='lat' dir='ltr'><strong>Eunomius</strong></span> <span class='ocrx_word' id='word_1_185' title='bbox 3442 1022 3489 1068; x_wconf 88' lang='lat' dir='ltr'><strong>et</strong></span> <span class='ocrx_word' id='word_1_186' title='bbox 3529 1013 3820 1084; x_wconf 81' lang='lat' dir='ltr'><strong>Olympius.</strong></span> 
     </span>
    </p>
   </div>
   <div class='ocr_carea' id='block_1_26' title="bbox 2225 1106 3826 1179">
    <p class='ocr_par' dir='ltr' id='par_1_26' title="bbox 2225 1106 3826 1179">
     <span class='ocr_line' id='line_1_26' title="bbox 2225 1106 3826 1179; baseline -0.003 -15"><span class='ocrx_word' id='word_1_187' title='bbox 2225 1109 2509 1175; x_wconf 80' lang='lat' dir='ltr'><strong>Venerunt,</strong></span> <span class='ocrx_word' id='word_1_188' title='bbox 2538 1118 2585 1163; x_wconf 89' lang='lat' dir='ltr'><strong>et</strong></span> <span class='ocrx_word' id='word_1_189' title='bbox 2616 1107 2757 1179; x_wconf 89' lang='lat' dir='ltr'><strong>apud</strong></span> <span class='ocrx_word' id='word_1_190' title='bbox 2800 1106 3163 1178; x_wconf 82' lang='lat' dir='ltr'><strong>Carthaginem</strong></span> <span class='ocrx_word' id='word_1_191' title='bbox 3209 1110 3418 1177; x_wconf 79' lang='lat' dir='ltr'><strong>fuerunt</strong></span> <span class='ocrx_word' id='word_1_192' title='bbox 3449 1121 3539 1175; x_wconf 88' lang='lat' dir='ltr'><strong>per</strong></span> <span class='ocrx_word' id='word_1_193' title='bbox 3566 1106 3676 1160; x_wconf 86' lang='lat' dir='ltr'><strong>dies</strong></span> <span class='ocrx_word' id='word_1_194' title='bbox 3700 1122 3826 1176; x_wconf 85' lang='lat' dir='ltr'><strong>qua-</strong></span> 
     </span>
    </p>
   </div>
   <div class='ocr_carea' id='block_1_27' title="bbox 2222 1195 3826 1273">
    <p class='ocr_par' dir='ltr' id='par_1_27' title="bbox 2222 1195 3826 1273">
     <span class='ocr_line' id='line_1_27' title="bbox 2222 1195 3826 1273; baseline 0 -20"><span class='ocrx_word' id='word_1_195' title='bbox 2222 1200 2500 1273; x_wconf 89' lang='lat' dir='ltr'><strong>draginta,</strong></span> <span class='ocrx_word' id='word_1_196' title='bbox 2530 1208 2586 1252; x_wconf 89' lang='lat' dir='ltr'><strong>ut</strong></span> <span class='ocrx_word' id='word_1_197' title='bbox 2630 1199 3025 1269; x_wconf 83' lang='lat' dir='ltr'><strong>pronuntiarent</strong></span> <span class='ocrx_word' id='word_1_198' title='bbox 3063 1198 3147 1251; x_wconf 89' lang='lat' dir='ltr'><strong>ubi</strong></span> <span class='ocrx_word' id='word_1_199' title='bbox 3192 1206 3322 1253; x_wconf 85' lang='lat' dir='ltr'><strong>esset</strong></span> <span class='ocrx_word' id='word_1_200' title='bbox 3372 1195 3658 1254; x_wconf 80' lang='lat' dir='ltr'><strong>Catholica.</strong></span> <span class='ocrx_word' id='word_1_201' title='bbox 3711 1196 3826 1253; x_wconf 80' lang='lat' dir='ltr'><strong>Hoc</strong></span> 
     </span>
    </p>
   </div>
   <div class='ocr_carea' id='block_1_28' title="bbox 2221 1290 3826 1364">
    <p class='ocr_par' dir='ltr' id='par_1_28' title="bbox 2221 1290 3826 1364">
     <span class='ocr_line' id='line_1_28' title="bbox 2221 1290 3826 1364; baseline -0.001 -18"><span class='ocrx_word' id='word_1_202' title='bbox 2221 1293 2468 1347; x_wconf 88' lang='lat' dir='ltr'><strong>seditiosa</strong></span> <span class='ocrx_word' id='word_1_203' title='bbox 2494 1309 2616 1364; x_wconf 87' lang='lat' dir='ltr'><strong>pars</strong></span> <span class='ocrx_word' id='word_1_204' title='bbox 2657 1290 2853 1347; x_wconf 87' lang='lat' dir='ltr'><strong>Donati</strong></span> <span class='ocrx_word' id='word_1_205' title='bbox 2882 1292 2996 1360; x_wconf 76' lang='lat' dir='ltr'><strong>fieri</strong></span> <span class='ocrx_word' id='word_1_206' title='bbox 3039 1306 3194 1361; x_wconf 84' lang='lat' dir='ltr'><strong>passa</strong></span> <span class='ocrx_word' id='word_1_207' title='bbox 3247 1306 3352 1346; x_wconf 89' lang='lat' dir='ltr'><strong>non</strong></span> <span class='ocrx_word' id='word_1_208' title='bbox 3391 1299 3467 1346; x_wconf 86' lang='lat' dir='ltr'><strong>est</strong></span> <span class='ocrx_word' id='word_1_209' title='bbox 3492 1306 3510 1346; x_wconf 92' lang='lat'><strong><em>:</em></strong></span> <span class='ocrx_word' id='word_1_210' title='bbox 3540 1291 3605 1344; x_wconf 89' lang='lat' dir='ltr'><strong>de</strong></span> <span class='ocrx_word' id='word_1_211' title='bbox 3656 1291 3826 1345; x_wconf 87' lang='lat' dir='ltr'><strong>studio</strong></span> 
     </span>
    </p>
   </div>
   <div class='ocr_carea' id='block_1_29' title="bbox 2222 1383 3827 1458">
    <p class='ocr_par' dir='ltr' id='par_1_29' title="bbox 2222 1383 3827 1458">
     <span class='ocr_line' id='line_1_29' title="bbox 2222 1383 3827 1458; baseline -0.001 -19"><span class='ocrx_word' id='word_1_212' title='bbox 2222 1387 2449 1457; x_wconf 87' lang='lat' dir='ltr'><strong>partium</strong></span> <span class='ocrx_word' id='word_1_213' title='bbox 2475 1386 2717 1458; x_wconf 85' lang='lat' dir='ltr'><strong>strepitus</strong></span> <span class='ocrx_word' id='word_1_214' title='bbox 2743 1383 3035 1457; x_wconf 87' lang='lat' dir='ltr'><strong>quotidiani</strong></span> <span class='ocrx_word' id='word_1_215' title='bbox 3054 1394 3172 1439; x_wconf 88' lang='lat' dir='ltr'><strong>sunt</strong></span> <span class='ocrx_word' id='word_1_216' title='bbox 3191 1383 3351 1438; x_wconf 81' lang='lat' dir='ltr'><strong>habiti</strong></span> <span class='ocrx_word' id='word_1_217' title='bbox 3374 1399 3394 1438; x_wconf 90' lang='lat'><strong><em>:</em></strong></span> <span class='ocrx_word' id='word_1_218' title='bbox 3410 1384 3687 1438; x_wconf 83' lang='lat' dir='ltr'><strong>novissima</strong></span> <span class='ocrx_word' id='word_1_219' title='bbox 3712 1400 3827 1438; x_wconf 85' lang='lat' dir='ltr'><strong>sen—</strong></span> 
     </span>
    </p>
   </div>
   <div class='ocr_carea' id='block_1_30' title="bbox 2228 1474 3828 1549">
    <p class='ocr_par' dir='ltr' id='par_1_30' title="bbox 2228 1474 3828 1549">
     <span class='ocr_line' id='line_1_30' title="bbox 2228 1474 3828 1549; baseline -0.002 -16"><span class='ocrx_word' id='word_1_220' title='bbox 2228 1478 2385 1533; x_wconf 87' lang='lat' dir='ltr'><strong>tentia</strong></span> <span class='ocrx_word' id='word_1_221' title='bbox 2407 1476 2704 1533; x_wconf 78' lang='lat' dir='ltr'><strong>corumdem</strong></span> <span class='ocrx_word' id='word_1_222' title='bbox 2726 1478 3081 1549; x_wconf 83' lang='lat' dir='ltr'><strong>episcoporum</strong></span> <span class='ocrx_word' id='word_1_223' title='bbox 3111 1474 3356 1531; x_wconf 85' lang='lat' dir='ltr'><strong>Eunomii</strong></span> <span class='ocrx_word' id='word_1_224' title='bbox 3375 1487 3423 1530; x_wconf 87' lang='lat' dir='ltr'><strong>et</strong></span> <span class='ocrx_word' id='word_1_225' title='bbox 3453 1476 3682 1548; x_wconf 78' lang='lat' dir='ltr'><strong>Olympii</strong></span> <span class='ocrx_word' id='word_1_226' title='bbox 3711 1476 3828 1531; x_wconf 89' lang='lat' dir='ltr'><strong>talis</strong></span> 
     </span>
    </p>
   </div>
   <div class='ocr_carea' id='block_1_31' title="bbox 2223 1567 3827 1642">
    <p class='ocr_par' dir='ltr' id='par_1_31' title="bbox 2223 1567 3827 1642">
     <span class='ocr_line' id='line_1_31' title="bbox 2223 1567 3827 1642; baseline -0.002 -18"><span class='ocrx_word' id='word_1_227' title='bbox 2223 1570 2429 1642; x_wconf 88' lang='lat' dir='ltr'><strong>legitur;</strong></span> <span class='ocrx_word' id='word_1_228' title='bbox 2465 1589 2485 1623; x_wconf 75' lang='grc' dir='ltr'>ί</span> <span class='ocrx_word' id='word_1_229' title='bbox 2508 1580 2563 1624; x_wconf 91' lang='lat' dir='ltr'><strong>ut</strong></span> <span class='ocrx_word' id='word_1_230' title='bbox 2576 1569 2802 1625; x_wconf 88' lang='lat' dir='ltr'><strong>dicerent</strong></span> <span class='ocrx_word' id='word_1_231' title='bbox 2821 1570 2967 1624; x_wconf 81' lang='lat' dir='ltr'><strong>illam</strong></span> <span class='ocrx_word' id='word_1_232' title='bbox 2982 1586 3093 1625; x_wconf 88' lang='lat' dir='ltr'><strong>esse</strong></span> <span class='ocrx_word' id='word_1_233' title='bbox 3110 1567 3449 1637; x_wconf 82' lang='lat' dir='ltr'><strong>Catholicam,</strong></span> <span class='ocrx_word' id='word_1_234' title='bbox 3474 1585 3591 1639; x_wconf 79' lang='lat' dir='ltr'><strong>qute</strong></span> <span class='ocrx_word' id='word_1_235' title='bbox 3617 1578 3748 1624; x_wconf 85' lang='lat' dir='ltr'><strong>esset</strong></span> <span class='ocrx_word' id='word_1_236' title='bbox 3774 1571 3827 1622; x_wconf 88' lang='lat' dir='ltr'><strong>in</strong></span> 
     </span>
    </p>
   </div>
   <div class='ocr_carea' id='block_1_32' title="bbox 2228 1660 3830 1737">
    <p class='ocr_par' dir='ltr' id='par_1_32' title="bbox 2228 1660 3830 1737">
     <span class='ocr_line' id='line_1_32' title="bbox 2228 1660 3830 1737; baseline 0 -21"><span class='ocrx_word' id='word_1_237' title='bbox 2228 1681 2249 1716; x_wconf 72' lang='grc' dir='ltr'>ι</span> <span class='ocrx_word' id='word_1_238' title='bbox 2274 1672 2378 1717; x_wconf 89' lang='lat' dir='ltr'><strong>toto</strong></span> <span class='ocrx_word' id='word_1_239' title='bbox 2398 1663 2525 1737; x_wconf 82' lang='lat' dir='ltr'><strong>orbe</strong></span> <span class='ocrx_word' id='word_1_240' title='bbox 2555 1673 2805 1718; x_wconf 88' lang='lat' dir='ltr'><strong>terrarum</strong></span> <span class='ocrx_word' id='word_1_241' title='bbox 2833 1660 3049 1729; x_wconf 71' lang='lat' dir='ltr'><strong>diﬁ&#39;usa,</strong></span> <span class='ocrx_word' id='word_1_242' title='bbox 3076 1672 3121 1716; x_wconf 89' lang='lat' dir='ltr'><strong>et</strong></span> <span class='ocrx_word' id='word_1_243' title='bbox 3148 1663 3451 1716; x_wconf 87' lang='lat' dir='ltr'><strong>sententiant</strong></span> <span class='ocrx_word' id='word_1_244' title='bbox 3470 1663 3645 1717; x_wconf 88' lang='lat' dir='ltr'><strong>decem</strong></span> <span class='ocrx_word' id='word_1_245' title='bbox 3663 1673 3713 1717; x_wconf 89' lang='lat' dir='ltr'><strong>et</strong></span> <span class='ocrx_word' id='word_1_246' title='bbox 3736 1679 3830 1717; x_wconf 83' lang='lat' dir='ltr'><strong>no-</strong></span> 
     </span>
    </p>
   </div>
   <div class='ocr_carea' id='block_1_33' title="bbox 516 1754 3827 1835">
    <p class='ocr_par' dir='ltr' id='par_1_33' title="bbox 516 1754 3827 1835">
     <span class='ocr_line' id='line_1_33' title="bbox 516 1754 3827 1835; baseline -0.004 -15"><span class='ocrx_word' id='word_1_247' title='bbox 516 1766 719 1821; x_wconf 91' lang='lat' dir='ltr'><strong>mansit</strong></span> <span class='ocrx_word' id='word_1_248' title='bbox 753 1764 808 1820; x_wconf 88' lang='lat' dir='ltr'><strong>in</strong></span> <span class='ocrx_word' id='word_1_249' title='bbox 838 1763 1073 1835; x_wconf 89' lang='lat' dir='ltr'><strong>pendulo</strong></span> <span class='ocrx_word' id='word_1_250' title='bbox 1115 1763 1390 1821; x_wconf 80' lang='lat' dir='ltr'><strong>Caeciliani</strong></span> <span class='ocrx_word' id='word_1_251' title='bbox 1430 1778 1618 1818; x_wconf 88' lang='lat' dir='ltr'><strong>causa.</strong></span> <span class='ocrx_word' id='word_1_252' title='bbox 1670 1763 1906 1816; x_wconf 85' lang='lat' dir='ltr'><strong>Donatus</strong></span> <span class='ocrx_word' id='word_1_253' title='bbox 1935 1769 2113 1821; x_wconf 87' lang='lat' dir='ltr'><strong>autem</strong></span> <span class='ocrx_word' id='word_1_254' title='bbox 2148 1762 2195 1822; x_wconf 86' lang='lat' dir='ltr'><strong>B</strong></span> <span class='ocrx_word' id='word_1_255' title='bbox 2230 1776 2249 1810; x_wconf 84' lang='grc'><strong><em>‹</em></strong></span> <span class='ocrx_word' id='word_1_256' title='bbox 2284 1773 2392 1811; x_wconf 75' lang='lat' dir='ltr'><strong>rem</strong></span> <span class='ocrx_word' id='word_1_257' title='bbox 2447 1758 2806 1828; x_wconf 87' lang='lat' dir='ltr'><strong>episcoporum</strong></span> <span class='ocrx_word' id='word_1_258' title='bbox 2834 1754 3152 1826; x_wconf 85' lang='lat' dir='ltr'><strong>jamdudum</strong></span> <span class='ocrx_word' id='word_1_259' title='bbox 3201 1754 3419 1820; x_wconf 87' lang='lat' dir='ltr'><strong>datam,</strong></span> <span class='ocrx_word' id='word_1_260' title='bbox 3457 1754 3669 1810; x_wconf 77' lang='lat' dir='ltr'><strong>dissolvi</strong></span> <span class='ocrx_word' id='word_1_261' title='bbox 3727 1771 3827 1809; x_wconf 84' lang='lat' dir='ltr'><strong>non</strong></span> 
     </span>
    </p>
   </div>
   <div class='ocr_carea' id='block_1_34' title="bbox 514 1852 2117 1919">
    <p class='ocr_par' dir='ltr' id='par_1_34' title="bbox 514 1852 2117 1919">
     <span class='ocr_line' id='line_1_34' title="bbox 514 1852 2117 1919; baseline -0.003 -6"><span class='ocrx_word' id='word_1_262' title='bbox 514 1856 776 1913; x_wconf 89' lang='lat' dir='ltr'><strong>Casensis</strong></span> <span class='ocrx_word' id='word_1_263' title='bbox 838 1865 1125 1911; x_wconf 87' lang='lat' dir='ltr'><strong>accusatus</strong></span> <span class='ocrx_word' id='word_1_264' title='bbox 1191 1865 1248 1911; x_wconf 93' lang='lat' dir='ltr'><strong>et</strong></span> <span class='ocrx_word' id='word_1_265' title='bbox 1312 1855 1592 1911; x_wconf 86' lang='lat' dir='ltr'><strong>convictus</strong></span> <span class='ocrx_word' id='word_1_266' title='bbox 1641 1863 1725 1908; x_wconf 90' lang='lat' dir='ltr'><strong>est</strong></span> <span class='ocrx_word' id='word_1_267' title='bbox 1756 1895 1771 1919; x_wconf 93' lang='lat'><strong>,</strong></span> <span class='ocrx_word' id='word_1_268' title='bbox 1825 1852 2117 1908; x_wconf 66' lang='lat' dir='ltr'><strong>Caeciliano</strong></span> 
     </span>
    </p>
   </div>
   <div class='ocr_carea' id='block_1_35' title="bbox 515 1943 2113 2016">
    <p class='ocr_par' dir='ltr' id='par_1_35' title="bbox 515 1943 2113 2016">
     <span class='ocr_line' id='line_1_35' title="bbox 515 1943 2113 2016; baseline -0.001 -14"><span class='ocrx_word' id='word_1_269' title='bbox 515 1947 813 2003; x_wconf 91' lang='lat' dir='ltr'><strong>etiamnum</strong></span> <span class='ocrx_word' id='word_1_270' title='bbox 846 1946 1250 2010; x_wconf 89' lang='lat' dir='ltr'><strong>archidiacono,</strong></span> <span class='ocrx_word' id='word_1_271' title='bbox 1280 1946 1516 2002; x_wconf 89' lang='lat' dir='ltr'><strong>schisma</strong></span> <span class='ocrx_word' id='word_1_272' title='bbox 1549 1945 1741 2000; x_wconf 78' lang='lat' dir='ltr'><strong>fecisse</strong></span> <span class='ocrx_word' id='word_1_273' title='bbox 1768 1943 2113 2016; x_wconf 81' lang='lat' dir='ltr'><strong>Carthagine,</strong></span> 
     </span>
    </p>
   </div>
   <div class='ocr_carea' id='block_1_36' title="bbox 528 2039 2155 2111">
    <p class='ocr_par' dir='ltr' id='par_1_36' title="bbox 528 2039 2155 2111">
     <span class='ocr_line' id='line_1_36' title="bbox 528 2039 2155 2111; baseline -0.002 -15"><span class='ocrx_word' id='word_1_274' title='bbox 528 2050 584 2096; x_wconf 91' lang='lat' dir='ltr'><strong>et</strong></span> <span class='ocrx_word' id='word_1_275' title='bbox 602 2040 888 2097; x_wconf 83' lang='lat' dir='ltr'><strong>confessus</strong></span> <span class='ocrx_word' id='word_1_276' title='bbox 933 2055 993 2095; x_wconf 88' lang='lat' dir='ltr'><strong>se</strong></span> <span class='ocrx_word' id='word_1_277' title='bbox 1021 2041 1388 2110; x_wconf 86' lang='lat' dir='ltr'><strong>rebaptizasse</strong></span> <span class='ocrx_word' id='word_1_278' title='bbox 1423 2048 1479 2094; x_wconf 92' lang='lat' dir='ltr'><strong>et</strong></span> <span class='ocrx_word' id='word_1_279' title='bbox 1516 2040 1783 2108; x_wconf 86' lang='lat' dir='ltr'><strong>episcopis</strong></span> <span class='ocrx_word' id='word_1_280' title='bbox 1821 2039 1983 2108; x_wconf 77' lang='lat' dir='ltr'><strong>lapsis</strong></span> <span class='ocrx_word' id='word_1_281' title='bbox 2006 2053 2119 2093; x_wconf 89' lang='lat' dir='ltr'><strong>ma-</strong></span> <span class='ocrx_word' id='word_1_282' title='bbox 2148 2104 2155 2111; x_wconf 83' lang='lat'>_</span> 
     </span>
    </p>
   </div>
   <div class='ocr_carea' id='block_1_37' title="bbox 519 2131 2119 2204">
    <p class='ocr_par' dir='ltr' id='par_1_37' title="bbox 519 2131 2119 2204">
     <span class='ocr_line' id='line_1_37' title="bbox 519 2131 2119 2204; baseline -0.004 -12"><span class='ocrx_word' id='word_1_283' title='bbox 519 2151 653 2192; x_wconf 91' lang='lat' dir='ltr'><strong>num</strong></span> <span class='ocrx_word' id='word_1_284' title='bbox 683 2134 1025 2204; x_wconf 86' lang='lat' dir='ltr'><strong>imposuisse.</strong></span> <span class='ocrx_word' id='word_1_285' title='bbox 1055 2132 1303 2190; x_wconf 90' lang='lat' dir='ltr'><strong>Secunda</strong></span> <span class='ocrx_word' id='word_1_286' title='bbox 1331 2132 1419 2188; x_wconf 91' lang='lat' dir='ltr'><strong>die</strong></span> <span class='ocrx_word' id='word_1_287' title='bbox 1450 2147 1481 2187; x_wconf 90' lang='lat' dir='ltr'><strong>a</strong></span> <span class='ocrx_word' id='word_1_288' title='bbox 1506 2131 1826 2202; x_wconf 90' lang='lat' dir='ltr'><strong>quibusdam</strong></span> <span class='ocrx_word' id='word_1_289' title='bbox 1857 2146 2027 2186; x_wconf 89' lang='lat' dir='ltr'><strong>novus</strong></span> <span class='ocrx_word' id='word_1_290' title='bbox 2054 2131 2119 2187; x_wconf 93' lang='lat' dir='ltr'><strong>li-</strong></span> 
     </span>
    </p>
   </div>
   <div class='ocr_carea' id='block_1_38' title="bbox 522 2225 2115 2290">
    <p class='ocr_par' dir='ltr' id='par_1_38' title="bbox 522 2225 2115 2290">
     <span class='ocr_line' id='line_1_38' title="bbox 522 2225 2115 2290; baseline -0.004 -5"><span class='ocrx_word' id='word_1_291' title='bbox 522 2228 701 2286; x_wconf 86' lang='lat' dir='ltr'><strong>bellus</strong></span> <span class='ocrx_word' id='word_1_292' title='bbox 723 2227 1146 2284; x_wconf 90' lang='lat' dir='ltr'><strong>denuntiationis</strong></span> <span class='ocrx_word' id='word_1_293' title='bbox 1166 2225 1426 2282; x_wconf 89' lang='lat' dir='ltr'><strong>adversus</strong></span> <span class='ocrx_word' id='word_1_294' title='bbox 1454 2226 1798 2282; x_wconf 61' lang='lat' dir='ltr'><strong>Caecilianum</strong></span> <span class='ocrx_word' id='word_1_295' title='bbox 1828 2225 1984 2281; x_wconf 87' lang='lat' dir='ltr'><strong>datus</strong></span> <span class='ocrx_word' id='word_1_296' title='bbox 2002 2234 2115 2290; x_wconf 90' lang='lat' dir='ltr'><strong>est;</strong></span> 
     </span>
    </p>
   </div>
   <div class='ocr_carea' id='block_1_39' title="bbox 522 2314 2118 2391">
    <p class='ocr_par' dir='ltr' id='par_1_39' title="bbox 522 2314 2118 2391">
     <span class='ocr_line' id='line_1_39' title="bbox 522 2314 2118 2391; baseline -0.005 -15"><span class='ocrx_word' id='word_1_297' title='bbox 522 2336 631 2391; x_wconf 92' lang='lat' dir='ltr'><strong>quo</strong></span> <span class='ocrx_word' id='word_1_298' title='bbox 660 2319 804 2375; x_wconf 87' lang='lat' dir='ltr'><strong>facto</strong></span> <span class='ocrx_word' id='word_1_299' title='bbox 832 2320 1032 2390; x_wconf 89' lang='lat' dir='ltr'><strong>agitata</strong></span> <span class='ocrx_word' id='word_1_300' title='bbox 1083 2332 1297 2373; x_wconf 87' lang='lat' dir='ltr'><strong>rursum</strong></span> <span class='ocrx_word' id='word_1_301' title='bbox 1344 2316 1602 2388; x_wconf 77' lang='lat' dir='ltr'><strong>cognitio,</strong></span> <span class='ocrx_word' id='word_1_302' title='bbox 1660 2326 1715 2371; x_wconf 92' lang='lat' dir='ltr'><strong>et</strong></span> <span class='ocrx_word' id='word_1_303' title='bbox 1758 2326 1936 2370; x_wconf 78' lang='lat' dir='ltr'><strong>tamen</strong></span> <span class='ocrx_word' id='word_1_304' title='bbox 1983 2314 2118 2369; x_wconf 87' lang='lat' dir='ltr'><strong>nihil</strong></span> 
     </span>
    </p>
   </div>
   <div class='ocr_carea' id='block_1_40' title="bbox 512 2407 2117 2485">
    <p class='ocr_par' dir='ltr' id='par_1_40' title="bbox 512 2407 2117 2485">
     <span class='ocr_line' id='line_1_40' title="bbox 512 2407 2117 2485; baseline -0.004 -16"><span class='ocrx_word' id='word_1_305' title='bbox 512 2413 807 2485; x_wconf 87' lang='lat' dir='ltr'><strong>quidquam</strong></span> <span class='ocrx_word' id='word_1_306' title='bbox 839 2413 892 2468; x_wconf 92' lang='lat' dir='ltr'><strong>in</strong></span> <span class='ocrx_word' id='word_1_307' title='bbox 940 2412 1285 2467; x_wconf 69' lang='lat' dir='ltr'><strong>Ctecilianuin</strong></span> <span class='ocrx_word' id='word_1_308' title='bbox 1318 2409 1489 2481; x_wconf 87' lang='lat' dir='ltr'><strong>potuit</strong></span> <span class='ocrx_word' id='word_1_309' title='bbox 1522 2408 1759 2479; x_wconf 86' lang='lat' dir='ltr'><strong>probari.</strong></span> <span class='ocrx_word' id='word_1_310' title='bbox 1791 2407 1995 2463; x_wconf 88' lang='lat' dir='ltr'><strong>Eadem</strong></span> <span class='ocrx_word' id='word_1_311' title='bbox 2026 2407 2117 2462; x_wconf 89' lang='lat' dir='ltr'><strong>die</strong></span> 
     </span>
    </p>
   </div>
   <div class='ocr_carea' id='block_1_41' title="bbox 520 2499 2116 2573">
    <p class='ocr_par' dir='ltr' id='par_1_41' title="bbox 520 2499 2116 2573">
     <span class='ocr_line' id='line_1_41' title="bbox 520 2499 2116 2573; baseline -0.004 -12"><span class='ocrx_word' id='word_1_312' title='bbox 520 2513 702 2561; x_wconf 89' lang='lat' dir='ltr'><strong>actum</strong></span> <span class='ocrx_word' id='word_1_313' title='bbox 743 2502 957 2559; x_wconf 80' lang='lat' dir='ltr'><strong>videtur</strong></span> <span class='ocrx_word' id='word_1_314' title='bbox 983 2503 1053 2559; x_wconf 89' lang='lat' dir='ltr'><strong>de</strong></span> <span class='ocrx_word' id='word_1_315' title='bbox 1076 2502 1308 2558; x_wconf 92' lang='lat' dir='ltr'><strong>concilio</strong></span> <span class='ocrx_word' id='word_1_316' title='bbox 1352 2501 1689 2573; x_wconf 89' lang='lat' dir='ltr'><strong>septuaginta</strong></span> <span class='ocrx_word' id='word_1_317' title='bbox 1737 2499 2116 2570; x_wconf 44' lang='lat' dir='ltr'><strong>episcoporum</strong></span> 
     </span>
    </p>
   </div>
   <div class='ocr_carea' id='block_1_42' title="bbox 514 2595 2121 2672">
    <p class='ocr_par' dir='ltr' id='par_1_42' title="bbox 514 2595 2121 2672">
     <span class='ocr_line' id='line_1_42' title="bbox 514 2595 2121 2672; baseline -0.004 -17"><span class='ocrx_word' id='word_1_318' title='bbox 514 2599 608 2672; x_wconf 90' lang='lat' dir='ltr'><strong>qui</strong></span> <span class='ocrx_word' id='word_1_319' title='bbox 632 2598 984 2655; x_wconf 69' lang='lat' dir='ltr'><strong>Caecilianum</strong></span> <span class='ocrx_word' id='word_1_320' title='bbox 1012 2597 1423 2662; x_wconf 86' lang='lat' dir='ltr'><strong>damnaverant,</strong></span> <span class='ocrx_word' id='word_1_321' title='bbox 1452 2611 1684 2667; x_wconf 89' lang='lat' dir='ltr'><strong>quorum</strong></span> <span class='ocrx_word' id='word_1_322' title='bbox 1716 2595 1867 2664; x_wconf 87' lang='lat' dir='ltr'><strong>quasi</strong></span> <span class='ocrx_word' id='word_1_323' title='bbox 1911 2596 2121 2665; x_wconf 83' lang='lat' dir='ltr'><strong>gravis-</strong></span> 
     </span>
    </p>
   </div>
   <div class='ocr_carea' id='block_1_43' title="bbox 511 2687 2117 2762">
    <p class='ocr_par' dir='ltr' id='par_1_43' title="bbox 511 2687 2117 2762">
     <span class='ocr_line' id='line_1_43' title="bbox 511 2687 2117 2762; baseline -0.004 -14"><span class='ocrx_word' id='word_1_324' title='bbox 511 2693 652 2748; x_wconf 90' lang='lat' dir='ltr'><strong>sima</strong></span> <span class='ocrx_word' id='word_1_325' title='bbox 697 2692 1076 2762; x_wconf 88' lang='lat' dir='ltr'><strong>opponebatur</strong></span> <span class='ocrx_word' id='word_1_326' title='bbox 1110 2690 1423 2745; x_wconf 83' lang='lat' dir='ltr'><strong>auctoritas.</strong></span> <span class='ocrx_word' id='word_1_327' title='bbox 1472 2688 1752 2744; x_wconf 81' lang='lat' dir='ltr'><strong>Adversus</strong></span> <span class='ocrx_word' id='word_1_328' title='bbox 1802 2687 1922 2742; x_wconf 90' lang='lat' dir='ltr'><strong>illos</strong></span> <span class='ocrx_word' id='word_1_329' title='bbox 1953 2689 2117 2742; x_wconf 85' lang='lat' dir='ltr'><strong>multa</strong></span> 
     </span>
    </p>
   </div>
   <div class='ocr_carea' id='block_1_44' title="bbox 418 2773 2116 2845">
    <p class='ocr_par' dir='ltr' id='par_1_44' title="bbox 418 2773 2116 2845">
     <span class='ocr_line' id='line_1_44' title="bbox 418 2773 2116 2845; baseline -0.006 -2"><span class='ocrx_word' id='word_1_330' title='bbox 418 2773 425 2780; x_wconf 61' lang='grc'><em>’</em></span> <span class='ocrx_word' id='word_1_331' title='bbox 513 2786 657 2843; x_wconf 88' lang='lat' dir='ltr'><strong>dicta</strong></span> <span class='ocrx_word' id='word_1_332' title='bbox 690 2795 851 2841; x_wconf 86' lang='lat' dir='ltr'><strong>sunt:</strong></span> <span class='ocrx_word' id='word_1_333' title='bbox 882 2783 1196 2839; x_wconf 87' lang='lat' dir='ltr'><strong>Traditores</strong></span> <span class='ocrx_word' id='word_1_334' title='bbox 1226 2797 1320 2837; x_wconf 91' lang='lat' dir='ltr'><strong>eos</strong></span> <span class='ocrx_word' id='word_1_335' title='bbox 1345 2781 1512 2836; x_wconf 83' lang='lat' dir='ltr'><strong>fuisse</strong></span> <span class='ocrx_word' id='word_1_336' title='bbox 1528 2779 1807 2836; x_wconf 61' lang='lat' dir='ltr'><strong>Caeciliani</strong></span> <span class='ocrx_word' id='word_1_337' title='bbox 1840 2778 2116 2845; x_wconf 90' lang='lat' dir='ltr'><strong>inimicos,</strong></span> 
     </span>
    </p>
   </div>
   <div class='ocr_carea' id='block_1_45' title="bbox 516 2873 2120 2944">
    <p class='ocr_par' dir='ltr' id='par_1_45' title="bbox 516 2873 2120 2944">
     <span class='ocr_line' id='line_1_45' title="bbox 516 2873 2120 2944; baseline -0.004 -11"><span class='ocrx_word' id='word_1_338' title='bbox 516 2880 841 2936; x_wconf 84' lang='lat' dir='ltr'><strong>ambitiosos</strong></span> <span class='ocrx_word' id='word_1_339' title='bbox 869 2878 1140 2942; x_wconf 90' lang='lat' dir='ltr'><strong>homines,</strong></span> <span class='ocrx_word' id='word_1_340' title='bbox 1183 2875 1404 2930; x_wconf 78' lang='lat' dir='ltr'><strong>Lucilla:</strong></span> <span class='ocrx_word' id='word_1_341' title='bbox 1433 2874 1700 2930; x_wconf 80' lang='lat' dir='ltr'><strong>obnoxios</strong></span> <span class='ocrx_word' id='word_1_342' title='bbox 1731 2882 1785 2928; x_wconf 88' lang='lat' dir='ltr'><strong>et</strong></span> <span class='ocrx_word' id='word_1_343' title='bbox 1810 2873 1927 2944; x_wconf 84' lang='lat' dir='ltr'><strong>ejus</strong></span> <span class='ocrx_word' id='word_1_344' title='bbox 1958 2888 2120 2943; x_wconf 88' lang='lat' dir='ltr'><strong>pecu-</strong></span> 
     </span>
    </p>
   </div>
   <div class='ocr_carea' id='block_1_46' title="bbox 509 2964 2115 3041">
    <p class='ocr_par' dir='ltr' id='par_1_46' title="bbox 509 2964 2115 3041">
     <span class='ocr_line' id='line_1_46' title="bbox 509 2964 2115 3041; baseline -0.004 -14"><span class='ocrx_word' id='word_1_345' title='bbox 509 2972 600 3027; x_wconf 88' lang='lat' dir='ltr'><strong>nia</strong></span> <span class='ocrx_word' id='word_1_346' title='bbox 630 2980 939 3041; x_wconf 88' lang='lat' dir='ltr'><strong>corruptos,</strong></span> <span class='ocrx_word' id='word_1_347' title='bbox 981 2969 1195 3039; x_wconf 87' lang='lat' dir='ltr'><strong>aliaque</strong></span> <span class='ocrx_word' id='word_1_348' title='bbox 1224 2965 1487 3037; x_wconf 91' lang='lat' dir='ltr'><strong>ejusmodi</strong></span> <span class='ocrx_word' id='word_1_349' title='bbox 1517 2983 1529 3017; x_wconf 90' lang='lat'><strong>:</strong></span> <span class='ocrx_word' id='word_1_350' title='bbox 1562 2965 1822 3020; x_wconf 82' lang='lat' dir='ltr'><strong>adversus</strong></span> <span class='ocrx_word' id='word_1_351' title='bbox 1873 2964 2115 3020; x_wconf 68' lang='lat' dir='ltr'><strong>Caicilia-</strong></span> 
     </span>
    </p>
   </div>
   <div class='ocr_carea' id='block_1_47' title="bbox 516 3056 2118 3132">
    <p class='ocr_par' dir='ltr' id='par_1_47' title="bbox 516 3056 2118 3132">
     <span class='ocr_line' id='line_1_47' title="bbox 516 3056 2118 3132; baseline -0.004 -15"><span class='ocrx_word' id='word_1_352' title='bbox 516 3077 647 3118; x_wconf 90' lang='lat' dir='ltr'><strong>num</strong></span> <span class='ocrx_word' id='word_1_353' title='bbox 688 3060 832 3132; x_wconf 86' lang='lat' dir='ltr'><strong>quod</strong></span> <span class='ocrx_word' id='word_1_354' title='bbox 862 3076 892 3115; x_wconf 91' lang='lat' dir='ltr'><strong>a</strong></span> <span class='ocrx_word' id='word_1_355' title='bbox 921 3059 1103 3116; x_wconf 81' lang='lat' dir='ltr'><strong>Felice</strong></span> <span class='ocrx_word' id='word_1_356' title='bbox 1124 3057 1494 3131; x_wconf 85' lang='lat' dir='ltr'><strong>Aplungitano</strong></span> <span class='ocrx_word' id='word_1_357' title='bbox 1524 3056 1856 3113; x_wconf 84' lang='lat' dir='ltr'><strong>Traditionis</strong></span> <span class='ocrx_word' id='word_1_358' title='bbox 1885 3072 1980 3112; x_wconf 90' lang='lat' dir='ltr'><strong>reo</strong></span> <span class='ocrx_word' id='word_1_359' title='bbox 2028 3063 2118 3111; x_wconf 86' lang='lat' dir='ltr'><strong>0r-</strong></span> 
     </span>
    </p>
   </div>
   <div class='ocr_carea' id='block_1_48' title="bbox 2229 1845 3832 1919">
    <p class='ocr_par' dir='ltr' id='par_1_48' title="bbox 2229 1845 3832 1919">
     <span class='ocr_line' id='line_1_48' title="bbox 2229 1845 3832 1919; baseline 0 -17"><span class='ocrx_word' id='word_1_360' title='bbox 2229 1868 2248 1902; x_wconf 73' lang='grc'><strong>(</strong></span> <span class='ocrx_word' id='word_1_361' title='bbox 2286 1866 2449 1919; x_wconf 88' lang='lat' dir='ltr'><strong>posse.</strong></span> <span class='ocrx_word' id='word_1_362' title='bbox 2492 1868 2511 1901; x_wconf 71' lang='grc' dir='ltr'><strong><em>ι</em></strong></span> <span class='ocrx_word' id='word_1_363' title='bbox 2550 1848 2639 1905; x_wconf 90' lang='lat' dir='ltr'><strong>Sic</strong></span> <span class='ocrx_word' id='word_1_364' title='bbox 2661 1848 3158 1902; x_wconf 86' lang='lat' dir='ltr'><strong>communicaverunt</strong></span> <span class='ocrx_word' id='word_1_365' title='bbox 3183 1846 3319 1901; x_wconf 88' lang='lat' dir='ltr'><strong>clero</strong></span> <span class='ocrx_word' id='word_1_366' title='bbox 3341 1845 3605 1901; x_wconf 78' lang='lat' dir='ltr'><strong>Cteciliani</strong></span> <span class='ocrx_word' id='word_1_367' title='bbox 3625 1889 3639 1912; x_wconf 92' lang='lat'><strong>,</strong></span> <span class='ocrx_word' id='word_1_368' title='bbox 3672 1855 3722 1900; x_wconf 89' lang='lat' dir='ltr'><strong>et</strong></span> <span class='ocrx_word' id='word_1_369' title='bbox 3752 1862 3832 1902; x_wconf 89' lang='lat' dir='ltr'><strong>re-</strong></span> 
     </span>
    </p>
   </div>
   <div class='ocr_carea' id='block_1_49' title="bbox 2222 1939 3829 2006">
    <p class='ocr_par' dir='ltr' id='par_1_49' title="bbox 2222 1939 3829 2006">
     <span class='ocr_line' id='line_1_49' title="bbox 2222 1939 3829 2006; baseline -0.001 -10"><span class='ocrx_word' id='word_1_370' title='bbox 2222 1942 2361 1997; x_wconf 70' lang='lat' dir='ltr'><strong>versi</strong></span> <span class='ocrx_word' id='word_1_371' title='bbox 2386 1950 2529 1997; x_wconf 82' lang='lat' dir='ltr'><strong>sunt.</strong></span> <span class='ocrx_word' id='word_1_372' title='bbox 2561 1939 2642 1995; x_wconf 91' lang='lat' dir='ltr'><strong>De</strong></span> <span class='ocrx_word' id='word_1_373' title='bbox 2668 1942 2753 1996; x_wconf 89' lang='lat' dir='ltr'><strong>iiis</strong></span> <span class='ocrx_word' id='word_1_374' title='bbox 2781 1941 2936 1995; x_wconf 87' lang='lat' dir='ltr'><strong>rebus</strong></span> <span class='ocrx_word' id='word_1_375' title='bbox 2976 1941 3219 1994; x_wconf 83' lang='lat' dir='ltr'><strong>habemus</strong></span> <span class='ocrx_word' id='word_1_376' title='bbox 3263 1940 3521 1994; x_wconf 82' lang='lat' dir='ltr'><strong>volumina</strong></span> <span class='ocrx_word' id='word_1_377' title='bbox 3552 1951 3788 1994; x_wconf 79' lang='lat' dir='ltr'><strong>actorum</strong></span> <span class='ocrx_word' id='word_1_378' title='bbox 3811 1981 3829 2006; x_wconf 89' lang='lat'><strong>,</strong></span> 
     </span>
    </p>
   </div>
   <div class='ocr_carea' id='block_1_50' title="bbox 2221 2031 3830 2105">
    <p class='ocr_par' dir='ltr' id='par_1_50' title="bbox 2221 2031 3830 2105">
     <span class='ocr_line' id='line_1_50' title="bbox 2221 2031 3830 2105; baseline -0.001 -17"><span class='ocrx_word' id='word_1_379' title='bbox 2221 2035 2359 2102; x_wconf 84' lang='lat' dir='ltr'><strong>quod</strong></span> <span class='ocrx_word' id='word_1_380' title='bbox 2379 2035 2559 2104; x_wconf 78' lang='lat' dir='ltr'><strong>siquis</strong></span> <span class='ocrx_word' id='word_1_381' title='bbox 2579 2034 2820 2100; x_wconf 82' lang='lat' dir='ltr'><strong>voluerit,</strong></span> <span class='ocrx_word' id='word_1_382' title='bbox 2853 2035 2908 2087; x_wconf 90' lang='lat' dir='ltr'><strong>in</strong></span> <span class='ocrx_word' id='word_1_383' title='bbox 2946 2033 3233 2087; x_wconf 84' lang='lat' dir='ltr'><strong>novissimis</strong></span> <span class='ocrx_word' id='word_1_384' title='bbox 3254 2032 3483 2105; x_wconf 86' lang='lat' dir='ltr'><strong>partibus</strong></span> <span class='ocrx_word' id='word_1_385' title='bbox 3514 2031 3671 2103; x_wconf 81' lang='lat' dir='ltr'><strong>legat.</strong></span> <span class='ocrx_word' id='word_1_386' title='bbox 3700 2032 3830 2088; x_wconf 86' lang='lat' dir='ltr'><strong>Cum</strong></span> 
     </span>
    </p>
   </div>
   <div class='ocr_carea' id='block_1_51' title="bbox 2223 2124 3832 2198">
    <p class='ocr_par' dir='ltr' id='par_1_51' title="bbox 2223 2124 3832 2198">
     <span class='ocr_line' id='line_1_51' title="bbox 2223 2124 3832 2198; baseline 0.001 -18"><span class='ocrx_word' id='word_1_387' title='bbox 2223 2127 2332 2180; x_wconf 61' lang='lat' dir='ltr'><strong>haec</strong></span> <span class='ocrx_word' id='word_1_388' title='bbox 2373 2126 2573 2195; x_wconf 84' lang='lat' dir='ltr'><strong>ﬁerent,</strong></span> <span class='ocrx_word' id='word_1_389' title='bbox 2615 2124 2847 2180; x_wconf 84' lang='lat' dir='ltr'><strong>Donatus</strong></span> <span class='ocrx_word' id='word_1_390' title='bbox 2904 2126 3040 2180; x_wconf 89' lang='lat' dir='ltr'><strong>ultro</strong></span> <span class='ocrx_word' id='word_1_391' title='bbox 3082 2125 3222 2195; x_wconf 86' lang='lat' dir='ltr'><strong>prior</strong></span> <span class='ocrx_word' id='word_1_392' title='bbox 3249 2125 3319 2178; x_wconf 89' lang='lat' dir='ltr'><strong>ad</strong></span> <span class='ocrx_word' id='word_1_393' title='bbox 3345 2125 3706 2198; x_wconf 86' lang='lat' dir='ltr'><strong>Carthaginem</strong></span> <span class='ocrx_word' id='word_1_394' title='bbox 3757 2143 3832 2182; x_wconf 87' lang='lat' dir='ltr'><strong>re-</strong></span> 
     </span>
    </p>
   </div>
   <div class='ocr_carea' id='block_1_52' title="bbox 2222 2216 3832 2291">
    <p class='ocr_par' dir='ltr' id='par_1_52' title="bbox 2222 2216 3832 2291">
     <span class='ocr_line' id='line_1_52' title="bbox 2222 2216 3832 2291; baseline 0 -18"><span class='ocrx_word' id='word_1_395' title='bbox 2222 2219 2317 2275; x_wconf 90' lang='lat' dir='ltr'><strong>dit.</strong></span> <span class='ocrx_word' id='word_1_396' title='bbox 2353 2219 2465 2274; x_wconf 81' lang='lat' dir='ltr'><strong>Hoc</strong></span> <span class='ocrx_word' id='word_1_397' title='bbox 2491 2219 2668 2271; x_wconf 86' lang='lat' dir='ltr'><strong>audito</strong></span> <span class='ocrx_word' id='word_1_398' title='bbox 2690 2259 2703 2283; x_wconf 90' lang='lat'><strong>,</strong></span> <span class='ocrx_word' id='word_1_399' title='bbox 2733 2216 3043 2273; x_wconf 64' lang='lat' dir='ltr'><strong>Caecilianus</strong></span> <span class='ocrx_word' id='word_1_400' title='bbox 3069 2219 3136 2271; x_wconf 85' lang='lat' dir='ltr'><strong>ad</strong></span> <span class='ocrx_word' id='word_1_401' title='bbox 3177 2234 3325 2271; x_wconf 89' lang='lat' dir='ltr'><strong>suam</strong></span> <span class='ocrx_word' id='word_1_402' title='bbox 3353 2217 3551 2285; x_wconf 82' lang='lat' dir='ltr'><strong>plebem</strong></span> <span class='ocrx_word' id='word_1_403' title='bbox 3578 2235 3832 2291; x_wconf 82' lang='lat' dir='ltr'><strong>propera—</strong></span> 
     </span>
    </p>
   </div>
   <div class='ocr_carea' id='block_1_53' title="bbox 2222 2313 3562 2382">
    <p class='ocr_par' dir='ltr' id='par_1_53' title="bbox 2222 2313 3562 2382">
     <span class='ocr_line' id='line_1_53' title="bbox 2222 2313 3562 2382; baseline -0.001 -13"><span class='ocrx_word' id='word_1_404' title='bbox 2222 2315 2311 2369; x_wconf 83' lang='lat' dir='ltr'><strong>vit.</strong></span> <span class='ocrx_word' id='word_1_405' title='bbox 2342 2313 2454 2368; x_wconf 82' lang='lat' dir='ltr'><strong>Hoc</strong></span> <span class='ocrx_word' id='word_1_406' title='bbox 2483 2314 2635 2368; x_wconf 88' lang='lat' dir='ltr'><strong>modo</strong></span> <span class='ocrx_word' id='word_1_407' title='bbox 2659 2314 2843 2368; x_wconf 87' lang='lat' dir='ltr'><strong>iterum</strong></span> <span class='ocrx_word' id='word_1_408' title='bbox 2873 2313 3199 2368; x_wconf 75' lang='lat' dir='ltr'><strong>renovellatae</strong></span> <span class='ocrx_word' id='word_1_409' title='bbox 3222 2323 3342 2368; x_wconf 86' lang='lat' dir='ltr'><strong>sunt</strong></span> <span class='ocrx_word' id='word_1_410' title='bbox 3368 2326 3562 2382; x_wconf 86' lang='lat' dir='ltr'><strong>partes.</strong></span> 
     </span>
    </p>
   </div>
   <div class='ocr_carea' id='block_1_54' title="bbox 2298 2404 3831 2473">
    <p class='ocr_par' dir='ltr' id='par_1_54' title="bbox 2298 2404 3831 2473">
     <span class='ocr_line' id='line_1_54' title="bbox 2298 2404 3831 2473; baseline 0.002 -13"><span class='ocrx_word' id='word_1_411' title='bbox 2298 2405 2437 2461; x_wconf 86' lang='lat' dir='ltr'><strong>Novi</strong></span> <span class='ocrx_word' id='word_1_412' title='bbox 2461 2406 2709 2460; x_wconf 85' lang='lat' dir='ltr'><strong>tumultus</strong></span> <span class='ocrx_word' id='word_1_413' title='bbox 2730 2404 3039 2460; x_wconf 77' lang='lat' dir='ltr'><strong>Donatiana:</strong></span> <span class='ocrx_word' id='word_1_414' title='bbox 3064 2405 3305 2473; x_wconf 81' lang='lat' dir='ltr'><strong>[actionis</strong></span> <span class='ocrx_word' id='word_1_415' title='bbox 3332 2404 3577 2461; x_wconf 77' lang='lat' dir='ltr'><strong>adversus</strong></span> <span class='ocrx_word' id='word_1_416' title='bbox 3591 2404 3831 2463; x_wconf 80' lang='lat' dir='ltr'><strong>Ctecilia—</strong></span> 
     </span>
    </p>
   </div>
   <div class='ocr_carea' id='block_1_55' title="bbox 2223 2490 3830 2581">
    <p class='ocr_par' dir='ltr' id='par_1_55' title="bbox 2223 2490 3830 2581">
     <span class='ocr_line' id='line_1_55' title="bbox 2223 2490 3830 2581; baseline 0.001 -26"><span class='ocrx_word' id='word_1_417' title='bbox 2223 2490 2361 2556; x_wconf 81' lang='lat' dir='ltr'><strong>nam.</strong></span> <span class='ocrx_word' id='word_1_418' title='bbox 2396 2532 2464 2543; x_wconf 90' lang='grc'><strong>--</strong></span> <span class='ocrx_word' id='word_1_419' title='bbox 2496 2503 2677 2573; x_wconf 83' lang='lat' dir='ltr'><strong>Itaque</strong></span> <span class='ocrx_word' id='word_1_420' title='bbox 2706 2502 3016 2556; x_wconf 73' lang='lat' dir='ltr'><strong>Donatianae</strong></span> <span class='ocrx_word' id='word_1_421' title='bbox 3057 2500 3305 2556; x_wconf 78' lang='lat' dir='ltr'><strong>factionis</strong></span> <span class='ocrx_word' id='word_1_422' title='bbox 3332 2499 3583 2581; x_wconf 75' lang='lat' dir='ltr'><strong>homines</strong></span> <span class='ocrx_word' id='word_1_423' title='bbox 3611 2502 3664 2557; x_wconf 91' lang='lat' dir='ltr'><strong>in</strong></span> <span class='ocrx_word' id='word_1_424' title='bbox 3701 2517 3830 2574; x_wconf 84' lang='lat' dir='ltr'><strong>per-</strong></span> 
     </span>
    </p>
   </div>
   <div class='ocr_carea' id='block_1_56' title="bbox 2224 2592 3833 2666">
    <p class='ocr_par' dir='ltr' id='par_1_56' title="bbox 2224 2592 3833 2666">
     <span class='ocr_line' id='line_1_56' title="bbox 2224 2592 3833 2666; baseline 0.002 -18"><span class='ocrx_word' id='word_1_425' title='bbox 2224 2594 2424 2651; x_wconf 74' lang='lat' dir='ltr'><strong>vicacia</strong></span> <span class='ocrx_word' id='word_1_426' title='bbox 2463 2609 2559 2650; x_wconf 89' lang='lat' dir='ltr'><strong>sua</strong></span> <span class='ocrx_word' id='word_1_427' title='bbox 2590 2604 2970 2666; x_wconf 85' lang='lat' dir='ltr'><strong>permanentes</strong></span> <span class='ocrx_word' id='word_1_428' title='bbox 2996 2635 3011 2661; x_wconf 94' lang='lat'><strong>,</strong></span> <span class='ocrx_word' id='word_1_429' title='bbox 3054 2608 3224 2649; x_wconf 90' lang='lat' dir='ltr'><strong>novos</strong></span> <span class='ocrx_word' id='word_1_430' title='bbox 3251 2592 3414 2648; x_wconf 90' lang='lat' dir='ltr'><strong>etiam</strong></span> <span class='ocrx_word' id='word_1_431' title='bbox 3443 2595 3707 2652; x_wconf 88' lang='lat' dir='ltr'><strong>tumultus</strong></span> <span class='ocrx_word' id='word_1_432' title='bbox 3737 2611 3833 2665; x_wconf 87' lang='lat' dir='ltr'><strong>per</strong></span> 
     </span>
    </p>
   </div>
   <div class='ocr_carea' id='block_1_57' title="bbox 2223 2688 3834 2763">
    <p class='ocr_par' dir='ltr' id='par_1_57' title="bbox 2223 2688 3834 2763">
     <span class='ocr_line' id='line_1_57' title="bbox 2223 2688 3834 2763; baseline 0.001 -19"><span class='ocrx_word' id='word_1_433' title='bbox 2223 2689 2460 2744; x_wconf 79' lang='lat' dir='ltr'><strong>Africam</strong></span> <span class='ocrx_word' id='word_1_434' title='bbox 2487 2688 2762 2745; x_wconf 88' lang='lat' dir='ltr'><strong>concitare</strong></span> <span class='ocrx_word' id='word_1_435' title='bbox 2786 2697 3087 2758; x_wconf 57' lang='lat' dir='ltr'><strong>coeperunt,</strong></span> <span class='ocrx_word' id='word_1_436' title='bbox 3112 2696 3167 2744; x_wconf 90' lang='lat' dir='ltr'><strong>et</strong></span> <span class='ocrx_word' id='word_1_437' title='bbox 3190 2702 3259 2743; x_wconf 82' lang='lat' dir='ltr'><strong>ex</strong></span> <span class='ocrx_word' id='word_1_438' title='bbox 3288 2689 3352 2744; x_wconf 91' lang='lat' dir='ltr'><strong>iis</strong></span> <span class='ocrx_word' id='word_1_439' title='bbox 3378 2690 3626 2745; x_wconf 88' lang='lat' dir='ltr'><strong>nonnulli</strong></span> <span class='ocrx_word' id='word_1_440' title='bbox 3658 2692 3834 2763; x_wconf 83' lang='lat' dir='ltr'><strong>impc-</strong></span> 
     </span>
    </p>
   </div>
   <div class='ocr_carea' id='block_1_58' title="bbox 2223 2780 3833 2845">
    <p class='ocr_par' dir='ltr' id='par_1_58' title="bbox 2223 2780 3833 2845">
     <span class='ocr_line' id='line_1_58' title="bbox 2223 2780 3833 2845; baseline 0.001 -8"><span class='ocrx_word' id='word_1_441' title='bbox 2223 2792 2462 2838; x_wconf 89' lang='lat' dir='ltr'><strong>ratorem</strong></span> <span class='ocrx_word' id='word_1_442' title='bbox 2494 2782 2644 2837; x_wconf 87' lang='lat' dir='ltr'><strong>adire</strong></span> <span class='ocrx_word' id='word_1_443' title='bbox 2673 2782 2789 2837; x_wconf 92' lang='lat' dir='ltr'><strong>ausi</strong></span> <span class='ocrx_word' id='word_1_444' title='bbox 2819 2788 2965 2845; x_wconf 88' lang='lat' dir='ltr'><strong>sunt,</strong></span> <span class='ocrx_word' id='word_1_445' title='bbox 2999 2796 3063 2836; x_wconf 88' lang='lat' dir='ltr'><strong>ac</strong></span> <span class='ocrx_word' id='word_1_446' title='bbox 3088 2780 3156 2836; x_wconf 91' lang='lat' dir='ltr'><strong>de</strong></span> <span class='ocrx_word' id='word_1_447' title='bbox 3187 2796 3332 2836; x_wconf 87' lang='lat' dir='ltr'><strong>novo</strong></span> <span class='ocrx_word' id='word_1_448' title='bbox 3360 2781 3716 2838; x_wconf 69' lang='lat' dir='ltr'><strong>Czecilianum</strong></span> <span class='ocrx_word' id='word_1_449' title='bbox 3742 2798 3833 2839; x_wconf 85' lang='lat' dir='ltr'><strong>ac-</strong></span> 
     </span>
    </p>
   </div>
   <div class='ocr_carea' id='block_1_59' title="bbox 2223 2873 3831 2946">
    <p class='ocr_par' dir='ltr' id='par_1_59' title="bbox 2223 2873 3831 2946">
     <span class='ocr_line' id='line_1_59' title="bbox 2223 2873 3831 2946; baseline 0.001 -17"><span class='ocrx_word' id='word_1_450' title='bbox 2223 2888 2431 2929; x_wconf 89' lang='lat' dir='ltr'><strong>cusare.</strong></span> <span class='ocrx_word' id='word_1_451' title='bbox 2460 2873 2666 2942; x_wconf 83' lang='lat' dir='ltr'><strong>Quibus</strong></span> <span class='ocrx_word' id='word_1_452' title='bbox 2686 2888 2809 2929; x_wconf 91' lang='lat' dir='ltr'><strong>cum</strong></span> <span class='ocrx_word' id='word_1_453' title='bbox 2842 2873 3213 2943; x_wconf 89' lang='lat' dir='ltr'><strong>respondisset</strong></span> <span class='ocrx_word' id='word_1_454' title='bbox 3235 2875 3531 2946; x_wconf 84' lang='lat' dir='ltr'><strong>imperator</strong></span> <span class='ocrx_word' id='word_1_455' title='bbox 3557 2893 3571 2931; x_wconf 92' lang='lat'><strong>:</strong></span> <span class='ocrx_word' id='word_1_456' title='bbox 3602 2875 3831 2931; x_wconf 79' lang='lat' dir='ltr'><strong>Frustra</strong></span> 
     </span>
    </p>
   </div>
   <div class='ocr_carea' id='block_1_60' title="bbox 2223 2966 3827 3038">
    <p class='ocr_par' dir='ltr' id='par_1_60' title="bbox 2223 2966 3827 3038">
     <span class='ocr_line' id='line_1_60' title="bbox 2223 2966 3827 3038; baseline 0.001 -19"><span class='ocrx_word' id='word_1_457' title='bbox 2223 2966 2278 3019; x_wconf 89' lang='lat' dir='ltr'><strong>id</strong></span> <span class='ocrx_word' id='word_1_458' title='bbox 2298 2983 2383 3021; x_wconf 81' lang='lat' dir='ltr'><strong>eos</strong></span> <span class='ocrx_word' id='word_1_459' title='bbox 2398 2969 2601 3038; x_wconf 80' lang='lat' dir='ltr'><strong>jactare</strong></span> <span class='ocrx_word' id='word_1_460' title='bbox 2628 2982 2743 3020; x_wconf 89' lang='lat' dir='ltr'><strong>cum</strong></span> <span class='ocrx_word' id='word_1_461' title='bbox 2774 2982 2855 3021; x_wconf 86' lang='lat' dir='ltr'><strong>res</strong></span> <span class='ocrx_word' id='word_1_462' title='bbox 2900 2966 3117 3035; x_wconf 76' lang='lat' dir='ltr'><strong>fuissent</strong></span> <span class='ocrx_word' id='word_1_463' title='bbox 3136 2969 3275 3038; x_wconf 88' lang='lat' dir='ltr'><strong>apud</strong></span> <span class='ocrx_word' id='word_1_464' title='bbox 3304 2968 3478 3023; x_wconf 87' lang='lat' dir='ltr'><strong>urbem</strong></span> <span class='ocrx_word' id='word_1_465' title='bbox 3516 2968 3743 3024; x_wconf 77' lang='lat' dir='ltr'><strong>Romam</strong></span> <span class='ocrx_word' id='word_1_466' title='bbox 3765 2967 3827 3022; x_wconf 90' lang='lat' dir='ltr'><strong>ab</strong></span> 
     </span>
    </p>
   </div>
   <div class='ocr_carea' id='block_1_61' title="bbox 2223 3060 3826 3132">
    <p class='ocr_par' dir='ltr' id='par_1_61' title="bbox 2223 3060 3826 3132">
     <span class='ocr_line' id='line_1_61' title="bbox 2223 3060 3826 3132; baseline 0.002 -19"><span class='ocrx_word' id='word_1_467' title='bbox 2223 3060 2417 3115; x_wconf 80' lang='lat' dir='ltr'><strong>idoneis</strong></span> <span class='ocrx_word' id='word_1_468' title='bbox 2468 3077 2528 3113; x_wconf 91' lang='lat' dir='ltr'><strong>ac</strong></span> <span class='ocrx_word' id='word_1_469' title='bbox 2593 3060 2963 3127; x_wconf 80' lang='lat' dir='ltr'><strong>probatissimis</strong></span> <span class='ocrx_word' id='word_1_470' title='bbox 3006 3061 3129 3116; x_wconf 84' lang='lat' dir='ltr'><strong>viris</strong></span> <span class='ocrx_word' id='word_1_471' title='bbox 3174 3060 3431 3132; x_wconf 77' lang='lat' dir='ltr'><strong>episcOpis</strong></span> <span class='ocrx_word' id='word_1_472' title='bbox 3486 3063 3780 3117; x_wconf 81' lang='lat' dir='ltr'><strong>terminata:</strong></span> <span class='ocrx_word' id='word_1_473' title='bbox 3810 3103 3826 3128; x_wconf 93' lang='lat'><strong>,</strong></span> 
     </span>
    </p>
   </div>
   <div class='ocr_carea' id='block_1_62' title="bbox 514 3147 3821 3225">
    <p class='ocr_par' dir='ltr' id='par_1_62' title="bbox 514 3147 3821 3225">
     <span class='ocr_line' id='line_1_62' title="bbox 514 3147 3821 3225; baseline 0.001 -17"><span class='ocrx_word' id='word_1_474' title='bbox 514 3153 738 3208; x_wconf 86' lang='lat' dir='ltr'><strong>dinatus</strong></span> <span class='ocrx_word' id='word_1_475' title='bbox 779 3152 988 3207; x_wconf 83' lang='lat' dir='ltr'><strong>fuisset.</strong></span> <span class='ocrx_word' id='word_1_476' title='bbox 1019 3150 1115 3206; x_wconf 73' lang='lat' dir='ltr'><strong>Ha:</strong></span> <span class='ocrx_word' id='word_1_477' title='bbox 1157 3149 1490 3221; x_wconf 68' lang='lat' dir='ltr'><strong>quaestiones</strong></span> <span class='ocrx_word' id='word_1_478' title='bbox 1518 3148 1701 3218; x_wconf 89' lang='lat' dir='ltr'><strong>plures</strong></span> <span class='ocrx_word' id='word_1_479' title='bbox 1732 3157 1786 3201; x_wconf 92' lang='lat' dir='ltr'><strong>et</strong></span> <span class='ocrx_word' id='word_1_480' title='bbox 1826 3147 2117 3203; x_wconf 83' lang='lat' dir='ltr'><strong>intricatis-</strong></span> <span class='ocrx_word' id='word_1_481' title='bbox 2142 3150 2189 3213; x_wconf 67' lang='grc' dir='ltr'><strong><em>Β</em></strong></span> <span class='ocrx_word' id='word_1_482' title='bbox 2222 3152 2405 3208; x_wconf 72' lang='lat' dir='ltr'><strong>obnixe</strong></span> <span class='ocrx_word' id='word_1_483' title='bbox 2424 3170 2483 3207; x_wconf 88' lang='lat' dir='ltr'><strong>ac</strong></span> <span class='ocrx_word' id='word_1_484' title='bbox 2502 3153 2827 3223; x_wconf 81' lang='lat' dir='ltr'><strong>pertinaciter</strong></span> <span class='ocrx_word' id='word_1_485' title='bbox 2851 3153 3250 3225; x_wconf 86' lang='lat' dir='ltr'><strong>responderunt,</strong></span> <span class='ocrx_word' id='word_1_486' title='bbox 3275 3155 3415 3225; x_wconf 83' lang='lat' dir='ltr'><strong>quod</strong></span> <span class='ocrx_word' id='word_1_487' title='bbox 3442 3171 3622 3210; x_wconf 83' lang='lat' dir='ltr'><strong>eorum</strong></span> <span class='ocrx_word' id='word_1_488' title='bbox 3653 3156 3821 3212; x_wconf 76' lang='lat' dir='ltr'><strong>omnis</strong></span> 
     </span>
    </p>
   </div>
   <div class='ocr_carea' id='block_1_63' title="bbox 514 3239 2116 3313">
    <p class='ocr_par' dir='ltr' id='par_1_63' title="bbox 514 3239 2116 3313">
     <span class='ocr_line' id='line_1_63' title="bbox 514 3239 2116 3313; baseline -0.003 -13"><span class='ocrx_word' id='word_1_489' title='bbox 514 3245 667 3300; x_wconf 69' lang='lat' dir='ltr'><strong>sintze</strong></span> <span class='ocrx_word' id='word_1_490' title='bbox 693 3250 871 3310; x_wconf 81' lang='lat' dir='ltr'><strong>erant,</strong></span> <span class='ocrx_word' id='word_1_491' title='bbox 902 3258 933 3297; x_wconf 88' lang='lat' dir='ltr'><strong>a</strong></span> <span class='ocrx_word' id='word_1_492' title='bbox 978 3242 1179 3313; x_wconf 88' lang='lat' dir='ltr'><strong>quibus</strong></span> <span class='ocrx_word' id='word_1_493' title='bbox 1224 3240 1605 3296; x_wconf 88' lang='lat' dir='ltr'><strong>abstinendum</strong></span> <span class='ocrx_word' id='word_1_494' title='bbox 1634 3255 1757 3296; x_wconf 78' lang='lat' dir='ltr'><strong>esse</strong></span> <span class='ocrx_word' id='word_1_495' title='bbox 1798 3239 1899 3296; x_wconf 88' lang='lat' dir='ltr'><strong>sibi</strong></span> <span class='ocrx_word' id='word_1_496' title='bbox 1946 3239 2116 3295; x_wconf 78' lang='lat' dir='ltr'><strong>duxe—</strong></span> 
     </span>
    </p>
   </div>
   <div class='ocr_carea' id='block_1_64' title="bbox 513 3334 2113 3406">
    <p class='ocr_par' dir='ltr' id='par_1_64' title="bbox 513 3334 2113 3406">
     <span class='ocr_line' id='line_1_64' title="bbox 513 3334 2113 3406; baseline -0.003 -13"><span class='ocrx_word' id='word_1_497' title='bbox 513 3347 649 3393; x_wconf 87' lang='lat' dir='ltr'><strong>runt</strong></span> <span class='ocrx_word' id='word_1_498' title='bbox 673 3338 888 3393; x_wconf 87' lang='lat' dir='ltr'><strong>concilii</strong></span> <span class='ocrx_word' id='word_1_499' title='bbox 912 3337 1145 3393; x_wconf 81' lang='lat' dir='ltr'><strong>Romani</strong></span> <span class='ocrx_word' id='word_1_500' title='bbox 1178 3346 1378 3406; x_wconf 89' lang='lat' dir='ltr'><strong>patres,</strong></span> <span class='ocrx_word' id='word_1_501' title='bbox 1407 3351 1465 3390; x_wconf 88' lang='lat' dir='ltr'><strong>ac</strong></span> <span class='ocrx_word' id='word_1_502' title='bbox 1497 3334 1567 3391; x_wconf 88' lang='lat' dir='ltr'><strong>de</strong></span> <span class='ocrx_word' id='word_1_503' title='bbox 1588 3334 1879 3390; x_wconf 59' lang='lat' dir='ltr'><strong>Caeciliano</strong></span> <span class='ocrx_word' id='word_1_504' title='bbox 1908 3342 2113 3389; x_wconf 89' lang='lat' dir='ltr'><strong>tantum</strong></span> 
     </span>
    </p>
   </div>
   <div class='ocr_carea' id='block_1_65' title="bbox 512 3427 2116 3503">
    <p class='ocr_par' dir='ltr' id='par_1_65' title="bbox 512 3427 2116 3503">
     <span class='ocr_line' id='line_1_65' title="bbox 512 3427 2116 3503; baseline -0.006 -14"><span class='ocrx_word' id='word_1_505' title='bbox 512 3441 569 3489; x_wconf 88' lang='lat' dir='ltr'><strong>et</strong></span> <span class='ocrx_word' id='word_1_506' title='bbox 611 3432 817 3487; x_wconf 91' lang='lat' dir='ltr'><strong>Donato</strong></span> <span class='ocrx_word' id='word_1_507' title='bbox 840 3431 1103 3503; x_wconf 90' lang='lat' dir='ltr'><strong>judicium</strong></span> <span class='ocrx_word' id='word_1_508' title='bbox 1135 3431 1278 3486; x_wconf 83' lang='lat' dir='ltr'><strong>ferre</strong></span> <span class='ocrx_word' id='word_1_509' title='bbox 1307 3429 1619 3484; x_wconf 86' lang='lat' dir='ltr'><strong>voluerunt.</strong></span> <span class='ocrx_word' id='word_1_510' title='bbox 1645 3427 1746 3482; x_wconf 83' lang='lat' dir='ltr'><strong>Hic</strong></span> <span class='ocrx_word' id='word_1_511' title='bbox 1776 3427 1970 3483; x_wconf 86' lang='lat' dir='ltr'><strong>iterum</strong></span> <span class='ocrx_word' id='word_1_512' title='bbox 2002 3427 2116 3496; x_wconf 86' lang='lat' dir='ltr'><strong>pol-</strong></span> 
     </span>
    </p>
   </div>
   <div class='ocr_carea' id='block_1_66' title="bbox 509 3520 2114 3595">
    <p class='ocr_par' dir='ltr' id='par_1_66' title="bbox 509 3520 2114 3595">
     <span class='ocr_line' id='line_1_66' title="bbox 509 3520 2114 3595; baseline -0.005 -13"><span class='ocrx_word' id='word_1_513' title='bbox 509 3525 695 3581; x_wconf 88' lang='lat' dir='ltr'><strong>licitus</strong></span> <span class='ocrx_word' id='word_1_514' title='bbox 723 3536 806 3581; x_wconf 88' lang='lat' dir='ltr'><strong>est</strong></span> <span class='ocrx_word' id='word_1_515' title='bbox 836 3540 896 3581; x_wconf 91' lang='lat' dir='ltr'><strong>se</strong></span> <span class='ocrx_word' id='word_1_516' title='bbox 922 3525 1011 3581; x_wconf 92' lang='lat' dir='ltr'><strong>die</strong></span> <span class='ocrx_word' id='word_1_517' title='bbox 1050 3522 1295 3595; x_wconf 88' lang='lat' dir='ltr'><strong>sequenti</strong></span> <span class='ocrx_word' id='word_1_518' title='bbox 1348 3522 1572 3577; x_wconf 89' lang='lat' dir='ltr'><strong>idoneos</strong></span> <span class='ocrx_word' id='word_1_519' title='bbox 1608 3529 1775 3575; x_wconf 86' lang='lat' dir='ltr'><strong>testes</strong></span> <span class='ocrx_word' id='word_1_520' title='bbox 1825 3520 2114 3575; x_wconf 86' lang='lat' dir='ltr'><strong>criminum</strong></span> 
     </span>
    </p>
   </div>
   <div class='ocr_carea' id='block_1_67' title="bbox 511 3610 2115 3683">
    <p class='ocr_par' dir='ltr' id='par_1_67' title="bbox 511 3610 2115 3683">
     <span class='ocr_line' id='line_1_67' title="bbox 511 3610 2115 3683; baseline -0.006 -7"><span class='ocrx_word' id='word_1_521' title='bbox 511 3617 788 3676; x_wconf 68' lang='lat' dir='ltr'><strong>Cmciliani</strong></span> <span class='ocrx_word' id='word_1_522' title='bbox 818 3616 1182 3673; x_wconf 85' lang='lat' dir='ltr'><strong>exhibiturum</strong></span> <span class='ocrx_word' id='word_1_523' title='bbox 1210 3633 1223 3668; x_wconf 89' lang='lat'><strong>:</strong></span> <span class='ocrx_word' id='word_1_524' title='bbox 1248 3623 1305 3670; x_wconf 88' lang='lat' dir='ltr'><strong>at</strong></span> <span class='ocrx_word' id='word_1_525' title='bbox 1342 3629 1467 3670; x_wconf 91' lang='lat' dir='ltr'><strong>cum</strong></span> <span class='ocrx_word' id='word_1_526' title='bbox 1515 3610 1795 3683; x_wconf 73' lang='lat' dir='ltr'><strong>pI&#39;OIIIlSalS</strong></span> <span class='ocrx_word' id='word_1_527' title='bbox 1830 3618 1977 3666; x_wconf 90' lang='lat' dir='ltr'><strong>stare</strong></span> <span class='ocrx_word' id='word_1_528' title='bbox 2006 3626 2115 3668; x_wconf 90' lang='lat' dir='ltr'><strong>non</strong></span> 
     </span>
    </p>
   </div>
   <div class='ocr_carea' id='block_1_68' title="bbox 510 3703 2121 3785">
    <p class='ocr_par' dir='ltr' id='par_1_68' title="bbox 510 3703 2121 3785">
     <span class='ocr_line' id='line_1_68' title="bbox 510 3703 2121 3785; baseline -0.006 -15"><span class='ocrx_word' id='word_1_529' title='bbox 510 3719 733 3785; x_wconf 87' lang='lat' dir='ltr'><strong>posset,</strong></span> <span class='ocrx_word' id='word_1_530' title='bbox 764 3711 829 3767; x_wconf 90' lang='lat' dir='ltr'><strong>ad</strong></span> <span class='ocrx_word' id='word_1_531' title='bbox 850 3709 1111 3782; x_wconf 87' lang='lat' dir='ltr'><strong>judicium</strong></span> <span class='ocrx_word' id='word_1_532' title='bbox 1143 3707 1402 3765; x_wconf 87' lang='lat' dir='ltr'><strong>accedere</strong></span> <span class='ocrx_word' id='word_1_533' title='bbox 1432 3705 1666 3777; x_wconf 84' lang='lat' dir='ltr'><strong>amplius</strong></span> <span class='ocrx_word' id='word_1_534' title='bbox 1701 3704 1896 3760; x_wconf 91' lang='lat' dir='ltr'><strong>noluit.</strong></span> <span class='ocrx_word' id='word_1_535' title='bbox 1928 3703 2121 3776; x_wconf 84' lang='lat' dir='ltr'><strong>Itaque</strong></span> 
     </span>
    </p>
   </div>
   <div class='ocr_carea' id='block_1_69' title="bbox 504 3799 2116 3870">
    <p class='ocr_par' dir='ltr' id='par_1_69' title="bbox 504 3799 2116 3870">
     <span class='ocr_line' id='line_1_69' title="bbox 504 3799 2116 3870; baseline -0.005 -8"><span class='ocrx_word' id='word_1_536' title='bbox 504 3807 665 3863; x_wconf 89' lang='lat' dir='ltr'><strong>tertia</strong></span> <span class='ocrx_word' id='word_1_537' title='bbox 693 3804 786 3860; x_wconf 89' lang='lat' dir='ltr'><strong>die</strong></span> <span class='ocrx_word' id='word_1_538' title='bbox 821 3803 1152 3859; x_wconf 63' lang='lat' dir='ltr'><strong>Caecilianus</strong></span> <span class='ocrx_word' id='word_1_539' title='bbox 1182 3802 1421 3857; x_wconf 90' lang='lat' dir='ltr'><strong>omnium</strong></span> <span class='ocrx_word' id='word_1_540' title='bbox 1454 3814 1550 3856; x_wconf 91' lang='lat' dir='ltr'><strong>ore</strong></span> <span class='ocrx_word' id='word_1_541' title='bbox 1587 3799 1847 3854; x_wconf 89' lang='lat' dir='ltr'><strong>innocens</strong></span> <span class='ocrx_word' id='word_1_542' title='bbox 1878 3812 2116 3870; x_wconf 90' lang='lat' dir='ltr'><strong>pronun-</strong></span> 
     </span>
    </p>
   </div>
   <div class='ocr_carea' id='block_1_70' title="bbox 513 3877 2115 3961">
    <p class='ocr_par' dir='ltr' id='par_1_70' title="bbox 513 3877 2115 3961">
     <span class='ocr_line' id='line_1_70' title="bbox 513 3877 2115 3961; baseline -0.005 -8"><span class='ocrx_word' id='word_1_543' title='bbox 513 3896 678 3953; x_wconf 90' lang='lat' dir='ltr'><strong>tiatus</strong></span> <span class='ocrx_word' id='word_1_544' title='bbox 699 3904 803 3961; x_wconf 84' lang='lat' dir='ltr'><strong>est,</strong></span> <span class='ocrx_word' id='word_1_545' title='bbox 830 3902 888 3950; x_wconf 89' lang='lat' dir='ltr'><strong>et</strong></span> <span class='ocrx_word' id='word_1_546' title='bbox 914 3894 1227 3951; x_wconf 90' lang='lat' dir='ltr'><strong>communio</strong></span> <span class='ocrx_word' id='word_1_547' title='bbox 1256 3877 1470 3951; x_wconf 36' lang='lat' dir='ltr'><strong>cum-eo</strong></span> <span class='ocrx_word' id='word_1_548' title='bbox 1502 3903 1715 3949; x_wconf 86' lang='lat' dir='ltr'><strong>servata</strong></span> <span class='ocrx_word' id='word_1_549' title='bbox 1748 3911 1761 3948; x_wconf 89' lang='lat'><strong>:</strong></span> <span class='ocrx_word' id='word_1_550' title='bbox 1792 3908 1824 3948; x_wconf 90' lang='lat' dir='ltr'><strong>e</strong></span> <span class='ocrx_word' id='word_1_551' title='bbox 1871 3902 2057 3948; x_wconf 89' lang='lat' dir='ltr'><strong>contra</strong></span> <span class='ocrx_word' id='word_1_552' title='bbox 2084 3905 2115 3945; x_wconf 88' lang='lat' dir='ltr'><strong>a</strong></span> 
     </span>
    </p>
   </div>
   <div class='ocr_carea' id='block_1_71' title="bbox 512 3986 2113 4061">
    <p class='ocr_par' dir='ltr' id='par_1_71' title="bbox 512 3986 2113 4061">
     <span class='ocr_line' id='line_1_71' title="bbox 512 3986 2113 4061; baseline -0.002 -15"><span class='ocrx_word' id='word_1_553' title='bbox 512 3989 744 4061; x_wconf 84' lang='lat' dir='ltr'><strong>singulis</strong></span> <span class='ocrx_word' id='word_1_554' title='bbox 774 3988 829 4043; x_wconf 92' lang='lat' dir='ltr'><strong>in</strong></span> <span class='ocrx_word' id='word_1_555' title='bbox 853 3988 1116 4045; x_wconf 87' lang='lat' dir='ltr'><strong>Donatum</strong></span> <span class='ocrx_word' id='word_1_556' title='bbox 1160 3988 1375 4059; x_wconf 88' lang='lat' dir='ltr'><strong>propria</strong></span> <span class='ocrx_word' id='word_1_557' title='bbox 1421 3986 1765 4044; x_wconf 87' lang='lat' dir='ltr'><strong>confessione</strong></span> <span class='ocrx_word' id='word_1_558' title='bbox 1792 3987 2113 4044; x_wconf 86' lang='lat' dir='ltr'><strong>convictum</strong></span> 
     </span>
    </p>
   </div>
   <div class='ocr_carea' id='block_1_72' title="bbox 512 4080 2112 4150">
    <p class='ocr_par' dir='ltr' id='par_1_72' title="bbox 512 4080 2112 4150">
     <span class='ocr_line' id='line_1_72' title="bbox 512 4080 2112 4150; baseline -0.003 -12"><span class='ocrx_word' id='word_1_559' title='bbox 512 4082 798 4139; x_wconf 71' lang='lat' dir='ltr'><strong>sententia:</strong></span> <span class='ocrx_word' id='word_1_560' title='bbox 849 4080 970 4135; x_wconf 68' lang='lat' dir='ltr'><strong>lata:</strong></span> <span class='ocrx_word' id='word_1_561' title='bbox 1013 4090 1161 4136; x_wconf 90' lang='lat' dir='ltr'><strong>sunt.</strong></span> <span class='ocrx_word' id='word_1_562' title='bbox 1202 4080 1260 4135; x_wconf 88' lang='lat' dir='ltr'><strong>lu</strong></span> <span class='ocrx_word' id='word_1_563' title='bbox 1310 4089 1537 4136; x_wconf 63' lang='lat' dir='ltr'><strong>caeteros</strong></span> <span class='ocrx_word' id='word_1_564' title='bbox 1594 4090 1775 4135; x_wconf 90' lang='lat' dir='ltr'><strong>autem</strong></span> <span class='ocrx_word' id='word_1_565' title='bbox 1828 4080 2112 4150; x_wconf 85' lang='lat' dir='ltr'><strong>episcopos</strong></span> 
     </span>
    </p>
   </div>
   <div class='ocr_carea' id='block_1_73' title="bbox 513 4170 2110 4245">
    <p class='ocr_par' dir='ltr' id='par_1_73' title="bbox 513 4170 2110 4245">
     <span class='ocr_line' id='line_1_73' title="bbox 513 4170 2110 4245; baseline -0.003 -18"><span class='ocrx_word' id='word_1_566' title='bbox 513 4174 605 4245; x_wconf 88' lang='lat' dir='ltr'><strong>qui</strong></span> <span class='ocrx_word' id='word_1_567' title='bbox 633 4171 975 4228; x_wconf 66' lang='lat' dir='ltr'><strong>Caecilianum</strong></span> <span class='ocrx_word' id='word_1_568' title='bbox 1016 4172 1440 4239; x_wconf 82' lang='lat' dir='ltr'><strong>damnaverant,</strong></span> <span class='ocrx_word' id='word_1_569' title='bbox 1491 4170 1624 4226; x_wconf 88' lang='lat' dir='ltr'><strong>nihil</strong></span> <span class='ocrx_word' id='word_1_570' title='bbox 1667 4171 2069 4240; x_wconf 88' lang='lat' dir='ltr'><strong>pronuntiatum</strong></span> <span class='ocrx_word' id='word_1_571' title='bbox 2095 4210 2110 4236; x_wconf 89' lang='lat'><strong>,</strong></span> 
     </span>
    </p>
   </div>
   <div class='ocr_carea' id='block_1_74' title="bbox 510 4264 2111 4335">
    <p class='ocr_par' dir='ltr' id='par_1_74' title="bbox 510 4264 2111 4335">
     <span class='ocr_line' id='line_1_74' title="bbox 510 4264 2111 4335; baseline -0.003 -12"><span class='ocrx_word' id='word_1_572' title='bbox 510 4281 612 4323; x_wconf 90' lang='lat' dir='ltr'><strong>nec</strong></span> <span class='ocrx_word' id='word_1_573' title='bbox 628 4266 770 4322; x_wconf 90' lang='lat' dir='ltr'><strong>ullus</strong></span> <span class='ocrx_word' id='word_1_574' title='bbox 786 4281 974 4322; x_wconf 90' lang='lat' dir='ltr'><strong>eorum</strong></span> <span class='ocrx_word' id='word_1_575' title='bbox 996 4280 1025 4321; x_wconf 87' lang='lat' dir='ltr'><strong>a</strong></span> <span class='ocrx_word' id='word_1_576' title='bbox 1048 4265 1429 4321; x_wconf 91' lang='lat' dir='ltr'><strong>communione</strong></span> <span class='ocrx_word' id='word_1_577' title='bbox 1450 4264 1707 4320; x_wconf 76' lang='lat' dir='ltr'><strong>Ecclesia:</strong></span> <span class='ocrx_word' id='word_1_578' title='bbox 1734 4265 1990 4335; x_wconf 74' lang='lat' dir='ltr'><strong>expulSus</strong></span> <span class='ocrx_word' id='word_1_579' title='bbox 2008 4270 2111 4327; x_wconf 88' lang='lat' dir='ltr'><strong>est;</strong></span> 
     </span>
    </p>
   </div>
   <div class='ocr_carea' id='block_1_75' title="bbox 511 4356 2113 4430">
    <p class='ocr_par' dir='ltr' id='par_1_75' title="bbox 511 4356 2113 4430">
     <span class='ocr_line' id='line_1_75' title="bbox 511 4356 2113 4430; baseline -0.006 -11"><span class='ocrx_word' id='word_1_580' title='bbox 511 4362 609 4419; x_wconf 86' lang='lat' dir='ltr'><strong>sed</strong></span> <span class='ocrx_word' id='word_1_581' title='bbox 637 4359 847 4419; x_wconf 90' lang='lat' dir='ltr'><strong>cunctis</strong></span> <span class='ocrx_word' id='word_1_582' title='bbox 859 4360 1129 4430; x_wconf 81' lang='lat' dir='ltr'><strong>episcOpis</strong></span> <span class='ocrx_word' id='word_1_583' title='bbox 1152 4358 1321 4429; x_wconf 90' lang='lat' dir='ltr'><strong>partis</strong></span> <span class='ocrx_word' id='word_1_584' title='bbox 1333 4357 1576 4429; x_wconf 80' lang='lat' dir='ltr'><strong>Majorini</strong></span> <span class='ocrx_word' id='word_1_585' title='bbox 1605 4357 1662 4429; x_wconf 74' lang='lat'><strong><em>6</em></strong></span> <span class='ocrx_word' id='word_1_586' title='bbox 1686 4357 1834 4428; x_wconf 81' lang='lat' dir='ltr'><strong>Optio</strong></span> <span class='ocrx_word' id='word_1_587' title='bbox 1863 4356 1986 4413; x_wconf 90' lang='lat' dir='ltr'><strong>data</strong></span> <span class='ocrx_word' id='word_1_588' title='bbox 2008 4366 2113 4420; x_wconf 87' lang='lat' dir='ltr'><strong>est,</strong></span> 
     </span>
    </p>
   </div>
   <div class='ocr_carea' id='block_1_76' title="bbox 520 4448 2115 4514">
    <p class='ocr_par' dir='ltr' id='par_1_76' title="bbox 520 4448 2115 4514">
     <span class='ocr_line' id='line_1_76' title="bbox 520 4448 2115 4514; baseline -0.003 -6"><span class='ocrx_word' id='word_1_589' title='bbox 520 4454 653 4508; x_wconf 87' lang='lat' dir='ltr'><strong>utsi</strong></span> <span class='ocrx_word' id='word_1_590' title='bbox 699 4450 766 4507; x_wconf 90' lang='lat' dir='ltr'><strong>ad</strong></span> <span class='ocrx_word' id='word_1_591' title='bbox 794 4457 1053 4506; x_wconf 86' lang='lat' dir='ltr'><strong>unitatem</strong></span> <span class='ocrx_word' id='word_1_592' title='bbox 1095 4449 1274 4505; x_wconf 88' lang='lat' dir='ltr'><strong>redire</strong></span> <span class='ocrx_word' id='word_1_593' title='bbox 1314 4449 1539 4514; x_wconf 87' lang='lat' dir='ltr'><strong>vellent,</strong></span> <span class='ocrx_word' id='word_1_594' title='bbox 1572 4448 1624 4502; x_wconf 92' lang='lat' dir='ltr'><strong>in</strong></span> <span class='ocrx_word' id='word_1_595' title='bbox 1672 4449 1785 4503; x_wconf 87' lang='lat' dir='ltr'><strong>suis</strong></span> <span class='ocrx_word' id='word_1_596' title='bbox 1819 4448 2115 4503; x_wconf 88' lang='lat' dir='ltr'><strong>honoribus</strong></span> 
     </span>
    </p>
   </div>
   <div class='ocr_carea' id='block_1_77' title="bbox 2220 3246 3830 3318">
    <p class='ocr_par' dir='ltr' id='par_1_77' title="bbox 2220 3246 3830 3318">
     <span class='ocr_line' id='line_1_77' title="bbox 2220 3246 3830 3318; baseline 0.001 -19"><span class='ocrx_word' id='word_1_597' title='bbox 2220 3261 2377 3299; x_wconf 88' lang='lat' dir='ltr'><strong>causa</strong></span> <span class='ocrx_word' id='word_1_598' title='bbox 2413 3262 2514 3299; x_wconf 89' lang='lat' dir='ltr'><strong>non</strong></span> <span class='ocrx_word' id='word_1_599' title='bbox 2561 3247 2740 3316; x_wconf 78' lang='lat' dir='ltr'><strong>[uisset</strong></span> <span class='ocrx_word' id='word_1_600' title='bbox 2774 3246 2993 3311; x_wconf 87' lang='lat' dir='ltr'><strong>audita;</strong></span> <span class='ocrx_word' id='word_1_601' title='bbox 3044 3246 3133 3301; x_wconf 84' lang='lat' dir='ltr'><strong>sed</strong></span> <span class='ocrx_word' id='word_1_602' title='bbox 3169 3247 3341 3315; x_wconf 88' lang='lat' dir='ltr'><strong>potius</strong></span> <span class='ocrx_word' id='word_1_603' title='bbox 3393 3247 3549 3302; x_wconf 88' lang='lat' dir='ltr'><strong>iidem</strong></span> <span class='ocrx_word' id='word_1_604' title='bbox 3593 3248 3830 3318; x_wconf 83' lang='lat' dir='ltr'><strong>episcopi</strong></span> 
     </span>
    </p>
   </div>
   <div class='ocr_carea' id='block_1_78' title="bbox 2218 3338 3829 3414">
    <p class='ocr_par' dir='ltr' id='par_1_78' title="bbox 2218 3338 3829 3414">
     <span class='ocr_line' id='line_1_78' title="bbox 2218 3338 3829 3414; baseline 0.002 -23"><span class='ocrx_word' id='word_1_605' title='bbox 2218 3338 2442 3407; x_wconf 85' lang='lat' dir='ltr'><strong>quodam</strong></span> <span class='ocrx_word' id='word_1_606' title='bbox 2472 3340 2583 3393; x_wconf 87' lang='lat' dir='ltr'><strong>loco</strong></span> <span class='ocrx_word' id='word_1_607' title='bbox 2608 3355 2662 3395; x_wconf 88' lang='lat' dir='ltr'><strong>se</strong></span> <span class='ocrx_word' id='word_1_608' title='bbox 2687 3340 3014 3408; x_wconf 87' lang='lat' dir='ltr'><strong>clausissent,</strong></span> <span class='ocrx_word' id='word_1_609' title='bbox 3042 3351 3090 3395; x_wconf 89' lang='lat' dir='ltr'><strong>et</strong></span> <span class='ocrx_word' id='word_1_610' title='bbox 3110 3349 3261 3412; x_wconf 85' lang='lat' dir='ltr'><strong>prout</strong></span> <span class='ocrx_word' id='word_1_611' title='bbox 3288 3352 3467 3411; x_wconf 85' lang='lat' dir='ltr'><strong>aptum</strong></span> <span class='ocrx_word' id='word_1_612' title='bbox 3494 3343 3623 3411; x_wconf 85' lang='lat' dir='ltr'><strong>ipsis</strong></span> <span class='ocrx_word' id='word_1_613' title='bbox 3656 3348 3829 3414; x_wconf 75' lang='lat' dir='ltr'><strong>fuerat</strong></span> 
     </span>
    </p>
   </div>
   <div class='ocr_carea' id='block_1_79' title="bbox 2211 3430 2553 3500">
    <p class='ocr_par' dir='ltr' id='par_1_79' title="bbox 2211 3430 2553 3500">
     <span class='ocr_line' id='line_1_79' title="bbox 2211 3430 2553 3500; baseline 0.006 -16"><span class='ocrx_word' id='word_1_614' title='bbox 2211 3430 2553 3500; x_wconf 71' lang='lat' dir='ltr'><strong>iudicassent.</strong></span> 
     </span>
    </p>
   </div>
   <div class='ocr_carea' id='block_1_80' title="bbox 2294 3522 3829 3599">
    <p class='ocr_par' dir='ltr' id='par_1_80' title="bbox 2294 3522 3829 3599">
     <span class='ocr_line' id='line_1_80' title="bbox 2294 3522 3829 3599; baseline 0.003 -24"><span class='ocrx_word' id='word_1_615' title='bbox 2294 3522 2457 3578; x_wconf 81' lang='lat' dir='ltr'><strong>Nova:</strong></span> <span class='ocrx_word' id='word_1_616' title='bbox 2482 3540 2659 3579; x_wconf 87' lang='lat' dir='ltr'><strong>eorum</strong></span> <span class='ocrx_word' id='word_1_617' title='bbox 2695 3525 2762 3578; x_wconf 85' lang='lat' dir='ltr'><strong>ad</strong></span> <span class='ocrx_word' id='word_1_618' title='bbox 2799 3526 3163 3594; x_wconf 79' lang='lat' dir='ltr'><strong>imperatorem</strong></span> <span class='ocrx_word' id='word_1_619' title='bbox 3195 3527 3440 3597; x_wconf 73' lang='lat' dir='ltr'><strong>querelw.</strong></span> <span class='ocrx_word' id='word_1_620' title='bbox 3482 3526 3643 3584; x_wconf 83' lang='lat' dir='ltr'><strong>Gesta</strong></span> <span class='ocrx_word' id='word_1_621' title='bbox 3684 3526 3829 3599; x_wconf 82' lang='lat' dir='ltr'><strong>apud</strong></span> 
     </span>
    </p>
   </div>
   <div class='ocr_carea' id='block_1_81' title="bbox 2218 3613 3829 3688">
    <p class='ocr_par' dir='ltr' id='par_1_81' title="bbox 2218 3613 3829 3688">
     <span class='ocr_line' id='line_1_81' title="bbox 2218 3613 3829 3688; baseline 0.002 -19"><span class='ocrx_word' id='word_1_622' title='bbox 2218 3613 2494 3670; x_wconf 65' lang='lat' dir='ltr'><strong>zElianum</strong></span> <span class='ocrx_word' id='word_1_623' title='bbox 2525 3617 2715 3688; x_wconf 78' lang='lat' dir='ltr'><strong>Africa:</strong></span> <span class='ocrx_word' id='word_1_624' title='bbox 2768 3618 3124 3687; x_wconf 88' lang='lat' dir='ltr'><strong>proconsulem</strong></span> <span class='ocrx_word' id='word_1_625' title='bbox 3168 3618 3230 3672; x_wconf 88' lang='lat' dir='ltr'><strong>de</strong></span> <span class='ocrx_word' id='word_1_626' title='bbox 3278 3618 3576 3674; x_wconf 87' lang='lat' dir='ltr'><strong>innocentia</strong></span> <span class='ocrx_word' id='word_1_627' title='bbox 3628 3619 3829 3674; x_wconf 76' lang='lat' dir='ltr'><strong>Felicis</strong></span> 
     </span>
    </p>
   </div>
   <div class='ocr_carea' id='block_1_82' title="bbox 2217 3708 3829 3785">
    <p class='ocr_par' dir='ltr' id='par_1_82' title="bbox 2217 3708 3829 3785">
     <span class='ocr_line' id='line_1_82' title="bbox 2217 3708 3829 3785; baseline 0.001 -21"><span class='ocrx_word' id='word_1_628' title='bbox 2217 3708 2579 3783; x_wconf 86' lang='lat' dir='ltr'><strong>Aptungitani.</strong></span> <span class='ocrx_word' id='word_1_629' title='bbox 2592 3740 2653 3751; x_wconf 92' lang='lat'><strong>-—</strong></span> <span class='ocrx_word' id='word_1_630' title='bbox 2669 3710 2765 3767; x_wconf 80' lang='lat' dir='ltr'><strong>llis</strong></span> <span class='ocrx_word' id='word_1_631' title='bbox 2793 3722 3067 3781; x_wconf 91' lang='lat' dir='ltr'><strong>permotus</strong></span> <span class='ocrx_word' id='word_1_632' title='bbox 3087 3709 3477 3768; x_wconf 87' lang='lat' dir='ltr'><strong>Constantinus</strong></span> <span class='ocrx_word' id='word_1_633' title='bbox 3499 3714 3829 3785; x_wconf 85' lang='lat' dir='ltr'><strong>imperator,</strong></span> 
     </span>
    </p>
   </div>
   <div class='ocr_carea' id='block_1_83' title="bbox 2218 3801 3833 3879">
    <p class='ocr_par' dir='ltr' id='par_1_83' title="bbox 2218 3801 3833 3879">
     <span class='ocr_line' id='line_1_83' title="bbox 2218 3801 3833 3879; baseline 0.004 -24"><span class='ocrx_word' id='word_1_634' title='bbox 2218 3808 2277 3855; x_wconf 94' lang='lat' dir='ltr'><strong>ut</strong></span> <span class='ocrx_word' id='word_1_635' title='bbox 2316 3801 2744 3859; x_wconf 87' lang='lat' dir='ltr'><strong>dissensionibus</strong></span> <span class='ocrx_word' id='word_1_636' title='bbox 2785 3804 3005 3859; x_wconf 87' lang='lat' dir='ltr'><strong>tandem</strong></span> <span class='ocrx_word' id='word_1_637' title='bbox 3051 3803 3340 3875; x_wconf 89' lang='lat' dir='ltr'><strong>aliquando</strong></span> <span class='ocrx_word' id='word_1_638' title='bbox 3370 3806 3535 3861; x_wconf 90' lang='lat' dir='ltr'><strong>linem</strong></span> <span class='ocrx_word' id='word_1_639' title='bbox 3577 3807 3833 3879; x_wconf 86' lang='lat' dir='ltr'><strong>impone-</strong></span> 
     </span>
    </p>
   </div>
   <div class='ocr_carea' id='block_1_84' title="bbox 2217 3893 3831 3967">
    <p class='ocr_par' dir='ltr' id='par_1_84' title="bbox 2217 3893 3831 3967">
     <span class='ocr_line' id='line_1_84' title="bbox 2217 3893 3831 3967; baseline 0.003 -19"><span class='ocrx_word' id='word_1_640' title='bbox 2217 3905 2322 3959; x_wconf 91' lang='lat' dir='ltr'><strong>ret,</strong></span> <span class='ocrx_word' id='word_1_641' title='bbox 2361 3908 2574 3949; x_wconf 90' lang='lat' dir='ltr'><strong>causam</strong></span> <span class='ocrx_word' id='word_1_642' title='bbox 2622 3893 2818 3951; x_wconf 83' lang='lat' dir='ltr'><strong>Felicis</strong></span> <span class='ocrx_word' id='word_1_643' title='bbox 2852 3894 3205 3965; x_wconf 83' lang='lat' dir='ltr'><strong>Aptungitani</strong></span> <span class='ocrx_word' id='word_1_644' title='bbox 3250 3895 3307 3950; x_wconf 91' lang='lat' dir='ltr'><strong>in</strong></span> <span class='ocrx_word' id='word_1_645' title='bbox 3354 3896 3572 3967; x_wconf 91' lang='lat' dir='ltr'><strong>publico</strong></span> <span class='ocrx_word' id='word_1_646' title='bbox 3623 3897 3831 3955; x_wconf 68' lang='lat' dir='ltr'><strong>Africa:</strong></span> 
     </span>
    </p>
   </div>
   <div class='ocr_carea' id='block_1_85' title="bbox 2212 3985 3835 4062">
    <p class='ocr_par' dir='ltr' id='par_1_85' title="bbox 2212 3985 3835 4062">
     <span class='ocr_line' id='line_1_85' title="bbox 2212 3985 3835 4062; baseline 0.002 -21"><span class='ocrx_word' id='word_1_647' title='bbox 2212 3985 2418 4056; x_wconf 88' lang='lat' dir='ltr'><strong>judicio</strong></span> <span class='ocrx_word' id='word_1_648' title='bbox 2436 3987 2733 4043; x_wconf 78' lang='lat' dir='ltr'><strong>examinari</strong></span> <span class='ocrx_word' id='word_1_649' title='bbox 2754 3988 3033 4059; x_wconf 85' lang='lat' dir='ltr'><strong>praecepit,</strong></span> <span class='ocrx_word' id='word_1_650' title='bbox 3066 4001 3121 4044; x_wconf 92' lang='lat' dir='ltr'><strong>et</strong></span> <span class='ocrx_word' id='word_1_651' title='bbox 3145 3988 3440 4045; x_wconf 88' lang='lat' dir='ltr'><strong>concilium</strong></span> <span class='ocrx_word' id='word_1_652' title='bbox 3467 3990 3641 4060; x_wconf 89' lang='lat' dir='ltr'><strong>priori</strong></span> <span class='ocrx_word' id='word_1_653' title='bbox 3665 3990 3835 4062; x_wconf 89' lang='lat' dir='ltr'><strong>longe</strong></span> 
     </span>
    </p>
   </div>
   <div class='ocr_carea' id='block_1_86' title="bbox 2219 4078 3834 4145">
    <p class='ocr_par' dir='ltr' id='par_1_86' title="bbox 2219 4078 3834 4145">
     <span class='ocr_line' id='line_1_86' title="bbox 2219 4078 3834 4145; baseline 0.001 -12"><span class='ocrx_word' id='word_1_654' title='bbox 2219 4080 2561 4136; x_wconf 71' lang='lat' dir='ltr'><strong>numerosius</strong></span> <span class='ocrx_word' id='word_1_655' title='bbox 2609 4079 2801 4135; x_wconf 77' lang='lat' dir='ltr'><strong>indixit</strong></span> <span class='ocrx_word' id='word_1_656' title='bbox 2846 4081 2900 4136; x_wconf 88' lang='lat' dir='ltr'><strong>in</strong></span> <span class='ocrx_word' id='word_1_657' title='bbox 2943 4080 3130 4136; x_wconf 89' lang='lat' dir='ltr'><strong>urbem</strong></span> <span class='ocrx_word' id='word_1_658' title='bbox 3175 4078 3577 4145; x_wconf 85' lang='lat' dir='ltr'><strong>Arelatensem,</strong></span> <span class='ocrx_word' id='word_1_659' title='bbox 3620 4092 3687 4137; x_wconf 88' lang='lat' dir='ltr'><strong>ut</strong></span> <span class='ocrx_word' id='word_1_660' title='bbox 3719 4092 3834 4137; x_wconf 84' lang='lat' dir='ltr'><strong>tcta</strong></span> 
     </span>
    </p>
   </div>
   <div class='ocr_carea' id='block_1_87' title="bbox 2218 4171 3833 4231">
    <p class='ocr_par' dir='ltr' id='par_1_87' title="bbox 2218 4171 3833 4231">
     <span class='ocr_line' id='line_1_87' title="bbox 2218 4171 3833 4231; baseline -0.001 -3"><span class='ocrx_word' id='word_1_661' title='bbox 2218 4171 2490 4228; x_wconf 85' lang='lat' dir='ltr'><strong>Caeciliani</strong></span> <span class='ocrx_word' id='word_1_662' title='bbox 2545 4188 2709 4229; x_wconf 87' lang='lat' dir='ltr'><strong>causa</strong></span> <span class='ocrx_word' id='word_1_663' title='bbox 2765 4177 2965 4230; x_wconf 90' lang='lat' dir='ltr'><strong>iterum</strong></span> <span class='ocrx_word' id='word_1_664' title='bbox 3022 4172 3091 4228; x_wconf 88' lang='lat' dir='ltr'><strong>ad</strong></span> <span class='ocrx_word' id='word_1_665' title='bbox 3140 4188 3370 4229; x_wconf 82' lang='lat' dir='ltr'><strong>examen</strong></span> <span class='ocrx_word' id='word_1_666' title='bbox 3438 4185 3833 4231; x_wconf 82' lang='lat' dir='ltr'><strong>revocaretur.</strong></span> 
     </span>
    </p>
   </div>
   <div class='ocr_carea' id='block_1_88' title="bbox 2218 4266 3834 4339">
    <p class='ocr_par' dir='ltr' id='par_1_88' title="bbox 2218 4266 3834 4339">
     <span class='ocr_line' id='line_1_88' title="bbox 2218 4266 3834 4339; baseline -0.001 -16"><span class='ocrx_word' id='word_1_667' title='bbox 2218 4268 2448 4337; x_wconf 88' lang='lat' dir='ltr'><strong>Scripsit</strong></span> <span class='ocrx_word' id='word_1_668' title='bbox 2497 4266 2660 4339; x_wconf 86' lang='lat' dir='ltr'><strong>igitur</strong></span> <span class='ocrx_word' id='word_1_669' title='bbox 2713 4267 2780 4323; x_wconf 90' lang='lat' dir='ltr'><strong>ad</strong></span> <span class='ocrx_word' id='word_1_670' title='bbox 2835 4267 3034 4324; x_wconf 82' lang='lat' dir='ltr'><strong>Verum</strong></span> <span class='ocrx_word' id='word_1_671' title='bbox 3088 4282 3184 4324; x_wconf 90' lang='lat' dir='ltr'><strong>seu</strong></span> <span class='ocrx_word' id='word_1_672' title='bbox 3243 4266 3503 4324; x_wconf 83' lang='lat' dir='ltr'><strong>Verinum</strong></span> <span class='ocrx_word' id='word_1_673' title='bbox 3557 4268 3834 4324; x_wconf 86' lang='lat' dir='ltr'><strong>vicarium</strong></span> 
     </span>
    </p>
   </div>
   <div class='ocr_carea' id='block_1_89' title="bbox 2217 4357 3838 4431">
    <p class='ocr_par' dir='ltr' id='par_1_89' title="bbox 2217 4357 3838 4431">
     <span class='ocr_line' id='line_1_89' title="bbox 2217 4357 3838 4431; baseline 0.002 -19"><span class='ocrx_word' id='word_1_674' title='bbox 2217 4359 2433 4427; x_wconf 78' lang='lat' dir='ltr'><strong>Africae,</strong></span> <span class='ocrx_word' id='word_1_675' title='bbox 2469 4367 2526 4414; x_wconf 91' lang='lat' dir='ltr'><strong>ut</strong></span> <span class='ocrx_word' id='word_1_676' title='bbox 2550 4358 2619 4416; x_wconf 90' lang='lat' dir='ltr'><strong>de</strong></span> <span class='ocrx_word' id='word_1_677' title='bbox 2646 4360 2751 4414; x_wconf 81' lang='lat' dir='ltr'><strong>vita</strong></span> <span class='ocrx_word' id='word_1_678' title='bbox 2782 4357 2983 4415; x_wconf 85' lang='lat' dir='ltr'><strong>Felicis</strong></span> <span class='ocrx_word' id='word_1_679' title='bbox 3002 4359 3357 4431; x_wconf 86' lang='lat' dir='ltr'><strong>Aptungitani</strong></span> <span class='ocrx_word' id='word_1_680' title='bbox 3391 4369 3448 4416; x_wconf 92' lang='lat' dir='ltr'><strong>et</strong></span> <span class='ocrx_word' id='word_1_681' title='bbox 3483 4359 3551 4415; x_wconf 89' lang='lat' dir='ltr'><strong>de</strong></span> <span class='ocrx_word' id='word_1_682' title='bbox 3593 4360 3838 4417; x_wconf 86' lang='lat' dir='ltr'><strong>crimine</strong></span> 
     </span>
    </p>
   </div>
   <div class='ocr_carea' id='block_1_90' title="bbox 2219 4451 3834 4524">
    <p class='ocr_par' dir='ltr' id='par_1_90' title="bbox 2219 4451 3834 4524">
     <span class='ocr_line' id='line_1_90' title="bbox 2219 4451 3834 4524; baseline 0 -18"><span class='ocrx_word' id='word_1_683' title='bbox 2219 4451 2548 4508; x_wconf 89' lang='lat' dir='ltr'><strong>Traditionis</strong></span> <span class='ocrx_word' id='word_1_684' title='bbox 2567 4452 2719 4523; x_wconf 90' lang='lat' dir='ltr'><strong>cujus</strong></span> <span class='ocrx_word' id='word_1_685' title='bbox 2739 4452 3170 4519; x_wconf 87' lang='lat' dir='ltr'><strong>insimulabatur,</strong></span> <span class='ocrx_word' id='word_1_686' title='bbox 3190 4452 3405 4523; x_wconf 90' lang='lat' dir='ltr'><strong>publice</strong></span> <span class='ocrx_word' id='word_1_687' title='bbox 3427 4453 3834 4524; x_wconf 89' lang='lat' dir='ltr'><strong>inquireretur.</strong></span> 
     </span>
    </p>
   </div>
   <div class='ocr_carea' id='block_1_91' title="bbox 507 4542 3831 4618">
    <p class='ocr_par' dir='ltr' id='par_1_91' title="bbox 507 4542 3831 4618">
     <span class='ocr_line' id='line_1_91' title="bbox 507 4542 3831 4618; baseline -0 -17"><span class='ocrx_word' id='word_1_688' title='bbox 507 4555 919 4618; x_wconf 89' lang='lat' dir='ltr'><strong>permanerent,</strong></span> <span class='ocrx_word' id='word_1_689' title='bbox 949 4543 1162 4600; x_wconf 86' lang='lat' dir='ltr'><strong>etiamsi</strong></span> <span class='ocrx_word' id='word_1_690' title='bbox 1190 4555 1341 4600; x_wconf 74' lang='lat' dir='ltr'><strong>extra</strong></span> <span class='ocrx_word' id='word_1_691' title='bbox 1376 4543 1673 4601; x_wconf 81' lang='lat' dir='ltr'><strong>Ecclesiatn</strong></span> <span class='ocrx_word' id='word_1_692' title='bbox 1702 4544 1935 4599; x_wconf 89' lang='lat' dir='ltr'><strong>ordinati</strong></span> <span class='ocrx_word' id='word_1_693' title='bbox 1978 4542 2112 4599; x_wconf 87' lang='lat' dir='ltr'><strong>fuis-</strong></span> <span class='ocrx_word' id='word_1_694' title='bbox 2137 4548 2192 4609; x_wconf 87' lang='lat' dir='ltr'><strong><em>D</em></strong></span> <span class='ocrx_word' id='word_1_695' title='bbox 2216 4542 2349 4598; x_wconf 90' lang='lat' dir='ltr'><strong>Cum</strong></span> <span class='ocrx_word' id='word_1_696' title='bbox 2381 4556 2557 4600; x_wconf 89' lang='lat' dir='ltr'><strong>autem</strong></span> <span class='ocrx_word' id='word_1_697' title='bbox 2592 4543 2764 4599; x_wconf 87' lang='lat' dir='ltr'><strong>Verus</strong></span> <span class='ocrx_word' id='word_1_698' title='bbox 2786 4544 3125 4600; x_wconf 82' lang='lat' dir='ltr'><strong>incommoda</strong></span> <span class='ocrx_word' id='word_1_699' title='bbox 3154 4544 3459 4600; x_wconf 78' lang='lat' dir='ltr'><strong>valetudine</strong></span> <span class='ocrx_word' id='word_1_700' title='bbox 3508 4552 3831 4611; x_wconf 85' lang='lat' dir='ltr'><strong>teneretur,</strong></span> 
     </span>
    </p>
   </div>
   <div class='ocr_carea' id='block_1_92' title="bbox 507 4634 2113 4709">
    <p class='ocr_par' dir='ltr' id='par_1_92' title="bbox 507 4634 2113 4709">
     <span class='ocr_line' id='line_1_92' title="bbox 507 4634 2113 4709; baseline -0.003 -14"><span class='ocrx_word' id='word_1_701' title='bbox 507 4648 632 4696; x_wconf 89' lang='lat' dir='ltr'><strong>sent</strong></span> <span class='ocrx_word' id='word_1_702' title='bbox 660 4654 689 4693; x_wconf 93' lang='lat' dir='ltr'><strong>a</strong></span> <span class='ocrx_word' id='word_1_703' title='bbox 718 4637 1012 4709; x_wconf 81' lang='lat' dir='ltr'><strong>Majorino;</strong></span> <span class='ocrx_word' id='word_1_704' title='bbox 1050 4640 1122 4693; x_wconf 92' lang='lat' dir='ltr'><strong>ita</strong></span> <span class='ocrx_word' id='word_1_705' title='bbox 1164 4648 1222 4691; x_wconf 93' lang='lat' dir='ltr'><strong>ut</strong></span> <span class='ocrx_word' id='word_1_706' title='bbox 1261 4637 1587 4705; x_wconf 90' lang='lat' dir='ltr'><strong>ubicumque</strong></span> <span class='ocrx_word' id='word_1_707' title='bbox 1627 4634 1735 4691; x_wconf 90' lang='lat' dir='ltr'><strong>duo</strong></span> <span class='ocrx_word' id='word_1_708' title='bbox 1765 4644 1949 4691; x_wconf 88' lang='lat' dir='ltr'><strong>essent</strong></span> <span class='ocrx_word' id='word_1_709' title='bbox 1997 4638 2113 4706; x_wconf 82' lang='lat' dir='ltr'><strong>epi-</strong></span> 
     </span>
    </p>
   </div>
   <div class='ocr_carea' id='block_1_93' title="bbox 509 4729 2108 4807">
    <p class='ocr_par' dir='ltr' id='par_1_93' title="bbox 509 4729 2108 4807">
     <span class='ocr_line' id='line_1_93' title="bbox 509 4729 2108 4807; baseline -0.007 -14"><span class='ocrx_word' id='word_1_710' title='bbox 509 4736 657 4807; x_wconf 89' lang='lat' dir='ltr'><strong>scopi</strong></span> <span class='ocrx_word' id='word_1_711' title='bbox 681 4778 695 4801; x_wconf 94' lang='lat'><strong>,</strong></span> <span class='ocrx_word' id='word_1_712' title='bbox 724 4750 863 4790; x_wconf 91' lang='lat' dir='ltr'><strong>unus</strong></span> <span class='ocrx_word' id='word_1_713' title='bbox 894 4751 922 4786; x_wconf 90' lang='lat' dir='ltr'><strong>a</strong></span> <span class='ocrx_word' id='word_1_714' title='bbox 953 4732 1271 4797; x_wconf 65' lang='lat' dir='ltr'><strong>Caeciliano,</strong></span> <span class='ocrx_word' id='word_1_715' title='bbox 1300 4732 1439 4788; x_wconf 88' lang='lat' dir='ltr'><strong>alter</strong></span> <span class='ocrx_word' id='word_1_716' title='bbox 1467 4746 1495 4784; x_wconf 91' lang='lat' dir='ltr'><strong>a</strong></span> <span class='ocrx_word' id='word_1_717' title='bbox 1519 4729 1782 4801; x_wconf 83' lang='lat' dir='ltr'><strong>Majorino</strong></span> <span class='ocrx_word' id='word_1_718' title='bbox 1807 4730 2108 4795; x_wconf 88' lang='lat' dir='ltr'><strong>ordinatus,</strong></span> 
     </span>
    </p>
   </div>
   <div class='ocr_carea' id='block_1_94' title="bbox 506 4821 2109 4894">
    <p class='ocr_par' dir='ltr' id='par_1_94' title="bbox 506 4821 2109 4894">
     <span class='ocr_line' id='line_1_94' title="bbox 506 4821 2109 4894; baseline -0.004 -10"><span class='ocrx_word' id='word_1_719' title='bbox 506 4826 555 4884; x_wconf 88' lang='lat' dir='ltr'><strong>is</strong></span> <span class='ocrx_word' id='word_1_720' title='bbox 602 4826 1021 4883; x_wconf 82' lang='lat' dir='ltr'><strong>conﬁrmaretur</strong></span> <span class='ocrx_word' id='word_1_721' title='bbox 1060 4824 1152 4894; x_wconf 92' lang='lat' dir='ltr'><strong>qui</strong></span> <span class='ocrx_word' id='word_1_722' title='bbox 1211 4824 1362 4893; x_wconf 90' lang='lat' dir='ltr'><strong>prior</strong></span> <span class='ocrx_word' id='word_1_723' title='bbox 1413 4835 1560 4879; x_wconf 89' lang='lat' dir='ltr'><strong>esset</strong></span> <span class='ocrx_word' id='word_1_724' title='bbox 1604 4821 1906 4887; x_wconf 88' lang='lat' dir='ltr'><strong>ordinatus,</strong></span> <span class='ocrx_word' id='word_1_725' title='bbox 1951 4823 2109 4878; x_wconf 89' lang='lat' dir='ltr'><strong>alteri</strong></span> 
     </span>
    </p>
   </div>
   <div class='ocr_carea' id='block_1_95' title="bbox 509 4914 2103 4988">
    <p class='ocr_par' dir='ltr' id='par_1_95' title="bbox 509 4914 2103 4988">
     <span class='ocr_line' id='line_1_95' title="bbox 509 4914 2103 4988; baseline -0.002 -13"><span class='ocrx_word' id='word_1_726' title='bbox 509 4934 640 4975; x_wconf 90' lang='lat' dir='ltr'><strong>vero</strong></span> <span class='ocrx_word' id='word_1_727' title='bbox 663 4918 815 4988; x_wconf 90' lang='lat' dir='ltr'><strong>plebs</strong></span> <span class='ocrx_word' id='word_1_728' title='bbox 840 4916 943 4971; x_wconf 91' lang='lat' dir='ltr'><strong>alia</strong></span> <span class='ocrx_word' id='word_1_729' title='bbox 967 4914 1201 4986; x_wconf 84' lang='lat' dir='ltr'><strong>regenda</strong></span> <span class='ocrx_word' id='word_1_730' title='bbox 1216 4915 1610 4984; x_wconf 84' lang='lat' dir='ltr'><strong>provideretur.</strong></span> <span class='ocrx_word' id='word_1_731' title='bbox 1644 4915 1770 4971; x_wconf 73' lang='lat' dir='ltr'><strong>llmc</strong></span> <span class='ocrx_word' id='word_1_732' title='bbox 1790 4931 1858 4970; x_wconf 80' lang='lat' dir='ltr'><strong>ex</strong></span> <span class='ocrx_word' id='word_1_733' title='bbox 1889 4916 2103 4986; x_wconf 85' lang='lat' dir='ltr'><strong>Optato,</strong></span> 
     </span>
    </p>
   </div>
   <div class='ocr_carea' id='block_1_96' title="bbox 507 5006 2108 5081">
    <p class='ocr_par' dir='ltr' id='par_1_96' title="bbox 507 5006 2108 5081">
     <span class='ocr_line' id='line_1_96' title="bbox 507 5006 2108 5081; baseline -0.003 -13"><span class='ocrx_word' id='word_1_734' title='bbox 507 5010 607 5067; x_wconf 89' lang='lat' dir='ltr'><strong>lib.</strong></span> <span class='ocrx_word' id='word_1_735' title='bbox 646 5027 685 5075; x_wconf 83' lang='grc' dir='ltr'><strong>ι,</strong></span> <span class='ocrx_word' id='word_1_736' title='bbox 712 5009 853 5081; x_wconf 70' lang='lat'><strong>§24,</strong></span> <span class='ocrx_word' id='word_1_737' title='bbox 879 5019 933 5062; x_wconf 89' lang='lat' dir='ltr'><strong>et</strong></span> <span class='ocrx_word' id='word_1_738' title='bbox 954 5007 1276 5078; x_wconf 81' lang='lat' dir='ltr'><strong>AuguStino,</strong></span> <span class='ocrx_word' id='word_1_739' title='bbox 1297 5023 1386 5079; x_wconf 89' lang='lat' dir='ltr'><strong>ep.</strong></span> <span class='ocrx_word' id='word_1_740' title='bbox 1414 5021 1546 5061; x_wconf 73' lang='lat' dir='ltr'><strong>sun</strong></span> <span class='ocrx_word' id='word_1_741' title='bbox 1567 5048 1583 5074; x_wconf 93' lang='lat'><strong>,</strong></span> <span class='ocrx_word' id='word_1_742' title='bbox 1610 5016 1663 5062; x_wconf 90' lang='lat' dir='ltr'><strong>et</strong></span> <span class='ocrx_word' id='word_1_743' title='bbox 1689 5006 1970 5063; x_wconf 87' lang='lat' dir='ltr'><strong>Breviculo</strong></span> <span class='ocrx_word' id='word_1_744' title='bbox 1997 5008 2108 5064; x_wconf 92' lang='lat' dir='ltr'><strong>col-</strong></span> 
     </span>
    </p>
   </div>
   <div class='ocr_carea' id='block_1_97' title="bbox 496 5092 2109 5170">
    <p class='ocr_par' dir='ltr' id='par_1_97' title="bbox 496 5092 2109 5170">
     <span class='ocr_line' id='line_1_97' title="bbox 496 5092 2109 5170; baseline -0.001 -10"><span class='ocrx_word' id='word_1_745' title='bbox 496 5092 734 5160; x_wconf 76' lang='lat' dir='ltr'><strong>lationis</strong></span> <span class='ocrx_word' id='word_1_746' title='bbox 763 5100 868 5156; x_wconf 89' lang='lat' dir='ltr'><strong>diei</strong></span> <span class='ocrx_word' id='word_1_747' title='bbox 896 5100 932 5156; x_wconf 79' lang='lat'><strong>3</strong></span> <span class='ocrx_word' id='word_1_748' title='bbox 960 5099 1299 5170; x_wconf 84' lang='lat' dir='ltr'><strong>collegimus.</strong></span> <span class='ocrx_word' id='word_1_749' title='bbox 1329 5101 1424 5156; x_wconf 88' lang='lat' dir='ltr'><strong>llis</strong></span> <span class='ocrx_word' id='word_1_750' title='bbox 1451 5103 1707 5170; x_wconf 89' lang='lat' dir='ltr'><strong>peractis,</strong></span> <span class='ocrx_word' id='word_1_751' title='bbox 1757 5100 2026 5158; x_wconf 84' lang='lat' dir='ltr'><strong>Miltiades</strong></span> <span class='ocrx_word' id='word_1_752' title='bbox 2054 5112 2109 5157; x_wconf 91' lang='lat' dir='ltr'><strong>et</strong></span> 
     </span>
    </p>
   </div>
   <div class='ocr_carea' id='block_1_98' title="bbox 504 5192 2105 5273">
    <p class='ocr_par' dir='ltr' id='par_1_98' title="bbox 504 5192 2105 5273">
     <span class='ocr_line' id='line_1_98' title="bbox 504 5192 2105 5273; baseline -0.003 -21"><span class='ocrx_word' id='word_1_753' title='bbox 504 5194 699 5266; x_wconf 89' lang='lat' dir='ltr'><strong>reliqui</strong></span> <span class='ocrx_word' id='word_1_754' title='bbox 728 5193 969 5264; x_wconf 89' lang='lat' dir='ltr'><strong>episc0pi</strong></span> <span class='ocrx_word' id='word_1_755' title='bbox 998 5208 1352 5265; x_wconf 70' lang='lat' dir='ltr'><strong>qumcumque</strong></span> <span class='ocrx_word' id='word_1_756' title='bbox 1380 5196 1435 5273; x_wconf 82' lang='lat' dir='ltr'><strong>in</strong></span> <span class='ocrx_word' id='word_1_757' title='bbox 1458 5194 1689 5249; x_wconf 91' lang='lat' dir='ltr'><strong>concilio</strong></span> <span class='ocrx_word' id='word_1_758' title='bbox 1708 5203 1858 5266; x_wconf 87' lang='lat' dir='ltr'><strong>gesta</strong></span> <span class='ocrx_word' id='word_1_759' title='bbox 1873 5192 2105 5261; x_wconf 88' lang='lat' dir='ltr'><strong>fuerant,</strong></span> 
     </span>
    </p>
   </div>
   <div class='ocr_carea' id='block_1_99' title="bbox 502 5284 2105 5356">
    <p class='ocr_par' dir='ltr' id='par_1_99' title="bbox 502 5284 2105 5356">
     <span class='ocr_line' id='line_1_99' title="bbox 502 5284 2105 5356; baseline -0.002 -13"><span class='ocrx_word' id='word_1_760' title='bbox 502 5302 609 5343; x_wconf 89' lang='lat' dir='ltr'><strong>una</strong></span> <span class='ocrx_word' id='word_1_761' title='bbox 638 5300 763 5342; x_wconf 90' lang='lat' dir='ltr'><strong>cum</strong></span> <span class='ocrx_word' id='word_1_762' title='bbox 795 5285 932 5341; x_wconf 90' lang='lat' dir='ltr'><strong>actis</strong></span> <span class='ocrx_word' id='word_1_763' title='bbox 978 5284 1149 5354; x_wconf 88' lang='lat' dir='ltr'><strong>ipsius</strong></span> <span class='ocrx_word' id='word_1_764' title='bbox 1193 5286 1408 5341; x_wconf 86' lang='lat' dir='ltr'><strong>concilii</strong></span> <span class='ocrx_word' id='word_1_765' title='bbox 1435 5284 1502 5340; x_wconf 89' lang='lat' dir='ltr'><strong>ad</strong></span> <span class='ocrx_word' id='word_1_766' title='bbox 1536 5287 1919 5356; x_wconf 86' lang='lat' dir='ltr'><strong>imperatorem</strong></span> <span class='ocrx_word' id='word_1_767' title='bbox 1964 5288 2105 5341; x_wconf 83' lang='lat' dir='ltr'><strong>Con-</strong></span> 
     </span>
    </p>
   </div>
   <div class='ocr_carea' id='block_1_100' title="bbox 508 5375 2103 5445">
    <p class='ocr_par' dir='ltr' id='par_1_100' title="bbox 508 5375 2103 5445">
     <span class='ocr_line' id='line_1_100' title="bbox 508 5375 2103 5445; baseline -0.001 -13"><span class='ocrx_word' id='word_1_768' title='bbox 508 5378 806 5433; x_wconf 88' lang='lat' dir='ltr'><strong>stantinum</strong></span> <span class='ocrx_word' id='word_1_769' title='bbox 825 5375 1162 5441; x_wconf 78' lang='lat' dir='ltr'><strong>direserunt,</strong></span> <span class='ocrx_word' id='word_1_770' title='bbox 1191 5377 1531 5431; x_wconf 86' lang='lat' dir='ltr'><strong>verboetiam</strong></span> <span class='ocrx_word' id='word_1_771' title='bbox 1580 5375 1913 5431; x_wconf 81' lang='lat' dir='ltr'><strong>afﬁrmantes</strong></span> <span class='ocrx_word' id='word_1_772' title='bbox 1959 5376 2103 5445; x_wconf 87' lang='lat' dir='ltr'><strong>quod</strong></span> 
     </span>
    </p>
   </div>
   <div class='ocr_carea' id='block_1_101' title="bbox 501 5467 2103 5542">
    <p class='ocr_par' dir='ltr' id='par_1_101' title="bbox 501 5467 2103 5542">
     <span class='ocr_line' id='line_1_101' title="bbox 501 5467 2103 5542; baseline -0.001 -17"><span class='ocrx_word' id='word_1_773' title='bbox 501 5470 762 5542; x_wconf 90' lang='lat' dir='ltr'><strong>judicium</strong></span> <span class='ocrx_word' id='word_1_774' title='bbox 811 5485 969 5526; x_wconf 90' lang='lat' dir='ltr'><strong>suum</strong></span> <span class='ocrx_word' id='word_1_775' title='bbox 1019 5467 1211 5523; x_wconf 85' lang='lat' dir='ltr'><strong>fuisset</strong></span> <span class='ocrx_word' id='word_1_776' title='bbox 1236 5482 1333 5538; x_wconf 91' lang='lat' dir='ltr'><strong>pro</strong></span> <span class='ocrx_word' id='word_1_777' title='bbox 1360 5484 1541 5524; x_wconf 90' lang='lat' dir='ltr'><strong>rerum</strong></span> <span class='ocrx_word' id='word_1_778' title='bbox 1569 5470 1824 5538; x_wconf 72' lang='lat' dir='ltr'><strong>aequitate</strong></span> <span class='ocrx_word' id='word_1_779' title='bbox 1851 5467 2103 5537; x_wconf 90' lang='lat' dir='ltr'><strong>deprom-</strong></span> 
     </span>
    </p>
   </div>
   <div class='ocr_carea' id='block_1_102' title="bbox 501 5559 2102 5634">
    <p class='ocr_par' dir='ltr' id='par_1_102' title="bbox 501 5559 2102 5634">
     <span class='ocr_line' id='line_1_102' title="bbox 501 5559 2102 5634; baseline 0 -17"><span class='ocrx_word' id='word_1_780' title='bbox 501 5571 654 5633; x_wconf 88' lang='lat' dir='ltr'><strong>ptum</strong></span> <span class='ocrx_word' id='word_1_781' title='bbox 678 5605 693 5630; x_wconf 92' lang='lat'><strong>,</strong></span> <span class='ocrx_word' id='word_1_782' title='bbox 736 5576 939 5634; x_wconf 86' lang='lat' dir='ltr'><strong>eosque</strong></span> <span class='ocrx_word' id='word_1_783' title='bbox 984 5560 1165 5631; x_wconf 91' lang='lat' dir='ltr'><strong>potius</strong></span> <span class='ocrx_word' id='word_1_784' title='bbox 1213 5575 1371 5616; x_wconf 69' lang='lat' dir='ltr'><strong>noxa:</strong></span> <span class='ocrx_word' id='word_1_785' title='bbox 1409 5559 1675 5617; x_wconf 80' lang='lat' dir='ltr'><strong>obnoxios</strong></span> <span class='ocrx_word' id='word_1_786' title='bbox 1704 5574 1826 5617; x_wconf 90' lang='lat' dir='ltr'><strong>esse</strong></span> <span class='ocrx_word' id='word_1_787' title='bbox 1860 5559 2102 5617; x_wconf 91' lang='lat' dir='ltr'><strong>dicentes</strong></span> 
     </span>
    </p>
   </div>
   <div class='ocr_carea' id='block_1_103' title="bbox 497 5652 2104 5727">
    <p class='ocr_par' dir='ltr' id='par_1_103' title="bbox 497 5652 2104 5727">
     <span class='ocr_line' id='line_1_103' title="bbox 497 5652 2104 5727; baseline 0.004 -20"><span class='ocrx_word' id='word_1_788' title='bbox 497 5654 590 5724; x_wconf 84' lang='lat' dir='ltr'><strong>qui</strong></span> <span class='ocrx_word' id='word_1_789' title='bbox 618 5663 806 5713; x_wconf 90' lang='lat' dir='ltr'><strong>contra</strong></span> <span class='ocrx_word' id='word_1_790' title='bbox 834 5652 1185 5713; x_wconf 64' lang='lat' dir='ltr'><strong>Caecilianum</strong></span> <span class='ocrx_word' id='word_1_791' title='bbox 1213 5662 1540 5727; x_wconf 82' lang='lat' dir='ltr'><strong>putaverunt</strong></span> <span class='ocrx_word' id='word_1_792' title='bbox 1571 5652 1816 5723; x_wconf 71' lang='lat' dir='ltr'><strong>quaedam</strong></span> <span class='ocrx_word' id='word_1_793' title='bbox 1861 5669 2104 5713; x_wconf 80' lang='lat' dir='ltr'><strong>eorume-</strong></span> 
     </span>
    </p>
   </div>
   <div class='ocr_carea' id='block_1_104' title="bbox 495 5760 645 5803">
    <p class='ocr_par' dir='ltr' id='par_1_104' title="bbox 495 5760 645 5803">
     <span class='ocr_line' id='line_1_104' title="bbox 495 5760 645 5803; baseline 0 0"><span class='ocrx_word' id='word_1_794' title='bbox 495 5760 645 5803; x_wconf 79' lang='lat' dir='ltr'><strong>vere.</strong></span> 
     </span>
    </p>
   </div>
   <div class='ocr_carea' id='block_1_105' title="bbox 2216 4632 3835 4706">
    <p class='ocr_par' dir='ltr' id='par_1_105' title="bbox 2216 4632 3835 4706">
     <span class='ocr_line' id='line_1_105' title="bbox 2216 4632 3835 4706; baseline 0.001 -17"><span class='ocrx_word' id='word_1_795' title='bbox 2216 4632 2464 4690; x_wconf 67' lang='lat' dir='ltr'><strong>Elianus</strong></span> <span class='ocrx_word' id='word_1_796' title='bbox 2496 4634 2788 4706; x_wconf 74' lang='lat' dir='ltr'><strong>procohsul</strong></span> <span class='ocrx_word' id='word_1_797' title='bbox 2826 4636 3183 4706; x_wconf 61' lang='lat' dir='ltr'><strong>quaestionem</strong></span> <span class='ocrx_word' id='word_1_798' title='bbox 3220 4635 3407 4691; x_wconf 86' lang='lat' dir='ltr'><strong>habuit</strong></span> <span class='ocrx_word' id='word_1_799' title='bbox 3438 4636 3560 4690; x_wconf 89' lang='lat' dir='ltr'><strong>loco</strong></span> <span class='ocrx_word' id='word_1_800' title='bbox 3599 4636 3835 4703; x_wconf 78' lang='lat' dir='ltr'><strong>Vicarii,</strong></span> 
     </span>
    </p>
   </div>
   <div class='ocr_carea' id='block_1_106' title="bbox 2216 4727 3835 4800">
    <p class='ocr_par' dir='ltr' id='par_1_106' title="bbox 2216 4727 3835 4800">
     <span class='ocr_line' id='line_1_106' title="bbox 2216 4727 3835 4800; baseline 0.002 -17"><span class='ocrx_word' id='word_1_801' title='bbox 2216 4728 2413 4783; x_wconf 84' lang='lat' dir='ltr'><strong>Alﬁum</strong></span> <span class='ocrx_word' id='word_1_802' title='bbox 2442 4727 2788 4784; x_wconf 69' lang='lat' dir='ltr'><strong>Caecilianum</strong></span> <span class='ocrx_word' id='word_1_803' title='bbox 2817 4729 2907 4800; x_wconf 91' lang='lat' dir='ltr'><strong>qui</strong></span> <span class='ocrx_word' id='word_1_804' title='bbox 2948 4737 3193 4800; x_wconf 83' lang='lat' dir='ltr'><strong>tempore</strong></span> <span class='ocrx_word' id='word_1_805' title='bbox 3232 4729 3633 4800; x_wconf 89' lang='lat' dir='ltr'><strong>persecutionis</strong></span> <span class='ocrx_word' id='word_1_806' title='bbox 3662 4744 3835 4787; x_wconf 84' lang='lat' dir='ltr'><strong>cura-</strong></span> 
     </span>
    </p>
   </div>
   <div class='ocr_carea' id='block_1_107' title="bbox 2213 4809 3840 4894">
    <p class='ocr_par' dir='ltr' id='par_1_107' title="bbox 2213 4809 3840 4894">
     <span class='ocr_line' id='line_1_107' title="bbox 2213 4809 3840 4894; baseline 0.002 -19"><span class='ocrx_word' id='word_1_807' title='bbox 2213 4828 2297 4876; x_wconf 89' lang='lat' dir='ltr'><strong>tor</strong></span> <span class='ocrx_word' id='word_1_808' title='bbox 2322 4822 2496 4877; x_wconf 88' lang='lat' dir='ltr'><strong>fuerat</strong></span> <span class='ocrx_word' id='word_1_809' title='bbox 2520 4822 2794 4893; x_wconf 90' lang='lat' dir='ltr'><strong>municipii</strong></span> <span class='ocrx_word' id='word_1_810' title='bbox 2813 4809 3348 4889; x_wconf 53' lang='lat' dir='ltr'><strong>Autumnitanoru&#39;m,</strong></span> <span class='ocrx_word' id='word_1_811' title='bbox 3375 4823 3639 4878; x_wconf 89' lang='lat' dir='ltr'><strong>accersiri</strong></span> <span class='ocrx_word' id='word_1_812' title='bbox 3664 4822 3840 4894; x_wconf 89' lang='lat' dir='ltr'><strong>jussit</strong></span> 
     </span>
    </p>
   </div>
   <div class='ocr_carea' id='block_1_108' title="bbox 2210 4912 3835 4986">
    <p class='ocr_par' dir='ltr' id='par_1_108' title="bbox 2210 4912 3835 4986">
     <span class='ocr_line' id='line_1_108' title="bbox 2210 4912 3835 4986; baseline 0.002 -18"><span class='ocrx_word' id='word_1_813' title='bbox 2210 4928 2333 4969; x_wconf 91' lang='lat' dir='ltr'><strong>cum</strong></span> <span class='ocrx_word' id='word_1_814' title='bbox 2361 4912 2604 4986; x_wconf 87' lang='lat' dir='ltr'><strong>lngentio</strong></span> <span class='ocrx_word' id='word_1_815' title='bbox 2643 4915 2820 4970; x_wconf 90' lang='lat' dir='ltr'><strong>scriba</strong></span> <span class='ocrx_word' id='word_1_816' title='bbox 2842 4956 2856 4980; x_wconf 92' lang='lat'><strong>,</strong></span> <span class='ocrx_word' id='word_1_817' title='bbox 2894 4913 3155 4981; x_wconf 89' lang='lat' dir='ltr'><strong>Claudio,</strong></span> <span class='ocrx_word' id='word_1_818' title='bbox 3189 4912 3482 4972; x_wconf 87' lang='lat' dir='ltr'><strong>Saturnino</strong></span> <span class='ocrx_word' id='word_1_819' title='bbox 3504 4958 3519 4982; x_wconf 95' lang='lat'><strong>,</strong></span> <span class='ocrx_word' id='word_1_820' title='bbox 3570 4914 3835 4982; x_wconf 88' lang='lat' dir='ltr'><strong>Calidio,</strong></span> 
     </span>
    </p>
   </div>
   <div class='ocr_carea' id='block_1_109' title="bbox 2211 5004 3836 5078">
    <p class='ocr_par' dir='ltr' id='par_1_109' title="bbox 2211 5004 3836 5078">
     <span class='ocr_line' id='line_1_109' title="bbox 2211 5004 3836 5078; baseline 0 -16"><span class='ocrx_word' id='word_1_821' title='bbox 2211 5004 2491 5070; x_wconf 88' lang='lat' dir='ltr'><strong>Gratiano,</strong></span> <span class='ocrx_word' id='word_1_822' title='bbox 2518 5006 2747 5076; x_wconf 89' lang='lat' dir='ltr'><strong>Superio</strong></span> <span class='ocrx_word' id='word_1_823' title='bbox 2776 5007 3093 5062; x_wconf 88' lang='lat' dir='ltr'><strong>stationario</strong></span> <span class='ocrx_word' id='word_1_824' title='bbox 3113 5047 3129 5074; x_wconf 91' lang='lat'><strong>,</strong></span> <span class='ocrx_word' id='word_1_825' title='bbox 3157 5006 3359 5064; x_wconf 90' lang='lat' dir='ltr'><strong>Solone</strong></span> <span class='ocrx_word' id='word_1_826' title='bbox 3384 5024 3543 5063; x_wconf 87' lang='lat' dir='ltr'><strong>servo</strong></span> <span class='ocrx_word' id='word_1_827' title='bbox 3575 5008 3836 5078; x_wconf 86' lang='lat' dir='ltr'><strong>publico,</strong></span> 
     </span>
    </p>
   </div>
   <div class='ocr_carea' id='block_1_110' title="bbox 2211 5098 3837 5171">
    <p class='ocr_par' dir='ltr' id='par_1_110' title="bbox 2211 5098 3837 5171">
     <span class='ocr_line' id='line_1_110' title="bbox 2211 5098 3837 5171; baseline 0.001 -18"><span class='ocrx_word' id='word_1_828' title='bbox 2211 5098 2441 5169; x_wconf 85' lang='lat' dir='ltr'><strong>aliisque</strong></span> <span class='ocrx_word' id='word_1_829' title='bbox 2481 5099 2707 5155; x_wconf 89' lang='lat' dir='ltr'><strong>testibus</strong></span> <span class='ocrx_word' id='word_1_830' title='bbox 2745 5099 2813 5155; x_wconf 90' lang='lat' dir='ltr'><strong>ad</strong></span> <span class='ocrx_word' id='word_1_831' title='bbox 2858 5101 3218 5171; x_wconf 88' lang='lat' dir='ltr'><strong>quaestionem</strong></span> <span class='ocrx_word' id='word_1_832' title='bbox 3266 5100 3611 5158; x_wconf 83' lang='lat' dir='ltr'><strong>necessariis.</strong></span> <span class='ocrx_word' id='word_1_833' title='bbox 3659 5100 3837 5159; x_wconf 85' lang='lat' dir='ltr'><strong>Lecta</strong></span> 
     </span>
    </p>
   </div>
   <div class='ocr_carea' id='block_1_111' title="bbox 2211 5192 3840 5265">
    <p class='ocr_par' dir='ltr' id='par_1_111' title="bbox 2211 5192 3840 5265">
     <span class='ocr_line' id='line_1_111' title="bbox 2211 5192 3840 5265; baseline 0.001 -17"><span class='ocrx_word' id='word_1_834' title='bbox 2211 5204 2337 5248; x_wconf 88' lang='lat' dir='ltr'><strong>sunt</strong></span> <span class='ocrx_word' id='word_1_835' title='bbox 2366 5205 2483 5248; x_wconf 89' lang='lat' dir='ltr'><strong>acta</strong></span> <span class='ocrx_word' id='word_1_836' title='bbox 2516 5193 2887 5265; x_wconf 88' lang='lat' dir='ltr'><strong>municipalia,</strong></span> <span class='ocrx_word' id='word_1_837' title='bbox 2922 5195 3237 5265; x_wconf 86' lang='lat' dir='ltr'><strong>interrogati</strong></span> <span class='ocrx_word' id='word_1_838' title='bbox 3276 5194 3605 5251; x_wconf 86' lang='lat' dir='ltr'><strong>Saturninus</strong></span> <span class='ocrx_word' id='word_1_839' title='bbox 3636 5204 3699 5250; x_wconf 85' lang='lat' dir='ltr'><strong>et</strong></span> <span class='ocrx_word' id='word_1_840' title='bbox 3730 5192 3840 5249; x_wconf 78' lang='lat' dir='ltr'><strong>Ca-</strong></span> 
     </span>
    </p>
   </div>
   <div class='ocr_carea' id='block_1_112' title="bbox 2212 5284 3837 5357">
    <p class='ocr_par' dir='ltr' id='par_1_112' title="bbox 2212 5284 3837 5357">
     <span class='ocr_line' id='line_1_112' title="bbox 2212 5284 3837 5357; baseline 0 -16"><span class='ocrx_word' id='word_1_841' title='bbox 2212 5286 2377 5343; x_wconf 92' lang='lat' dir='ltr'><strong>lidius</strong></span> <span class='ocrx_word' id='word_1_842' title='bbox 2398 5287 2586 5357; x_wconf 88' lang='lat' dir='ltr'><strong>junior</strong></span> <span class='ocrx_word' id='word_1_843' title='bbox 2600 5297 2902 5352; x_wconf 88' lang='lat' dir='ltr'><strong>curatores,</strong></span> <span class='ocrx_word' id='word_1_844' title='bbox 2935 5286 3200 5357; x_wconf 89' lang='lat' dir='ltr'><strong>Superius</strong></span> <span class='ocrx_word' id='word_1_845' title='bbox 3240 5286 3593 5343; x_wconf 86' lang='lat' dir='ltr'><strong>stationarius</strong></span> <span class='ocrx_word' id='word_1_846' title='bbox 3621 5294 3685 5340; x_wconf 89' lang='lat' dir='ltr'><strong>et</strong></span> <span class='ocrx_word' id='word_1_847' title='bbox 3711 5284 3837 5341; x_wconf 71' lang='lat' dir='ltr'><strong>Cte-</strong></span> 
     </span>
    </p>
   </div>
   <div class='ocr_carea' id='block_1_113' title="bbox 2210 5375 3832 5448">
    <p class='ocr_par' dir='ltr' id='par_1_113' title="bbox 2210 5375 3832 5448">
     <span class='ocr_line' id='line_1_113' title="bbox 2210 5375 3832 5448; baseline -0.003 -15"><span class='ocrx_word' id='word_1_848' title='bbox 2210 5377 2436 5434; x_wconf 81' lang='lat' dir='ltr'><strong>cilianus</strong></span> <span class='ocrx_word' id='word_1_849' title='bbox 2501 5378 2785 5445; x_wconf 88' lang='lat' dir='ltr'><strong>Duumvir,</strong></span> <span class='ocrx_word' id='word_1_850' title='bbox 2828 5377 3103 5447; x_wconf 82' lang='lat' dir='ltr'><strong>Ingentius</strong></span> <span class='ocrx_word' id='word_1_851' title='bbox 3150 5376 3443 5448; x_wconf 65' lang='lat' dir='ltr'><strong>quaestioni</strong></span> <span class='ocrx_word' id='word_1_852' title='bbox 3501 5375 3832 5446; x_wconf 86' lang='lat' dir='ltr'><strong>applicitus,</strong></span> 
     </span>
    </p>
   </div>
   <div class='ocr_carea' id='block_1_114' title="bbox 2194 5468 3831 5542">
    <p class='ocr_par' dir='ltr' id='par_1_114' title="bbox 2194 5468 3831 5542">
     <span class='ocr_line' id='line_1_114' title="bbox 2194 5468 3831 5542; baseline -0.001 -18"><span class='ocrx_word' id='word_1_853' title='bbox 2194 5468 2384 5541; x_wconf 84' lang='lat' dir='ltr'><strong>iisque</strong></span> <span class='ocrx_word' id='word_1_854' title='bbox 2424 5471 2678 5528; x_wconf 85' lang='lat' dir='ltr'><strong>omnibus</strong></span> <span class='ocrx_word' id='word_1_855' title='bbox 2730 5469 2950 5536; x_wconf 90' lang='lat' dir='ltr'><strong>auditis,</strong></span> <span class='ocrx_word' id='word_1_856' title='bbox 2989 5470 3128 5526; x_wconf 91' lang='lat' dir='ltr'><strong>hanc</strong></span> <span class='ocrx_word' id='word_1_857' title='bbox 3166 5471 3456 5542; x_wconf 90' lang='lat' dir='ltr'><strong>proconsul</strong></span> <span class='ocrx_word' id='word_1_858' title='bbox 3484 5469 3831 5525; x_wconf 83' lang='lat' dir='ltr'><strong>sententiam</strong></span> 
     </span>
    </p>
   </div>
   <div class='ocr_carea' id='block_1_115' title="bbox 2209 5559 3831 5636">
    <p class='ocr_par' dir='ltr' id='par_1_115' title="bbox 2209 5559 3831 5636">
     <span class='ocr_line' id='line_1_115' title="bbox 2209 5559 3831 5636; baseline -0.002 -19"><span class='ocrx_word' id='word_1_859' title='bbox 2209 5563 2622 5634; x_wconf 88' lang='lat' dir='ltr'><strong>pronuntiavit:</strong></span> <span class='ocrx_word' id='word_1_860' title='bbox 2654 5559 2882 5619; x_wconf 88' lang='lat' dir='ltr'><strong>Felicem</strong></span> <span class='ocrx_word' id='word_1_861' title='bbox 2926 5564 3221 5636; x_wconf 86' lang='lat' dir='ltr'><strong>religiosum</strong></span> <span class='ocrx_word' id='word_1_862' title='bbox 3260 5565 3554 5634; x_wconf 84' lang='lat' dir='ltr'><strong>episcopum</strong></span> <span class='ocrx_word' id='word_1_863' title='bbox 3598 5562 3831 5617; x_wconf 77' lang='lat' dir='ltr'><strong>liberum</strong></span> 
     </span>
    </p>
   </div>
   <div class='ocr_carea' id='block_1_116' title="bbox 2211 5653 3831 5726">
    <p class='ocr_par' dir='ltr' id='par_1_116' title="bbox 2211 5653 3831 5726">
     <span class='ocr_line' id='line_1_116' title="bbox 2211 5653 3831 5726; baseline -0.002 -16"><span class='ocrx_word' id='word_1_864' title='bbox 2211 5671 2321 5710; x_wconf 85' lang='lat' dir='ltr'><strong>esse</strong></span> <span class='ocrx_word' id='word_1_865' title='bbox 2361 5655 2425 5710; x_wconf 92' lang='lat' dir='ltr'><strong>ab</strong></span> <span class='ocrx_word' id='word_1_866' title='bbox 2472 5655 2738 5710; x_wconf 65' lang='lat' dir='ltr'><strong>exustione</strong></span> <span class='ocrx_word' id='word_1_867' title='bbox 2785 5656 3244 5715; x_wconf 83' lang='lat' dir='ltr'><strong>instrumentorum</strong></span> <span class='ocrx_word' id='word_1_868' title='bbox 3290 5654 3608 5726; x_wconf 79' lang='lat' dir='ltr'><strong>Deiﬁcorum</strong></span> <span class='ocrx_word' id='word_1_869' title='bbox 3654 5653 3831 5708; x_wconf 85' lang='lat' dir='ltr'><strong>mani-</strong></span> 
     </span>
    </p>
   </div>
   <div class='ocr_carea' id='block_1_117' title="bbox 2213 5745 3817 5822">
    <p class='ocr_par' dir='ltr' id='par_1_117' title="bbox 2213 5745 3817 5822">
     <span class='ocr_line' id='line_1_117' title="bbox 2213 5745 3817 5822; baseline -0.004 -17"><span class='ocrx_word' id='word_1_870' title='bbox 2213 5747 2403 5818; x_wconf 77' lang='lat' dir='ltr'><strong>festum</strong></span> <span class='ocrx_word' id='word_1_871' title='bbox 2433 5754 2529 5815; x_wconf 84' lang='lat' dir='ltr'><strong>est,</strong></span> <span class='ocrx_word' id='word_1_872' title='bbox 2557 5762 2673 5803; x_wconf 85' lang='lat' dir='ltr'><strong>cum</strong></span> <span class='ocrx_word' id='word_1_873' title='bbox 2702 5763 2851 5806; x_wconf 87' lang='lat' dir='ltr'><strong>nemo</strong></span> <span class='ocrx_word' id='word_1_874' title='bbox 2882 5748 2934 5805; x_wconf 86' lang='lat' dir='ltr'><strong>in</strong></span> <span class='ocrx_word' id='word_1_875' title='bbox 2953 5764 3070 5807; x_wconf 84' lang='lat' dir='ltr'><strong>eum</strong></span> <span class='ocrx_word' id='word_1_876' title='bbox 3098 5748 3307 5822; x_wconf 75' lang='lat' dir='ltr'><strong>aliquid</strong></span> <span class='ocrx_word' id='word_1_877' title='bbox 3345 5747 3557 5820; x_wconf 79' lang='lat' dir='ltr'><strong>probare</strong></span> <span class='ocrx_word' id='word_1_878' title='bbox 3578 5745 3817 5817; x_wconf 77' lang='lat' dir='ltr'><strong>potuerit</strong></span> 
     </span>
    </p>
   </div>
  </div>
