4206 6170
375 281 481 338 785

1595 276 1920 335 HISTORIA
1962 274 2516 334 DONATISTARUM.

3604 278 3708 334 786

365 398 507 469 quod
531 395 963 469 religiosissimus
985 379 1277 461 scripturas
1306 390 1579 446 tradiderit
1608 391 1684 446 vel
1719 391 1994 446 exarserit.
2032 397 2083 454 Α
2114 370 2274 460 rupto
2317 389 2603 458 Augustini
2643 387 2764 443 loco
2787 431 2800 455 ,
2852 390 2979 446 lib.t
3024 400 3212 447 contra
3250 392 3667 449 Parmenianum
3696 434 3713 462 ,

364 491 624 545 Omnium
672 492 816 543 enim
862 484 1206 553 interrogatio
1248 485 1606 556 suprascripta
1659 484 1995 553 manifestata

354 594 433 638 est
462 582 651 637 nullas
674 582 961 652 scripturas
978 576 1206 645 Dei/icas
1231 577 1312 629 vel
1326 578 1578 642 iuventas,
1602 576 1678 631 vel
1703 585 1995 642 corruptas,

350 675 435 729 vel
462 674 718 727 incensas
768 672 947 743 fuisse.
993 666 1108 721 Hoc
1156 666 1289 721 actis
1332 669 1624 723 continetur
1669 667 1804 739 quod
1846 665 2000 723 Felix

348 768 649 840 episcOpus
669 766 943 837 religiosus
971 761 1079 815 illis
1100 759 1430 829 temporibus
1455 777 1614 831 neque
1634 776 1857 833 prmsens
1877 765 1996 832 fue-

348 861 447 924 rit,
499 874 678 927 neque
719 856 1083 911 conscientiam
1122 853 1598 907 accommodaverit
1624 894 1639 919 ,
1689 868 1852 921 neque
1897 853 2000 907 tale

349 952 566 1023 aliquid
625 952 746 1019 ﬁeri
782 949 1017 1025 jusserit.
1048 944 1340 1016 lugentius
1391 961 1423 1000 e
1474 955 1660 1000 contra
1711 945 1993 1001 convictus

350 1043 504 1114 quod
531 1042 954 1099 AltiiCazciliani
986 1039 1233 1109 epistola:
1262 1040 1534 1093 nonnulla
1553 1038 1993 1108 addidissetqui-

351 1136 459 1192 bus
484 1135 671 1191 Felici
700 1136 905 1190 crimen
937 1129 1277 1187 Traditionis
1328 1130 1734 1199 imponebatur,
1769 1130 1820 1183 iu
1873 1143 1997 1183 car-

351 1227 855 1297 ccremconjectus
886 1233 991 1290 est,
1023 1234 1077 1280 et
1106 1222 1219 1277 illic
1243 1220 1510 1276 detentus
1536 1221 1710 1276 donec
1729 1221 1998 1276 Constan-

354 1321 510 1375 tinus
538 1335 698 1376 anno
714 1319 957 1389 sequenti
984 1314 1257 1371 Probiano
1290 1314 1609 1383 proconsuli
1643 1312 1842 1367 [Eliani
1872 1328 1999 1367 suc-

358 1414 575 1470 cessori
604 1412 828 1482 scripsit
869 1418 931 1465 ut
956 1424 1081 1465 eum
1107 1409 1174 1463 ad
1207 1409 1536 1463 comitatum
1568 1407 1832 1462 mitteret.
1862 1405 1997 1461 Acta

363 1507 462 1562 illa
507 1504 771 1561 confecta
798 1510 926 1558 sunt
968 1501 1035 1557 ab
1063 1499 1287 1556 jEliano
1317 1498 1618 1554 Volusiano
1661 1509 1718 1553 et
1748 1497 1999 1553 Anniano

372 1591 701 1652 consulibus
730 1610 796 1649 xv
817 1593 1076 1649 kalendas
1104 1592 1353 1657 martias,
1393 1590 1499 1644 hoc
1522 1599 1624 1655 est,
1659 1590 1751 1645 die
1779 1591 1995 1647 decima

378 1691 565 1760 quinta
596 1687 809 1743 mensis
830 1685 1109 1741 Februarii
1137 1683 1267 1739 anni
1294 1684 1403 1739 514
1428 1680 1538 1756 (a),
1570 1690 1808 1753 quatuor
1846 1698 1998 1739 men-

380 1783 533 1839 sibus
557 1793 681 1852 post
702 1782 967 1854 synodum
990 1779 1319 1835 Romanam.

458 1872 712 1946 Epistolas
758 1871 1075 1928 Constantini
1122 1871 1313 1943 quibus
1372 1871 1674 1926 Arelatense
1723 1872 2001 1928 concilium

381 1969 587 2023 indicit.
612 1998 682 2008 -—
716 1967 914 2021 Eodem
943 1982 1104 2033 anno,
1130 1982 1324 2021 mense
1350 1967 1614 2036 Augusto,
1642 1966 1891 2022 habitum
1921 1977 2005 2022 est

383 2059 705 2115 Arelatense
752 2059 1056 2114 concilium.
1111 2058 1424 2127 Sci-ipscrat
1484 2055 1882 2115 Constantinus
1933 2058 2002 2114 ad

382 2151 643 2208 IElalium
674 2149 771 2223 (lt),
797 2168 887 2206 seu
916 2153 1071 2205 utalii
1104 2152 1322 2220 legunt,
1350 2149 1661 2217 Ablavium,
1687 2162 1783 2206 aut
1824 2152 2004 2222 potius

386 2244 663 2301 [Elianum
696 2243 889 2300 Africae
923 2246 1303 2315 proconsulem
1331 2286 1347 2310 ,
1393 2254 1451 2298 ut
1479 2241 1837 2301 Caecilianum
1871 2261 1997 2302 cum

385 2338 512 2394 aliis
536 2339 806 2410 episcopis
845 2353 980 2408 quos
1026 2339 1143 2406 ipse
1174 2337 1471 2407 deligeret,
1523 2352 1741 2394 necnon
1790 2340 2004 2409 aliquos

385 2432 527 2486 alios
553 2447 618 2486 cx
658 2431 944 2501 provinciis
977 2431 1279 2502 Byzacena,
1310 2427 1645 2496 Tripolitana
1676 2469 1692 2495 ,
1748 2429 2002 2485 Numidia

385 2537 440 2581 et
467 2525 816 2589 Manritaniis,
840 2534 998 2594 atque
1024 2524 1187 2579 etiam
1225 2521 1441 2592 aliquos
1472 2537 1537 2575 cx
1569 2522 1692 2590 ejus
1740 2523 2001 2579 adversa-

384 2618 508 2683 riis,
536 2617 661 2672 data
703 2616 980 2672 cvectione
1011 2616 1224 2686 publica
1259 2628 1357 2683 per
1384 2611 1622 2667 Africam
1652 2625 1708 2669 et
1740 2615 2000 2671 Maurita-

387 2712 535 2766 niam
582 2710 705 2766 inde
744 2710 809 2765 ad
838 2709 1120 2781 Hispanias
1158 2705 1518 2778 transportari
1539 2706 1785 2777 juberet,
1821 2719 1877 2764 ut
1919 2711 2003 2763 in-

389 2812 472 2858 tra
503 2802 647 2857 diem
678 2799 1027 2856 kalendarum
1064 2802 1433 2871 Augustarum
1478 2798 1759 2855 Arelatem
1809 2816 2001 2872 perve-

390 2895 585 2949 nirent.
627 2893 859 2949 Dederat
884 2894 1044 2949 etiam
1092 2894 1394 2962 imperator
1419 2889 1634 2947 litteras
1682 2893 1751 2948 ad
1784 2895 2001 2965 episco-

392 3002 512 3057 pos,
544 3000 681 3056 quos
707 2986 898 3041 adesse
918 2985 1154 3041 concilio
1191 2982 1432 3046 volebat,
1476 2983 1674 3051 quibus
1708 2987 2004 3041 mandabat

391 3079 498 3145 eis,
537 3090 590 3134 ut
621 3087 842 3149 accepto
870 3079 1082 3149 publico
1122 3076 1397 3139 vehiculo,
1429 3075 1569 3130 intra
1602 3074 1866 3135 kalendas
1885 3082 1996 3135 Au.

2105 497 2156 538 c.
2177 483 2232 549 5,
2256 482 2342 537 ubi
2373 481 2650 537 mentione
2677 481 2814 538 facta
2847 482 3077 539 Romani
3096 484 3284 555 judicii
3312 486 3412 541 sub
3442 486 3706 549 Miltiade,

2104 588 2266 645 quem
2288 573 2615 629 Traditionis
2652 576 2703 646 7
2734 575 3061 631 accusabant
3094 578 3416 644 Donatistae,
3442 586 3569 649 post
3590 593 3715 636 sen-

2104 666 2330 723 tentiam
2361 667 2429 720 ab
2479 683 2545 722 eo
2585 668 2746 721 latam
2795 669 2913 725 base
2958 668 3339 725 habebantur:
3376 669 3558 743 Usque
3585 672 3716 726 adeo

2103 763 2362 817 dementes
2390 772 2508 817 sunt
2555 762 2804 829 homines,
2831 776 2886 819 ut
2914 765 3160 820 ducentos
3181 767 3391 840 judices
3421 768 3569 839 apud
3588 785 3716 839 quos

2102 857 2223 911 victi
2250 866 2392 923 sunt,
2436 857 2580 910 victis
2625 857 2971 928 litigatoribus
3010 860 3222 914 credant
3249 876 3359 915 esse
3396 872 3714 934 postponen—

2103 948 2221 1003 dos.
2252 947 2596 1003 Existimavit
2636 951 2846 1004 scilicet
2874 950 3162 1017 Baronius,
3192 952 3336 1022 quod
3365 951 3435 1007 de
3463 952 3718 1008 ducentis

2097 1039 2374 1110 judicibus
2406 1041 2493 1094 bic
2541 1040 2762 1107 dicitur,
2800 1042 3073 1112 pertinere
3101 1041 3170 1097 ad
3200 1044 3490 1098 concilium
3523 1045 3719 1101 Arela-

2104 1141 2289 1196 tense;
2333 1146 2460 1186 cum
2491 1141 2670 1188 tamen
2699 1134 2768 1187 de
2789 1134 3032 1190 Remano
3060 1134 3147 1191 hic
3176 1144 3388 1206 agatur,
3428 1137 3578 1207 quod
3624 1153 3722 1192 no-

2105 1222 2415 1279 vemdecitn
2446 1231 2651 1278 tantum
2683 1223 2827 1279 haud
2862 1224 3027 1280 dubie
3055 1225 3435 1298 episcoporum
3484 1228 3605 1283 luit.
3656 1233 3728 1284 At

2104 1319 2155 1374 in
2188 1318 2433 1389 genuino
2460 1319 2744 1391 Augustini
2785 1328 2938 1376 textu
2966 1321 3034 1376 de
3059 1321 3310 1377 ducentis
3342 1322 3620 1393 judicibus
3643 1324 3725 1378 ni-

2102 1412 2177 1467 hil
2207 1412 2442 1467 babetur
2468 1429 2481 1478 ;
2536 1413 2631 1468 sed
2682 1423 2737 1467 ut
2768 1414 3081 1469 restitutum
3112 1424 3197 1469 est
3223 1429 3288 1469 ex
3319 1416 3495 1470 veteri
3536 1415 3723 1472 codice

2107 1507 2365 1563 Vaticnno
2419 1508 2471 1563 in
2519 1518 2790 1578 postrema
2843 1508 3081 1564 editione
3133 1522 3361 1578 operum
3423 1510 3712 1580 Augustini

2101 1598 2207 1669 legi
2231 1599 2395 1655 debet
2425 1617 2437 1653 :
2466 1615 2626 1670 usque
2640 1601 2768 1654 adeo
2796 1600 3053 1655 dementes
3072 1610 3191 1654 sunt
3214 1600 3474 1667 homines,
3512 1611 3570 1656 ut
3595 1618 3719 1656 con-

2103 1700 2183 1745 tra
2216 1691 2428 1764 judices
2456 1691 2597 1762 apud
2641 1708 2767 1762 quos
2807 1692 2927 1745 victi
2975 1702 3132 1757 sunt,
3174 1691 3319 1745 victis
3366 1692 3721 1766 litigatoribus

2032 1794 2082 1854 Β
2106 1786 2338 1840 credant.
2379 1785 2550 1854 Quam
2583 1786 2874 1842 lectionem
2903 1786 3065 1856 hujus
3114 1785 3220 1840 loci
3258 1787 3557 1856 genuinam
3597 1801 3720 1843 esse

2107 1887 2253 1946 patet
2296 1894 2310 1931 :
2359 1893 2479 1931 nam
2537 1892 2735 1934 omnes
2785 1877 3002 1933 codices
3051 1877 3405 1947 manuscripti
3461 1879 3725 1934 omittunt

2110 1979 2386 2040 postrema
2414 1970 2578 2026 verba
2615 1986 2725 2026 esse
2763 1971 3163 2043 postponendos,
3194 1985 3316 2041 quae
3349 1986 3379 2026 a
3411 1970 3723 2028 Lovanien-

2108 2063 2256 2117 sibus
2295 2061 2506 2132 adjecta
2534 2071 2680 2130 sunt,
2710 2074 2769 2117 ut
2806 2077 3026 2118 sensum
3055 2062 3289 2132 aliquem
3311 2062 3634 2120 efficerent:
3667 2071 3724 2117 et

2107 2170 2229 2211 cum
2264 2171 2367 2210 vox
2414 2166 2593 2210 contra
2641 2157 2779 2211 forte
2810 2157 2877 2210 ab
2907 2156 3237 2210 Amanucnsi
3284 2172 3384 2226 per
3428 2156 3633 2228 duplex
3667 2173 3723 2210 cc

2107 2258 2199 2302 aut
2225 2265 2285 2309 ca
2324 2262 2582 2318 expressa
2608 2231 2814 2313 fuisset,
2851 2248 2975 2301 inde
3021 2248 3393 2318 exscriptores
3424 2264 3716 2305 numerum

2106 2340 2463 2395 ducentorum
2510 2338 2828 2394 effecerunt.
2880 2339 3009 2393 Ruit
3048 2353 3179 2408 ergo
3225 2355 3292 2394 ex
3342 2341 3493 2396 omni
3534 2340 3715 2410 capite

2108 2430 2322 2486 Duronii
2373 2431 2705 2501 c0ujectnra,
2739 2439 2793 2484 et
2841 2430 3057 2484 aliunde
3097 2445 3387 2486 numerum
3426 2433 3716 2502 episcopo-

2109 2538 2226 2578 rum
2257 2521 2470 2578 concilii
2498 2521 2839 2577 Arelatensis
2871 2522 3129 2592 colligere
3172 2532 3415 2591 Oportet.
3447 2522 3722 2578 Constan-

2108 2618 2251 2673 tinus
2298 2615 2351 2670 in
2391 2614 2618 2684 epistola
2651 2614 2717 2669 ad
2747 2614 3060 2680 Chrestum,
3094 2614 3173 2669 ait
3196 2614 3433 2683 jussisse
3463 2631 3525 2673 se
3551 2615 3722 2686 pluri-

2107 2724 2225 2765 mos
2246 2724 2310 2764 ex
2337 2706 2567 2763 diversis
2598 2721 2663 2763 ac
2689 2722 2856 2778 prope
2899 2707 3120 2762 infinitis
3150 2706 3288 2763 locis
3312 2708 3626 2779 .episcnpos
3658 2709 3713 2763 in

2107 2801 2293 2857 urbem
2313 2797 2684 2855 Arelatensem
2708 2800 2845 2855 intra
2861 2798 3132 2855 Kalendas
3144 2798 3381 2871 Augusti
3396 2801 3712 2867 convenire;

2103 2908 2225 2966 quae
2252 2894 2416 2949 verba
2445 2893 2735 2948 concilium
2776 2891 2921 2947 istud
2954 2890 3108 2947 valde
3150 2907 3508 2949 numerosum
3542 2895 3709 2950 fuisse

2106 2985 2357 3039 videntur
2385 2984 2630 3038 innuere.
2678 2985 2750 3038 At
2778 2984 3012 3055 primum
3043 2982 3096 3037 in
3128 2983 3385 3039 confesso
3428 2992 3514 3040 est
3557 2986 3701 3055 apud

2107 3092 2297 3132 omnes
2325 3084 2547 3131 vocatos
2576 3083 2783 3130 tantum
2815 3075 2986 3130 fuisse
3015 3091 3083 3130 ex
3114 3073 3433 3131 Occidentis
3474 3078 3722 3146 partibus

391 3173 532 3243 gusti
563 3172 615 3227 in
644 3171 830 3227 urbem
878 3172 1248 3227 Arelatensem
1295 3168 1683 3236 convenirent,
1738 3187 1848 3241 quo
1886 3180 1998 3228 sta—
2025 3172 2072 3235 C
2106 3184 2226 3239 quae
2273 3168 2629 3223 Constantino
2679 3168 2965 3238 parebant,
3014 3176 3069 3223 et
3107 3167 3250 3223 inter
3301 3168 3524 3242 triginta
3565 3181 3674 3227 tres
3699 3214 3715 3239 ,

394 3273 574 3320 luerat
608 3279 677 3320 ex
716 3264 949 3321 diversis
991 3279 1055 3320 ac
1085 3278 1254 3334 pr0pe
1283 3258 1508 3315 infinitis
1538 3260 1673 3317 locis
1712 3265 2001 3336 episcopos

393 3358 609 3425 adesse,
640 3365 699 3413 ut
735 3373 898 3414 causa
922 3357 1195 3414 Caeciliani
1250 3364 1306 3410 et
1348 3353 1753 3410 Donatistarum
1778 3356 1890 3426 jam
1913 3358 2002 3427 ju-

395 3452 570 3505 dicata
606 3452 803 3507 auditis
834 3453 1025 3506 iterum
1084 3449 1334 3521 partibus
1381 3446 1649 3501 finiretur.
1676 3447 2000 3519 Exemplum

397 3543 562 3614 hujus
588 3546 833 3616 epistolae
872 3544 940 3599 ad
987 3542 1275 3599 Cbrestnm
1326 3539 1728 3611 Syracusanum
1782 3543 2003 3613 scriptae

400 3638 587 3693 retulit
614 3638 895 3703 Eusebius,
927 3638 1013 3692 cui
1057 3636 1254 3692 similia
1289 3635 1456 3689 fuisse
1484 3636 1731 3704 exempla
1764 3635 1830 3691 ad
1872 3637 2001 3693 reli-

399 3748 539 3799 quos
556 3735 841 3804 episcopos
862 3733 1024 3787 missa
1049 3747 1145 3803 par
1167 3739 1252 3786 est
1281 3729 1526 3784 credere.
1553 3727 1608 3782 In
1649 3744 1717 3785 eo
1762 3731 1906 3801 quod
1937 3731 2003 3785 ad

398 3829 686 3885 Cbrestum
728 3829 991 3884 directum
1020 3839 1122 3890 est.
1155 3833 1482 3896 potestatem
1532 3824 1605 3877 illi
1643 3823 1772 3880 facit
1814 3825 2006 3896 adjun-

400 3919 565 3990 geudi
594 3921 692 3974 sibi
722 3919 863 3975 duos
890 3919 1111 3974 secundi
1139 3912 1371 3981 ordinis,
1397 3915 1501 3970 hoc
1530 3924 1632 3974 est.
1668 3924 1726 3970 ut
1751 3917 2006 3973 existimo

402 4011 773 4083 presbyteros,
824 4010 1103 4075 diaconos,
1157 4018 1248 4063 aut
1300 4008 1437 4062 alios
1490 4007 1739 4072 clericos,
1787 4018 1842 4062 et
1891 4016 2003 4063 tres

400 4104 654 4161 servulos
699 4103 913 4159 itineris
979 4103 1060 4157 sui
1116 4101 1318 4157 socios.
1391 4098 1538 4154 Idem
1590 4101 1750 4154 etiam
1792 4101 2005 4155 cmteris

401 4196 679 4265 episcopis
720 4195 990 4251 indultum
1041 4208 1164 4249 esse
1194 4209 1259 4247 cx
1300 4208 1367 4246 co
1406 4199 1640 4255 constat,
1671 4192 1811 4261 quod
1842 4192 2005 4246 simul

399 4305 531 4345 eum
568 4290 837 4359 episconis
879 4288 1112 4342 concilio
1165 4284 1437 4338 adfuerint
1488 4295 1541 4337 et
1583 4284 2007 4353 subscripserint
2044 4296 2052 4303 '

400 4381 735 4454 presbyteri,
770 4380 976 4434 diaconi
1003 4388 1059 4433 et
1084 4377 1173 4432 alii
1206 4376 1388 4430 clerici
1420 4375 1619 4443 plures.

484 4471 713 4527 Nomina
753 4481 799 4526 el
829 4486 1070 4524 numerus
1100 4469 1457 4541 episcoporum
1487 4465 1690 4520 concilii
1738 4464 2006 4521 Arelaten-

2107 3277 2336 3334 quorum
2364 3261 2579 3316 nomina
2614 3262 2666 3316 in
2699 3260 3189 3331 subscriptionibus
3219 3262 3500 3330 leguntur,
3530 3279 3721 3321 occur-

2107 3364 2235 3413 runt
2260 3356 2499 3426 episcopi
2526 3370 2592 3410 ex
2631 3355 2882 3411 omnibus
2902 3354 3215 3411 Occidentis
3248 3357 3516 3425 partibus,
3542 3357 3715 3425 Italia,

2109 3447 2327 3519 Apulia,
2359 3446 2644 3510 Dalmatia,
2673 3446 2886 3511 Galliis,
2938 3446 3253 3513 Britanniis,
3288 3447 3539 3505 Sardinia
3562 3491 3578 3515 ,
3627 3451 3715 3506 Si-

2111 3542 2256 3609 cilia,
2293 3541 2545 3611 llispania
2587 3550 2642 3597 et
2687 3540 2887 3596 Africa.
2918 3540 3064 3596 Nihil
3096 3550 3279 3605 autem
3307 3552 3457 3598 vetat
3504 3546 3718 3615 episco-

2110 3649 2210 3704 pos
2243 3643 2319 3689 tot
2348 3633 2681 3688 diversarum
2725 3634 3008 3704 regionum
3059 3632 3244 3689 dicere
3281 3650 3351 3690 ex
3388 3635 3623 3693 diversis
3648 3654 3715 3694 ac

2109 3739 2280 3796 prope
2328 3723 2556 3779 infinitis
2623 3725 2757 3780 locis
2803 3715 3182 3797 congregatos.
3259 3726 3466 3783 Deinde
3533 3738 3715 3786 utrum

2111 3832 2301 3872 omnes
2331 3816 2569 3887 episcopi
2599 3831 2628 3871 a
2650 3818 3008 3874 Constantino
3034 3818 3210 3872 vocati
3232 3818 3508 3876 adfuerint
3536 3821 3716 3878 incer-

2113 3915 2223 3961 tum
2273 3918 2376 3963 ρει.
2414 3907 2617 3978 Duplex
2664 3909 3037 3964 tantummodo
3076 3920 3487 3967 monumentum
3536 3923 3716 3969 estex

2111 4014 2221 4070 quo
2250 3999 2652 4070 episcoporum,
2677 4003 2766 4072 qui
2794 4003 2860 4056 ad
2892 4002 3184 4079 concilium
3216 4004 3359 4059 istud
3385 4020 3712 4071 convenere,

2110 4107 2374 4147 numerus
2412 4099 2468 4147 et
2516 4095 2732 4148 nomina
2790 4095 2999 4164 possint
3026 4095 3228 4165 colligi,
3274 4113 3468 4166 nempe
3519 4114 3715 4170 super-

2110 4184 2337 4251 scriptio
2393 4184 2637 4253 epistola:
2679 4185 2899 4257 concilii
2954 4187 3120 4255 ipsius
3172 4197 3227 4242 et
3281 4188 3714 4259 subscriptiones

2111 4275 2350 4332 concilii.
2386 4279 2455 4330 At
2483 4280 2961 4347 superscriptiouis
2988 4280 3190 4334 certior
3231 4282 3556 4353 auctoritas,
3587 4298 3712 4338 nam

2111 4370 2321 4424 variant
2369 4371 2817 4441 subscriptiones,
2860 4380 3094 4442 suntque
3140 4388 3246 4427 non
3278 4388 3466 4441 parum
3498 4387 3713 4443 pertur-

2111 4464 2253 4520 bata:
2282 4473 2460 4535 atquae
2487 4452 2800 4534 corruptae?
2834 4463 2933 4519 sed
2974 4479 3070 4535 par
3115 4466 3403 4537 utrobique
3431 4469 3716 4540 episcopo-

398 4567 501 4623 εἰς.
529 4597 600 4605 -
624 4566 695 4619 De
732 4580 960 4619 numero
986 4563 1365 4633 episcoporum
1410 4560 1625 4615 ccucilii
1673 4558 2009 4614 Arelatensis
2036 4553 2092 4612 D
2117 4575 2235 4616 rum
2259 4574 2521 4614 numerus
2543 4600 2557 4623 ,
2595 4560 2683 4629 qui
2715 4558 2929 4628 triginta
2961 4567 3072 4613 tres
3111 4572 3219 4613 non
3255 4561 3478 4616 excedit
3515 4570 3571 4617 et
3624 4576 3716 4617 ca-

398 4669 650 4715 certatur
704 4659 845 4713 inter
898 4658 1211 4726 scriptores.
1256 4654 1558 4709 Sexcentos
1604 4652 1773 4707 fuisse
1821 4654 2010 4708 scribit

400 4749 566 4815 Ado;
590 4751 682 4806 sed
711 4749 846 4804 levis
874 4748 1161 4802 admodum
1202 4745 1325 4800 fidei
1354 4745 1587 4815 scriptor
1616 4744 1671 4798 in
1701 4744 1803 4798 hoc
1839 4758 2008 4814 nego-

405 4850 512 4903 tio.
541 4844 807 4899 Ducentos
837 4842 1006 4897 fuisse
1028 4840 1329 4909 suspicatus
1359 4848 1438 4894 est
1483 4837 1748 4893 Baronius
1790 4853 1856 4893 ex
1887 4853 2010 4894 cor.

488 5008 566 5079 (a)
591 5006 701 5063 Die'
732 5006 799 5079 iii
849 5002 1038 5079 mensis
1086 4998 1394 5079 ebruarii,
1426 4998 1550 5054 anni
1587 4998 1926 5079 3M.__Docet
1960 4998 2014 5053 id

406 5070 746 5149 Augustinus
777 5078 830 5149 in
870 5074 1010 5129 libro
1054 5072 1132 5149 ad
1153 5072 1459 5149 Donatistas
1489 5079 1610 5141 post
1637 5070 2011 5149 collationem.

403 5139 569 5209 Atiu
599 5150 734 5203 actis
777 5148 975 5202 dicitur
1010 5141 1224 5197 auditus
1269 5139 1588 5195 Curculioniis
1634 5140 1894 5195 Duuiuvir
1920 5155 2014 5195 xtv

406 5223 676 5280 kalendas
723 5216 1061 5287 Septembris
1094 5212 1399 5287 _\'olusiano
1449 5222 1503 5267 et
1553 5213 1806 5287 Anniane
1854 5209 2009 5287 coss.

404 5297 554 5362 Quae
582 5301 640 5346 ut
662 5282 914 5362 conciliet
931 5284 1196 5362 Valesius,
1219 5283 1769 5362 censetquzestiouem
1795 5282 2012 5362 inchoa-

409 5350 530 5425 t:an
564 5378 745 5417 mense
778 5357 1073 5414 Februario
1101 5364 1157 5409 et
1205 5368 1390 5408 mense
1421 5350 1663 5425 Augusto
1690 5350 2014 5425 perfectam.

405 5423 493 5496 λι
515 5434 714 5488 tamdiu
745 5429 1108 5486 intermissam
1140 5425 1329 5489 fuisse,
1362 5434 1455 5479 aut
1486 5423 1587 5479 sub
1613 5424 1791 5496 indice
1818 5436 2018 5496 pepen-

408 5494 572 5565 disse
596 5504 1165 5573 cognitionetu,_quam
1188 5498 1523 5573 Augustinus
1551 5507 1705 5549 vocat
1726 5494 2019 5573 diligentis-

411 5580 622 5636 simum
666 5565 925 5635 cxatnen,
956 5565 1039 5623 vix
1071 5566 1334 5622 credibile
1384 5576 1496 5630 est,
1541 5579 1663 5620 cum
1719 5565 2014 5632 pra-sortito

416 5660 567 5708 teste
593 5645 788 5712 0,:tato
817 5641 1122 5694 mandasset
1163 5638 1476 5712 imperator.
1513 5647 1571 5690 ut
1614 5636 1818 5712 rentotis
1847 5652 2018 5687 neres-

414 5706 666 5777 sitatibus
694 5712 929 5785 publicis,
965 5712 1034 5785 de_
1055 5711 1156 5785 vita
1189 5706 1378 5785 elicis
1407 5707 1742 5785 Aptungitatti
1765 5721 2022 5785 quaerere-1

416 5804 544 5851 tur;
575 5777 765 5841 volens
788 5783 991 5837 scilicet
1021 5780 1125 5833 hoc
1140 5777 1396 5847 judicium
1421 5777 1721 5832 Arelatensi
1754 5777 2012 5845 praetium

2116 4654 2239 4708 dem
2270 4652 2382 4708 fere
2424 4652 2673 4717 nomina,
2702 4656 2861 4720 atque
2898 4667 3063 4706 unum
3098 4666 3163 4706 ex
3210 4653 3381 4707 altero
3411 4653 3717 4709 illustratur

2102 4757 2172 4803 et
2216 4747 2555 4802 emendatur.
2611 4745 2670 4800 ln
2721 4745 3184 4816 superscriptione
3238 4747 3445 4816 primus
3478 4749 3720 4805 occurrit

2119 4838 2355 4895 Marinus
2381 4839 2723 4896 Arelatensis
2742 4880 2757 4907 ,
2802 4842 3046 4911 sequitur
3072 4839 3319 4896 Acratius
3347 4882 3362 4908 ,
3402 4842 3492 4913 qui
3526 4844 3719 4903 melius

2120 5011 2263 5053 esse.
2295 4997 2780 5071 verisimiliusest
2826 4997 3081 5071 mendum
3114 5012 3236 5054 esse
3264 5000 3315 5054 in
3361 5003 3556 5071 gestis,
3590 5022 3715 5063 cum

2119 5067 2443 5146 praisertinr
2469 5069 2521 5123 in
2554 5068 2630 5146 iis
2667 5067 2904 5123 Licinius
2932 5071 3292 5146 μοι-πειθηξίηο
3335 5067 3712 5146 conjungatur,

2123 5138 2181 5193 ut
2234 5138 2444 5215 imperii
2497 5138 2804 5215 particeps,
2854 5141 2944 5209 qui
2992 5143 3134 5215 circa
3167 5140 3326 5215 ﬁnem
3376 5138 3563 5215 bu'jns'
3583 5138 3710 5204 anni

2121 5224 2241 5264 cum
2264 5209 2622 5282 Constantino
2647 5210 3068 5282 bellunrgessit,
3089 5220 3144 5267 et
3168 5214 3347 5269 vietus
3370 5209 3523 5271 estin
3551 5216 3714 5274 Ciba-

2123 5282 2255 5336 lensi
2300 5280 2484 5347 proelio
2514 5281 2602 5335 die
2621 5288 2811 5335 octava
2840 5279 3090 5337 Octobris
3113 5284 3425 5341 commisso.

2194 5351 2271 5423 (ὁ)
2300 5350 2582 5426 Αῑιαβυῃι.
2610 5350 2668 5426 In
2694 5355 3066 5426 manuscripto
3094 5355 3283 5410 codice
3323 5357 3517 5426 legitur
3559 5358 3718 5415 Αξια-

2125 5421 2380 5493 βοξέεεᾱ
2426 5422 2584 5494 nulla
2636 5421 2798 5492 hujus
2863 5424 3005 5494 apud
3054 5435 3264 5480 veteres
3313 5421 3569 5483 memoria
3615 5447 3628 5483 :
3688 5448 3719 5486 e

2123 5492 2310 5549 contra
2337 5492 2545 5549 Ablavii
2576 5508 2772 5549 nomen
2821 5492 3052 5551 illustre.
3088 5495 3268 5550 Potuit
3294 5498 3547 5552 Ablavius
3588 5507 3719 5556 tunc

2127 5567 2387 5635 temporis
2412 5563 2664 5635 Yicarius
2705 5580 2826 5619 esse
2864 5565 3083 5635 Africae.
3131 5566 3380 5621 Baluzius
3432 5567 3718 5635 legendum

2125 5633 2311 5692 cenéct
2353 5633 2629 5706 zElt'tmunt
2677 5651 2773 5705 pro
2828 5634 3127 5705 Elaﬁum,
3175 5636 3268 5706 qui
3312 5633 3560 5706 «Eliatius
3591 5648 3724 5698 tunc

2127 5711 2415 5779 proconsul
2434 5704 2785 5779 eratAfricat,
2816 5715 2878 5779 ut
2900 5704 2970 5779 ex
2999 5704 3290 5779 gestis,'de
3320 5704 3513 5774 quibus
3533 5721 3726 5779 supra,

2129 5774 2268 5847 quod
2294 5793 2399 5832 non
2424 5776 2681 5833 abhorret
2706 5798 2732 5831 τι
2768 5774 3067 5827 verisimili.
