4206 6170
512 366 613 419 787

1699 334 2016 414 lllS'l‘OltlA
2062 336 2615 413 nouarisianuu.

3704 349 3805 407 788

510 479 565 533 in
595 475 1077 543 SIIbSCllpllOIIlilllS
1111 471 1375 541 .lgrmtius
1398 464 1761 536 Trovirensis,
1788 454 2112 549 Theodorus
2138 464 2190 527 Α
2217 467 2290 520 ita
2319 470 2535 537 respuit,
2565 479 2618 523 ut
2648 467 2794 522 nulla
2823 466 2873 520 in
2904 466 3009 520 illis
3053 474 3139 517 ant
3184 462 3385 538 dicendi
3429 462 3566 516 ratio
3613 463 3810 517 subsis-

513 566 897 639 Aqnilciensis,
926 560 1131 619 Natalis
1161 562 1449 635 presbyter
1475 562 1707 616 civitatis
1739 559 2109 617 Ursolensium

512 661 653 715 forte
704 642 1056 727 Urgelitanaz,
1109 652 1390 709 Proterius
1435 652 1736 724 Capuensis
1788 651 2107 722 episcopus,

513 746 712 805 V'oeins
744 742 1142 818 Lugdunensis,
1177 744 1353 801 Verus
1384 732 1730 811 Viennensis,
1755 732 2113 799 Probatianus

514 859 608 899 seu
649 841 937 896 Probatins
967 838 1254 910 presbyter
1292 832 1751 903 Tarraconensis,
1798 835 2115 891 Caecilianus

514 928 1008 1005 Carthaginiensis,
1077 931 1367 987 Faustinus
1425 930 1711 1003 presbyter
1766 929 1833 985 de
1894 930 2116 986 civitate

516 1024 939 1091 Arausicorum,
996 1023 1320 1094 Surgentius
1350 1023 1638 1093 episcopus
1665 1020 1903 1077 civitatis
1942 1020 2118 1076 Poco—

513 1110 683 1183 fellis,
730 1106 867 1171 forte
895 1114 997 1171 vici
1028 1114 1285 1171 Biltensis
1327 1115 1380 1169 in
1418 1113 1625 1179 Africa,
1657 1111 1956 1183 Gregorius
1984 1106 2118 1169 Poro

518 1200 748 1279 tuensis,
772 1206 1015 1267 Reticius
1045 1206 1569 1281 Augustodunensis,
1618 1206 1969 1261 Ambitausus
2021 1221 2118 1262 seu

517 1300 860 1359 Imbetausus
910 1300 1218 1366 Remensis,
1252 1299 1562 1356 Termatius
1602 1298 1884 1370 presbyter
1930 1298 1995 1352 de
2041 1298 2119 1353 ci-

523 1396 692 1451 vitate
719 1394 1139 1466 Bastigcnsium,
1190 1384 1459 1451 Merocles
1505 1372 1947 1460 Mediolanensis,
1990 1390 2122 1447 Par-

522 1488 624 1544 dus
672 1484 987 1558 Arpitanus,
1020 1485 1268 1542 Adellius
1297 1485 1365 1541 de
1394 1487 1609 1541 colonia
1655 1482 2080 1540 Londinensium
2102 1526 2119 1552 ,

526 1576 821 1635 llibernius
867 1579 1006 1635 forte
1057 1580 1287 1636 Eborius
1330 1568 1691 1635 Eboracensis
1720 1620 1735 1645 ,
1790 1577 2124 1633 Fortunatus

523 1672 809 1742 episcopus
864 1669 1221 1727 Caesariensis
1276 1670 1330 1726 in
1384 1664 1703 1727 Mauritania
1737 1713 1751 1736 ,
1826 1670 2125 1726 Aristasius

526 1775 662 1829 forte
713 1762 1033 1828 Anastasius
1072 1771 1480 1828 Beneventinus
1530 1785 1625 1826 seu
1676 1769 2123 1835 Beneventensis,

523 1868 849 1937 Lampadius
872 1852 1170 1932 Utinensis,
1201 1865 1393 1921 Vitalis
1414 1864 1674 1921 Verensis
1706 1862 1759 1917 in
1791 1862 1971 1918 Africa
2002 1878 2127 1933 pro-

525 1959 822 2021 consulari,
874 1942 1150 2012 Maternus
1191 1955 1562 2021 Coloniensis,
1614 1954 1862 2011 Liberius
1917 1954 2126 2010 Emeri-

527 2044 718 2116 tensis,
768 2047 1064 2119 Gregorius
1094 2047 1233 2102 alter
1263 2046 1419 2118 cujus
1468 2058 1666 2102 nomen
1712 2056 1764 2101 et
1813 2049 1962 2101 locus
2017 2061 2127 2102 non

529 2150 744 2198 exstant
774 2143 825 2196 in
856 2138 1369 2211 subscriptionibus,
1394 2137 1661 2194 Crescens
1692 2138 1783 2209 qui
1812 2139 1953 2193 lorte
1984 2137 2126 2193 idem

530 2251 652 2290 cum
682 2232 913 2289 Chresto
941 2228 1286 2304 Syracusano
1308 2273 1322 2298 ,
1366 2226 1648 2287 Avitianus
1674 2218 2090 2299 Rotomagensis
2110 2272 2125 2297 ,

530 2327 732 2382 Dalnns
753 2310 1121 2389 Vasionensis,
1144 2324 1437 2380 Orientalis
1452 2322 2131 2396 Burdegalensis,_Quinta-

530 2422 641 2475 sius
668 2417 1034 2483 Calaritanus,
1070 2416 1257 2472 Victor
1280 2414 1550 2473 Uticensis
1567 2458 1582 2482 ,
1607 2423 1661 2471 et
1688 2415 1964 2486 Epictetus
1990 2416 2132 2471 Cen-

532 2500 926 2567 tumcellensis.
958 2491 1161 2564 Horum
1191 2509 1433 2564 omnium
1459 2509 1702 2575 nomina,
1750 2508 2130 2579 episcoporum

533 2618 655 2659 esse
696 2600 1020 2659 existimans
1054 2588 1333 2670 Valesius,
1366 2590 1477 2657 tres
1504 2594 1816 2672 aetriginta
1845 2600 2134 2671 episc0pos

532 2676 744 2770 synodo
787 2695 1092 2752 Arelatensi
1140 2682 1377 2751 adfuisse
1428 2694 1557 2750 inde
1598 2694 1836 2767 collegit.
1886 2674 1960 2750 At
1996 2708 2133 2764 cum

532 2790 677 2845 inter
719 2789 854 2844 istos
894 2782 1112 2860 tiiginta
1153 2797 1269 2845 tres
1309 2797 1546 2859 quatuor
1589 2788 1937 2860 presbyteros
1969 2786 2137 2842 fuisse

534 2874 751 2939 constet
777 2897 844 2937 ex
874 2864 1367 2953 subscriptionibus
1389 2922 1403 2949 ,
1460 2896 1657 2951 nempe
1702 2864 1969 2948 Natalem,
2002 2880 2142 2935 Pro-.

536 2976 788 3040 batium,
859 2958 1214 3038 Faustinum,
1286 2972 1663 3040 Termatium,
1742 2971 1943 3027 residui
2013 2978 2140 3027 sunt

538 3069 778 3140 episcopi
818 3076 1027 3124 tantum
1072 3048 1483 3140 vigintinovem,
1516 3067 1709 3138 quibus
1737 3067 1970 3124 addendi
2014 3078 2142 3123 sunt

537 3179 603 3219 ex
653 3146 1144 3233 subscriptionibus
1192 3162 1413 3218 Oresius
1451 3163 1834 3230 Massiliensis,
1870 3164 2143 3217 Mamerti-

2220 569 2367 625 teret,
2426 569 2518 613 aut
2546 559 2827 615 accusandi
2872 558 3055 612 modus
3097 556 3259 625 ullus,
3283 564 3371 609 aut
3418 554 3653 627 probatio
3692 572 3812 609 con-

2217 655 2427 709 veniret.
2469 653 2733 710 lnnocens
2788 655 2971 724 itaque
3022 652 3091 707 ab
3145 666 3335 707 eorum
3359 651 3647 706 calumniis
3688 666 3812 720 pro-

2218 748 2498 802 nuntiatus
2544 758 2626 803 eSt
2673 747 3031 812 Caecilianus,
3067 745 3167 815 ipsi
3208 759 3357 811 vero,
3381 744 3566 817 judice
3609 741 3719 799 Deo
3766 754 3813 799 et

2217 847 2379 892 matre
2406 837 2662 904 Ecclesia,
2691 838 2853 894 verba
2883 848 3007 893 sunt
3035 835 3280 908 epistolae
3310 835 3586 908 synodicm
3628 836 3813 891 conci.

2220 931 2301 999 lii,
2326 948 2439 1005 qua:
2464 949 2584 988 suos
2612 934 2749 987 novit
2796 942 2842 987 et
2885 932 3198 1004 comprobat,
3257 940 3350 986 aut
3395 929 3628 985 damnati
3671 941 3813 999 sunt,

2221 1034 2309 1079 aut
2335 1027 2528 1098 repulsi
2562 1042 2580 1081 :
2615 1025 2857 1082 damnati
2911 1027 3116 1082 scilicet
3165 1033 3510 1080 accusatores
3558 1026 3817 1097 ιιι·ωείρυί

2224 1135 2286 1176 ac
2310 1120 2620 1175 schismatis
2646 1131 2917 1185 auctores,
2971 1120 3155 1176 cmteri
3192 1134 3225 1174 τι
3247 1118 3631 1175 communione
3672 1118 3817 1190 pulsi

2222 1211 2395 1267 donec
2418 1211 2483 1266 ad
2506 1211 2803 1267 Ecclesiam
2831 1210 3156 1268 catholicam
3181 1210 3451 1275 redirent,
3485 1225 3592 1277 quo
3620 1209 3673 1264 in
3690 1224 3819 1267 casu

2225 1303 2491 1368 indultum
2525 1313 2605 1358 est
2638 1303 2705 1358 iis
2732 1304 2824 1375 qui
2864 1303 3048 1358 clerici
3076 1309 3235 1358 erant
3291 1301 3437 1357 inter
3483 1300 3819 1370 Donatistas,

2224 1396 2356 1452 utin
2381 1397 2550 1469 gradu
2571 1413 2669 1452 suo
2698 1406 3012 1463 manerent,
3056 1406 3111 1453 et
3158 1397 3301 1453 circa
3341 1395 3628 1468 episc0pos
3682 1395 3823 1453 idem

2226 1500 2486 1547 statutum
2509 1492 2651 1563 quod
2680 1493 2833 1564 prius
2863 1491 2918 1547 in
2940 1490 3170 1546 concilio
3199 1489 3445 1544 Romano
3464 1528 3480 1557 ,
3527 1500 3584 1544 ut
3612 1489 3665 1545 in
3688 1476 3823 1545 locis

2228 1583 2320 1638 ubi
2352 1599 2489 1638 unus
2518 1593 2634 1639 erat
2662 1590 2870 1637 tantum
2922 1580 3212 1651 episcopus
3260 1579 3428 1649 partis
3458 1579 3736 1650 Majorini,
3777 1581 3826 1636 is

2228 1676 2301 1731 ibi
2331 1683 2698 1747 permaneret.
2732 1673 2834 1731 Ubi
2858 1688 3008 1741 vero,
3038 1686 3177 1727 unus
3200 1671 3600 1727 communionis
3648 1670 3823 1727 Caeci-

2230 1768 2382 1833 liani,
2412 1768 2551 1823 alter
2575 1767 2844 1838 Majorini,
2886 1767 2930 1821 is
2960 1766 3034 1821 ibi
3081 1765 3499 1822 conﬁrmaretur
3543 1766 3637 1837 qui
3677 1766 3828 1837 prior

2232 1859 2374 1915 foret
2403 1858 2703 1922 ordinatus,
2739 1856 2898 1913 alteri
2936 1870 3068 1912 vero
3090 1856 3244 1927 plebs
3282 1856 3386 1911 alia
3417 1855 3649 1928 regenda
3680 1870 3827 1912 com-

2231 1953 2562 2018 mitteretur,
2595 1960 2687 2005 aut
2715 1959 2930 2006 servato
2952 1950 3206 2022 Episcopi
3235 1949 3443 2006 honore
3485 1960 3541 2007 et
3568 1951 3827 2023 dignitate

2232 2044 2286 2099 in
2315 2044 2503 2099 eadem
2536 2044 2774 2100 Ecclesia
2799 2053 3167 2115 permaneret,
3195 2059 3259 2100 ac
3287 2043 3510 2117 Collega
3559 2045 3826 2103 deceden—

2234 2146 2286 2191 te
2316 2138 2367 2191 in
2397 2136 2514 2206 ejus
2541 2136 2714 2191 locum
2744 2136 3081 2193 succederet.
3116 2136 3189 2192 Ea
3234 2136 3303 2193 de
3332 2152 3498 2193 causa
3543 2139 3825 2193 concilium

2233 2228 2286 2284 in
2312 2227 2540 2298 epistula
2571 2228 2830 2299 synodica
2852 2228 2917 2284 ad
2945 2228 3287 2301 Sylvestrum
3337 2229 3517 2285 innuit
3543 2245 3603 2286 se
3648 2231 3828 2286 mitius

2239 2334 2363 2397 cum
2417 2303 2778 2375 schismaticis
2827 2321 3003 2392 egisse
3033 2361 3048 2386 ,
3106 2321 3184 2376 sic
3230 2320 3297 2376 ad
3362 2336 3489 2377 eum
3542 2322 3826 2379 scribens:

2240 2410 2489 2481 Utinam,
2540 2417 2702 2485 frater
2734 2413 3084 2480 dilectissime,
3143 2413 3335 2469 adhoc
3391 2424 3591 2469 tantum
3631 2425 3829 2487 specta-

2235 2506 2409 2558 culum
2427 2506 2666 2560 interesse
2696 2505 2822 2559 tanti
2848 2505 3053 2576 fecisses
3079 2519 3099 2561 :
3130 2506 3357 2575 profecto
3378 2506 3763 2577 credimusquia
3780 2508 3830 2561 in
3860 2532 3873 2545 ι

2235 2614 2321 2653 eos
2342 2602 2560 2653 severior
2580 2599 2764 2669 {uisset
2786 2600 3038 2654 sententia
3063 2598 3290 2669 prolata,
3304 2609 3350 2653 et
3378 2609 3427 2655 te
3447 2600 3642 2671 pariter
3666 2601 3835 2655 nobis-

2237 2706 2352 2745 cum
2374 2690 2677 2765 judicante,
2709 2700 2865 2745 cretus
2895 2700 3066 2744 noster
3099 2691 3285 2765 majori
3327 2691 3512 2745 latitia
3542 2692 3831 2747 exultasset.

2312 2782 2543 2838 Canones
2591 2783 2797 2838 concilii
2852 2782 3189 2838 Arelatensis.
3239 2812 3309 2824 -—
3364 2782 3596 2840 Peracto
3637 2785 3840 2856 judicio

2240 2890 2419 2932 causa:
2448 2884 2665 2946 propter
2685 2890 2845 2946 quant
2868 2876 3159 2931 convocati
3207 2885 3367 2931 erant
3397 2875 3453 2932 in
3485 2877 3674 2933 urbem
3705 2880 3842 2935 Are-

2245 2970 2512 3025 latensem
2543 2969 2810 3040 episcOpi,
2842 2985 2949 3023 non
2997 2968 3113 3024 hmo
3144 2978 3350 3024 tantum
3404 2970 3511 3026 sibi
3565 2973 3840 3028 tractanda

2244 3078 2364 3119 esse
2394 3062 2772 3119 existimarunt
2813 3062 2879 3117 ad
2924 3077 3044 3134 quae
3104 3063 3317 3118 fuerant
3362 3062 3606 3130 invitati,
3662 3064 3759 3121 sed
3787 3074 3845 3121 et

2247 3168 2510 3227 praeterea
2533 3165 2590 3210 ut
2622 3155 2878 3211 Ecclesiis
2904 3155 3016 3209 suis
3044 3155 3416 3223 consulerent,
3440 3157 3588 3226 leges
3636 3156 3688 3211 in
3720 3171 3846 3227 pro-

538 3270 639 3309 nus
684 3244 990 3310 EIOSatium
1010 3296 1025 3321 ,
1080 3254 1382 3310 Restitutus
1413 3253 1838 3309 Londinensium
1859 3296 1873 3321 ,
1910 3254 2142 3310 Faustus
2171 3239 2216 3303 C
2249 3250 2437 3304 vinclis
2486 3249 2599 3305 suis
2626 3249 2994 3304 observandas
3024 3249 3187 3305 edere
3215 3249 3596 3306 decreverunt.
3629 3248 3844 3307 Conditi

539 3334 969 3413 Tuburbitanus,
1010 3357 1063 3400 et
1092 3332 1276 3401 Victor
1298 3362 1328 3401 a
1358 3348 1577 3401 civitate
1598 3346 2021 3416 Legisvolumini
2047 3363 2144 3402 seu

541 3437 801 3508 Legensis
834 3439 885 3493 in
918 3437 1196 3505 Numidia,
1254 3455 1483 3509 quorum
1528 3440 1746 3494 nomina
1781 3442 2144 3510 prmtermissa

540 3539 670 3585 sunt
718 3530 769 3585 in
822 3530 1289 3600 superscriptione
1355 3531 1605 3598 cpistolm
1658 3531 1953 3602 synodicae.
2016 3532 2145 3588 Inde

542 3622 753 3695 exurgit
787 3638 1044 3679 numerus
1072 3624 1453 3694 episcOporum
1504 3624 1719 3695 triginta
1747 3635 1997 3695 quatuor,
2028 3627 2148 3696 qni-

542 3716 645 3772 bus
718 3706 951 3770 addendi
1009 3726 1134 3770 sunt
1189 3715 1497 3785 quindecim
1559 3717 1899 3788 presbyteri,
1956 3716 2146 3786 viginti

544 3806 786 3879 quinque
813 3794 1039 3863 Diaconi
1064 3850 1079 3875 ,
1111 3823 1205 3863 sex
1239 3807 1535 3863 Exercistaa
1557 3850 1571 3875 ,
1610 3817 1664 3863 et
1711 3809 1817 3863 duo
1864 3809 2144 3877 Lectores,

545 3916 778 3972 quorum
804 3901 1022 3955 nomina
1048 3899 1100 3955 in
1124 3899 1909 3974 subscriptionibus,leguntur.
1931 3902 2057 3958 Herc
2079 3903 2148 3960 tle

549 4009 776 4049 numero
798 3982 1018 4048 Patrum
1044 3994 1133 4065 qui
1162 3994 1391 4050 concilio
1420 3996 1723 4051 Arelatensi
1766 3996 2143 4054 interfuerunt.

621 4083 843 4140 Concilii
884 4084 1109 4140 Prwses.
1167 4070 1388 4141 Decreta
1429 4084 1651 4141 Concilii
1720 4088 2153 4144 Arelatensis.—

547 4174 768 4233 Prael'uit
792 4178 1075 4233 consessui
1099 4174 1336 4233 Marinus
1364 4179 1722 4248 Arelatensis,
1764 4182 1919 4252 cujus
1951 4196 2148 4239 nomen

550 4271 786 4344 primum
815 4269 1012 4341 legitur
1031 4269 1088 4325 in
1104 4260 1569 4342 superscriptione
1585 4274 1830 4343 epistolae
1853 4274 2150 4346 synodicae.

550 4360 793 4419 Adfuere
815 4362 905 4417 alii
935 4362 1043 4418 duo
1065 4364 1279 4433 judices
1306 4365 1400 4436 qui
1447 4366 1498 4419 in
1529 4365 1937 4443 priori,judicio
1990 4369 2151 4425 sede-

552 4466 674 4509 rant
722 4452 998 4510 Maternus
1044 4464 1101 4535 et
1143 4456 1433 4527 Agrtetius.
1460 4458 1740 4530 Sylvester
1787 4463 1876 4533 qui
1926 4444 2151 4519 Miltiadi

552 4538 800 4603 Romano
854 4544 1094 4618 pontiﬁci
1140 4560 1500 4619 successerat,
1555 4565 1678 4606 cum
1710 4552 1778 4607 ab
1813 4554 1949 4609 urbe
2000 4569 2150 4609 rece-

2247 3350 2373 3396 sunt
2398 3341 2579 3412 itaque
2599 3340 2669 3395 ab
2698 3340 2834 3421 ipsis
2860 3354 3097 3396 canones
3122 3341 3307 3413 viginti
3338 3340 3469 3407 duo,
3512 3351 3568 3398 et
3607 3341 3675 3397 ad
3723 3342 3846 3414 Syl-

2246 3445 2485 3491 vestrum
2520 3450 2711 3505 papam
2739 3435 3063 3502 transmissi,
3096 3445 3154 3489 ut
3183 3450 3278 3504 per
3300 3449 3426 3490 eum
3453 3434 3545 3507 qui
3572 3436 3756 3505 prima-
3780 3449 3846 3491 ac

2247 3529 2538 3600 pracipes:
2569 3527 2719 3583 orbis
2759 3526 3022 3583 Ecclesia:
3049 3536 3317 3598 praeerat,
3347 3528 3562 3585 caeteris
3591 3527 3847 3584 Ecclesiis

2248 3621 2671 3677 innotescerent.

2321 3714 2554 3770 Canones
2585 3714 2805 3770 Concilii
2845 3715 3089 3770 adversus
3131 3716 3405 3771 traditores
3437 3725 3486 3771 et
3507 3716 3571 3771 de
3595 3716 3846 3788 baptismo

2249 3807 2627 3863 htereticorum.
2661 3837 2731 3848 —-
2764 3806 2844 3862 Ex
2877 3806 2959 3863 his
2989 3807 3288 3863 canonibus
3330 3806 3441 3864 duo
3469 3820 3597 3865 sunt
3658 3807 3849 3879 pracci-

2251 3916 2356 3973 pue
2383 3902 2473 3972 qui
2502 3901 2568 3956 ad
2616 3912 2938 3972 praesentem
2987 3917 3205 3957 causam
3256 3903 3548 3974 pertinent,
3574 3892 3848 3959 decimus-

2252 3998 2461 4063 tertius,
2504 4012 2611 4069 quo
2637 4006 2861 4054 cavetur
2881 4014 2894 4051 ;
2915 3997 2973 4069 Β
2997 4007 3051 4050 ut
3076 3997 3175 4068 ,qui
3208 3998 3493 4068 scripturas
3516 4010 3720 4053 sanctas
3740 4008 3850 4051 tra-

2253 4090 2445 4146 didisse
2473 4090 2739 4156 dicuntur,
2765 4091 2845 4145 vel
2887 4106 3009 4145 vasa
3052 4089 3329 4157 dominica,
3376 4090 3457 4145 uel
3503 4090 3710 4145 nomina
3739 4093 3852 4161 {ra-

2255 4192 2391 4237 trum
2420 4198 2657 4249 suorum,
2684 4182 2747 4236 ab
2773 4181 2955 4237 ordine
2997 4181 3121 4236 cleri
3169 4191 3504 4237 amoveantur
3531 4198 3550 4249 ;
3601 4181 3691 4236 sed
3728 4182 3856 4251 quia

2252 4276 2403 4330 multi
2427 4285 2546 4331 sunt
2565 4276 2650 4346 qui
2672 4284 2852 4330 contra
2875 4272 3288 4331 Ecclesiasticam
3327 4276 3560 4348 regulam
3607 4291 3855 4347 pugnau-

2256 4378 2328 4423 tes
2368 4384 2458 4439 per
2507 4377 2656 4423 testes
2706 4368 2998 4438 redemptos
3054 4378 3311 4439 putantse
3355 4368 3426 4422 ad
3476 4369 3859 4423 accusationem

2255 4458 2459 4514 admitti
2486 4458 2688 4524 debere,
2741 4458 2984 4512 statuitur
3009 4468 3067 4513 ut
3104 4459 3599 4525 non—admittuntur,
3656 4459 3759 4512 nisi
3785 4474 3859 4513 ea:

2258 4554 2385 4608 actis
2418 4552 2633 4624 publicis
2653 4552 2943 4618 docuerint,
2968 4551 3162 4606 crimen
3190 4551 3511 4607 Traditionis
3546 4554 3608 4605 ab
3632 4552 3705 4605 eis
3725 4566 3860 4621 quos

555 4632 687 4695 dere
714 4640 937 4697 minime
969 4641 1254 4711 potuisset,
1312 4643 1439 4699 illuc
1468 4643 1823 4700 Claudianum
1867 4646 2148 4703 et-Vitum
2180 4616 2236 4684 Ῑ)
2260 4653 2501 4699 accusant
2534 4644 2693 4715 fuisse
2718 4643 3065 4698 commissum.
3097 4642 3296 4698 Eorum
3321 4660 3439 4699 vero
3475 4644 3561 4714 qui
3604 4661 3637 4698 a
3666 4642 3863 4697 Tradi-

553 4731 909 4805 presbyteros
931 4731 1140 4805 legatos
1184 4734 1332 4809 misit
1370 4735 1459 4805 qui
1501 4734 1647 4791 vices
1696 4751 1820 4790 suas
1863 4737 2155 4806 implerent

557 4841 679 4880 cum
712 4824 922 4882 duobus
942 4825 1204 4882 diaconis.
1239 4825 1410 4883 Porro
1436 4828 1537 4907 etsi
1572 4842 1639 4884 ex
1698 4830 1950 4885 omnibus
1992 4830 2150 4889 Occi-

555 4918 735 4975 dentis
761 4912 1005 4991 partibus
1038 4914 1106 4973 ad
1138 4918 1239 4973 hoc
1268 4920 1558 4975 concilium
1598 4922 1839 4993 episcopi
1876 4937 2151 4981 convene-

556 5015 690 5083 rint,
722 5013 896 5084 msjor
926 5022 1104 5067 tamen
1130 5025 1318 5067 eorum
1352 5028 1476 5083 pars
1507 5029 1573 5070 ex
1604 5013 1797 5071 Galliis
1828 5032 1843 5081 ;
1876 5024 1999 5071 nam
2030 5032 2156 5074 sex-

557 5107 732 5162 decim
785 5105 1024 5175 episcopi
1080 5103 1345 5160 Gallicanl
1415 5107 1470 5162 in
1517 5107 2007 5180 Subscriptlonibds
2055 5127 2156 5167 nu-

560 5203 859 5252 merantur.
918 5193 1239 5275 Congregati
1296 5192 1458 5270 igitur
1508 5198 1753 5281 {episcopi
1826 5201 1880 5257 in
1934 5202 2156 5260 civitate

558 5287 864 5344 Arelatensi
884 5282 1129 5345 kalendis
1146 5289 1396 5362 Augusti,
1424 5292 1717 5351 Volusiano
1743 5293 1808 5364 ll,
1836 5297 2157 5353 etAnniano

557 5379 715 5435 Coss.
743 5394 889 5435 anno
920 5382 1046 5448 5H,
1076 5396 1294 5438 causam
1333 5382 1611 5440 Caeciliani
1633 5394 1845 5441 rursum
1868 5387 2157 5443 examina-

557 5484 704 5561 runt.
736 5468 983 5530 Praesens
1011 5478 1129 5530 erat
1148 5466 1294 5545 re'us,
1327 5476 1625 5545 praesentes
1674 5487 2036 5561 accusatores,
2087 5476 2157 5537 de

555 5560 755 5632 quibus
801 5561 918 5620 haec
974 5564 1051 5619 ait
1096 5564 1386 5621 concilium
1450 5566 1504 5624 in
1558 5568 1789 5638 epistola
1848 5569 2154 5643 Synodica:

555 5653 759 5716 Graves
807 5673 868 5712 ac
924 5658 1235 5730 perniciosos
1280 5660 1387 5730 legi
1434 5672 1626 5720 nostra!
1686 5674 1836 5735 atque
1891 5665 2159 5722 traditioni

543 5743 824 5811 e/frenate
885 5749 1071 5806 mentis
1125 5752 1360 5809 homines
1403 5750 1734 5826 pertulimus,
1792 5772 1918 5828 quos
1965 5767 2013 5813 et
2063 5754 2160 5816 Dei

542 5840 716 5896 nostri
746 5854 971 5908 presens
996 5848 1280 5904 auctoritas
1308 5853 1357 5900 et
1386 5846 1604 5909 traditio
1631 5865 1693 5906 ac
1714 5850 1891 5925 regula
1930 5851 2155 5912 veritatis

2257 4738 2452 4791 toribus
2479 4736 2704 4791 ordinati
2732 4736 2937 4806 fuerant
2963 4737 3219 4791 ordinatio
3240 4737 3387 4791 irrita
3433 4753 3536 4791 non
3583 4751 3693 4791 esse
3732 4752 3863 4805 pro-

2258 4830 2562 4911 nuntiatur,
2590 4845 2683 4884 nec
2711 4829 2992 4900 quidquam
3040 4830 3293 4884 ordinatis
3340 4831 3534 4885 obesse.
3585 4828 3719 4898 Quae
3745 4830 3863 4885 duo

2257 4922 2325 4978 ad
2354 4936 2572 4977 causam
2601 4919 2876 4976 Caeciliani
2908 4920 3199 4991 pertinent,
3229 4922 3461 4992 primum
3491 4921 3617 4991 quia
3662 4920 3863 4976 Tradi-

2258 5014 2421 5068 ti'onis
2447 5014 2651 5069 crimen
2681 5013 2822 5084 quod
2844 5012 2962 5083 ejus
2985 5011 3285 5069 adversarii
3333 5012 3527 5081 Felici,
3556 5012 3859 5082 Mensurio,

2260 5104 2489 5175 aliiSquc
2536 5102 2822 5159 catholicis
2874 5104 3145 5175 episc0pis
3189 5098 3550 5172 intentabant,
3607 5117 3672 5160 ex
3720 5105 3863 5162 actis

2262 5186 2490 5270 publicis
2517 5197 2748 5268 probare
2778 5197 3004 5252 minime
3033 5206 3306 5267 poterant,
3329 5190 3423 5254 sed
3475 5205 3681 5252 tantum
3708 5198 3863 5269 vulgi

2266 5306 2546 5349 rumorem
2572 5301 2663 5347 aut
2692 5298 2858 5347 testes
2885 5292 3118 5362 pecunia
3145 5302 3432 5363 corruptos
3469 5291 3537 5347 ad
3566 5300 3664 5348 eos
3717 5290 3865 5347 inla-

2265 5384 2491 5440 mandos
2517 5383 2843 5454 allegabant.
2874 5382 3141 5450 Alterum,
3169 5382 3295 5455 quia
3333 5381 3609 5438 Caeciliani
3639 5383 3865 5439 Ordina-

2265 5474 2464 5533 tionem
2516 5474 2856 5546 potissimum
2899 5474 3308 5547 impugnabant,
3361 5490 3430 5531 eo
3455 5473 3601 5547 quod
3653 5487 3863 5534 esseta

2266 5567 2447 5626 Felice
2483 5566 2851 5637 Aptungitano
2890 5567 3220 5623 Traditionis
3246 5581 3338 5623 reo
3386 5568 3615 5639 aliisque
3640 5567 3863 5640 episco-

2269 5662 2351 5733 pis
2377 5660 2753 5718 Traditoribus
2783 5662 3102 5719 ordinatus:
3152 5676 3274 5733 qum
3328 5664 3467 5717 ratio
3496 5661 3694 5719 nullius
3740 5672 3871 5723 erat

2268 5750 2506 5821 roboris,
2539 5758 2718 5810 statim
2750 5758 2911 5829 atque
2941 5754 3239 5813 Traditoris
3266 5756 3536 5813 ordinatio
3566 5738 3722 5814 irrila
3747 5756 3866 5815 uois

2269 5857 2403 5905 erat.
2435 5846 2588 5905 Alter
2613 5862 2787 5905 canon
2815 5848 2908 5922 qui
2954 5861 3173 5905 causam
3204 5847 3462 5906 Afrorum
3512 5859 3744 5921 spectat,
3774 5863 3871 5908 est
