4206 6170
386 330 496 386 739

1593 313 1919 378 HISTORIA
1964 313 2550 379 DONATISTARUM.

3684 346 3787 398 790

384 456 630 511 octavus,
659 443 727 500 de
756 443 1036 515 Baptistae
1071 439 1489 507 haereticorum,
1520 439 1678 510 cujus
1703 437 1826 494 haec
1859 438 2030 494 verba
2061 439 2112 499 Α
2142 451 2353 509 rogans
2418 450 2476 495 ut
2524 442 2792 514 exemplo
2839 443 3041 503 Christi
3093 441 3411 520 patientiam
3474 443 3794 516 adhiberent

384 548 517 596 sunt
544 556 558 591 :
590 536 669 593 De
693 537 856 608 Aliis,
881 536 1022 606 quod
1051 535 1278 605 propria
1311 535 1425 606 lege
1451 550 1550 589 sua
1593 543 1819 588 utuntur
1845 541 1904 587 ut
1945 550 2032 588 re—

385 633 668 706 boptizent,
699 628 896 704 placuit
917 637 971 681 ut
993 627 1038 681 si
1069 625 1140 681 ad
1163 625 1458 682 Ecclesium
1506 627 1703 696 aliquis
1730 625 1797 678 de
1842 624 2036 680 luet-esi

393 726 591 782 venerit
625 725 934 794 interrogent
980 736 1100 775 eum
1151 721 1473 792 symbolum,
1524 721 1649 775 etsi
1709 717 2043 789 perviderint

386 840 526 888 eum,
556 821 611 875 in
637 817 817 885 Patre,
849 827 896 872 et
937 813 1106 883 Filio,
1133 825 1185 871 et
1212 816 1422 887 Spiritu
1466 820 1650 868 sancto
1707 827 1821 865 esse
1861 805 2044 881 bapti-

387 925 585 979 zatum,
619 926 803 965 manus
829 909 875 964 ei
895 919 1096 962 tantum
1132 909 1443 968 imponatur
1470 915 1525 959 ut
1567 903 1807 973 accipiat
1854 899 2048 972 Spiri—

391 1017 497 1063 tum
517 1013 774 1060 sanctum.
797 1001 946 1069 Quod
972 1001 1016 1055 si
1034 1001 1388 1071 interrogatus
1405 1015 1506 1054 non
1529 995 1872 1068 responderit
1895 990 2048 1046 hanc

388 1099 731 1167 Trinitatem,
796 1095 1100 1167 baptizatur.
1155 1093 1286 1162 Quo
1345 1107 1553 1148 canone
1595 1104 1740 1146 usus
1794 1083 2049 1158 rebapti-

390 1190 546 1250 zandi
574 1205 670 1246 eos
696 1190 792 1261 qui
831 1188 896 1244 ad
928 1186 1237 1244 Ecclesiam
1279 1185 1580 1240 veniebant
1613 1183 1670 1237 in
1720 1179 1908 1236 Africa
1940 1192 2048 1234 re-

393 1294 578 1358 ceptus
624 1283 691 1340 ad
721 1295 822 1341 eos
857 1289 1064 1337 tantum
1121 1278 1426 1334 haereticos
1481 1275 1884 1345 restringitur,
1941 1273 2043 1346 qui

392 1383 714 1442 Trinitatem
774 1394 877 1434 non
926 1373 1326 1448 agnoscebant,
1361 1386 1423 1426 ac
1465 1369 1708 1442 proinde
1763 1371 1816 1424 in
1848 1369 2036 1435 Patre,

396 1487 453 1534 et
481 1474 640 1539 Filio,
674 1480 731 1527 et
761 1470 963 1542 Spiritu
991 1477 1184 1524 sancto
1213 1480 1326 1520 non
1361 1467 1518 1517 erant
1569 1459 1869 1530 baptizati,
1930 1460 2038 1518 hoc

397 1579 502 1634 est,
536 1569 586 1622 in
611 1566 704 1621 illa
735 1564 843 1619 ﬁde
871 1560 1174 1618 Trinitatis.
1209 1557 1334 1613 Non
1361 1555 1505 1611 enim
1540 1552 1688 1609 dicit
1739 1554 2034 1610 concilium

399 1671 461 1718 ut
490 1662 894 1731 interrogentUr
941 1655 1009 1710 de
1060 1652 1237 1708 forma
1271 1647 1553 1718 baptismi,
1629 1646 1731 1700 sed
1770 1645 1839 1702 de
1890 1645 2032 1702 ﬁde:

400 1759 711 1826 interrogent
753 1765 870 1806 eum
918 1747 1333 1821 symbolum.....
1390 1739 1541 1807 Quod
1603 1742 1650 1794 si
1679 1740 2036 1814 interrogatus

2143 530 2273 586 data
2303 529 2682 591 schismaticis
2715 537 2895 595 adhuc
2915 541 3141 611 optione
3163 543 3399 615 eligendi
3433 559 3611 606 utrum
3650 554 3786 608 mal-

2146 625 2288 691 lent,
2323 623 2399 681 ita
2425 635 2481 683 ut
2512 629 2558 683 si
2587 645 2690 685 eos
2719 631 2772 686 in
2800 637 3080 704 proposito
3132 653 3488 707 perseverare
3538 643 3783 700 animad-

2151 724 2460 783 verterent,
2524 722 2782 789 protinus
2808 725 2875 779 ad
2901 726 3148 796 proprias
3173 729 3330 786 sedes
3382 729 3647 789 redirent.
3683 719 3785 790 De-

2161 809 2329 880 nique
2360 810 2414 866 in
2437 811 2632 868 eadem
2658 816 2892 886 epistola
2923 827 3108 875 monet
3130 838 3224 877 eos
3248 822 3462 881 misisse
3505 839 3567 882 se
3595 827 3784 883 Arela-

2169 909 2276 956 tem
2305 901 2569 961 olliciales
2599 922 2732 964 suos
2760 912 2848 981 qni
2876 912 3182 981 pertinaces
3215 909 3282 971 ad
3310 917 3621 974 comitatum
3653 936 3778 992 per-

2177 995 2457 1064 ducerent,
2483 1008 2538 1055 et
2566 1000 2785 1060 dedisse
2813 1003 3019 1061 litteras
3045 1006 3113 1061 ad
3135 1006 3409 1064 Vicarium
3460 1009 3680 1077 Africus,
3717 1025 3774 1069 ut

2177 1101 2443 1163 quotquot
2465 1093 2584 1164 ejus
2616 1096 2843 1152 insanire.
2874 1099 3079 1154 similes
3106 1099 3414 1166 invenerit,
3465 1103 3648 1161 statim
3680 1121 3775 1161 eos

2159 1183 2226 1239 ad
2258 1187 2576 1242 comitatum
2607 1189 2829 1262 dirigat,
2860 1200 2916 1246 ut
2939 1192 3018 1246 sic
3041 1189 3258 1249 tandem
3283 1194 3575 1266 aliquando
3597 1197 3768 1253 turbis

2159 1289 2214 1338 et
2243 1281 2575 1338 dissensioni
2602 1283 2723 1339 linis
2757 1271 3174 1355 imponeretur:

2221 1373 2518 1447 Appellatio
2571 1371 2964 1432 Donatistarum
3037 1378 3106 1432 ad
3158 1380 3542 1449 imperatorem.
3603 1382 3765 1438 6ωεί-

2146 1471 2322 1525 lianus
2365 1478 2412 1526 et
2461 1474 2572 1544 ejus
2615 1469 2902 1525 adversarii
2934 1472 3204 1526 vocati.——
3232 1471 3327 1528 llis
3357 1475 3596 1544 acceptis
3623 1492 3762 1531 nun-

2145 1564 2235 1618 tiis
2260 1607 2275 1633 ,
2310 1563 2467 1618 multi
2501 1579 2566 1617 ex
2600 1575 2752 1633 parte
2798 1563 2990 1618 Donati
3033 1563 3380 1634 imperatoris
3425 1566 3560 1620 iram
3602 1569 3760 1624 veriti

2141 1671 2269 1712 cum
2300 1654 2597 1711 Caeciliano
2627 1655 2680 1709 in
2709 1653 3057 1709 concordiam
3087 1655 3322 1711 rediere.
3347 1655 3448 1724 Qui
3477 1672 3613 1713 vero
3637 1674 3762 1729 per-

2144 1749 2441 1805 tinaciores
2473 1745 2658 1815 fuere,
2705 1747 2771 1802 ad
2826 1747 3143 1802 comitatum
3180 1746 3426 1818 perducti
3469 1759 3597 1805 sunt
3647 1769 3661 1808 :
3703 1751 3761 1811 hi

405 1869 510 1909 non
559 1849 880 1921 responderit
927 1845 1059 1900 hanc
1109 1841 1427 1897 Trinitatem
1513 1835 1846 1905 baptizetur.
1903 1836 2036 1894 Huic
2066 1849 2114 1912 Β
2144 1844 2343 1915 partim
2382 1857 2480 1912 per
2519 1856 2600 1909 se,
2642 1841 2839 1912 partim
2863 1855 2961 1912 per
2987 1840 3378 1913 suifragatores
3407 1860 3548 1913 quos
3577 1841 3628 1900 in
3659 1860 3756 1916 pa-

406 1943 715 2003 deﬁnitioni
740 1947 1107 1998 consentanea
1158 1933 1382 1988 videtur
1422 1926 1612 1998 Optati
1643 1927 1712 1984 de
1761 1928 2036 2000 baptismo

408 2038 795 2094 haereticorum
829 2029 1120 2096 sententia,
1159 2025 1253 2097 qui
1285 2021 1507 2087 fatetur,
1547 2019 1649 2075 lib.
1685 2035 1727 2087 ι,
1768 2021 1796 2092 §
1849 2021 1935 2088 10,
1969 2039 2032 2079 ea

411 2129 596 2186 omnia
621 2143 743 2199 qua:
769 2123 1167 2181 Parmeuianus
1197 2117 1418 2172 dixerat
1449 2111 1514 2166 de
1542 2111 1746 2167 vitioso
1798 2121 1852 2168 et
1878 2113 2033 2170 irrito

412 2223 709 2294 baptismo,
767 2218 835 2273 ad
871 2216 1204 2288 baptismum
1258 2219 1452 2265 eorum
1486 2203 1869 2260 haereticorum
1912 2222 2034 2276 per—

418 2317 594 2370 tinere
622 2314 710 2384 qui
731 2307 1063 2366 ialsaverunt
1089 2302 1405 2377 symbolum
1419 2311 1480 2352 ac
1501 2295 1568 2352 de
1582 2295 1850 2354 Trlttitate
1872 2309 2033 2368 prave

417 2408 700 2470 sentiunt;
728 2401 1088 2470 eamdemque
1108 2392 1400 2452 Trinitatis
1424 2387 1608 2457 ﬁdem,
1635 2388 1728 2443 lib.
1754 2403 1807 2456 v,
1838 2390 1938 2462 §5,
1972 2391 2029 2458 4,

419 2511 477 2559 et
503 2500 558 2566 8,
589 2500 639 2554 in
656 2495 986 2566 suscipiente
1012 2489 1272 2562 requirit;
1304 2500 1368 2540 ac
1394 2483 1610 2538 demum
1644 2480 1840 2537 ibidem
1857 2482 2035 2538 Dona-

423 2594 583 2649 tistas
610 2583 960 2658 reprehendit
991 2581 1132 2653 quod
1162 2586 1452 2652 postquam
1484 2567 1646 2628 homo
1675 2572 2034 2644 interrogatus

424 2688 479 2741 in
513 2683 839 2752 baptismate
866 2676 1224 2748 responderat
1264 2670 1428 2726 ﬁdem
1473 2665 1750 2722 Trinitatis
1775 2707 1789 2731 ,
1837 2667 2032 2723 iterum

425 2785 552 2849 post
584 2771 718 2829 illud
750 2785 907 2825 unum
930 2769 1082 2823 credo
1104 2767 1395 2838 exigerent
1425 2759 1643 2812 alterum
1669 2758 1840 2815 credo.
1868 2760 2036 2827 Quid-

425 2867 557 2940 quid
591 2865 662 2921 slt
684 2879 854 2920 canon
884 2860 1220 2918 Arelatensis
1251 2857 1320 2912 de
1349 2869 1456 2926 quo
1489 2853 1699 2923 agimus
1750 2853 2030 2922 Speciatim

426 2976 537 3017 non
571 2969 653 3014 est
677 2956 924 3013 conditus
953 2955 1216 3010 adversus
1242 2945 1491 3018 Majorioi
1516 2953 1743 3016 partem,
1771 2945 1866 3000 sed
1889 2945 2032 3000 circa

427 3055 608 3122 legem
638 3049 783 3104 Afris
815 3047 1086 3118 propriam
1139 3043 1208 3098 de
1262 3035 1664 3108 rebaptizandis
1707 3035 1774 3090 iis
1807 3037 1911 3107 qui
1966 3038 2034 3092 ab

428 3143 708 3202 luereticis
737 3139 990 3210 baptizati
1043 3137 1264 3193 fuerant
1310 3147 1434 3187 cum
1474 3129 1539 3183 ad
1593 3129 1888 3184 Ecelesiam
1944 3144 2034 3186 ve-

429 3239 678 3303 niebant,
713 3245 871 3306 Quam
914 3233 1204 3289 concilium
1236 3229 1339 3285 hoc
1363 3238 1574 3282 canone
1617 3225 1954 3293 temperavit.

2144 1937 2278 1993 latio
2308 1935 2606 2000 habebant,
2649 1935 3032 2006 imperatorem
3061 1936 3418 2007 interpellare
3459 1954 3566 1993 non
3596 1937 3765 1995 desti-

2143 2039 2351 2096 terunt,
2382 2039 2440 2085 ut
2481 2030 2600 2101 ipse
2648 2027 2791 2085 inter
2836 2039 3021 2100 partes
3063 2029 3327 2101 judicium
3371 2029 3556 2087 ferret.
3605 2032 3758 2102 Quod

2139 2138 2262 2179 cum
2307 2123 2489 2194 primo
2535 2129 2817 2179 aversatus
2865 2135 3014 2179 esset
3056 2121 3483 2192 Constantinus,
3542 2127 3756 2184 tandem

2138 2217 2414 2273 continuis
2463 2215 2871 2272 Donatistarum
2936 2215 3266 2274 aditionibus
3322 2219 3498 2274 victus
3550 2221 3750 2282 cessit,

2137 2319 2306 2379 utque
2345 2309 2484 2381 ipsis
2519 2325 2580 2364 os
2613 2324 2840 2380 prorsus
2877 2305 3190 2366 occluderet
3215 2352 3230 2379 ,
3269 2310 3335 2366 de
3364 2311 3641 2368 Caeciliani
3675 2315 3757 2368 in-

2140 2402 2392 2457 nocentia
2419 2401 2685 2472 judicium
2717 2400 2858 2456 ferre
2905 2402 3206 2456 constituit.
3249 2402 3328 2459 Ac
3359 2404 3592 2474 primum
3625 2397 3750 2475 qui-

2138 2493 2260 2549 dem
2284 2493 2638 2549 Ccccilianum
2665 2509 2734 2547 ex
2764 2491 2948 2548 Africa
2978 2508 3260 2549 accersere
3290 2494 3627 2561 decreverat,
3658 2495 3754 2552 sed

2102 2632 2105 2636 .
2135 2591 2343 2639 mutata
2365 2627 2379 2649 ,
2428 2583 2495 2638 ad
2527 2582 2850 2654 petitionem
2890 2583 3292 2639 Donatistarum
3325 2586 3706 2656 episc0porutn
3737 2628 3751 2651 ,

2139 2678 2412 2735 sententia
2443 2720 2458 2745 ,
2503 2679 2792 2750 episcopos
2833 2679 3004 2749 partis
3044 2677 3238 2733 Donati
3269 2677 3360 2749 qui
3393 2677 3446 2732 in
3493 2679 3752 2734 comitatu

2138 2785 2294 2832 erant
2323 2775 2376 2831 in
2405 2775 2645 2832 Africam
2675 2778 2877 2833 reverti
2917 2777 3112 2848 jussit,
3148 2786 3205 2832 ut
3233 2776 3340 2832 illic
3375 2792 3542 2832 causa
3576 2773 3754 2832 omnis

2137 2887 2256 2941 quae
2288 2870 2422 2940 ipsis
2460 2869 2724 2926 adversus
2753 2870 3106 2927 Cmcilianum
3137 2871 3484 2942 competebat
3517 2871 3585 2926 ab
3615 2870 3751 2925 ami-

2137 2962 2216 3016 cis
2247 2976 2343 3016 seu
2387 2961 2666 3032 judicibus
2713 2978 2851 3033 quos
2893 2964 3189 3035 elegisset,
3232 2972 3654 3034 cognosceretur
3700 2971 3756 3016 et

2140 3050 2412 3106 ﬁniretur.
2467 3053 2662 3107 Verum
2707 3052 3030 3123 imperatori
3062 3051 3223 3123 paulo
3254 3063 3371 3122 post
3412 3051 3465 3108 in
3515 3061 3750 3108 mentem

2138 3143 2287 3198 venit
2327 3141 2629 3197 timendum
2673 3158 2794 3198 esse
2821 3185 2836 3210 ,
2882 3159 2950 3200 ne
2981 3143 3028 3199 si
3065 3145 3116 3198 in
3149 3140 3332 3198 Africa
3375 3159 3554 3199 causa;
3591 3143 3752 3214 hujus

2138 3232 2374 3304 cognitio
2423 3233 2836 3302 institueretur,
2891 3252 2920 3289 a
2972 3232 3298 3292 turbulentis
3348 3236 3667 3308 quibusdam
3721 3252 3752 3291 e

509 3328 745 3400 Epistola
770 3325 1017 3397 synodica
1047 3321 1255 3378 concilii
1307 3317 1640 3373 Arelatensis.
1667 3345 1737 3356 -—
1761 3315 1862 3383 Qui
1903 3331 2032 3371 con-

2142 3325 2543 3383 Donatistarum
2587 3327 2818 3384 factione
2862 3329 3279 3400 perturbaretur
3319 3331 3604 3403 judicium,
3649 3347 3750 3389 nec

431 3433 694 3483 venerant
719 3421 770 3476 in
797 3421 984 3476 urbem
1014 3418 1394 3472 Arelatensem
1429 3411 1688 3480 episcopi,
1740 3419 2029 3481 antequam

433 3520 814 3583 discederent,
873 3514 1186 3582 synodicam
1244 3509 1529 3580 epistolam
1583 3507 1648 3561 ad
1697 3506 2030 3578 Sylvestrum

432 3614 726 3685 scripsere,
761 3626 863 3682 qua
899 3608 1073 3680 ipSum
1107 3621 1295 3663 eorum
1329 3618 1452 3676 qua:
1501 3612 1784 3674 gesserant
1835 3605 2032 3659 certio-

434 3724 554 3764 rem
586 3704 808 3772 faciunt,
866 3713 921 3759 et
973 3701 1131 3758 simul
1165 3713 1404 3755 canones
1457 3711 1486 3750 a
1531 3711 1588 3751 se
1632 3695 1878 3751 conditos
1928 3695 2032 3766 ipsi

438 3780 835 3867 transmittunt,
891 3807 949 3852 ut
976 3813 1073 3869 per
1101 3812 1226 3853 eum
1254 3794 1470 3850 caneris
1508 3791 1763 3847 Ecclesiis
1814 3793 2029 3847 innote-

437 3895 676 3953 sccrent.
704 3893 783 3950 Ad
816 3895 1199 3962 imperatorem
1229 3901 1444 3960 quoque
1469 3885 1821 3956 scripserunt,
1855 3893 1908 3941 et
1963 3887 2031 3941 ab

436 4003 506 4045 eo
537 3986 808 4043 licentiam
862 3982 1096 4039 abeundi
1153 3981 1378 4052 petiere.
1437 3977 1653 4034 interim
1706 3978 1918 4049 quidam
1963 3995 2028 4034 ex

439 4090 598 4153 parte
622 4078 868 4149 Majorini
900 4075 1315 4132 Constantinum
1366 4071 1614 4128 adierunt
1655 4071 1722 4126 ad
1767 4072 2028 4142 judicium

440 4174 563 4244 ejus
590 4177 946 4243 provocantes
968 4168 1067 4242 (a),
1095 4181 1325 4238 quorum
1355 4164 1766 4235 appellationem
1799 4165 2029 4236 primum

442 4265 741 4320 detestatus
768 4272 849 4318 est
878 4259 1286 4325 Constantinus,
1335 4257 1389 4312 in
1433 4257 1546 4312 haec
1576 4256 1738 4312 verba
1783 4272 2032 4327 prorum-

445 4375 629 4432 pens:
681 4355 726 4410 0
763 4355 944 4410 rabida
1009 4354 1204 4424 furoris
1249 4350 1512 4405 audacia!
1561 4349 1700 4405 sicut
1752 4351 1804 4404 in
1854 4351 2032 4406 causis

445 4450 738 4508 Gentilium
773 4449 883 4504 lleri
911 4447 1076 4514 solet,
1123 4444 1540 4516 appellationem
1571 4443 2028 4514 interposuerunt.

445 4544 760 4615 Indignatus
773 4541 977 4598 scilicet
999 4553 1093 4594 eos
1118 4537 1498 4607 episcoporum
1517 4536 1840 4607 judicionon
1866 4546 2029 4606 stare,

445 4649 502 4695 et
532 4637 594 4692 ad
619 4635 891 4692 saecularia
917 4632 1114 4704 judicia
1133 4647 1451 4702 provocare,
1479 4644 1744 4700 suumque
1767 4633 2036 4700 postulare

2138 3419 2438 3475 secundum
2462 3419 2745 3474 veritatem
2769 3420 3026 3488 ferretur,
3058 3435 3150 3477 aut
3173 3424 3218 3477 si
3243 3438 3329 3479 res
3351 3423 3491 3479 bene
3508 3423 3751 3494 judicata

2136 3521 2314 3579 esset,
2348 3521 2406 3566 ut
2441 3521 2598 3569 erant
2625 3514 2884 3568 obstinati
2913 3515 3111 3582 animi,
3149 3515 3359 3585 judicio
3388 3516 3741 3586 acquiescere

2135 3612 2485 3673 recusarent;
2536 3615 2742 3662 mutato
2784 3607 3015 3664 consilio
3055 3611 3290 3677 statuit,
3323 3619 3380 3664 ut
3417 3607 3744 3665 Caecilianus

2134 3701 2312 3772 potius
2356 3707 2410 3752 et
2456 3698 2574 3767 ejus
2615 3699 2912 3755 adversarii
2963 3708 3377 3756 accerserentur
3407 3699 3476 3756 ad
3519 3701 3748 3756 comita-

2138 3802 2288 3857 tum;
2337 3799 2395 3845 ut
2422 3791 2538 3863 ipse
2567 3793 2710 3848 inter
2735 3793 3113 3865 eosjudicium
3161 3796 3348 3852 ferret.
3393 3795 3752 3866 Seripsitigla

2137 3894 2224 3939 tur
2252 3885 2363 3937 tum
2388 3879 2455 3937 ad
2485 3880 2840 3939 Caecilianum
2867 3927 2882 3952 ,
2919 3895 3032 3941 tum
3071 3887 3138 3942 ad
3183 3887 3471 3957 episcopos
3501 3889 3622 3958 ejus
3653 3887 3748 3941 ad-

2136 3974 2442 4042 versarios,
2487 3983 2544 4030 ut
2575 3975 2802 4032 Romam
2845 3977 2913 4032 ad
2953 3993 3014 4033 se
3046 3978 3335 4045 venirent,
3377 3994 3483 4050 qua
3529 3979 3583 4033 in
3610 3977 3743 4033 urbe

2136 4071 2450 4127 morabatur
2499 4084 2690 4126 mense
2730 4072 2976 4142 Augusto
3023 4074 3149 4127 anni
3180 4072 3286 4128 515
3310 4114 3324 4139 ,
3369 4081 3430 4128 ιιι
3457 4087 3523 4129 ex
3555 4071 3746 4127 codice

2133 4163 2520 4222 Tlteodosiano
2549 4165 2737 4235 liquet.
2771 4165 2936 4220 Extat
2963 4165 3124 4236 hujus
3156 4163 3388 4235 epistola
3427 4163 3495 4220 ad
3525 4167 3741 4234 cpisco-

2136 4273 2238 4330 pos
2267 4255 2542 4313 Creeiliani
2586 4256 2962 4322 adversarios,
2990 4258 3044 4312 in
3086 4271 3191 4327 qua
3221 4267 3504 4326 postquam
3551 4251 3745 4309 mutati

2136 4349 2349 4407 consilii
2389 4349 2661 4403 rationem
2691 4347 2963 4416 reddidit,
3007 4348 3294 4417 pollicetur
3339 4348 3470 4418 ipsis
3508 4345 3652 4418 quod
3696 4344 3744 4400 si

2139 4450 2408 4515 praesente
2437 4440 2728 4498 Cmciliano
2759 4442 2841 4498 vel
2883 4458 3047 4497 unum
3080 4457 3110 4497 e
3139 4439 3457 4497 criminibus
3507 4443 3742 4512 Quorum

2139 4557 2261 4598 eum
2291 4541 2619 4596 accusabant
2647 4542 2877 4610 probare
2905 4541 3219 4611 potuerint,
3263 4540 3488 4609 perinde
3517 4540 3569 4594 id
3597 4537 3741 4608 apud

2140 4655 2199 4695 se
2231 4637 2464 4693 futurum
2491 4651 2554 4692 ac
2582 4638 2627 4692 si
2657 4637 2904 4692 universa
2934 4653 3054 4708 quae
3081 4637 3130 4692 ei
3152 4635 3742 4708 intenderantprobata

441 4731 734 4804 judicium.
769 4727 1000 4798 Scripsit
1034 4726 1194 4797 igitur
1220 4725 1286 4781 ad
1316 4725 1600 4795 episcopos
1643 4725 1855 4781 concilii
1898 4726 2037 4782 Are-
2061 4727 2114 4787 1)
2142 4741 2344 4787 essent.
2377 4729 2580 4786 Eodem
2622 4741 2867 4801 tempore
2911 4728 3125 4784 videtur
3172 4726 3461 4797 scripsisse
3511 4711 3577 4781 ad
3609 4725 3744 4780 Pro-

447 4817 889 4881 latensishornm
942 4820 1218 4875 hominum
1271 4818 1621 4889 pervicaciam
1669 4819 1865 4875 acerbe
1912 4837 2034 4891 per-

449 4918 744 4989 SIringens,
777 4914 1008 4972 laudans
1057 4913 1269 4968 concilii
1292 4911 1550 4983 judicium
1580 4954 1594 4979 ,
1647 4923 1699 4969 et
1749 4916 2034 4987 episcopos

531 5034 608 5108 (a)
643 5034 722 5089 Ad
755 5031 1015 5108 judicium
1039 5033 1148 5108 ejus
1175 5039 1518 5108 provocantes.
1560 5027 1692 5086 Sunt
1723 5031 1813 5108 qui
1841 5032 2033 5087 existi—

451 5100 605 5165 ment
632 5100 1246 5175 provocationemistam
1290 5100 1681 5175 Donatistarum
1707 5102 1774 5175 ad
1802 5103 2034 5173 impera-

455 5169 643 5233 torem'
668 5174 1034 5244 interpositam
1064 5171 1283 5244 fuissea
1309 5169 1507 5244 judicio
1538 5171 1786 5244 Miltiadis
1820 5169 2032 5230 et'con-

454 5249 567 5304 cilii
597 5237 840 5301 Romani.
878 5245 946 5299 At
982 5243 1189 5312 quoties
1218 5242 1282 5296 de
1306 5237 1508 5310 judicio
1539 5239 1780 5296 Romano
1810 5252 1864 5298 ct
1898 5245 2034 5300 Are-

455 5317 651 5376 latensi
696 5318 927 5388 loquitur
971 5311 1297 5388 Augustinus
1323 5355 1335 5377 ,
1369 5311 1689 5388 toties‘dieit
1727 5314 2033 5388 Donatistas

455 5378 781 5458 conquestos
806 5401 925 5442 esse
951 5378 1087 5456 apud
1114 5386 1488 5458 imperatorem
1515 5378 1583 5438 de
1613 5385 1784 5458 primo
1805 5387 2031 5458 judicio,

458 5473 513 5518 et
538 5476 563 5514 a
586 5455 844 5515 Secundo
867 5458 928 5511 ad
959 5455 1129 5527 ipsum
1152 5455 1527 5527 Imperatorem
1557 5456 1878 5527 appellasse.
1913 5457 2033 5526 Ipse

457 5535 755 5600 imperator
785 5530 836 5582 in
867 5525 1090 5600 epistola
1122 5526 1186 5581 ad
1229 5525 1474 5600 rElalium
1514 5525 1754 5600 referens
1795 5529 1922 5600 quid
1942 5525 2032 5600 ide

451 5597 660 5678 judicio
685 5598 939 5678 iiomano
984 5599 1242 5678 dixissent
1283 5597 1382 5678 sibi
1434 5598 1764 5678 Donatista,
1794 5599 1870 5678 ait
1915 5599 2037 5654 illos

457 5669 808 5748 rQSpondisse
847 5669 1176 5748 :_Qttod-illic
1217 5669 1566 5748 Olittlis.catt8a_
1605 5685 1704 5748 non
1739 5671 2040 5748 fuissetcu-

462 5739 594 5814 dini,
624 5741 714 5796 sed
743 5741 892 5814 pauci
936 5740 1142 5814 quidam
1179 5739 1402 5810 episcopi
1431 5740 1650 5809 quodam
1682 5739 1790 5814 loco
1816 5758 1868 5794 se
1898 5742 2040 5796 clau-

464 5809 682 5877 sissent,
726 5809 773 5864 et
817 5809 963 5881 prout
984 5812 1107 5884 ipsis
1145 5822 1316 5884 aptum
1361 5814 1565 5880 fuerat,
1591 5812 1926 5884 judicassent.
1975 5814 2042 5866 At

470 5889 618 5947 idem
654 5880 1033 5942 Constantinus
1069 5883 1123 5940 in
1167 5880 1390 5953 epistola
1419 5883 1484 5938 ad
1513 5880 1796 5954 episcopos
1824 5924 1839 5951 ,
1883 5899 2043 5956 quam

2144 4825 2361 4880 bianttm
2392 4821 2591 4878 Africa:
2620 4821 2995 4892 proconsulem
3025 4819 3124 4891 (b),
3158 4827 3213 4874 ut
3240 4818 3541 4889 ingentium
3568 4817 3737 4873 decu-

2143 4917 2873 4987 riortethiquensium9qui
2889 4915 3083 4970 Felicis
3109 4913 3395 4984 epistolam
3408 4913 3743 4969 adulterasse

2141 5032 2206 5087 ad
2249 5032 2577 5087 Arelatensis
2623 5029 2813 5103 synodi
2845 5030 3034 5084 Patres
3085 5029 3262 5082 datam
3310 5042 3444 5103 esse
3471 5026 3736 5103 vix_qui_s_-

2141 5119 2300 5172 quam
2334 5103 2580 5156 dubitare
2617 5097 2792 5171 potest
2815 5143 2829 5164 ,
2861 5115 3184 5169 provocasse
3221 5097 3739 5172 cosdicitadjudi-

2142 5169 2285 5228 cium
2311 5189 2488 5237 suum,
2514 5182 2566 5226 et
2595 5169 3033 5242 provocatiOnem
3065 5173 3202 5242 hanc
3226 5169 3408 5223 verbis
3432 5169 3538 5224 illis
3561 5169 3740 5242 detes-

2145 5255 2285 5300 tatur
2319 5263 2330 5296 :
2365 5261 2394 5297 o
2437 5241 2618 5296 rabida
2658 5244 2847 5313 furoris
2889 5241 3146 5296 audacia!
3199 5249 3342 5303 etc.,
3391 5255 3511 5313 qua}
3573 5241 3738 5292 verba

2143 5316 2368 5386 Optatos
2399 5313 2562 5386 refert
2585 5311 2853 5386 tamquam
2881 5316 3084 5386 prolata
3116 5311 3452 5386 postsyaodi
3472 5311 3738 5386 liomana:

2141 5379 2422 5457 judicium.
2456 5385 2525 5439 At
2552 5401 2673 5439 cum
2711 5379 2911 5457 nullatit
2944 5379 3547 5457 Arelatensis—Conon“
3587 5393 3737 5457 men-

2141 5449 2343 5514 tionem
2373 5457 2577 5519 fecerit,
2609 5456 2748 5529 haud
2777 5457 2969 5510 mirum
3001 5457 3057 5529 si_
3073 5457 3233 5529 verba
3261 5453 3347 5506 illa
3374 5453 3439 5505 ad
3470 5449 3735 5529 synodum

2137 5531 2435 5585 Romanam
2490 5525 2778 5592 retulerit,
2825 5542 2945 5597 quae
2995 5525 3062 5583 ad
3113 5527 3431 5582 Arelatense
3470 5521 3732 5592 judicium

2175 5605 2429 5657 ertinent.

2136 5618 2516 5743 peiianEoldem
2549 5681 2775 5739 tempore
2801 5670 2996 5743 uidetur
3033 5669 3300 5743 scripsisse
3318 5661 3384 5716 ad
3419 5659 3736 5743 Rrobianuru

2144 5730 2335 5816 Africw
2373 5730 2762 5796 Proconeulem.
2792 5741 2929 5796 Sunt
2982 5739 3071 5808 qui
3109 5730 3393 5816 epistulari]
3427 5730 3740 5816 ill‘lamscr'tf-

2149 5802 2295 5886 piam
2323 5830 2443 5869 esse
2486 5823 2747 5886 censeant
2773 5823 2929 5886 anno
2968 5802 3233 5877 superiori
3283 5813 3406 5886 ante
3437 5802 3743 5859 Concilium

2148 5879 2487 5945 Arelatense.
2520 5884 2591 5942 At
2626 5879 2970 5940 verisimilius
2997 5887 3077 5937 est
3111 5879 3432 5938 accersitum
3459 5886 3575 5934 non
3624 5885 3744 5933 esse
