4206 6170
561 290 659 350 791

1706 270 2056 365 ,ntsrontA
2102 304 2660 366 DONATISTARUM.

3742 320 3835 375 an

566 412 848 468 convictus
883 422 1002 469 erat
1041 427 1222 469 coram
1271 414 1491 471 Ᾰίιίιιιιο
1542 420 1862 488 proconsule
1907 419 2162 475 Pt'obiuni
2191 426 2244 484 Α
2268 439 2388 479 esse
2414 425 2676 497 judicium
2705 470 2719 492 ,
2754 428 2887 481 facta
2928 429 3170 501 diligenti
3210 431 3577 502 inquisitione,
3622 450 3678 486 ac
3705 439 3835 492 srdi-

565 504 1003 573 prmdecessore,
1035 514 1193 575 atque
1230 505 1355 561 ideo
1398 508 1552 577 hujus
1595 511 1747 577 jussu
1791 510 1843 563 iu
1888 526 2163 565 carcerem

577 597 856 665 conjectus
885 597 1078 663 fuerat,
1107 598 1170 652 ad
1200 600 1513 654 comitatmn
1544 601 1645 656 sub
1674 601 1863 656 idenea
1904 617 2162 671 prosecu-

567 691 713 745 tione
762 690 1040 754 mitteret,
1089 701 1145 745 ut
1184 692 1313 757 illis,
1346 692 1542 763 inquit,
1582 695 1669 764 qui
1706 696 2166 766 imprwsentiarum

566 789 743 851 agunt,
776 790 925 851 alque
952 781 1214 837 diuturnis
1238 784 1413 837 diebus
1443 785 1770 857 interpellare
1802 803 1902 840 non
1929 787 2166 840 desinunt

560 872 911 940 audientibus,
940 885 986 928 et
1016 891 1189 929 coram
1221 878 1571 932 assistentibus
1588 895 1839 951 apparere
1863 890 1908 932 et
1938 880 2168 933 intimari

563 967 729 1036 possit
759 969 953 1038 frustra
988 984 1073 1022 eos
1101 966 1378 1024 Ctecitiano
1416 972 1655 1043 episcopo
1682 973 1927 1026 invidiam
1958 990 2167 1042 compa-

564 1078 681 1116 rare
700 1104 714 1126 ,
758 1071 912 1130 alque
937 1064 1181 1117 adversus
1220 1080 1334 1117 eum
1360 1066 1606 1118 violenter
1634 1067 1895 1137 insurgere
1921 1066 2162 1120 uoluisse.

564 1152 653 1207 Ita
681 1154 815 1207 enim
844 1155 952 1223 ﬁet,
984 1155 1267 1229 utpmissis
1297 1156 1427 1209 sicut
1456 1167 1651 1226 oportet
1678 1157 1931 1230 ejusmodi
1962 1166 2165 1210 conten-

568 1245 789 1299 tionibus
828 1246 1050 1315 pomttns
1093 1248 1201 1300 sine
1228 1247 1545 1302 dissensione
1575 1249 1747 1318 aliqua
1773 1249 2008 1319 religioni
2049 1265 2169 1317 pro-

566 1339 698 1405 pria:
724 1354 836 1391 cum
860 1338 1030 1391 debita
1064 1346 1385 1394 veneratione
1410 1341 1677 1394 deserviat.
1706 1341 1801 1396 Die
1831 1341 1971 1395 dicta
1994 1339 2168 1394 C:cci-

566 1431 762 1494 lianus,
809 1433 991 1485 nvscio
1025 1447 1183 1501 quam
1213 1430 1284 1485 ob
1326 1447 1567 1498 causam,
1600 1433 1782 1486 Romae
1814 1433 1955 1486 sicut
1986 1432 2167 1501 jussus

564 1532 685 1579 erat
712 1540 817 1577 non
846 1528 1083 1579 occurrit
1110 1544 1122 1582 :
1155 1533 1264 1579 tum
1296 1524 1454 1594 hujus
1471 1524 1764 1579 adversarii
1790 1526 1877 1594 qui
1907 1525 1971 1578 ad
2004 1524 2167 1579 comi-

570 1629 739 1673 tatum
787 1618 1060 1672 redierant
1116 1618 1501 1688 imperatorem
1551 1620 1964 1689 interpellarunt
2010 1628 2068 1673 nt
2114 1619 2169 1674 in

566 1710 918 1765 Ca'ciliauum
971 1711 1119 1764 velut
1166 1721 1545 1766 contumacem
1602 1713 1924 1767 sententiam
1982 1710 2167 1765 ferret.

2268 515 2438 570 tiosos
2482 527 2535 571 et
2585 517 2921 589 irreligiosos
2964 522 3278 591 punitnrum
3324 540 3468 579 esse.
3499 525 3611 581 Hoc
3637 529 3840 585 consilio

2274 609 2673 667 Donatistarum
2704 616 2989 683 episcopos
3023 614 3315 670 Lucianum
3337 658 3354 684 ,
3383 618 3688 688 Capitonem
3714 663 3725 686 τ
3763 622 3841 677 Fi-

2269 702 2510 757 dentium
2542 714 2597 759 et
2624 703 2905 761 Nasutium
2936 722 3058 761 cum
3090 708 3406 764 Mammario
3430 712 3736 783 presbytero
3763 716 3842 782 qni

2251 792 2324 847 .in
2356 793 2560 849 Gallias
2581 795 2735 861 jussu
2778 799 3121 867 imperatoris
3147 810 3409 855 venerant
3436 810 3492 855 nt
3520 799 3843 858 Ca-ciliamun

2271 901 2613 955 accusarent,
2648 889 2715 944 ad
2744 890 2885 947 lares
2917 893 3159 961 proprios
3192 894 3369 948 redire
3395 894 3655 963 permisit,
3679 897 3848 966 eisque

2274 976 2584 1036 tractorium
2638 1000 2759 1038 cum
2810 985 3107 1038 annonaria
3153 984 3219 1039 ad
3280 983 3650 1041 Arelatensem
3692 1003 3849 1058 usque

2273 1085 2484 1145 portum
2516 1087 2571 1130 ut
2600 1077 2722 1132 inde
2748 1076 2800 1131 iu
2837 1077 3075 1132 Africam
3119 1079 3463 1148 navigarent.
3496 1078 3611 1133 dari
3645 1079 3797 1148 jussit
3820 1096 3847 1135 a

2272 1168 2540 1237 praefectis
2568 1168 2860 1232 Prmtorio;
2892 1171 2979 1240 qui
3013 1169 3168 1238 hujus
3201 1172 3276 1223 rei
3302 1171 3590 1225 certiorem
3621 1171 3849 1226 fecerunt

2272 1258 2490 1313 Celsum
2548 1258 2749 1314 Africae
2785 1259 3053 1315 Vicarium
3102 1260 3294 1316 litteris
3333 1261 3473 1315 datis
3510 1276 3561 1315 tv
3598 1261 3849 1316 Kalendas

2272 1350 2435 1405 Maias
2462 1351 2590 1406 anni
2615 1351 2719 1408 5l6
2750 1354 2844 1424 (τι).

2344 1441 2379 1495 Ι
2385 1442 2609 1495 udicium
2640 1441 2971 1515 Imperatoris
2999 1445 3052 1497 in
3077 1446 3297 1516 gratiam
3325 1444 3610 1498 (Imciliani.
3634 1475 3702 1486 —
3728 1444 3854 1498 Tan-

2274 1533 2398 1589 dem
2425 1533 2815 1590 Constantinus
2841 1536 3043 1592 omisso
3066 1533 3117 1591 in
3148 1538 3380 1592 Africam
3412 1537 3716 1593 transeundi
3737 1552 3854 1592 con-

2274 1628 2397 1682 silio
2440 1642 2656 1683 causam
2685 1629 2959 1684 Caeciliani
2987 1630 3231 1700 judicare
3280 1631 3490 1686 statuit.
3527 1628 3657 1685 Cum
3704 1629 3855 1697 igitur

2275 1719 2598 1775 Caecilianus
2627 1731 2680 1775 et
2709 1722 2826 1789 ejus
2854 1722 3147 1777 adversarii
3178 1722 3538 1777 Mediolanum
3567 1723 3854 1784 venissent,

568 1805 672 1860 Sed
704 1807 999 1875 imperator
1024 1806 1286 1862 dilatione
1317 1807 1440 1861 data
1463 1850 1478 1872 ,
1518 1810 1774 1878 praecepit
1816 1817 1875 1862 ut
1896 1824 2020 1863 eum
2050 1808 2159 1862 Me-
2197 1819 2246 1878 Β
2274 1814 2359 1870 ubi
2391 1812 3018 1884 degebatConstantinus
3047 1829 3231 1871 mense
3264 1814 3549 1869 Novembri
3577 1815 3699 1868 anni
3728 1812 3846 1879 516,

568 1898 843 1952 diolanum
888 1909 1266 1970 sequerentur.
1299 1900 1434 1955 Tum
1478 1918 1608 1956 vero
1650 1903 1865 1973 quidam
1902 1918 2046 1973 aegre
2095 1903 2171 1959 fe-

568 1999 754 2044 rentes
785 1991 927 2060 quod
946 1992 1333 2046 Constantinus
1357 1991 1704 2047 Cmcilianum
1726 1994 2001 2049 absentem
2021 1994 2172 2047 dam-

570 2095 702 2135 nare
742 2081 1039 2148 noluisset,
1087 2083 1373 2153 ipsumque
1411 2084 1703 2138 Caeciliano
1734 2083 1913 2138 favere
1958 2100 2021 2139 ac
2070 2085 2170 2140 sibi

570 2170 845 2225 infensum
873 2187 992 2226 esse
1016 2172 1296 2243 suspicati,
1313 2175 1433 2245 fuga
1456 2188 1515 2230 se
1534 2174 1850 2230 subtrahere
1866 2188 2168 2245 coeperunt.

573 2264 728 2333 Quod
775 2266 865 2319 ubi
911 2268 1166 2336 cognovit
1198 2267 1458 2337 providus
1480 2269 1782 2336 imperator
1828 2269 2062 2339 reliquo,-
2105 2270 2173 2323 ab

570 2359 894 2413 officiafibus
957 2360 1671 2415 custoditos‘Mediolanum
1722 2361 1940 2430 perduci
1989 2361 2169 2430 jussit.

569 2450 670 2519 Qui
698 2462 882 2507 autem
908 2466 1029 2507 sese
1059 2452 1238 2506 furtim
1272 2468 1305 2509 e
1334 2457 1593 2508 comitatu
1619 2454 2019 2521 subtraxerant,
2049 2471 2171 2511 cum

570 2544 627 2598 in
657 2544 893 2600 Africam
917 2546 1318 2615 pervenissent,
1345 2561 1517 2602 novos
1538 2547 1651 2602 illic
1674 2549 1940 2603 tumultus
1971 2551 2173 2604 excita-

571 2648 717 2693 runt.
750 2640 951 2693 Eorum
978 2639 1086 2694 dux
1130 2655 1195 2695 ac
1237 2640 1459 2712 signifer
1500 2651 1617 2696 erat
1647 2624 2031 2698 Menaliusillc
2057 2653 2169 2697 truv

572 2732 822 2787 culentus
851 2732 1018 2787 homo
1065 2734 1134 2788 de
1166 2750 1273 2804 quo
1311 2736 1562 2804 superius
1588 2735 1791 2791 dictum
1822 2744 1908 2791 est
1932 2779 1946 2802 ,
1989 2738 2078 2807 qui
2116 2738 2171 2792 in

570 2827 741 2880 veteri
769 2826 979 2881 insania
1004 2842 1361 2895 perseverans
1388 2829 1709 2883 seditionem
1742 2831 1988 2885 excitare
2021 2846 2175 2900 para-

572 2928 661 2976 tus
684 2922 891 2988 erat,ni
925 2921 1189 2977 Domitius
1215 2921 1430 2987 Celsus,
1458 2922 1657 2978 Africa:
1685 2923 1954 2989 Vicarius,
1977 2925 2177 2978 tumul-

572 3023 690 3068 tum
727 3029 887 3083 quem
921 3014 1257 3084 apparabant
1281 3014 1623 3071 inhibuisset.
1659 3015 1830 3086 Hnjus
1859 3017 1934 3071 rei
1972 3016 2176 3071 certior

570 3104 749 3160 factus
776 3122 803 3158 a
832 3103 991 3160 Celso
1016 3105 1427 3173 Constantinus,
1460 3108 1686 3178 scripsit
1715 3108 1780 3162 ad
1808 3122 1930 3163 eum
1963 3118 2019 3163 ut
2057 3109 2176 3163 Ca2-

2273 1909 2341 1965 de
2368 1924 2549 1973 causa,
2567 1909 3052 1964 remotisomuibus
3081 1909 3607 1979 arbitris,.cognovit
3634 1907 3856 1976 impera-

2273 2012 2357 2057 tur
2387 2018 2448 2057 ac
2472 2003 2668 2057 auditis
2700 2005 2979 2073 utriusque
3009 2005 3173 2072 partis
3199 2001 3607 2072 allegationibus
3634 2012 3681 2055 et
3714 1996 3847 2051 omni

2273 2097 2636 2151 cautroversia
2656 2095 3065 2165 diligentissime
3085 2095 3325 2149 discussa
3346 2094 3731 2155 etexaminata,
3746 2101 3858 2143 cum

2275 2187 2479 2239 nullum
2509 2203 2538 2240 e
2565 2186 2889 2241 criminibus
2922 2201 3042 2256 quae
3070 2185 3361 2240 Caeciliano
3388 2184 3774 2254 objiciebontur
3797 2179 3858 2234 ab

2275 2278 2683 2332 accusatoribus
2726 2277 2847 2347 ejus
2895 2278 3110 2348 probari
3154 2278 3458 2346 potuisset,
3500 2277 3671 2346 ipsum
3716 2273 3860 2327 inno—

2272 2383 2486 2428 centem
2515 2415 2528 2438 ,
2572 2372 2696 2428 illos
2740 2372 3263 2428 calumniosissimos
3300 2384 3424 2425 esse
3460 2364 3855 2441 pronuntiavit.

2274 2474 2330 2519 et
2370 2464 2439 2519 de
2480 2465 2581 2519 hoc
2606 2464 2848 2534 judicato
2898 2463 3219 2533 rescriptum
3267 2461 3416 2515 misit
3458 2460 3527 2515 ad
3575 2457 3859 2514 Eumalium

2275 2555 2469 2613 Africa:
2499 2556 2793 2624 Vicarium,
2828 2556 3011 2612 datum
3045 2572 3092 2611 iv
3126 2555 3248 2612 ldus
3270 2553 3645 2619 Novembres,
3675 2549 3860 2607 Sabino

2275 2658 2329 2705 et
2353 2649 2548 2704 Rufino
2580 2649 2730 2704 Coss.
2766 2649 2891 2703 anni
2920 2648 3044 2704 '5l6.
3492 2715 3498 2721 _

2351 2741 2424 2797 De
2468 2740 2675 2797 Donato
2717 2740 3127 2812 Carthaginensi.
3155 2769 3228 2780 —
3253 2738 3479 2794 Interim
3531 2733 3812 2804 Majorinus
3835 2744 3863 2784 θ

2276 2834 2412 2891 vivis
2442 2837 2675 2891 excessit
2704 2844 2760 2889 et
2800 2836 2853 2889 in
2884 2835 3003 2903 ejus
3034 2833 3209 2888 locum
3238 2833 3305 2886 ah
3332 2833 3611 2902 episcopis
3640 2838 3857 2911 commu-

2278 2929 2456 2983 nioois
2500 2928 2617 2997 ejus
2642 2928 2922 2982 ordinatus
2959 2936 3039 2981 est
3082 2924 3393 2995 Carthagini
3446 2925 3720 2984 Donatus,
3769 2931 3863 2972 non

2275 3020 2367 3074 illc
2391 3020 2503 3089 jam
2539 3019 2697 3074 toties
2738 3026 3069 3073 memoratus
3098 3018 3332 3071 Donatus
3373 3011 3866 3078 Casarum-uigren-

2278 3112 2416 3166 sium
2441 3112 2724 3181 episcopus
2750 3154 2764 3177 ,
2795 3110 2890 3166 scd
2928 3110 3068 3164 alius
3095 3110 3334 3180 ejusdem
3371 3109 3614 3164 nominis
3634 3106 3722 3177 qui
3743 3100 3866 3173 prin-

572 3197 772 3255 ciliano
796 3209 849 3253 et
872 3199 989 3268 ejus
1009 3199 1337 3255 adversariis
1366 3201 1540 3270 palam
1569 3200 1771 3256 faceret
1798 3216 1856 3257 se
1888 3212 2172 3258 venturum
2203 3198 2246 3259 C
2280 3206 2513 3275 cipatum
2555 3204 2655 3259 sibi
2688 3204 2826 3274 apud
2855 3218 2983 3257 suos
3011 3201 3280 3273 arrogavit
3309 3209 3366 3256 et
3402 3221 3432 3256 a
3463 3217 3573 3272 quo
3601 3190 3866 3253 Domitiani

573 3292 888 3362 propediem
916 3294 969 3347 in
988 3292 1248 3359 Africam,
1279 3303 1442 3362 atque
1469 3295 1536 3351 ibi
1562 3297 1705 3353 inter
1730 3305 1909 3367 partes
1935 3298 2164 3352 laturum

574 3432 876 3503 lugentium
906 3449 936 3487 a
959 3432 1317 3489 Constantino
1347 3434 1445 3489 nisi
1487 3450 1610 3490 cum
1643 3437 1757 3502 ipse
1784 3451 1999 3491 causam
2029 3437 2173 3504 judi-

573 3517 700 3576 care
730 3504 1003 3568 decrevit;
1034 3521 1156 3576 nam
1195 3508 1239 3560 si
1272 3506 1568 3560 accersitus
1601 3506 1789 3561 fuisset
1818 3508 1887 3561 ob
1911 3508 2166 3576 judiciqu

572 3574 888 3628 Arelatense
920 3616 934 3639 ,
990 3574 1239 3642 jnssisset
1291 3575 1674 3631 Constantinus
1713 3592 1835 3631 eum
1898 3574 2167 3634 Arelatem

577 3645 715 3698 mitti
748 3659 776 3698 a
802 3645 1097 3712 Probiano,
1130 3661 1234 3701 non
1265 3647 1329 3699 ad
1363 3649 1677 3701 comitatum
1719 3662 1897 3702 suum.
1950 3650 2171 3706 l’robia-

572 3732 701 3770 num
748 3714 945 3787 Africze
998 3719 1373 3787 proconsulem
1420 3717 1586 3771 fuisse
1630 3735 1773 3773 anno
1823 3720 1957 3784 515,
2012 3722 2171 3776 docet

573 3790 659 3842 lex
702 3786 816 3841 tde
856 3786 1081 3842 AnnOna
1128 3790 1331 3844 codicis
1383 3788 1741 3843 Theodosiani
1774 3791 1894 3844 data
1927 3793 1990 3845 ad
2042 3794 2170 3846 l’ro—

575 3857 868 3930 clinianum
900 3858 1208 3930 (legendum
1230 3860 1577 3927 Probianum)
1608 3871 1663 3914 ut
1692 3863 1804 3930 lege
1822 3864 1876 3925 5,
1896 3862 2174 3929 chppel—

578 3928 872 3982 lationibus
909 3928 1030 3998 Quie
1068 3930 1251 3985 [lomze
1293 3931 1414 3984 data
1459 3939 1541 3983 est
1574 3931 1676 3985 huc
1707 3928 1823 3996 ipso
1859 3950 1999 3986 anno
2041 3928 2167 3990 515.

580 3999 880 4054 Probianus
927 4009 1074 4056 certe
1116 4003 1223 4069 jam
1266 4013 1602 4056 successerat
1647 4002 1864 4057 [Eliano
1890 4006 1979 4071 qtti
2030 4021 2172 4059 anno

576 4071 683 4143 3M
719 4071 1008 4143 Proconsul
1047 4072 1243 4127 Africae
1276 4072 1394 4126 fuit.
1451 4072 1594 4127 Fieri
1625 4074 1873 4143 equidem
1920 4079 2089 4141 potuit
2119 4088 2175 4130 ut

580 4142 881 4216 Probianus
903 4142 958 4216 ei
983 4145 1324 4216 successerit
1348 4158 1490 4196 anno
1516 4144 1619 4216 5M
1649 4142 1768 4213 post
1808 4144 2045 4200 habiuuu
2082 4147 2172 4216 ju-

580 4214 777 4269 dicium
802 4215 868 4268 dc
901 4213 1095 4268 Felicis
1130 4216 1429 4269 innocentia
1450 4256 1463 4278 ,
1495 4214 1655 4282 idque
1684 4216 1909 4282 probare
1950 4213 2173 4271 conten-

578 4288 716 4340 dunt
745 4287 961 4354 quidam
1013 4284 1085 4339 ex
1108 4287 1273 4354 leget
1306 4286 1370 4339 ad
1405 4285 1461 4342 S.
1490 4284 1551 4338 C.
1582 4285 1935 4341 Claudianum
1969 4288 2171 4343 codicis

579 4356 939 4412 Theodosiani
964 4400 978 4421 ,
1010 4357 1133 4411 data
1184 4357 1438 4430 Kalendis
1480 4359 1678 4423 Aprilis
1708 4358 1833 4430 anni
1877 4358 1979 4413 514
2004 4401 2019 4425 ,
2049 4375 2173 4430 qua:

579 4429 754 4482 estad
788 4430 1046 4490 Probum,
1077 4430 1162 4482 cui
1188 4429 1348 4482 etiam
1382 4429 1580 4482 directa
1613 4439 1697 4482 est
1722 4429 1809 4483 lex
1835 4432 1992 4484 tertia
2025 4429 2175 4483 codi-

579 4498 659 4552 cis
686 4498 1011 4552 Justinianei
1037 4499 1102 4551 de
1131 4501 1301 4553 servis
1334 4499 1588 4563 fugitivis.
1619 4497 1725 4554 Sed
1762 4499 1992 4553 Probum
2033 4502 2174 4555 hunc

580 4570 958 4639 proconsulem
988 4568 1182 4623 Africae
1209 4569 1372 4623 fuisse
1402 4577 1458 4624 et
1478 4569 1726 4623 eumdem
1755 4583 1876 4624 cum
1909 4570 2175 4626 Probiano

578 4639 714 4695 nihil
742 4648 826 4694 est
849 4640 991 4708 quod
1023 4640 1233 4708 probet.

653 4711 734 4784 (α)
770 4709 977 4784 Litteris
1008 4711 1145 4765 datis
1169 4727 1227 4784 tv
1268 4708 1497 4784 Kalend.
1536 4709 1856 4784 Mainsa‘nni
1897 4711 2025 4784 5l6.
2055 4713 2203 4767 Ce|-‘

579 4774 674 4837 sus
699 4774 940 4836 Vicaiius
964 4793 1082 4837 erat
1112 4783 1307 4837 Africa:
1331 4781 1488 4835 initio
1518 4783 1641 4833 anui
1674 4781 1802 4847 516,
1835 4782 2063 4835 utilncet
2094 4784 2175 4838 lex

580 4868 598 4905 ι
651 4854 775 4906 cod.
804 4852 1013 4907 Tiieod.
1053 4853 1122 4907 de
1162 4853 1343 4906 officio
1386 4852 1648 4919 judicum,
1693 4852 1814 4904 data
1861 4852 2096 4908 Treviris
2124 4870 2180 4910 ιιι

582 4921 704 4976 ldus
728 4922 990 4985 Januarii,
1021 4923 1222 4978 Sabino
1254 4922 1949 4990 etlluliuoCoss.,quorum
1977 4939 2178 4979 consu-

580 4994 721 5066 latus
746 4993 931 5066 incidit
958 4993 1009 5046 iu
1033 5010 1230 5047 annum
1254 4993 1377 5066 516.
1410 4993 1672 5066 Duronius
1700 4995 2025 5048 existimavit
2077 5002 2183 5066 opi-

578 5064 774 5118 stolam
806 5062 874 5117 de
901 5079 1001 5133 qua
1028 5067 1270 5134 agimus,
1312 5065 1489 5118 datam
1540 5062 1705 5119 fuisse
1750 5076 1869 5131 post
1891 5062 2175 5121 concilium

580 5135 932 5197 Arelatense;
958 5144 1011 5188 at
1044 5135 1282 5203 fallitur,
1316 5150 1437 5187 nam
1468 5135 1754 5190 concilium
1780 5136 1909 5189 illud
1936 5136 2175 5191 habitum

581 5221 690 5260 non
719 5217 798 5259 est
833 5204 1255 5277 aute__Kaleudas
1293 5209 1536 5276 Augusti.
1575 5207 1698 5262 ΙΙωο
1740 5219 1918 5260 auten:
1950 5210 2173 5277 cpistola

580 5278 706 5331 data
736 5286 818 5331 est
848 5290 907 5348 tu
948 5274 1215 5348 Kalendas
1250 5274 1446 5342 Maias,
1477 5288 1639 5346 atque
1669 5278 1742 5332 ita
1778 5280 1891 5331 lieri
1923 5274 2027 5332 non
2085 5295 2178 5348 po-

582 5356 726 5409 test,
755 5356 810 5401 ut
849 5347 969 5399 data
1016 5347 1086 5399 sit
1128 5347 1398 5417 episcopis
1444 5351 1610 5417 partis
1650 5349 1840 5401 Donati
1873 5365 1902 5402 e
1946 5347 2175 5405 concilio

575 5418 879 5472 Arelatensi
912 5416 1331 5471 discedentibus;

650 5489 726 5561 (ὁ)
745 5487 798 5543 Ν
802 5504 869 5541 on
871 5488 970 5561 ille
972 5491 1087 5559 jam
1102 5488 1247 5541 toties
1260 5498 1571 5561 memoratus
1584 5486 1820 5561 Donatus
1832 5486 2081 5561 Casurum
2093 5492 2172 5543 ni-

571 5556 836 5631 gre'nsinm
862 5556 1182 5628 Episcopus,
1216 5559 1305 5612 sed
1330 5558 1465 5631 alius
1500 5559 1730 5631 ejusdem
1756 5560 1973 5631 nominis
2003 5575 2035 5611 a
2068 5576 2170 5631 quo

572 5627 858 5686 Dona/iani
885 5627 1069 5683 nomen
1099 5645 1358 5699 accepere.
1411 5627 1469 5681 S.
1502 5627 1831 5699 Augustinus
1882 5627 2170 5697 aliquando

561 5699 836 5771 Donatum
859 5701 1340 5771 Carlhaginensem
1373 5700 1621 5756 eumdem
1644 5712 1766 5771 esse
1787 5701 2015 5756 credidit
2044 5716 2165 5758 cum

548 5767 636 5819 illo
663 5777 756 5841 qni
813 5767 1402 5845 libellum‘itnperatori
1430 5783 1550 5829 cum
1590 5770 1715 5827 aliis
1760 5772 2064 5838 obtulerat,
2107 5786 2166 5830 ut

2276 3313 2472 3353 nomen
2501 3311 2759 3366 accepere
2789 3293 2885 3368 (ιι).
2918 3294 3014 3351 Vir
3034 3304 3147 3350 erat
3173 3293 3480 3349 litterarum
3510 3290 3867 3346 lmmauiorum

2272 3436 2485 3505 judices
2529 3438 2868 3493 transmarini
2899 3435 3160 3491 adversus
3201 3434 3561 3491 Czecilianum
3606 3433 3866 3505 darentur:

2276 3496 2347 3563 Ἀι
2374 3521 2562 3577 postea
2589 3509 2914 3580 probabilius
2943 3523 3066 3562 esse
3101 3508 3362 3580 competit
3396 3524 3506 3580 non
3528 3508 3752 3580 ipsum,
3784 3496 3866 3580 sed

2278 3576 2440 3634 alium
2489 3582 2748 3649 Donatum
2785 3579 3025 3649 ejusdem
3074 3576 3389 3634 schisinatis
3431 3578 3488 3633 id
3521 3576 3752 3639 fecisse.
3787 3576 3868 3639 qm

2279 3666 2385 3704 non
2433 3660 2551 3721 erat
2596 3648 3036 3719 Carthaginiensis
3089 3652 3498 3721 Donatistarum
3545 3649 3868 3721 episcopus.

2278 3721 2371 3775 sed
2402 3716 2842 3798 a_Cftsis-nig_"i5:9
2873 3730 2928 3775 et
2964 3731 3141 3798 mine“
3180 3719 3562 3798 pri”'“s_ap"d
3598 3716 3868 3798 car-lebat

2280 3807 2401 3845 nem
2437 3794 2607 3859 ipsum
2649 3793 2913 3846 nefarium
2953 3792 3188 3846 schisma
3216 3794 3536 3855 cotnmisit,
3573 3800 3631 3844 ut
3669 3792 3741 3859 ait
3768 3792 3869 3859 ipse

2280 3863 2417 3916 libro
2442 3853 2897 3917 Retractationum
2930 3879 2967 3921 I,
3001 3880 3113 3931 cap.
3143 3863 3232 3917 2|.
3259 3861 3315 3914 lu
3342 3853 3643 3917 collatione
3662 3853 3873 3931 Cartha-

2277 3936 2487 4003 ginensi
2530 3950 2651 3988 cum
2684 3934 3001 4003 allogasseut
3045 3927 3305 3987 Catholici
3352 3936 3625 3988 Denatum
3661 3927 3872 4003 Cartha-

2278 3997 2638 4087 ginensemniu
2672 3997 2878 4087 synodo
2912 4005 3151 4087 Itomapa
3180 4007 3280 4058 sub
3312 4005 3563 4059 Miltiade
3591 4016 3711 4087 esse
3735 3997 3867 4087 dati:-

2279 4085 2495 4140 natum,
2536 4074 2825 4129 Donatistae
2869 4076 3297 4138 contenderunt,
3339 4086 3400 4131 ut
3427 4084 3611 4129 narrat
3640 4074 3870 4140 Augusti-

2280 4162 2380 4218 nus
2414 4136 2780 4201 iu'Brevieulo
2821 4146 3128 4218 collationis
3158 4136 3373 4218 dicito,
3423 4145 3573 4217 quod
3618 4136 3873 4218 ttott'Car-

2280 4217 2611 4294 tbaginensis
2630 4260 2643 4283 ,
2687 4220 2780 4271 sed
2809 4216 3176 4294 Casensisnitr
3216 4215 3723 4294 judicio'Miltiadis
3748 4215 3874 4294 ’τιτιὶ-

2282 4282 2661 4363 tis_si:t,_idque
2701 4302 3020 4341 concessere
3064 4282 3355 4342 Catholici.
3401 4291 3636 4363 Optatus
3672 4282 3874 4363 videtur

2281 4361 2441 4427 etiam
2488 4360 2581 4413 lib.
2635 4375 2691 4413 ιιι
2723 4374 3027 4427 supponere
3071 4363 3335 4412 Donatum
3378 4379 3407 4412 τι
3438 4356 3793 4427 Οςιεὶδοηὶειῇε
3830 4359 3877 4401 υῑ

2281 4424 2757 4500 Carthaginiensem
2791 4424 2954 4484 unum
2983 4438 3038 4484 et
3065 4428 3318 4500 eumdem
3347 4448 3475 4484 esse
3503 4472 3517 4493 ,
3550 4444 3671 4482 cum
3697 4425 3875 4500 allegat

2283 4492 2520 4553 libellum
2547 4503 2843 4569 supplicem
2872 4500 3053 4553 datum
3082 4498 3448 4555 Colustantiuo
3473 4542 3487 4563 ,
3524 4509 3789 4569 tamquam
3816 4492 3876 4543 ab

2284 4572 2549 4643 episcopis
2591 4568 2758 4642 partis
2791 4572 3016 4643 Donati,
3043 4579 3101 4624 ut
3132 4571 3327 4638 probet
3359 4572 3637 4625 Donatum
3667 4568 3876 4643 Cartha;

2321 4634 2561 4697 incusem
2594 4634 2763 4711 'hujus
2811 4634 3055 4695 factionis
3091 4634 3149 4696 se
3188 4643 3502 4712 principem
3546 4652 3759 4708 semper
3782 4634 3876 4688 diri

2283 4655 2561 4709 gtnensem
2605 4655 2763 4711 nujus
2811 4655 3055 4695 tacttoms
3091 4657 3149 4696 se
3188 4656 3502 4712 principem
3546 4655 3759 4708 semper
3782 4655 3876 4688 mu

2206 4691 2259 4752 Ῑ)
2287 4712 2539 4783 voluisse.
2581 4716 2651 4768 At
2681 4713 3007 4779 Augusuuus
3036 4713 3105 4768 de
3138 4714 3230 4766 illo
3255 4716 3497 4783 supplici
3528 4712 3723 4783 libello
3741 4720 3877 4783 nien-

2286 4781 2484 4861 tionem
2516 4783 2718 4839 faciens
2758 4776 2795 4861 ιι
2817 4784 2925 4861 ibet
2954 4833 2960 4842 _
2989 4785 3062 4861 uti
3086 4776 3523 4861 observavimus
3545 4826 3558 4843 .
3590 4776 3878 4861 partis'lila-

2274 4854 2438 4925 jorini
2456 4898 2469 4914 ,
2497 4869 2601 4907 non
2634 4859 2796 4925 partis
2826 4852 3037 4908 Donati.
3071 4856 3454 4923 Albaspinmus
3481 4848 3624 4909 duos
3644 4848 3876 4920 equidem

2284 4924 2563 4993 distinguit
2613 4924 2885 4990 Donatus,
2932 4927 3025 4979 sed
3071 4934 3363 4994 utrumque
3404 4925 3878 4994 Carthaginiense"!

2282 4990 2594 5065 episcopum
2629 4996 2794 5051 fuisse
2834 4999 3164 5065 suspicatur,
3212 4990 3281 5049 ct’
3313 4990 3642 5051 Casensenf
3668 4994 3739 5065 ad
3763 4990 3878 5045 Car-

2285 5064 2655 5137 thagiuensem
2688 5067 2871 5121 sedem
2906 5063 3026 5137 post
3055 5065 3302 5135 Major-ini
3327 5070 3542 5122 οιιίιιιιιι
3578 5063 3877 5137 translatum

2283 5133 2448 5207 fuisse
2478 5146 2701 5203 censet,
2729 5154 2889 5207 quem
2909 5133 3199 5205 exceperit
3224 5137 3371 5192 alter
3400 5140 3648 5193 Donatus
3675 5135 3881 5203 Magnus

2288 5205 2636 5284 Parmeniani
2659 5205 3041 5284 praedecessor.
3075 5209 3269 5284 Verum
3303 5211 3549 5284 Optatus
3581 5217 3877 5284 unuui_ta_n-

2288 5283 2398 5353 tum
2424 5275 2670 5353 agnoscit
2690 5282 2998 5353 episcopum
3028 5280 3167 5334 inter
3191 5275 3622 5353 l’armeniauum
3644 5289 3703 5353 et
3733 5275 3880 5353 Maio:

2287 5345 2502 5412 rinion,
2540 5351 2611 5403 uti
2642 5367 2669 5403 a
2700 5345 2853 5404 nobis
2878 5345 3219 5404 observatum
3249 5360 3361 5404 est.
3398 5350 3765 5405 Verisimilius
3786 5345 3877 5398 dici

2287 5431 2469 5486 posset
2516 5420 2776 5475 Donatum
2820 5436 2849 5475 a
2890 5421 3235 5492 Casis—nigris
3279 5424 3349 5473 ad
3403 5421 3875 5492 Cartltaginensem

2282 5492 2467 5561 sedem
2502 5492 2851 5555 translatum,
2887 5490 3376 5561 Carthaginiensem
3418 5490 3744 5559 simpliciter
3769 5498 3876 5544 esse

2278 5559 2516 5636 dicmm,
2555 5572 2613 5636 ιιι
2650 5563 2739 5615 diu
2777 5559 3146 5636 sedemuhanc
3175 5565 3445 5636 tenuisse.
3485 5563 3560 5617 At
3591 5579 3711 5617 cum
3753 5563 3875 5636 inter

2278 5645 2459 5700 partes
2490 5631 2761 5700 litigantes
2802 5634 2855 5686 in
2901 5633 3185 5703 collatione
3221 5631 3656 5703 Carthaginiensi
3686 5631 3870 5687 conSIi-

2278 5704 2401 5756 terit
2424 5703 2898 5771 Carthagiucnsem
2927 5719 2954 5755 a
2986 5702 3203 5759 Caseusi
3237 5703 3527 5759 diversum
3555 5708 3753 5767 fuisse,
3780 5711 3876 5771 non

2274 5785 2354 5828 est
2388 5773 2528 5842 quod
2569 5769 2707 5827 nunc
2747 5790 2808 5827 ea
2853 5776 2919 5827 de
2961 5789 3018 5829 re
3059 5774 3377 5842 dubitetur,
3410 5790 3550 5845 .cutn
3592 5769 3872 5844 pnescrtim
