4206 6170
435 290 545 346 ’195

1636 288 1953 347 HISTORIA
1995 285 2561 344 DONATISTARUM.

3663 286 3767 345 τίη

434 415 677 484 peritus,
710 408 972 480 eloquens
996 451 1010 471 ,
1047 410 1308 465 eruditus
1330 452 1345 477 ,
1398 427 1606 466 morum
1638 413 1941 481 integritate
1987 427 2047 464 ac
2078 414 2122 473 Λ
2151 409 3014 480 caputsubscripseratepistolam
3031 409 3447 481 Donatusinqua
3464 409 3564 464 hoc
3578 414 3767 479 agebat

432 501 786 575 temperantia
838 500 1330 567 connncndabitis,
1374 502 1470 558 sed
1518 504 1645 559 elati
1690 504 1825 558 adeo
1865 494 2047 565 animi,

431 612 490 653 ut
539 596 744 651 unllmn
790 590 1072 646 hominem
1120 592 1229 646 sibi
1282 594 1708 664 comparandum
1760 594 2052 649 arbitrare-

431 704 547 759 tur,
579 706 691 746 sua:
718 687 886 759 partis
929 685 1234 757 episcopos
1282 689 1406 743 loco
1450 690 1839 760 mancipiorum
1890 690 2051 745 habe-

425 796 552 849 ret,
582 799 645 839 ac
691 779 950 837 mortales
976 788 1252 845 cunctos,
1303 781 1453 849 ipsos
1484 784 1644 837 etiam
1692 784 2047 852 imperatores

426 889 485 936 et
525 879 869 950 magistratus
916 873 985 927 ab
1030 873 1116 928 eis
1170 875 1510 929 constitutos
1563 886 1952 930 contemneret.
1999 875 2048 929 Is

428 981 635 1028 tantum
665 968 806 1040 apud
837 980 965 1022 suos
995 964 1356 1021 auctoritatis
1396 967 1662 1034 obtinuit,
1691 979 1749 1022 ut
1780 983 1900 1021 eum
1932 981 2044 1019 om-

426 1079 525 1119 nes
564 1064 804 1131 impense
835 1059 1115 1122 colerent,
1153 1073 1260 1127 per
1291 1072 1417 1113 eum
1442 1058 1719 1128 jurarent,
1759 1068 1815 1114 et
1851 1057 1904 1112 in
1951 1071 2047 1113 ore

425 1156 608 1226 pepuli
652 1170 758 1209 non
790 1151 1062 1207 diceretur
1090 1149 1399 1218 episcopus
1424 1191 1437 1213 ,
1480 1150 1575 1206 sed
1618 1150 1857 1205 Donatus
1908 1148 2045 1204 Car-

424 1247 679 1318 thaginis.
712 1245 904 1299 Totam
933 1242 1024 1298 ille
1048 1240 1302 1297 Africam
1340 1241 1392 1294 in
1432 1241 1569 1297 duas
1611 1251 1793 1311 partes
1824 1240 2040 1306 divisit,

428 1356 655 1412 quarum
687 1354 845 1391 unam
880 1344 1083 1406 partem
1125 1349 1290 1389 suam
1342 1336 1457 1403 ipse
1498 1335 1602 1389 dici
1635 1336 1834 1401 voluit,
1868 1333 1941 1389 ita
1987 1340 2046 1388 ut

426 1434 497 1488 ab
524 1433 591 1487 iis
617 1431 705 1501 qui
738 1445 804 1484 ex
833 1428 1064 1482 diversis
1089 1425 1300 1481 Africae
1329 1426 1621 1495 provinciis
1651 1426 2039 1496 Carthaginem

425 1525 752 1585 veniebant,
808 1536 917 1575 non
965 1528 1239 1588 qutereret
1290 1518 1423 1574 illud
1471 1520 1614 1587 quod
1658 1518 1895 1573 humana
1942 1517 2047 1572 fert

423 1614 759 1674 consuetudo
800 1615 869 1668 de
896 1612 1130 1682 pluviis,
1163 1612 1236 1666 de
1268 1627 1404 1681 pace
1428 1653 1443 1676 ,
1473 1611 1543 1665 de
1582 1620 1849 1681 proventu
1878 1615 2003 1667 anui
2026 1654 2041 1677 ,

425 1710 521 1765 sed
555 1707 699 1761 illius
742 1705 808 1760 ad
841 1703 1087 1774 singulos
1114 1717 1367 1773 quosque
1396 1703 1691 1757 venientes
1720 1703 1836 1758 ha‘c
1860 1714 2046 1760 essent

2159 516 2216 559 ut
2242 505 2457 560 nonnisi
2485 505 2536 557 in
2562 505 2685 575 ejus
2708 506 3092 560 communione
3124 506 3388 575 baptisma
3413 506 3616 560 Christi
3646 521 3769 561 esse

2154 598 2440 661 credatur,
2487 606 2681 651 contra
2723 612 2885 666 quam
2940 597 3135 653 librum
3185 598 3485 666 scripserat
3512 600 3768 669 Augusti-

2156 704 2287 755 nus,
2328 690 2417 760 qui
2459 689 2570 759 jam
2622 704 2732 744 non
2774 700 2990 756 exstat,
3041 690 3138 747 sed
3181 690 3339 759 cujus
3380 703 3761 761 argumentum

2156 779 2326 834 refert
2365 780 2839 836 Retractationnm
2862 823 2878 847 ,
2913 781 3006 852 lib,
3036 798 3089 848 ι,
3121 797 3171 838 c.
3202 782 3297 836 ‘21.

2225 870 2386 941 Leges
2426 871 2755 926 Constantini
2784 873 2847 927 de
2877 871 3184 927 Donatistis.
3214 901 3285 913 --
3311 870 3605 928 Crescente
3657 874 3761 927 Do-

2154 966 2477 1020 natistarum
2506 979 2739 1020 numero
2779 975 2832 1021 et
2865 968 3080 1033 furore,
3109 964 3501 1022 Constantinus
3532 968 3767 1036 impera-

2156 1065 2240 1112 tor
2270 1068 2463 1113 contra
2497 1058 2621 1113 illos
2660 1060 3062 1115 severisstmam
3092 1061 3266 1130 legem
3296 1059 3455 1125 tulit,
3483 1075 3588 1130 qna
3621 1060 3766 1115 basi-

2150 1149 2283 1205 licas
2313 1162 2368 1206 et
2404 1151 2520 1205 loca
2564 1150 2619 1205 in
2661 1152 2858 1222 quibus
2902 1151 3405 1220 congregabantur,
3444 1150 3575 1220 ipsis
3598 1149 3767 1220 jussit

2148 1241 2353 1298 auferri
2399 1258 2464 1298 ac
2494 1241 2627 1297 tiseo
2673 1244 2957 1299 vindicari.
3007 1243 3114 1299 Sed
3167 1244 3266 1299 ista
3310 1242 3600 1297 severitate
3651 1257 3760 1297 non

2148 1337 2314 1391 modo
2345 1353 2450 1392 non
2480 1352 2729 1406 repressa
2749 1377 2765 1405 ,
2794 1338 2888 1393 sed
2918 1348 2970 1392 et
2999 1351 3225 1392 accensa
3257 1344 3344 1391 est
3369 1335 3586 1390 illorum
3618 1335 3766 1389 inso-

2147 1428 2315 1485 lentia
2335 1471 2351 1497 ,
2389 1438 2708 1500 tantumque
2737 1429 2906 1485 abluit
2936 1429 3064 1498 quin
3096 1430 3160 1483 ad
3188 1425 3760 1485 EcclesimCatholicae

2148 1521 2329 1577 sinum
2367 1522 2786 1588 reducerentur,
2841 1531 2897 1577 ut
2943 1537 2975 1578 e
3026 1530 3213 1576 contra
3248 1520 3317 1575 in
3348 1534 3467 1575 eam
3496 1519 3677 1573 acrius
3697 1535 3762 1574 ac

2149 1614 2487 1683 petulantius
2532 1615 2827 1669 smvicrint.
2900 1613 3054 1682 Quod
3106 1627 3229 1667 cum
3275 1610 3577 1681 accepisset
3614 1610 3762 1665 (lon-

2152 1708 2427 1763 stantinus
2455 1750 2469 1771 ,
2503 1708 2568 1762 ad
2590 1708 2874 1763 universos
2899 1707 3185 1776 episcopos
3215 1714 3269 1761 et
3309 1704 3377 1757 ad
3408 1703 3624 1773 plebem
3654 1703 3757 1757 Ec-

421 1801 588 1857 verha
620 1817 632 1852 :
667 1798 806 1867 Quid
835 1797 977 1869 apud
998 1811 1085 1849 vos
1112 1796 1285 1867 agitur
1316 1797 1382 1849 de
1407 1806 1561 1867 parte
1589 1795 1755 1849 mea?
1787 1796 1863 1851 Ac
1893 1799 2045 1851 dein-
2076 1804 2120 1863 Β
2148 1804 2333 1857 etesia:
2374 1803 2667 1859 Catholicae
2708 1818 2805 1872 per
2831 1802 3069 1857 Africam
3112 1800 3398 1871 epistolam
3443 1797 3758 1868 prudentem

404 1909 699 1971 .ceps-nou
747 1892 909 1947 modo
959 1888 1362 1945 communionis
1406 1890 1528 1959 ejus
1575 1890 1842 1944 homines
1888 1893 2047 1962 vulgo

425 1988 718 2043 Donatista:
746 1985 876 2040 dicti
914 1992 1042 2039 sunt
1065 2024 1079 2046 ,
1108 1983 1201 2037 sed
1248 1993 1301 2037 et
1341 1984 1441 2052 ipsi
1487 1984 1538 2038 in
1562 1983 1803 2053 judiciis
1833 1994 1887 2040 et
1917 1984 2049 2040 actis

429 2080 661 2150 publicis
691 2078 913 2149 professi
942 2087 1065 2131 sunt
1094 2092 1153 2130 se
1179 2090 1304 2130 esse
1334 2075 1401 2130 de
1434 2085 1590 2145 parte
1630 2079 1859 2132 Donati.
1890 2070 2051 2145 Quod

428 2189 558 2230 cum
588 2173 718 2243 ipsis
744 2171 1129 2242 exprobratura
1172 2168 1363 2222 fuisset
1394 2169 1444 2222 in
1475 2168 1791 2226 Collatione
1821 2170 2053 2226 Cartha-

431 2265 681 2337 ginensi,
713 2265 837 2320 licet
881 2277 1076 2318 nomen
1118 2262 1261 2316 istud
1308 2260 1649 2329 repudiarint
1681 2306 1700 2330 ,
1731 2263 1799 2317 de
1840 2264 2053 2319 Donato

434 2369 619 2414 tamen
647 2366 916 2427 tamquam
939 2362 1157 2409 auctore
1182 2367 1281 2406 suo
1308 2352 1388 2407 sic
1412 2351 1709 2420 magnitice
1738 2355 1903 2409 locuti
1948 2355 2053 2428 ιο

432 2459 679 2521 suntper
707 2462 768 2502 os
798 2446 1046 2502 Petiliani
1077 2463 1089 2497 :
1124 2442 1387 2497 Donatum
1413 2450 1581 2494 autem
1620 2456 1825 2499 sancta:
1851 2463 2043 2500 memo-

435 2544 533 2596 ria:
588 2538 899 2611 martyrialis
950 2538 1129 2609 gloria:
1178 2537 1343 2589 virum
1367 2574 1382 2598 ,
1443 2548 1807 2602 prwcessorem
1856 2539 2051 2593 scilicet

434 2644 673 2688 nostrum
713 2631 864 2704 (nota
894 2630 1009 2684 htcc
1037 2629 1197 2683 verba
1241 2627 1436 2697 quibus
1479 2642 1582 2678 non
1629 2630 1797 2685 unius
1837 2639 2046 2686 tantum

433 2724 881 2795 Carthaginensis
908 2721 1178 2793 episcopi,
1214 2719 1310 2775 sed
1351 2718 1592 2773 omnium
1623 2717 1785 2791 hujus
1814 2726 2046 2792 partium

437 2818 820 2886 episcoporum
852 2829 1150 2885 prazcessor
1178 2808 1529 2882 appellatur),
1556 2824 1917 2869 ornamentum
1946 2816 2044 2870 Ec«

440 2906 612 2964 διεξίω
647 2909 791 2962 istius
837 2907 1049 2961 ciututis
1096 2908 1210 2960 loco
1253 2920 1349 2958 suo
1397 2904 1673 2972 meritoque
1718 2922 2041 2964 veneramur.

437 3001 555 3059 Nec
579 3015 708 3057 vero
737 3001 1055 3054 auctoritate
1080 3013 1178 3055 sua
1209 3008 1415 3052 tantum
1445 3006 1604 3065 atque
1653 2996 1883 3053 diversis
1915 3003 2045 3057 arti-

439 3098 545 3149 bus
588 3091 823 3148 schisma
874 3091 925 3146 in
971 3100 1079 3145 tota
1127 3091 1310 3145 Africa
1360 3088 1713 3157 prepagavit,
1767 3106 1953 3146 verum
1991 3103 2046 3149 ct

2150 1895 2444 1951 admodum
2475 1907 2523 1949 et
2555 1906 2890 1950 mansuetam
2920 1896 3176 1964 scripsit,
3208 1909 3313 1963 qua
3358 1891 3492 1946 dicit
3533 1907 3587 1945 se
3615 1891 3757 1961 quod

2151 1987 2279 2057 ﬁdes
2310 1989 2482 2043 debuit
2502 2030 2518 2053 ,
2550 1998 2801 2058 quantum
2826 1988 3105 2056 prudentia
3133 1986 3292 2040 valuit
3317 2025 3332 2050 ,
3364 1992 3517 2052 prout
3558 1982 3759 2051 paritas

2152 2082 2318 2148 potuit
2359 2091 2575 2150 tentasse
2606 2097 2694 2150 per
2721 2082 2894 2134 omnia
2924 2080 3258 2134 humanitatis
3304 2086 3353 2131 et
3391 2075 3759 2129 moderationis

2152 2173 2329 2241 olficia
2354 2218 2367 2238 ,
2401 2186 2454 2227 ut
2497 2189 2601 2243 pax
2643 2172 2985 2228 sanctissime
3028 2170 3368 2242 fraternitatis
3414 2184 3502 2236 per
3548 2182 3759 2221 concor-

2153 2264 2292 2318 diam
2330 2267 2558 2320 stabilita
2587 2275 2862 2320 teneretur.
2896 2264 3001 2319 Sed
3025 2264 3145 2335 quia
3172 2264 3234 2316 ob
3262 2259 3607 2331 pervicaciam
3635 2275 3755 2329 quo-

2152 2356 2391 2410 rumdam
2422 2375 2522 2411 non
2554 2358 2772 2424 potuerit
2802 2357 2857 2409 id
2894 2357 3091 2426 assequi
3128 2358 3201 2409 ita
3244 2370 3353 2409 esse
3391 2350 3608 2407 consilia
3645 2367 3756 2405 mo-

2152 2450 2401 2517 deranda,
2435 2459 2490 2502 ut
2518 2450 2678 2502 donec
2700 2448 2915 2501 caelestis
2944 2448 3191 2501 medicina
3225 2444 3485 2515 procedat.
3503 2443 3757 2513 patienter

2150 2543 2502 2596 sustineantur
2535 2558 2597 2595 ea
2639 2556 2753 2610 qua:
2789 2540 3082 2611 nequissimi
3120 2538 3348 2593 homines
3375 2545 3568 2590 tentant
3590 2546 3637 2590 et
3678 2536 3756 2605 {a-

2150 2635 2233 2687 ciu
2245 2646 2290 2687 ιιι
2308 2675 2321 2697 ,
2355 2644 2402 2688 et
2424 2632 2555 2686 nihil
2580 2649 2643 2686 ea-
2670 2633 2929 2701 reciproco
2954 2644 3226 2701 reponatur
3245 2630 3459 2704 injuria:
3479 2671 3493 2693 ,
3526 2628 3756 2683 vindicta

2150 2744 2327 2782 eorum
2361 2727 2465 2782 Deo
2506 2737 2726 2782 servata.
2761 2728 2912 2793 Quod
2956 2728 2999 2781 si
3025 2727 3332 2789 observetur,
3358 2741 3567 2795 sperare
3606 2739 3661 2779 se
3701 2732 3757 2775 ut

2150 2823 2253 2876 cito
2299 2838 2389 2891 per
2433 2821 2657 2894 gratiam
2703 2821 2891 2873 summi
2939 2820 3033 2874 Dei
3084 2819 3527 2890 languesceutibus
3575 2831 3755 2871 eorum

2149 2914 2397 2968 institutis
2434 2914 2511 2967 uel
2559 2913 2786 2966 moribus
2827 2913 2914 2983 qui
2962 2929 3015 2966 se
3056 2913 3353 2966 miserrimae
3412 2908 3753 2965 contentionis

2150 3005 2445 3060 vexillarios
2482 3003 2743 3074 prwbent,
2774 3003 2935 3058 turben
2976 3005 3339 3058 conticescant.
3374 3002 3575 3058 Verum
3615 3016 3752 3071 quos

2149 3110 2257 3151 non
2290 3106 2625 3165 represserat
2654 3097 2917 3151 severitas
2944 3139 2957 3161 ,
3003 3111 3104 3151 nec
3133 3099 3353 3150 (ittlltttre
3393 3095 3567 3164 potuit
3606 3108 3755 3148 man-

438 3186 667 3255 scriptis
696 3183 824 3237 illud
857 3198 1197 3253 propugnare
1246 3196 1535 3251 aggressus
1585 3190 1686 3235 cst.
1738 3182 2037 3249 Exstabant
2066 3190 2110 3250 C
2143 3188 2377 3242 suetudo
2416 3203 2482 3242 ac
2526 3187 2721 3243 lenitas
2760 3186 2950 3256 optimi
2999 3186 3291 3256 principis,
3327 3187 3492 3239 imum
3534 3199 3597 3239 ex
3636 3183 3754 3251 ejus

437 3277 587 3334 enim
637 3287 881 3345 tempore
935 3275 1247 3347 Hieronymi
1294 3275 1459 3329 multa
1501 3274 1621 3343 ejus
1672 3281 1933 3345 opuscula
1978 3280 2044 3334 ad

439 3384 597 3423 suam
628 3368 876 3421 Incresim
909 3367 1233 3436 pertinentia
1254 3408 1268 3432 ,
1295 3376 1351 3421 et
1394 3366 1462 3420 de
1507 3366 1710 3434 Spiritu
1761 3350 1950 3424 sancto
1983 3373 2047 3425 li-

438 3460 546 3515 ber
571 3476 729 3530 quem
760 3460 960 3513 Atiano
992 3461 1226 3529 dogmati
1260 3467 1646 3529 congruentem
1676 3459 1842 3515 fuisse
1880 3470 2048 3519 testa-

438 3563 552 3608 tur.
604 3552 677 3605 Dc
719 3553 962 3621 ejusdem
1013 3553 1230 3622 scriptis
1284 3553 1510 3621 loquens
1558 3552 1617 3606 S.
1670 3550 2042 3623 Augustinus,

438 3648 694 3705 observat
732 3649 894 3704 etiam
938 3650 1088 3704 illum
1135 3649 1272 3703 hami
1313 3650 1639 3705 catlmtieam
1678 3649 1746 3704 de
1773 3649 2043 3710 Trinitate

440 3742 696 3797 habuisse
724 3746 1089 3809 sententiam;
1122 3754 1176 3798 et
1218 3747 1463 3814 quamvis
1507 3744 1749 3813 ejusdem
1792 3746 2044 3803 substan-

440 3837 535 3891 tia:
555 3876 571 3900 ,
600 3836 864 3891 minorem
899 3846 1075 3891 tamen
1110 3837 1268 3892 l’atrc
1301 3837 1492 3892 Filium
1514 3881 1528 3904 ,
1555 3844 1612 3891 et
1653 3838 1917 3893 minorem
1947 3839 2040 3895 Fi-

440 3929 521 3984 lio
551 3940 767 3999 putasse
795 3928 1057 3999 Spiritum
1086 3942 1355 3985 sanctum.
1400 3929 1622 3996 Verum,
1656 3930 1827 3999 inquit
1858 3928 2000 3986 idem
2021 3943 2065 3997 ,'

434 4024 492 4076 in
522 4020 657 4075 hunc
681 4037 831 4091 quem
872 4022 935 4074 de
961 4021 1213 4075 Trinitale
1251 4023 1426 4076 habuit
1460 4027 1572 4097 ejus
1602 4037 1824 4076 errorem
1861 4021 2039 4077 Dona-

438 4114 676 4168 tistarum
703 4114 981 4166 multitudo
1026 4113 1220 4166 intenta
1248 4130 1348 4168 non
1379 4115 1476 4184 [uit
1505 4156 1519 4180 ,
1560 4130 1652 4167 nec
1682 4113 1832 4182 facile
1876 4114 1928 4168 in
1967 4117 2038 4171 eis

437 4207 703 4276 quisquam
742 4207 831 4274 qui
869 4206 963 4259 ltoc
1015 4207 1160 4258 illum
1207 4206 1422 4260 sensisse
1468 4206 1660 4260 nouerit
1686 4247 1700 4267 ,
1755 4206 2029 4260 invenitur.

435 4298 735 4354 Nonnullos
784 4307 961 4351 tamen
1013 4296 1153 4350 idem
1203 4312 1324 4349 eum
1382 4297 1586 4350 Donato
1632 4297 1869 4351 sensisse
1909 4299 2035 4353 alibi

439 4392 555 4462 (ep.
586 4390 689 4446 185
714 4389 780 4445 ad
821 4388 1151 4444 Bonifacium
1198 4388 1488 4457 comitem)
1521 4397 1749 4442 testatur
1782 4390 2034 4457 Augusti-

437 4497 583 4546 nus;
616 4482 709 4536 sed
755 4497 948 4537 omnes
976 4484 1085 4536 fere
1116 4480 1254 4535 idetn
1286 4482 1510 4536 omnino
1539 4482 1778 4550 protiteri
1812 4495 1869 4535 sc
1915 4499 2033 4537 cre-

2150 3279 2485 3351 indnlgentia
2538 3280 2798 3351 majorem
2844 3289 3120 3334 sumentes
3162 3278 3489 3344 audaciam,
3532 3278 3754 3347 gravius

2148 3373 2355 3429 indies
2397 3373 2710 3435 Catholicos
2756 3385 3039 3428 vexarunt.
3093 3374 3167 3427 lio
3217 3386 3460 3443 tempore
3504 3371 3756 3425 videntur

2147 3469 2251 3520 orti
2298 3468 2822 3530 Circumcelliones,
2877 3468 3059 3520 rustici
3103 3475 3159 3519 et
3209 3465 3309 3519 teri
3362 3463 3643 3527 homines,
3680 3464 3750 3517 ita

2146 3558 2280 3613 dicti
2331 3560 2473 3630 quod
2514 3560 2718 3615 circum
2767 3560 2931 3615 cellas
2977 3558 3391 3622 discurrerent,
3440 3555 3750 3612 Catholicos

2144 3654 2212 3707 ad
2265 3664 2452 3708 nutum
2502 3653 2900 3708 Donatistarum
2953 3652 3334 3722 episcoporum
3390 3661 3651 3705 vexantes
3695 3658 3750 3703 et

2144 3746 2504 3815 compilantes
2529 3787 2545 3810 ,
2590 3746 2729 3799 adeo
2759 3752 2816 3798 ut
2841 3743 3101 3814 quosdam
3139 3745 3303 3797 etiam
3343 3759 3408 3796 ex
3459 3742 3566 3796 illis
3606 3741 3746 3794 occi-

2145 3836 2372 3901 derent;
2405 3848 2565 3907 atque
2596 3837 2660 3889 ad
2704 3852 2795 3891 eos
2828 3836 3078 3889 videntur
3120 3836 3389 3904 pertinere
3435 3834 3548 3888 haec
3585 3836 3745 3889 \erba

2142 3929 2485 3984 Constantini
2534 3929 2587 3984 in
2632 3930 2858 3998 epistola
2909 3929 3068 3983 modo
3116 3928 3367 3983 laudata:
3399 3927 3523 3982 Cum
3569 3928 3746 3982 debeat

2142 4018 2272 4088 ﬁdes
2312 4032 2484 4077 nostra
2501 4022 2760 4091 conlidere
2778 4023 3030 4092 quidquid
3058 4021 3121 4074 ab
3152 4022 3449 4092 hujusmodi
3482 4022 3741 4075 hominum

2140 4121 2315 4187 furore
2341 4119 2595 4186 patietur,
2630 4116 2862 4187 martyrii
2893 4116 3060 4187 gratia
3104 4118 3246 4184 apud
3290 4115 3453 4170 Deum
3484 4132 3591 4170 esse
3618 4115 3743 4168 uali-

2140 4217 2334 4260 ιιινιιηι.

2215 4297 2371 4351 Gesta
2401 4314 2572 4351 coram
2602 4297 2909 4367 Zeuophilo.
2942 4326 3012 4337 -—
3038 4296 3180 4350 Inter
3211 4297 3615 4350 Donatistarum
3646 4309 3743 4348 an-

2142 4390 2452 4458 tesignanos
2482 4399 2599 4442 erat
2648 4388 2902 4443 Silvanus
2933 4386 3487 4441 Constantinitnsinm
3535 4390 3745 4457 episce-

2140 4496 2241 4552 pus
2292 4480 2609 4546 ordinatus,
2664 4483 2736 4534 uti
2790 4480 3070 4545 diximus,
3112 4495 3141 4532 a
3196 4480 3382 4548 primis
3433 4479 3740 4533 auctoribus

435 4575 571 4629 dere
595 4573 662 4629 de
689 4574 844 4629 Patre
886 4585 939 4629 et
987 4573 1123 4628 Filio
1162 4585 1215 4628 et
1246 4573 1450 4642 Spiritu
1498 4584 1687 4629 sancto
1709 4616 1722 4637 ,
1761 4575 1903 4644 quod
1932 4575 2032 4632 Ca-
2060 4571 2114 4631 D
2139 4574 2446 4628 schismatis
2467 4617 2480 4638 ,
2513 4589 2635 4627 cum
2662 4581 2838 4627 tamen
2864 4573 3123 4626 diaconus
3154 4571 3487 4626 Traditionis
3513 4571 3738 4626 crimine

439 4667 642 4723 tholica
689 4667 861 4721 credit
913 4667 1172 4722 Ecclesia.
1224 4666 1549 4737 Quamquam
1597 4668 1755 4731 aliqui
1801 4684 1864 4721 ea:
1907 4670 2033 4737 ipsis

434 4759 662 4814 volentes
696 4760 792 4814 sibi
832 4756 1025 4832 Gothos
1070 4758 1377 4822 conciliare,
1426 4761 1629 4826 quando
1679 4774 1763 4811 eos
1796 4760 2032 4815 videbant

434 4869 589 4925 posse
614 4853 810 4918 aliquid
834 4894 850 4917 ,
890 4853 1120 4906 dicebant
1166 4852 1261 4905 hoc
1290 4869 1343 4906 se
1390 4854 1595 4906 credere
1620 4853 1759 4919 quod
1805 4854 1885 4908 illi
1922 4871 2032 4911 cre-

432 4948 582 5000 dunt.
619 4944 753 5008 Sed,
787 4944 960 5015 inquit
984 4943 1351 5014 Augustinus,
1385 4948 1640 5018 majorum
1666 4962 1874 4999 suorum
1896 4930 2030 5001 auc-

436 5039 643 5094 loritalc
671 5040 1070 5103 convincuntur,
1103 5039 1225 5108 quia
1267 5053 1357 5091 nec
1405 5038 1638 5092 Donatus
1673 5040 1781 5110 ipse
1804 5041 1877 5093 sic
1916 5056 2029 5095 cre-

432 5132 630 5186 didisse
676 5132 949 5195 asseritur,
983 5130 1047 5182 de
1092 5132 1239 5201 cujus
1286 5143 1430 5199 parte
1472 5146 1525 5183 sc
1568 5145 1676 5183 esse
1719 5131 2027 5199 gloriantur.

437 5225 576 5278 Itinc
630 5221 767 5276 forte
813 5220 1141 5291 Epiphanius
1191 5228 1247 5275 et
1299 5220 1660 5275 ’l'heodoritus
1712 5221 2029 5277 Donatianis

438 5316 765 5372 Arianorum
794 5329 1034 5369 errorem
1062 5314 1343 5385 attingunt.
1372 5314 1443 5375 At
1483 5315 1624 5368 nulla
1660 5330 1781 5369 cum
1828 5315 1935 5370 illis
1964 5317 2031 5373 de

440 5409 788 5479 dogmatibus
829 5408 951 5462 lldei
998 5406 1095 5461 fuit
1136 5408 1399 5478 quarstio,
1432 5406 1527 5460 sed
1574 5417 1776 5461 tantum
1822 5408 1890 5462 de
1919 5409 2031 5463 sola

428 5500 931 5563 communione,de
961 5499 1229 5565 Ecclesia,
1261 5508 1794 5553 etsacrameutorum
1827 5513 1945 5569 quae
1976 5500 2031 5555 in

430 5612 498 5649 ea
532 5590 975 5645 administrantur
1014 5590 1351 5644 auctoritate.
1382 5589 1538 5643 Circa
1568 5588 1668 5644 hoc
1698 5588 2031 5659 postremum

432 5708 827 5778 Episcoporum
888 5702 1165 5778 translatio
1226 5702 1277 5756 in
1341 5700 1657 5778 Occidente
1697 5719 1801 5778 non
1859 5703 2017 5778 fuerit

429 5772 650 5836 in’nsut
690 5788 788 5830 nec
824 5787 1071 5843 umquam
1102 5775 1305 5829 Donato
1332 5774 1600 5843 objectnm
1633 5772 1796 5829 fuerit
1823 5774 1963 5843 quod
1987 5793 2018 5830 e

2145 4666 2442 4719 maculatus
2489 4665 2695 4719 luisset.
2746 4662 3135 4719 Nundinarium
3171 4665 3401 4718 habebat
3451 4664 3735 4719 diaconum

2142 4773 2463 4813 arcanorum
2506 4759 2745 4812 omnium
2800 4757 2957 4825 httjns
3002 4764 3165 4811 Secta:
3212 4756 3510 4810 conscium.
3560 4756 3729 4824 Quem

2141 4866 2261 4905 Cum
2292 4850 2544 4905 Silvanus
2570 4853 3091 4904 excommunicasset
3120 4859 3175 4904 et
3200 4866 3321 4903 cum
3345 4864 3410 4903 eo
3436 4849 3486 4902 in
3513 4850 3737 4918 gratiam

2138 4946 2314 5000 redire
2342 4946 2648 5004 renuissct,
2684 4944 2859 5012 palam
2893 4945 2936 4997 is
2964 4944 3141 4997 omnia
3178 4942 3301 4997 fecit
3323 4986 3338 5010 ,
3371 4958 3434 4997 ac
3475 4943 3738 5014 imprimis

2137 5037 2411 5092 Silvznnm
2444 5036 2609 5090 fuisse
2638 5036 2978 5091 'l‘raditorcm
3006 5076 3019 5099 ,
3062 5046 3115 5090 et
3160 5037 3438 5106 pecunim
3471 5051 3499 5089 a
3534 5034 3735 5090 Lucilla

2136 5129 2316 5182 datam
2343 5138 2398 5181 ut
2426 5126 2718 5196 Majorinus
2749 5128 3090 5181 ordinaretur
3128 5128 3440 5199 episcopus.
3470 5127 3599 5195 Qua:
3628 5128 3736 5182 duo

2135 5234 2257 5275 cum
2288 5220 2463 5288 magni
2495 5221 2752 5272 momenti
2783 5227 2968 5273 essent
2988 5261 3003 5283 ,
3037 5230 3088 5272 et
3118 5234 3296 5274 causa).
3330 5222 3727 5275 Dottatistarum

2138 5313 2361 5368 multum
2394 5309 2676 5365 ofﬁcerent
2722 5311 2889 5380 (inde
2915 5313 3059 5377 enim
3097 5314 3425 5383 sequebatur
3448 5329 3540 5366 eos
3579 5310 3735 5380 hujus

2137 5405 2379 5462 criminis
2407 5419 2531 5460 reos
2560 5420 2682 5460 esse
2725 5406 2878 5475 cujus
2926 5405 3223 5461 Ecclesium
3276 5406 3656 5461 insimulabant
3684 5414 3738 5458 et

2138 5498 2384 5569 Majorini
2410 5498 2807 5552 ordinationem
2841 5498 3085 5554 vitiosam
3109 5514 3232 5554 esse
3259 5496 3588 5564 constabat),
3635 5499 3730 5547 ho-

2140 5607 2260 5647 rum
2315 5591 2690 5662 probationem
2736 5592 2905 5662 gestis
2956 5593 3186 5662 publicis
3232 5601 3285 5645 ιιι
3332 5604 3514 5645 curam
3557 5588 3739 5657 judice

2124 5707 2256 5831 lsede
2284 5703 2505 5832 (flasensi
2532 5722 2630 5779 per
2658 5708 2917 5764 ambitum
2945 5710 3010 5763 ad
3038 5706 3529 5776 Carthagincnseni
3562 5716 3748 5762 trans‘

2145 5788 2264 5832 atus
2314 5789 2473 5832 ueru.

2145 5788 2264 5833 atus
2292 5788 2473 5833 11161⁵11.
