4206 6170
525 316 631 374 79‘3

1707 298 2029 373 lliSTUltlA
2070 264 2634 379 postremum.
3713 320 3803 374 τινα

527 433 642 488 fieri
673 429 1011 504 postularunt
1041 429 1324 486 Catholici.
1356 424 1466 486 lies
1490 428 1813 487 demandata
1841 439 1926 487 est
1950 429 2125 485 Zeno-
2150 433 2203 493 Α
2227 432 2322 486 rint
2346 434 2401 487 in
2440 435 2661 505 gratiam
2690 430 3092 487 Catholicorum.
3124 458 3187 473 --
3221 428 3397 486 Nimia
3432 427 3547 486 haec
3592 430 3803 503 impera-

532 524 682 596 philo
725 521 998 580 consUIari
1045 520 1308 578 Numidiae
1348 530 1403 577 et
1427 530 1547 578 acta
1588 521 1766 577 idibus
1815 514 2129 577 Decembris
2229 526 2361 583 toi-is
2387 528 2581 585 lenitas
2599 526 2725 584 fecit
2750 536 2808 581 ιιι
2836 508 3149 582 Donatiaiue
3179 524 3426 580 factionis
3465 522 3704 582 homines
3748 526 3807 582 li-

532 617 893 676 Constantiuo
936 616 1168 673 Maximo
1197 616 1440 689 Augusto
1467 614 1536 672 VI
1564 625 1621 672 et
1646 612 2000 670 Constantino
2038 614 2132 671 Ju-

532 714 687 769 niore
715 709 852 766 Nob.
880 709 1101 766 Cresnre
1127 706 1282 765 Gbss.
1312 709 1404 779 qui
1436 707 1537 763 fuit
1558 720 1734 764 annus
1757 705 1958 763 Christi
1999 706 2128 763 520.

534 807 748 865 Prolata
798 814 925 862 sunt
970 812 1088 861 acta
1132 802 1354 860 Munatil
1399 802 1592 858 Felicis
1636 800 1903 857 curatoris
1931 800 2135 857 Cirten-

533 899 672 969 sium
717 897 1049 953 Diocletiano
1079 890 1192 951 VIII
1231 900 1285 951 et
1327 894 1654 950 Maximiano
1693 891 1785 947 VII
1813 889 2005 960 Coss.,
2044 886 2134 947 inv

536 987 807 1046 Kalendas
851 987 1072 1052 lunias;
1103 982 1174 1043 es
1210 986 1401 1056 quibus
1428 985 1667 1040 constitit
1694 996 1725 1038 a
1754 978 1976 1041 Silvano
1996 984 2135 1040 ultro

540 1081 770 1137 traditas
825 1094 948 1136 esse
999 1079 1275 1135 lucernam
1331 1086 1385 1134 et
1434 1077 1777 1149 capitulatam
1830 1084 2131 1149 argenteas.

543 1172 725 1229 Lectte
771 1181 899 1228 sunt
943 1170 1139 1228 littera:
1170 1170 1420 1242 Purpurii
1460 1170 1782 1226 Limatensis
1809 1212 1823 1236 ,
1861 1169 2039 1226 Fortis
2083 1177 2139 1226 et

544 1268 769 1323 alterius
812 1263 1055 1335 episcOpi
1087 1263 1143 1318 in
1173 1258 1401 1334 gratiam
1445 1262 1797 1326 Nundinaril;
1831 1276 1900 1317 ex
1941 1262 2139 1333 quibus

545 1354 948 1429 intelligebatur
975 1365 1236 1428 quantum
1267 1357 1519 1413 timerent
1571 1372 1639 1413 ne
1682 1356 2047 1413 Nundinarius
2076 1366 2140 1413 ea

546 1466 667 1526 qua:
720 1446 955 1514 sciebat.
985 1450 1333 1522 patefaceret.
1365 1449 1618 1507 Producti
1649 1459 1819 1507 testes
1847 1453 1936 1522 qui
1967 1450 2142 1507 Silva-

547 1558 673 1600 num
705 1543 887 1600 invitis
913 1542 1178 1599 Cirtensis
1217 1541 1399 1613 p0puli
1429 1543 1751 1613 primoribus
1781 1550 1837 1598 et
1864 1532 2142 1599 honoratis

548 1639 617 1694 ab
675 1635 953 1692 Arenarlis
1006 1637 1393 1709 proclamatum
1463 1636 1782 1707 Episcopum
1844 1645 1897 1691 et
1950 1635 2145 1692 deinde

546 1724 855 1786 ordinatum
891 1737 1043 1797 esse,
1072 1729 1269 1802 quique
1296 1739 1423 1785 tunc
1450 1743 1571 1785 eum
1615 1730 1787 1797 palam
1818 1729 2145 1785 Traditionis

2232 619 2416 677 berius
2446 620 2499 677 in
2531 618 2841 678 Catliblicos
2870 618 3274 691 grassarentur,
3310 613 3611 689 praesertim
3642 618 3690 673 in
3710 614 3811 675 Nu-

2234 706 2421 779 midia,
2453 711 2544 770 ubi
2581 710 2925 769 numerosior
2969 718 3024 767 et
3053 709 3285 766 validior
3312 716 3428 765 erat
3463 722 3588 780 pars
3616 709 3811 766 Donati.

2234 808 2380 866 Inter
2409 810 2512 866 alia
2545 823 2676 865 vero
2712 807 2990 863 basilicam
3020 820 3181 878 quam
3223 803 3275 859 in
3317 804 3541 861 civitate
3560 801 3819 861 Constait-

2237 904 2349 959 tina
2382 900 2649 977 Numidia:
2681 894 2965 972 Metropoli
3002 900 3143 972 (qutr
3186 902 3311 955 ante
3343 897 3484 953 Cirta
3528 896 3814 972 dicebatur)

2238 996 2485 1053 fabricari
2522 997 2762 1067 jusserat
2787 993 3103 1065 Imperator,
3139 1006 3236 1063 per
3273 984 3382 1047 viih
3414 991 3739 1059 invaserunt,
3769 1000 3821 1050 et

2239 1088 2551 1161 frequenter
2578 1098 2689 1145 tum
2719 1102 2749 1144 a
2778 1084 3074 1143 Catholicis
3106 1072 3411 1157 Episcopis,
3445 1094 3555 1142 tum
3580 1102 3609 1142 a
3634 1082 3820 1158 judici-

2239 1182 2341 1237 b‘us
2386 1197 2451 1237 ex
2504 1180 2851 1252 imperatoris
2879 1179 3033 1250 jusso
3078 1174 3395 1233 commoniti
3445 1190 3564 1233 eam
3610 1178 3828 1235 reddere

2241 1276 2581 1329 recusarunt.
2615 1272 2754 1341 Quin
2778 1270 2941 1327 etiam
2971 1264 3300 1325 deauriohes
3325 1285 3391 1325 ac
3416 1270 3680 1341 primores
3714 1270 3828 1328 clri-

2245 1362 2413 1421 tatuin
2465 1360 2717 1436 malignis
2765 1360 3204 1435 suggestionibus
3243 1362 3558 1430 incitarunt,
3591 1360 3648 1419 ut
3675 1362 3832 1420 lecto.

2244 1472 2335 1513 res
2354 1465 2407 1511 et
2435 1454 2842 1529 hypodiaconos
2864 1466 2928 1512 ac
2956 1463 3186 1511 cancros
3206 1454 3437 1510 clericos
3464 1452 3721 1512 Ecclesiae
3749 1470 3833 1511 ca-

2248 1538 2463 1606 tholica:
2500 1548 2567 1605 ad
2612 1536 3023 1605 decurionatum
3066 1554 3118 1603 et
3158 1545 3465 1603 functiones
3503 1538 3834 1618 publicorum

2248 1652 2537 1700 munerum
2588 1642 2932 1697 revocarent.
2968 1640 3334 1708 Quamobrem
3367 1638 3607 1710 episcopi
3653 1632 3835 1696 Eccle-

2250 1740 2345 1794 εἰςιν
2386 1734 2666 1792 catliolicze
2699 1750 2795 1805 per
2840 1730 3145 1790 Numidiam
3187 1731 3256 1787 ad
3285 1730 3673 1802 imperatorem
3714 1726 3842 1788 seri-

547 1832 857 1886 accusatum
898 1824 1068 1879 fuisse
1107 1824 1464 1879 allirmaruot.
1494 1822 1835 1879 Addiderunt
1866 1822 2147 1892 pecuniam
2179 1822 2229 1885 B
2253 1828 2383 1884 bore
2408 1822 2674 1897 compulsi
2706 1828 2847 1893 sunt,
2882 1824 3109 1896 ejusque
3140 1822 3401 1880 auitilium
3432 1824 3744 1894 implorare.
3777 1814 3840 1878 Et

550 1912 729 1976 datam
777 1914 1001 1974 Silvano
1041 1925 1097 1973 et
1136 1915 1405 1987 episcopis
1444 1928 1473 1971 a
1521 1917 1731 1972 Victore
1771 1924 1827 1971 ut
1865 1916 2151 1988 presbyter

550 2012 925 2076 ordinaretur,
950 2018 1007 2066 et
1026 2018 1193 2081 cupas
1216 2009 1355 2065 aceti
1378 2008 1618 2064 sublatas
1638 2023 1670 2064 e
1697 2009 1902 2079 templo
1930 2007 2149 2079 Serapis

551 2120 579 2159 a
624 2104 844 2161 Silvano
881 2110 937 2159 et
965 2095 1234 2173 Purpurio
1278 2102 1581 2174 episcopis,
1627 2116 1836 2157 necnon
1884 2114 1913 2156 a
1953 2099 2151 2155 Doniio

554 2200 610 2253 et
658 2192 1258 2269 Superiopresbyteris
1296 2206 1349 2249 et
1404 2193 1641 2249 Luciano
1683 2193 1933 2249 diacono.
1966 2191 2150 2249 Auditi

552 2290 713 2345 etiam
738 2294 907 2344 testes
937 2287 1003 2343 de
1038 2286 1159 2343 data
1190 2301 1220 2341 a
1255 2276 1460 2342 Lucilla
1493 2285 1737 2341 Numidis
1761 2286 2030 2357 episcopis
2061 2296 2152 2354 ped

552 2382 710 2438 cunia
756 2388 813 2436 ut
852 2382 1139 2451 episc0pus
1182 2379 1524 2435 brdinaretur
1565 2378 1876 2449 Majorinns.
1923 2377 2150 2433 Istorum

553 2485 766 2547 partem
815 2474 1102 2529 maximam
1143 2480 1419 2545 gestorum
1450 2472 1739 2537 habemus;
1769 2470 1865 2529 sed
1892 2471 2047 2527 deest
2067 2470 2156 2542 ju-s

552 2567 752 2623 dicium
783 2564 1065 2635 Zenophili
1086 2605 1101 2631 ,
1132 2558 1239 2635 quo
1285 2570 1463 2621 tamen
1508 2564 1786 2621 Silvanum
1813 2563 2153 2620 Traditorem

554 2658 886 2714 declaratum
929 2656 1100 2714 fuisse
1139 2663 1348 2713 certum
1386 2667 1486 2712 est.
1522 2656 1654 2712 Nam
1694 2657 1873 2712 statim
1904 2656 2156 2713 Silvanus

555 2752 609 2808 in
635 2752 859 2809 callium
896 2751 1085 2822 pulsus
1112 2758 1197 2806 est
1215 2793 1229 2817 ,
1267 2766 1371 2806 non
1400 2750 1537 2822 quod
1571 2749 1778 2806 Ursatio
1800 2760 1847 2805 et
1871 2748 2157 2819 Zenopliilo

556 2844 969 2918 persequentibus
995 2845 1375 2901 communicare
1403 2844 1647 2898 noluisset
1666 2886 1680 2910 ,
1712 2848 1772 2897 ut
1795 2842 1973 2898 aiebat
1997 2840 2159 2897 Cres-

557 2945 788 3012 conius,
820 2942 937 3011 sed,
973 2944 1031 2999 'ut
1076 2943 1280 2999 asserit
1323 2940 1685 3011 Augustinus,
1734 2939 1827 2996 llb.
1868 2946 1925 2995 tn
1969 2932 2157 2994 centra

556 3038 702 3094 hunc
740 3035 1073 3092 Donatistam
1098 3077 1113 3102 ,
1146 3049 1268 3105 cap.
1297 3031 1367 3090 50
1392 3051 1405 3088 :
1442 3030 1575 3099 Quia
1600 3046 1715 3086 cum
1746 3026 1987 3087 Traditur
2027 3028 2160 3099 fuis-

556 3140 665 3200 set,
712 3136 1013 3204 pertimuere
1048 3130 1201 3186 etiam
1230 3129 1498 3184 haereticus
1523 3124 1679 3180 coluit
1704 3165 1720 3193 ,
1750 3126 1805 3179 ut
1844 3121 2036 3194 falsum
2067 3112 2174 3177 Iro:

2254 1923 2506 1991 quoniam
2556 1916 2899 1989 Imperatoris
2938 1918 3175 1973 animum
3226 1917 3293 1973 ad
3339 1912 3617 1973 lenitatem
3665 1927 3720 1973 et
3759 1914 3847 1988 pa-

2256 2014 2496 2068 tientiam
2528 2028 2755 2083 pronum
2793 2020 3076 2073 noverant,
3125 2011 3332 2067 nullam
3360 2011 3429 2067 de
3457 2008 3698 2067 inimicis
3726 2010 3842 2064 vin-

2254 2106 2454 2163 dictant
2497 2100 2882 2178 poposcerunt,
2915 2120 3014 2162 nec
3040 2105 3088 2161 vi
3114 2113 3169 2161 et
3196 2104 3522 2160 auctoritate
3563 2100 3849 2175 imperato-

2255 2202 2331 2257 ris
2355 2198 2627 2255 basilicain
2658 2199 2758 2254 sibi
2792 2198 2942 2254 reddi
2963 2190 3325 2269 postularunt,
3355 2194 3450 2254 sed
3484 2194 3651 2253 alium
3677 2197 3845 2251 locum

2255 2290 2358 2347 sibi
2386 2306 2451 2347 ex
2492 2290 2622 2346 fisco
2647 2290 2894 2359 concedi,
2922 2298 2982 2345 ut
3014 2290 3085 2345 ibi
3118 2304 3312 2345 novam
3346 2286 3655 2345 Ecclesiam
3682 2276 3846 2343 :edill-

2257 2390 2467 2440 carent.
2500 2380 2800 2453 Imperator
2841 2380 3026 2438 multis
3065 2376 3311 2437 invectus
3353 2374 3404 2436 in
3453 2375 3850 2436 Donatistarum

2257 2478 2548 2535 factionem
2598 2486 2652 2532 ct
2696 2475 2912 2532 laudata
2945 2475 3156 2546 prolixe
3194 2472 3609 2530 Catholicorum
3648 2464 3859 2544 Episco-

2257 2578 2450 2643 porum
2477 2566 2756 2643 patientia,
2784 2568 2929 2641 quod
2957 2568 3009 2623 bi
3035 2569 3290 2636 petebant
3312 2565 3566 2632 indulsit,
3603 2572 3657 2623 ct
3685 2564 3857 2621 statim

2263 2664 2471 2720 litteras
2511 2656 2660 2719 dedit
2704 2660 2771 2716 ad
2820 2654 3182 2728 Rationalem,
3228 2664 3288 2715 u’t
3339 2661 3524 2717 locum
3567 2658 3633 2715 ad
3679 2657 3862 2714 fiscum

2259 2756 2622 2830 pertinentem
2651 2750 2908 2811 Ecclesiae
2946 2750 3228 2809 catholica:
3257 2751 3308 2808 in
3348 2748 3663 2808 dominium
3695 2738 3863 2807 trade-

2261 2858 2369 2914 ret,
2403 2856 2455 2903 et
2496 2844 2573 2902 ibi
2597 2858 2663 2901 ex
2691 2845 2807 2901 llsei
2839 2855 3058 2916 sumptu
3101 2842 3381 2901 basilicam
3410 2846 3553 2916 erigi
3590 2845 3862 2916 praecepit.

2259 2936 2548 2995 Consolari
2592 2950 2806 3008 quoque
2847 2935 3143 3001 mandavit,
3187 2944 3245 2991 ut
3294 2935 3346 2991 in
3391 2932 3566 3007 hujus
3614 2935 3865 2992 Ecelcsim

2263 3028 2616 3090 fabricatione
2645 3028 2942 3101 Episcopus
2964 3024 3264 3099 adiuvaret,
3290 3040 3355 3084 ac
3382 3026 3656 3085 Lecmres
3686 3026 3866 3084 Eccle-

2265 3123 2361 3179 site
2390 3120 2709 3190 Catholicrc,
2739 3119 3146 3193 bypodiaconos
3192 3129 3246 3175 et
3276 3110 3526 3191 reliquos
3557 3118 3786 3175 clericos
3806 3104 3867 3170 ad

559 3224 735 3282 nore'm
772 3226 824 3281 in
853 3227 969 3294 ipsa
994 3220 1358 3296 parteDonati
1384 3220 1623 3288 haberet,
1652 3220 1740 3292 qui
1765 3212 1952 3273 habere
1979 3218 2031 3272 in
2058 3215 2158 3272 Ca;
2185 3211 2231 3276 C
2265 3231 2487 3273 munera
2510 3226 2564 3271 ct
2591 3216 3001 3271 dccurionatum
3041 3212 3315 3285 cogendos
3359 3228 3476 3268 non
3506 3226 3636 3270 esse
3661 3210 3867 3271 statuit,

557 3318 749 3374 tholica
780 3317 978 3373 nullum
1013 3325 1177 3387 posset
1217 3325 1319 3370 tam
1354 3314 1641 3385 manifestis
1688 3306 2003 3366 Traditionis
2049 3318 2158 3364 suae

556 3409 709 3481 gestis
738 3406 941 3478 publica
979 3407 1182 3478 judicio
1224 3405 1479 3461 reseratis.
1507 3400 1637 3461 Inde
1659 3401 1819 3459 etiam
1850 3398 2059 3457 cobstal
2089 3410 2155 3456 eo

558 3502 808 3570 tempore
840 3498 1111 3556 Ursatium
1142 3497 1392 3554 comitem
1426 3497 1479 3553 in
1529 3495 1710 3552 Africa
1756 3496 2154 3551 DonatiStarum

556 3592 726 3648 furori
753 3605 874 3647 sese
902 3593 1218 3661 opposuisse
1236 3633 1252 3658 ,
1275 3601 1331 3647 et
1356 3606 1451 3662 pro
1471 3587 1759 3645 Catholicis
1782 3589 2042 3644 adversus
2062 3598 2157 3643 eos

559 3683 858 3741 militasse:
898 3682 1040 3740 unde
1081 3683 1221 3739 hunc
1261 3690 1532 3753 tamquam
1563 3679 1793 3753 primum
1824 3674 2157 3751 teihp‘eStatis

558 3780 615 3834 in
646 3790 704 3834 se
729 3778 1015 3835 concitata:
1045 3782 1319 3834 auctorem
1348 3773 1702 3831 traducebant
1734 3773 2047 3829 Donatistae.

629 3866 817 3924 Preces
863 3866 1255 3923 Donatistarum
1293 3867 1361 3922 ad
1404 3865 1796 3922 Constantinum
1837 3860 2018 3936 quibus
2058 3872 2155 3921 an-

557 3960 693 4016 nuit.
721 3990 796 4003 —
824 3960 957 4017 Cum
1004 3960 1166 4032 igitur
1203 3960 1451 4017 Ursatius
1483 3946 1790 4015 Donatistas
1827 3958 2007 4015 furere
2050 3972 2157 4014 non

542 4038 766 4111 ~sineret
798 4058 851 4111 et
881 4054 947 4109 ad
980 4053 1312 4110 Catholicam
1344 4052 1641 4110 Ecclesiam
1670 4050 2061 4124 compelleret,
2092 4051 2156 4107 li-

559 4146 759 4203 bellum
791 4143 1060 4203 dederunt
1103 4150 1246 4204 anno
1286 4145 1386 4204 32l
1417 4144 1774 4203 Constantino
1810 4144 2156 4216 imperatori,

558 4254 667 4311 quo
711 4240 1003 4310 poscebant
1031 4248 1090 4295 ut
1133 4239 1303 4295 libere
1331 4239 1479 4310 ipsos
1509 4255 1671 4310 agere
1697 4282 1711 4306 ,
1741 4253 1841 4294 nec
1866 4240 2062 4293 invitos
2091 4234 2160 4293 ad

556 4328 993 4390 communionem
1023 4328 1289 4389 Caeciliani
1316 4333 1434 4404 cogi
1458 4333 1619 4389 vellet
1643 4374 1656 4396 ,
1676 4330 1995 4403 adjicientes
2020 4331 2161 4386 nullo

557 4424 709 4481 modo
738 4438 791 4481 se
819 4424 1284 4481 communicaturos
1318 4425 1545 4480 Antistiti
1573 4420 1737 4494 ipsius
1764 4422 2036 4491 nebuloni,
2068 4440 2164 4495 pa-

558 4528 799 4587 ratosque
825 4528 935 4573 esse
968 4520 1137 4591 potius
1166 4518 1362 4591 perpeti
1397 4514 1649 4589 quidquid
1673 4518 1745 4573 eis
1775 4516 1944 4588 facere
1971 4519 2165 4574 voluis-

2262 3318 2316 3366 et
2345 3323 2441 3365 eos
2470 3308 2560 3379 qui
2594 3307 2991 3363 Donatistarum
3025 3302 3285 3362 instinctu
3311 3304 3380 3360 ad
3427 3300 3521 3361 illa
3558 3305 3739 3361 vocati
3763 3303 3871 3358 iue-

2259 3414 2400 3470 rant,
2426 3402 2586 3473 jliSsit.
2615 3401 2682 3478 ab
2713 3403 2777 3457 iis
2808 3396 3037 3457 absolvi.
3089 3394 3273 3455 Exstat
3321 3399 3416 3455 lex
3456 3398 3551 3456 illa
3582 3390 3638 3455 in
3690 3395 3872 3454 codice

2258 3488 2663 3561 'I‘beodosia‘no,
2718 3493 2823 3565 leg.
2870 3494 2925 3560 7,
2972 3492 3041 3548 de
3089 3490 3362 3563 episcopis
3394 3490 3469 3547 ad
3520 3488 3869 3548 Valentinum

2260 3586 2604 3645 cohslilareni
2650 3586 2913 3643 Numidia:
2961 3586 3151 3643 iisdem
3204 3584 3316 3642 fere
3360 3582 3579 3643 verbis
3608 3590 3870 3654 concepta

2260 3690 2382 3756 quae
2414 3678 2724 3740 referuntur
2772 3680 2823 3737 iu
2856 3681 3083 3753 epistola
3106 3672 3459 3737 Constantini
3490 3676 3564 3736 ad
3594 3674 3877 3751 episcopos

2261 3774 2559 3843 Numidas;
2609 3782 2843 3846 suntQue
2893 3771 3247 3843 huiusmodi:
3288 3770 3551 3829 Lectores
3593 3771 3879 3827 diuinorum

2244 3870 2466 3943 'apicum
2497 3872 2545 3927 et
2573 3868 2918 3943 hypodiaconi
2956 3867 3230 3937 cazterique
3268 3864 3454 3922 clerici
3483 3862 3576 3937 qui
3619 3878 3713 3934 per
3741 3858 3878 3934 inju-

2260 3969 2396 4022 riam
2430 3965 2789 4019 Itmreticmum
2819 3961 2888 4017 ad
2916 3959 3111 4014 curiam
3152 3958 3385 4013 devocati
3424 3948 3578 4023 sunt,
3613 3953 3882 4011 absolvan—

2262 4069 2368 4125 tur,
2402 4060 2451 4113 ετ
2491 4054 2554 4111 de
2582 4066 2765 4111 σαπενο
2794 4053 2863 4110 ad
2891 4044 3277 4107 similitudinem
3319 4050 3551 4106 orientis
3579 4048 3793 4103 minime
3820 4032 3886 4096 ad

2263 4154 2435 4208 chrias
2469 4152 2797 4215 devocentur,
2831 4140 2921 4202 sed
2963 4142 3285 4200 immunitate
3314 4136 3641 4212 plenissima
3687 4138 3887 4210 potian-

2264 4260 2365 4305 tur.
2394 4246 2521 4302 Data
2553 4244 2671 4301 Itcec
2698 4242 2787 4299 les
2815 4250 2899 4297 est
2919 4240 3059 4296 sicut
3089 4247 3145 4295 et
3168 4238 3407 4308 epistola
3435 4230 3620 4293 Nobis
3644 4226 3886 4291 Febl'na-

2263 4339 2361 4398 riis
2388 4332 2649 4396 Serdica}.
2681 4332 2787 4394 Sed
2835 4332 3114 4389 consulum
3162 4326 3388 4385 nomina
3424 4344 3557 4400 qua:
3602 4342 3716 4383 non
3766 4320 3889 4379 sunt

2265 4430 2539 4504 adscripta
2572 4433 2624 4487 in
2655 4428 2905 4500 cpistola,
2934 4416 2985 4483 in
3029 4425 3147 4497 lege
3194 4422 3590 4494 reperibntttr,
3626 4406 3887 4479 Gallicani

2266 4520 2471 4584 scilicet
2510 4532 2566 4581 et
2604 4519 2916 4594 Symmachi
2962 4533 3189 4589 quorum
3230 4514 3577 4572 consulatus
3611 4506 3810 4571 incidit
3836 4504 3886 4594 iit

557 4619 669 4677 set;
697 4590 1045 4668 Ctecilianum
1082 4611 1425 4683 designantes
1454 4626 1614 4681 quem
1645 4593 1949 4666 Antistio-ni
1983 4611 2157 4681 Impe-
2183 4607 2237 4668 D
2264 4633 2468 4676 annum
2490 4616 2615 4674 330.
2645 4590 2823 4686 atque
2845 4606 2971 4668 hinc
2995 4610 3280 4682 epistolam
3315 4609 3479 4665 illam
3511 4590 3884 4669 Constantini,

558 4702 757 4761 ratoris
800 4694 1111 4778 appellant,
1141 4705 1265 4777 quia
1312 4716 1436 4761 eum
1475 4703 1816 4760 innocentem
1864 4718 1985 4760 esse
2027 4718 2155 4775 pro-

560 4794 899 4855 nuntiaverat
938 4806 991 4855 et
1020 4810 1117 4870 pro
1162 4797 1403 4868 legitimo
1434 4796 1703 4867 Episc0po
1747 4792 2159 4867 Carthaginensi

561 4890 810 4947 habebat.
844 4890 1083 4947 Orabaot
1112 4888 1273 4944 etiam
1305 4886 1686 4957 imperaturem
1717 4874 1773 4943 ln
1802 4880 1904 4945 ltoc
1933 4887 2116 4947 libello
2137 4933 2153 4957 ,

560 4984 617 5038 ut
646 4982 917 5039 Silvanum
946 4989 1001 5036 et
1027 4981 1263 5052 collegas
1292 4980 1360 5037 ab
1389 4980 1554 5037 exilio
1584 4992 1884 5039 revocaret.
1918 4980 1999 5040 Ad
2041 4982 2158 5043 haec

561 5090 667 5131 non
698 5076 859 5129 modo
888 5076 987 5147 ιι
1013 5086 1117 5129 non
1149 5074 1352 5129 exarsit
1378 5075 1453 5129 uti
1476 5073 1597 5145 jure
1627 5077 1891 5147 potuisset
1912 5068 2155 5135 clemen-

565 5166 803 5222 tissimus
847 5165 1178 5237 imperator,
1208 5163 1303 5221 sed
1346 5182 1376 5221 e
1411 5176 1595 5223 contra
1634 5166 1765 5240 ipsis
1805 5184 2159 5244 quascumque
2200 5202 2205 5205 -

566 5259 861 5330 poscebant
885 5257 1041 5313 solita
1088 5258 1419 5331 benignitate
1460 5259 1714 5329 Indulsit;
1748 5264 2051 5321 rescribens
2090 5260 2159 5323 ad
2196 5306 2200 5311 μ

566 5348 837 5408 Valerium
884 5366 978 5409 seu
1006 5352 1264 5409 Verinum
1304 5356 1565 5412 vicarium
1612 5356 1844 5422 Africae,
1891 5368 1945 5412 nt
1991 5357 2160 5415 libere

563 5459 661 5503 eos
707 5460 867 5517 agere
897 5446 1099 5504 sineret
1124 5457 1180 5504 et
1208 5464 1396 5506 eorum
1427 5448 1665 5506 furorem
1695 5449 1806 5506 Deo
1836 5435 2034 5508 vindlci
2074 5440 2161 5508 "di-

564 5539 804 5598 mitteret
831 5560 844 5596 :
875 5541 1035 5598 simul
1077 5542 1131 5598 in
1161 5534 1381 5600 exilium
1415 5543 1597 5613 pulsos
1627 5539 1694 5597 ad
1736 5544 1951 5615 propria
1980 5532 2161 5601 redire

565 5636 830 5707 permisit.
883 5630 995 5696 Hoc
1042 5640 1363 5711 rescriptum
1411 5634 1595 5695 datum
1643 5635 1746 5692 fuit
1789 5656 1819 5693 v
1862 5628 1982 5694 Maii
2032 5638 2159 5697 anni

561 5730 691 5787 550.

646 5827 1031 5891 Cat/rolicorttm
1069 5847 1102 5886 α
1139 5828 1432 5890 Donatistis
1470 5830 1690 5894 vexatio.
1729 5830 1890 5907 Leges
1917 5831 2166 5892 Constan-

2264 4722 2546 4783 totumque
2574 4702 2707 4766 illud
2737 4707 2805 4763 de
2834 4702 3051 4762 basilica
3079 4700 3571 4760 Constantiniensi
3614 4696 3888 4773 negotium

2264 4823 2388 4865 cum
2424 4819 2629 4877 nupero
2653 4801 2918 4873 scriptore
2954 4796 3234 4869 exquisita:
3263 4792 3619 4853 eruditidnis
3651 4795 3720 4850 ad
3752 4790 3890 4849 hunc

2265 4916 2466 4957 annum
2516 4896 2843 4963 referimus,
2903 4893 3240 4964 potiusquam
3281 4888 3352 4946 ad
3406 4898 3630 4948 aurium
3668 4886 3778 4947 517
3807 4890 3894 4942 aut

2266 4993 2394 5060 318,
2429 4991 2623 5063 quibus
2655 4989 2770 5046 bzrc
2798 4978 3092 5059 contigisse
3129 4985 3450 5056 suspicatus
3476 4996 3605 5042 erat
3630 4980 3894 5041 Henricus

2266 5080 2534 5141 Valesius.

2340 5170 2597 5249 Dogmata
2641 5176 3053 5233 Donatistarum.
3082 5203 3154 5215 —-
3183 5166 3323 5229 Cum
3374 5172 3704 5228 Donatistae
3737 5169 3894 5227 totius

2267 5269 2416 5328 orbis
2446 5269 2723 5327 Ecclesiae
2747 5264 3023 5349 Caeciliani
3048 5262 3437 5322 communioni
3470 5266 3767 5322 adhaerere
3789 5270 3845 5318 et
3866 5274 3892 5311 τι

2267 5379 2362 5420 sua
2408 5365 2615 5419 alienas
2657 5378 2777 5419 esse
2816 5358 3240 5424 intellexissent,
3279 5374 3355 5414 eo
3392 5362 3743 5417 temeritatis
3771 5372 3892 5429 pro-

2267 5468 2631 5515 cesseruntut
2670 5454 2913 5513 dicereut
2953 5451 3253 5511 Ecclesiam
3283 5452 3638 5510 catholicam
3688 5454 3741 5509 in
3784 5446 3890 5508 sola

2267 5563 2424 5626 parte
2449 5564 2542 5608 sua
2568 5550 2931 5629 permansisse
2952 5559 3008 5605 et
3036 5550 3089 5604 in
3112 5534 3235 5603 aliis
3260 5534 3428 5601 orbis
3454 5548 3720 5617 partibus
3744 5542 3891 5617 quasi

2269 5644 2591 5716 contagione
2620 5636 3017 5698 communionis
3039 5641 3401 5697 exstinctam.
3438 5637 3705 5712 Cumque
3733 5630 3894 5693 veteri

2269 5734 2651 5798 Africanorum
2699 5732 2897 5803 placito
2944 5728 3271 5805 pertinacius
3333 5724 3707 5789 adhaereret"
3750 5740 3895 5785 extra

2277 5845 2465 5891 veram
2498 5812 2816 5898 Ecclesiam,
2844 5828 3167 5903 baptismum
3195 5830 3249 5880 et
3284 5806 3399 5880 alia
3439 5830 3791 5883 sacramenta
3820 5820 3891 5879 ir-
