4206 6170
418 362 525 417 797
630 348 633 351 “

1625 336 1937 424 tnsronnt
1978 366 2522 451 υυΝΑτιετᾼιιυιι.

3643 372 3744 425 798

416 488 522 542 rita
562 494 710 547 esse,
761 488 1013 534 cunctos
1040 478 1105 534 ad
1138 494 1199 536 se
1243 482 1524 540 venientes
1561 486 1649 556 qui
1682 485 1735 540 in
1780 483 2039 541 Eeclesiis
2064 490 2113 549 Λ
2143 485 2549 557 ptimum—Nec
2570 489 2712 542 vero
2743 484 2843 541 fuit
2867 483 3140 540 unanimis
3168 484 3409 541 ninnium
3444 486 3751 542 Donatista-

414 591 552 651 quas
578 572 937 630 adulterinas
968 584 1097 628 esse
1133 572 1539 633 arbitrabuntur
1567 576 1823 648 baptizati
1854 584 2030 643 erant,

414 674 611 730 iterum
656 665 939 739 baptizari
965 665 1274 736 jusserunt,
1309 669 1574 726 sacrificia
1621 681 1675 727 et
1718 670 1896 726 omnia
1925 668 2029 725 Ca-

415 764 744 821 tholicorum
798 772 973 814 sacra
1025 768 1303 830 tamquam
1351 762 1557 834 impura
1603 761 2027 832 detestabantur,

413 853 813 914 Eucharistiam
871 852 950 909 ab
1001 851 1136 922 ipsis
1189 865 1560 914 consecratam
1605 867 1873 929 tamquam
1916 873 2029 914 rem

412 951 691 1024 profanant
750 946 1191 1013 conculcabant,
1238 946 1548 1007 chrismatis
1612 948 2023 1020 coniectionem,

413 1058 618 1101 sacram
660 1039 1013 1104 unctionem,
1042 1036 1445 1108 ordinationes,
1476 1043 1689 1113 aliaque
1717 1042 1896 1097 omnia
1941 1059 2029 1099 sa-

413 1146 688 1195 cramenta
721 1135 877 1190 irrita
918 1148 1046 1189 esse
1074 1135 1404 1203 censebant,
1434 1138 1624 1194 altaria
1650 1139 1795 1192 velut
1823 1139 2028 1209 polluta

413 1228 703 1288 immundis
730 1243 925 1284 eorum
956 1225 1247 1282 sacriﬁciis
1276 1228 1539 1286 radebant
1565 1238 1661 1285 aut
1702 1232 2024 1301 exurebant,

411 1322 612 1379 calices
651 1320 1001 1392 frangebant,
1033 1319 1274 1390 parietes
1322 1328 1378 1376 et
1419 1324 1733 1391 pavimenta
1768 1322 2029 1381 Ecclesiae

413 1430 552 1486 aqua
603 1413 886 1481 lavabant;
935 1411 1322 1483 episcoporum
1369 1414 1707 1479 sacerdotia,
1758 1417 2028 1487 virginum

2137 594 2255 635 rum
2284 577 2354 634 de
2380 578 2641 648 baptismi
2673 577 2964 633 iteratiooe
2995 576 3294 633 sententia.
3344 576 3571 648 Scripsit
3608 579 3752 633 enim

2134 669 2432 726 Tichonius
2466 669 2781 737 Donatista,
2834 668 3110 724 referente
3154 668 3478 740 Augustino,
3522 684 3609 740 ep.
3658 670 3751 736 95-,

2133 764 2200 821 ad
2238 764 2577 821 Vincentium
2608 762 2976 835 Rogatistam,
3010 779 3069 819 ιι.
3105 760 3175 818 45
3201 779 3214 816 :
3246 778 3279 817 ο
3307 763 3537 820 ducentis
3558 773 3605 818 et
3632 779 3750 834 sep—

2134 858 2369 931 tuaginta
2395 857 2663 927 episcopis
2709 856 3086 912 communionis
3127 853 3436 911 Donationis
3475 856 3751 911 concilium

2133 950 2437 1022 Carthagini
2474 950 2833 1021 celebratum,
2890 954 2944 1004 in
2974 965 3079 1022 quo
3129 948 3347 1003 concilio
3402 965 3492 1022 per
3543 961 3753 1020 septua-

2130 1042 2273 1115 ginta
2297 1050 2346 1097 et
2372 1041 2601 1112 quinque
2626 1042 2740 1096 dies
2772 1041 3075 1112 postpositis
3117 1041 3353 1095 omnibus
3376 1042 3646 1112 praeteritis
3677 1042 3744 1096 li-

2132 1146 2324 1193 matum
2346 1153 2454 1191 esse
2481 1137 2799 1192 sententiam
2824 1146 2975 1208 atque
3001 1136 3279 1202 decretam,
3312 1146 3366 1192 ut
3394 1136 3749 1192 Traditoribus

2132 1231 2367 1285 innitensi
2393 1230 2634 1286 criminis
2662 1233 2786 1294 reis,
2828 1231 2873 1286 si
2904 1230 3163 1302 baptizari
3192 1230 3385 1285 nollent
3415 1246 3509 1300 pro
3533 1228 3750 1300 integrii

2134 1322 2625 1376 communicaretur.
2684 1320 2988 1377 Deutsrinut
3016 1322 3172 1376 etiam
3201 1320 3609 1375 Macrianensem
3638 1321 3749 1391 epi-

2135 1424 2352 1485 scopum
2372 1414 2611 1487 ejusdem
2636 1417 3014 1472 communionis
3038 1414 3369 1470 Traditorum
3397 1416 3592 1485 plebem
3616 1431 3745 1469 con—

415 1516 542 1563 rnta
588 1506 727 1577 apud
776 1504 1090 1561 Catholicos
1139 1503 1338 1559 emissa
1385 1505 1599 1561 nullius
1647 1505 1863 1562 roboris
1907 1512 2030 1566 esse
2135 1520 2399 1579 gregatam
2424 1506 2680 1565 Ecclesia:
2699 1511 2983 1579 miscuisse,
3015 1520 3062 1564 et
3084 1511 3362 1565 secundum
3387 1516 3577 1564 statuta
3604 1504 3747 1563 illius

414 1596 746 1663 censebant;
776 1612 842 1652 ac
871 1596 1087 1652 demum
1130 1594 1545 1652 Catholic'orum
1590 1598 2032 1655 communionem
2141 1600 2347 1654 concilii
2376 1599 2558 1669 fecisse
2579 1618 2702 1656 cum
2730 1602 3089 1659 Traditoribus
3128 1603 3399 1666 unitatem,
3428 1601 3573 1670 eique
3595 1597 3741 1654 Dea-

414 1706 643 1766 prorsus
672 1688 1058 1748 abhorrebant.
1094 1687 1220 1743 llaac
1245 1697 1302 1744 et
1336 1688 1441 1743 alia
1465 1690 1675 1742 eorum
1712 1686 2036 1747 documenta
2141 1692 2269 1746 torio
2290 1702 2402 1764 post
2428 1693 2523 1748 hoc
2555 1698 2756 1766 factum
2772 1698 2971 1771 jngiter
2998 1696 3403 1752 communicasse
3431 1693 3533 1767 ιε
3564 1690 3745 1759 Domi-

413 1784 751 1842 consectaria
773 1791 928 1838 erant
957 1780 1106 1836 falsa:
1130 1779 1277 1835 illius
1308 1778 1727 1850 persuasionis,
1761 1783 1906 1850 quod
1931 1783 2034 1838 Ec-
2144 1787 2292 1849 tuin;
2322 1800 2413 1838 nec
2457 1786 2626 1841 salum
2659 1787 2782 1843 huic
2827 1790 3070 1844 Diuterio
3093 1830 3110 1857 ,
3160 1788 3251 1843 sed
3299 1786 3451 1841 etiam
3494 1784 3746 1841 universis

416 1879 584 1936 clesis
617 1892 711 1948 per
738 1885 905 1933 totum
936 1875 1121 1931 orbem
1147 1874 1419 1945 periisset,
1441 1884 1497 1930 et
1528 1874 1753 1929 veteris
1781 1869 2039 1933 Afrorum
2071 1891 2121 1951 Β
2148 1873 2816 1952 Manr'orumepiscopisqui
2836 1894 2928 1953 per
2947 1880 3291 1953 quadraginta
3310 1892 3472 1933 annos
3500 1877 3745 1946 usquead

418 1975 801 2043 episcoporum
847 1967 1129 2034 doctrinae,
1173 1965 1313 2036 quod
1354 1974 1504 2049 extra
1546 1964 1867 2048 Ecclesium
1906 1968 2043 2025 niltil
2147 1971 2539 2041 persecutionem
2562 1972 2664 2049 per,
2686 1973 2981 2032 Macariuin
3009 1978 3224 2049 factum,
3251 1972 3604 2028 Traditoribus
3634 1972 3746 2028 sine

423 2042 604 2119 ratum
635 2077 698 2117 ac
724 2061 959 2117 validum
986 2058 1107 2115 ﬁeri
1130 2068 1331 2130 posset.
1354 2042 1667 2113 Ecclesiam
1691 2042 1878 2117 autem
1909 2077 2039 2132 per-

420 2157 555 2212 iisse
597 2154 834 2223 aiebant,
881 2152 1028 2225 quod
1064 2151 1410 2208 Caecilianum
1449 2166 1478 2202 a
1537 2148 1735 2207 Felice
1776 2155 2041 2226 Aptungi-

423 2260 555 2306 tauo
580 2237 884 2305 ordinatum
915 2245 1251 2305 Traditionis
1296 2258 1392 2299 reo
1428 2251 1482 2298 et
1522 2243 1669 2300 alios
1694 2244 2039 2314 'l‘raditores,

424 2356 487 2400 ut
516 2344 853 2411 asserebant,
882 2337 1207 2397 manifestos
1236 2352 1337 2408 pro
1369 2336 1647 2406 episcopis
1670 2335 1955 2395 habuisset
1985 2348 2043 2395 et

427 2452 457 2491 a
512 2436 895 2491 communione
943 2448 1040 2489 sua
1097 2447 1206 2486 non
1265 2428 1589 2498 expulisset.
1636 2428 2041 2488 Existimabam

427 2527 643 2585 scilicet
669 2528 962 2593 Ecclesiam
985 2539 1171 2582 veram
1214 2538 1282 2578 ex
1309 2522 1441 2577 solis
1471 2520 1785 2577 hominibus
1810 2524 1875 2595 ,ιιι
1908 2532 2035 2597 spe;

424 2624 567 2680 ciem
612 2623 813 2678 sanctis
854 2631 911 2678 et
949 2621 1115 2693 justis
1157 2624 1413 2674 antistare
1442 2613 1676 2680 debere;
1725 2616 2036 2676 fatebantur

424 2714 648 2788 quidem
676 2716 728 2770 iu
760 2711 999 2771 Ecclesia
1029 2713 1202 2769 malos
1222 2724 1349 2767 cum
1375 2709 1533 2765 bonis
1556 2722 1681 2765 esse
1709 2711 2032 2782 permixtos,

428 2808 527 2865 sed
553 2809 798 2865 occultos
836 2814 1067 2873 tantum,
1120 2814 1230 2861 non
1262 2813 1443 2860 autem
1469 2802 1719 2873 publicos
1772 2813 1829 2860 et
1856 2797 2032 2861 niani-

427 2900 619 2957 festos.
655 2901 777 2956 llaec
822 2912 941 2961 erat.
981 2898 1234 2970 equidem
1269 2894 1540 2967 primaevae
1575 2893 1839 2951 Ecclesia:
1864 2897 2034 2954 disci;

429 2993 601 3065 plina,
662 2999 720 3047 ut
770 2990 835 3047 iis
888 2988 981 3062 qul
1029 2990 1338 3047 idololatria
1378 2980 1607 3057 aliisque
1652 2984 2034 3059 peccatoribus

428 3087 716 3144 criminum
756 3086 863 3142 reis
886 3086 956 3142 ab
987 3085 1229 3140 Ecclesia
1261 3081 1502 3151 exnulsis
1538 3083 2029 3151 communicarent,

429 3178 743 3235 communio
770 3178 1133 3249 denegaretur
1158 3191 1172 3230 :
1197 3189 1260 3230 ac
1289 3176 1361 3229 ita
1391 3172 1545 3228 initio
1569 3174 1883 3231 sciiismatis
1905 3188 2028 3233 cum

2149 2063 2397 2137 baptismo
2436 2069 2905 2125 communicarent.
2957 2066 3175 2126 Nullum
3208 2067 3334 2122 alibi
3379 2066 3621 2137 reperire
3660 2074 3745 2122 est

2147 2157 2360 2213 concilii
2397 2159 2543 2215 illius
2575 2160 2891 2234 vestigium,
2923 2163 3065 2236 quod
3105 2160 3320 2234 Quidem
3351 2168 3457 2214 non
3496 2163 3621 2214 ante
3648 2172 3743 2214 an-

2147 2265 2275 2306 num
2300 2252 2404 2308 350
2425 2252 2756 2310 celebratum
2790 2256 3022 2323 videtur,
3051 2264 3158 2312 non
3186 2263 3365 2310 autem
3392 2246 3545 2307 initio
3573 2252 3745 2308 schis-

2146 2343 2328 2409 matis,
2365 2352 2421 2398 ut
2448 2348 2639 2415 prdbat
2666 2348 2850 2417 primo
2889 2358 3148 2404 numerus
3179 2347 3554 2417 epiScnpttrum
3582 2344 3743 2416 hujus

2143 2437 2360 2495 concilii
2388 2448 2588 2505 tantus,
2617 2450 2674 2494 ut
2701 2432 3111 2499 Donatistarum
3141 2432 3427 2496 factionem
3457 2445 3582 2495 tunc
3608 2453 3743 2495 con-

2147 2526 2415 2588 iirrixata'm
2447 2544 2500 2588 et
2528 2532 2633 2588 late
2662 2538 3022 2608 propagatam
3065 2534 3228 2590 fuisse
3259 2533 3310 2588 in
3348 2532 3529 2588 Africa
3561 2538 3744 2589 osten-

2141 2626 2253 2682 dat.
2294 2628 2564 2694 Secundo,
2592 2627 2846 2685 TichOnii
2877 2630 3063 2698 verba,
3092 2630 3183 2702 qui
3205 2632 3455 2687 observat
3478 2620 3600 2686 cuin
3625 2630 3744 2686 hmo

2141 2716 2426 2787 scriberet,
2457 2719 2634 2775 adhuc
2656 2723 2995 2791 Superstites
3023 2721 3190 2781 misse
3233 2723 3431 2779 multos
3457 2738 3518 2780 es
3556 2720 3621 2779 iis
3644 2730 3743 2796 per
3770 2793 3781 2799 -

2139 2826 2276 2884 quos
2306 2814 2602 2872 certissima
2637 2817 2757 2873 haec
2781 2828 2837 2876 et
2871 2822 3208 2890 apertissima
3236 2826 3362 2879 esSe
3387 2812 3742 2876 ostenderen-

2139 2915 2250 2974 tur,
2290 2902 2394 2964 hoc
2434 2921 2539 2978 est,
2568 2919 2743 2970 testes
2782 2912 3047 2974 oculatos.
3082 2914 3289 2974 Floruit
3330 2927 3510 2974 autem
3545 2913 3744 2973 Ticino-

2137 2998 2263 3055 nius
2301 3008 2444 3055 anno
2491 3005 2711 3059 circiter
2739 3004 2873 3076 380',
2895 3024 2958 3066 ac
3001 3009 3224 3081 proinde
3268 3010 3560 3083 contigisse
3601 3006 3740 3068 iSIud

2137 3104 2369 3149 necesse
2422 3098 2506 3150 est
2546 3096 2734 3153 multis
2777 3104 2939 3158 annis
2990 3110 3112 3173 poSt
3156 3105 3364 3161 initium
3406 3104 3736 3162 sciiismatis.

2136 3186 2348 3255 Tertio,
2388 3188 2515 3271 quia
2566 3190 2834 3248 Donatum
2879 3192 3225 3270 Carthaginis
3256 3196 3570 3271 episcopum
3612 3198 3740 3257 tunc

427 3274 714 3328 damnatus
753 3272 893 3328 {oret
918 3287 949 3326 a
998 3270 1231 3328 concilio
1270 3266 1607 3340 septuaginta
1641 3270 2024 3342 episeoporum
2053 3284 2098 3347 (ς
2132 3280 2306 3335 fuisse
2336 3268 2560 3335 indicat.
2594 3282 2894 3354 Postquam
2940 3266 3247 3347 enim'ilixlt
3275 3266 3622 3349 {Deut-crium
3660 3312 3738 3351 se-

426 3366 773 3431 Ctecilianus,
799 3366 1046 3422 excusari
1072 3366 1320 3436 poterant
1346 3361 1671 3419 nonnulliex
1696 3364 1762 3419 iis
1788 3364 2024 3437 quicum

426 3462 546 3532 ipso
584 3460 987 3516 communicare
1034 3457 1352 3515 renuebant;
1405 3456 1602 3512 Verum
1649 3472 1770 3515 cum
1808 3461 2026 3532 iudiciis

425 3554 879 3624 subsequentibus
935 3553 1199 3609 innocens
1239 3552 1618 3623 pronuntiatus
1669 3562 1787 3620 est,
1847 3554 2023 3611 nullus

427 3649 529 3704 nisi
561 3649 810 3719 pervicax
839 3646 1279 3703 communionem
1302 3644 1419 3716 ejus
1446 3636 1629 3715 fugere
1661 3647 1855 3715 potuit,
1896 3656 2020 3703 cum

426 3741 728 3812 praesertim
756 3740 1045 3795 damnatus
1067 3738 1257 3794 inisset
1282 3752 1312 3793 a
1337 3726 1605 3808 iudicibus
1629 3737 1695 3792 ad
1718 3744 1855 3809 quos
1877 3739 2022 3795 istud

420 3831 684 3902 judicium
733 3829 839 3886 u'ou
872 3828 1201 3902 pertinebat.
1246 3828 1534 3899 P05tquum
1578 3838 1708 3882 vero
1752 3831 2021 3885 unive'rsie

426 3922 688 3979 Ecclesiae
714 3932 865 3980 extra
894 3923 1132 3998 Afripa’m
1158 3922 1208 3977 ci
1246 3920 1739 3987 communicarent,
1771 3934 2021 3980 asserere

427 4015 724 4072 Ecclesiam
752 4010 1085 4071 Catholicam
1109 4021 1394 4085 propterea
1420 4010 1645 4083 periisse
1670 4026 1897 4069 summa:
1926 4013 2021 4070 ἀει

425 4106 644 4165 mentite
682 4118 819 4165 erat.
870 4107 973 4177 Qui
1021 4107 1179 4180 primi
1223 4106 1508 4162 adversum
1551 4105 1857 4163 Donatista‘s
1895 4112 2023 4178 ege-

426 4215 575 4272 runt,
617 4207 670 4261 itt
719 4207 772 4261 id
822 4208 991 4262 unum
1036 4205 1231 4261 intenti
1283 4200 1434 4262 fuere
1482 4211 1541 4260 ut
1583 4202 1928 4261 Cteciliahuih
1966 4216 2021 4263 et

426 4303 545 4371 ejus
584 4298 950 4354 ordinatorem
980 4296 1219 4353 Felicem
1242 4309 1270 4350 a
1292 4296 1609 4351 criminibus
1635 4294 1864 4367 obiectis
1893 4310 2019 4368 pur-

426 4394 648 4464 garent;
682 4398 845 4463 atque
895 4390 970 4447 ita
1018 4387 1374 4447 ostenderent
1418 4402 1477 4445 se
1525 4388 1721 4443 merito
1764 4392 1888 4444 cum
1939 4390 2019 4447 eis

426 4487 867 4543 communionem
908 4486 1124 4551 fovere;
1184 4490 1215 4539 e
1264 4486 1454 4538 contra
1502 4490 1632 4537 vero
1677 4480 2019 4538 adversarius

426 4592 555 4635 suos
576 4569 894 4635 Traditores
922 4591 1064 4645 esse,
1093 4584 1187 4632 aut
1212 4576 1555 4632 Traditorutn
1588 4574 1747 4629 filios.
1779 4574 1852 4630 At
1890 4578 2017 4632 suc-

2132 3370 2363 3459 cundnnt
2390 3373 2548 3441 huius
2569 3376 2779 3431 concilii
2807 3378 3003 3435 statuta
3028 3378 3210 3452 fecisse
3234 3388 3350 3441 cum
3377 3383 3737 3445 Traditoribus

2130 3463 2403 3528 unitatem,
2434 3465 2619 3521 addit:
2646 3469 2810 3523 eidem
2843 3469 3091 3529 Deuterio
3128 3484 3243 3547 post
3270 3478 3366 3533 hoc
3396 3478 3587 3552 factum
3598 3484 3738 3554 jugi-

2127 3565 2211 3611 ter
2253 3559 2652 3614 communicasse
2679 3556 2965 3619 Donatum.
3002 3563 3145 3637 Ergo
3181 3562 3517 3640 temperili'us
3545 3564 3733 3629 Donati

2128 3647 2574 3720 CartltagiueuSis
2605 3644 2705 3706 sub
2741 3662 2850 3724 quo
2901 3648 3300 3714 DohatlStaruni
3335 3655 3498 3717 factio
3544 3663 3733 3733 praeci-

2127 3734 2238 3811 pue
2284 3741 2470 3811 viguit,
2516 3742 2756 3798 habitum
2807 3748 2891 3801 est
2934 3746 3067 3804 illud
3116 3748 3401 3808 cuneilium
3446 3750 3592 3809 circa
3636 3758 3734 3810 ait-

2127 3828 2417 3917 ιιιιιὶιῖιῦυ,
2445 3832 2692 3891 Ti‘chohii
2724 3836 2793 3892 'de
2822 3834 2918 3894 illo
2961 3841 3198 3899 concilio
3240 3844 3609 3902 testimonium
3640 3863 3732 3903 νυ-
3786 3878 3789 3879 ν

2124 3936 2250 3984 rum
2296 3938 2439 3998 ease,
2489 3932 2686 3988 astruit
2735 3934 3092 4006 Augusﬁiius,
3141 3934 3286 4011 quod
3332 3939 3729 3999 Pariucniauus

2124 4018 2439 4079 reseriheus
2468 4022 2730 4082 adversus
2776 4040 2923 4096 eum,
2953 4042 3059 4086 non
3088 4030 3288 4089 refellit
3325 4037 3425 4091 ista
3456 4045 3725 4109 tamquam

2121 4113 2282 4181 falsa,
2333 4120 2389 4172 'et
2431 4108 2574 4189 qbud
2602 4118 2899 4178 Tichonius
2944 4116 3336 4183 commemorat
3378 4108 3726 4186 ntdltosicnm

2100 4207 2238 4261 altato
2276 4209 2539 4280 scriberet,
2580 4213 2633 4269 in
2660 4216 2786 4271 trivia
2814 4214 2972 4288 fuisse
2998 4216 3089 4290 per
3131 4224 3259 4291 quos
3287 4218 3397 4276 lucc
3443 4226 3726 4280 certissima

2123 4309 2174 4355 et
2196 4304 2520 4369 ap’ertiiisirita
2555 4304 2664 4364 esse
2704 4308 3109 4366 ostenderentur.
3154 4303 3515 4371 Nlhilomin'us
3538 4306 3720 4372 tamen

2125 4393 2366 4451 Donatus
2415 4389 2531 4468 ipée
2556 4396 2757 4473 aliique
2785 4384 3100 4469 Donatistae,
3132 4395 3375 4477 neglecta
3404 4400 3565 4478 liuius
3586 4425 3717 4465 con-

2122 4485 2235 4541 cilii
2270 4486 2611 4561 auctoritate,
2642 4484 2942 4566 baptiiatos
2973 4512 3003 4552 a
3033 4484 3327 4555 Cathdlicis
3363 4495 3561 4558 iterum
3589 4504 3722 4573 bap-

2122 4578 2288 4635 tizare
2319 4580 2800 4657 prtesumpserlint.

426 4669 655 4726 cedente
683 4679 927 4740 tempore
957 4671 1009 4725 in
1049 4669 1103 4725 id
1147 4668 1511 4725 incubueruut
1535 4666 1795 4757 Eccleslie
1832 4656 2016 4724 deien-
2041 4669 2097 4730 D
2198 4670 2445 4757 Episcopi
2486 4673 2877 4736 Danatiuarum
2919 4680 2973 4736 in
3023 4682 3149 4738 urbe
3196 4680 3383 4740 Roma,
3418 4714 3486 4725 —
3516 4674 3717 4744 Eodem

425 4776 603 4829 sares,
633 4774 686 4818 ut
708 4764 1001 4833 probarent
1022 4761 1136 4817 ﬂeri
1163 4756 1271 4816 non
1295 4758 1453 4830 posie
1476 4756 1533 4817 ut
1556 4756 1797 4818 Ecclesid
1824 4756 2013 4817 catho-

426 4853 527 4910 lica
553 4854 620 4910 de
647 4863 759 4909 toto
785 4853 916 4909 orbe
964 4852 1238 4924 periisset,
1285 4858 1340 4909 et
1367 4852 1420 4909 in
1464 4854 1579 4911 Sola
1614 4862 1768 4926 parte
1800 4852 2013 4921 Donati,

427 4945 532 5001 hoc
554 4944 657 5013 est,
687 4947 740 5002 in
767 4945 953 5018 paucis
978 4946 1121 5002 Afris
1143 4944 1490 5002 substitisset.
1517 4942 1632 5015 Quo
1661 4947 1886 5018 probato
1903 4944 2015 5015 iam

426 5041 709 5096 constabat
735 5034 1060 5112 baptismum
1088 5034 1303 5110 aliaque
1332 5030 1667 5096 suci-anicula
1704 5055 1734 5095 a
1775 5039 2013 5097 Cathdli-

427 5132 509 5187 cis
532 5134 724 5189 collata
752 5142 865 5189 rata
893 5144 1013 5189 esse
1057 5140 1111 5188 et
1149 5131 1344 5186 valida.
1380 5130 1487 5188 Sed
1525 5131 1578 5187 id
1608 5132 1829 5203 insuper
1856 5132 2013 5189 moli-

429 5235 517 5281 tus
545 5238 623 5283 est
653 5227 1007 5299 Augusunus,
1038 5233 1094 5281 et
1120 5225 1296 5295 aliqua
1326 5236 1394 5282 ex
1421 5230 1570 5296 parte
1597 5235 1723 5281 ante
1747 5234 1869 5280 eum
1898 5226 2010 5297 Dp-

430 5326 592 5386 tattts,
613 5330 669 5376 ut
687 5318 1034 5377 ostenderent
1055 5312 1376 5390 baptismum
1399 5319 1516 5375 fore
1538 5318 1770 5375 validum
1800 5318 2009 5375 etiarnsi

428 5428 461 5469 a
498 5413 857 5470 schismaticis
880 5419 975 5470 aut
1002 5412 1270 5469 interaneis
1299 5410 1657 5480 conferretur,
1689 5418 1752 5467 ac
1786 5411 2012 5482 prdinde

426 5509 631 5581 duplici
650 5525 716 5565 ex
745 5511 918 5580 capite
948 5522 1173 5580 peccare
1202 5507 1527 5575 Donatistas,
1555 5506 1683 5563 dum
1717 5506 2011 5577 baptizatos

425 5614 456 5661 a
480 5594 776 5659 Catholicis
806 5592 1236 5674 reba'ptizabant;
1262 5599 1489 5671 primum
1515 5598 1656 5670 quod
1683 5594 2008 5671 baptismum

426 5696 573 5753 itera:
601 5696 857 5752 Ecclesia:
880 5696 1170 5765 reﬁcerent
1192 5709 1206 5747 :
1230 5688 1491 5758 seruildo;
1514 5692 1657 5760 quod
1680 5678 2011 5762 baptlsinbui

426 5780 729 5862 legitimum
757 5808 787 5849 a
816 5788 1158 5864 quocumque
1196 5782 1448 5847 cullaliitii
1478 5782 1617 5846 fdi‘lét
1657 5782 1937 5845 tamen.

506 5886 789 5943 Concilium
842 5883 1235 5944 Donatistarum
1287 5884 1533 5942 adversus
1562 5950 1575 5960 _
1599 5885 1838 5943 iteratum
1906 5882 2011 5941 Ba-

2127 4769 2371 4835 tempore
2397 4772 2487 4824 aut
2516 4764 2678 4851 etiam
2716 4765 2923 4843 aliquot
2951 4764 3108 4829 annis
3139 4774 3297 4830 anlea
3343 4772 3634 4833 Donatistae
3662 4786 3720 4835 ut

2124 4856 2332 4929 partem
2377 4861 2429 4917 in
2458 4864 2593 4921 urbe
2626 4858 2799 4923 Ruina
2835 4866 3147 4924 viderentur
3194 4867 3415 4937 habere,
3447 4868 3571 4927 illnc
3611 4868 3719 4944 pri-

2125 4952 2275 5007 mum
2320 4942 2713 5014 litierventores
2760 4948 3058 5029 Episcopus
3088 4964 3153 5017 ex
3196 4950 3373 5016 iiirica
3423 4942 3623 5021 furtim
3649 4964 3717 5021 ad

2124 5052 2324 5117 paucos
2358 5049 2619 5106 erraticos
2657 5054 2714 5107 et
2756 5053 3072 5123 peregrinus
3111 5050 3410 5125 praisertim
3441 5054 3602 5114 Afros
3628 5056 3717 5131 qui

2124 5134 2311 5190 Romae
2345 5144 2469 5193 tunc
2508 5139 2794 5211 degebant,
2827 5142 3112 5211 miserum,
3156 5138 3187 5201 a
3228 5142 3425 5217 quibus
3454 5134 3528 5203 illi
3564 5165 3718 5220 rege-

2120 5234 2327 5282 rentur.
2357 5226 2569 5315 Primus
2595 5230 2812 5289 illorum
2838 5233 2938 5290 fuit
2967 5234 3147 5292 Victor
3171 5224 3462 5296 Carbensis
3490 5236 3718 5311 cpisco-

2120 5326 2220 5391 pus
2260 5320 2547 5392 Numidia),
2589 5322 2679 5398 qui
2721 5324 2967 5386 diversus
3016 5340 3124 5388 nun
3154 5333 3366 5391 videtur
3391 5334 3511 5391 esse
3541 5322 3609 5391 ab
3650 5352 3717 5393 eo

2120 5415 2212 5485 qui
2243 5415 2475 5472 concilio
2503 5412 2740 5477 Cirtensi
2779 5416 3044 5481 interfuit.
3075 5424 3123 5483 Is
3155 5425 3243 5482 ubi
3286 5426 3513 5484 Romam
3544 5428 3712 5496 venit,

2119 5512 2227 5565 erat
2268 5508 2360 5577 ibi,
2403 5504 2462 5567 ut
2499 5510 2575 5571 ait
2616 5506 2870 5585 Oblitus,
2922 5514 3065 5590 ﬁliai
3108 5514 3218 5577 sine
3256 5534 3417 5593 patre,
3452 5518 3564 5591 tyro
3608 5523 3717 5575 sine

2118 5608 2366 5679 principe,
2399 5606 2683 5680 discipulus
2714 5612 2823 5667 sine
2868 5617 3137 5691 magistro,
3169 5604 3382 5686 sei/neiis
3422 5614 3532 5671 sine
3571 5622 3718 5669 ante-

2116 5701 2341 5766 cedente,
2386 5702 2671 5775 inquilinus
2715 5708 2826 5763 sine
2863 5708 3043 5777 domo,
3084 5706 3266 5777 hospes
3314 5704 3423 5763 sine
3470 5702 3715 5777 h05pitio,

2118 5792 2296 5864 mittor
2343 5792 2452 5850 sine
2489 5796 2659 5871 grege,
2702 5792 2975 5873 episcopus
3015 5802 3123 5859 sine
3158 5790 3368 5875 populo.
3418 5778 3551 5861 Non
3590 5780 3726 5856 eniiii

2115 5904 2240 5962 grex
2285 5899 2377 5947 aut
2426 5892 2651 5965 papulas
2695 5894 3000 5966 appellandi
3050 5905 3192 5953 eram
3241 5894 3412 5971 pauci,
3464 5896 3564 5975 qui
3602 5895 3735 5949 inter
