4206 6170
334 298 435 356 8M
906 324 917 333 ι
1535 296 1852 356 HISTORIA
1893 299 2449 359 DONATISTARUM.

3533 301 3641 357 80%

330 414 587 472 successit
613 414 840 478 Gratus,
869 410 965 482 qui
995 407 1235 464 concilio
1269 406 1583 470 Sardicensi
1615 415 1778 486 hujus
1817 417 1941 471 anni
1968 418 2023 479 A
2046 414 2274 470 Taurino
2316 426 2433 470 tunc
2468 415 2639 470 comiti
2682 416 2950 484 scripsisse
2996 411 3240 466 dicuntur
3265 427 3284 466 :
3340 411 3646 485 hujusmodi

331 509 499 566 adfuit,
546 507 689 563 inter
737 505 1031 572 episcopos
1079 499 1429 560 Catholicos.
1482 504 1779 576 Supererat
1834 518 1945 564 tum

332 603 500 660 adhuc
522 601 572 656 in
592 599 729 654 vivis
759 598 1004 655 Donatus
1024 592 1483 665 Carthaginiensis
1503 601 1567 655 ad
1592 619 1753 672 quem
1783 603 1949 659 Atha-

331 694 459 752 nasii
489 690 783 748 adversarii
814 705 846 745 e
876 684 1444 745 Pseudo-Sardicensi
1475 693 1684 763 synodo
1715 696 1948 765 scripse-

332 794 469 854 runt,
502 798 662 855 quam
689 778 983 853 epistolam
1007 786 1195 847 postea
1233 777 1542 836 Donatistae
1583 784 1944 855 jactaverunt,

333 889 391 935 ut
417 877 702 949 probarent
722 891 781 931 se
807 887 931 928 cum
966 869 1346 927 Orientalibus
1375 873 1636 932 Ecclesiis
1656 878 1948 949 aliquando

335 968 759 1028 communionem
805 963 1086 1019 habuisse.
1135 960 1309 1031 Hujus
1362 963 1515 1020 Grati
1558 964 1947 1041 Carthaginen-

336 1063 408 1118 sis
435 1060 670 1132 episcopi
698 1066 967 1125 tempore,
1004 1065 1059 1110 et
1101 1054 1242 1110 forte
1271 1053 1345 1109 ad
1393 1056 1511 1126 ejus
1570 1074 1761 1130 preces
1803 1059 1947 1116 (ζυη-

338 1162 478 1208 stans
508 1153 795 1221 imperator
826 1149 1060 1203 Paulum
1111 1156 1166 1202 et
1190 1146 1494 1205 Macarium
1542 1166 1684 1207 anno
1714 1154 1842 1219 348,
1891 1155 1942 1210 in

338 1246 567 1303 Africam
612 1244 775 1310 misit,
811 1257 919 1298 non
964 1240 1187 1311 quidem
1241 1240 1482 1309 primum
1530 1244 1596 1297 ad
1641 1244 1942 1319 faciendam

338 1345 611 1400 unitatem,
649 1337 742 1392 sed
785 1345 841 1390 ut
888 1335 1276 1403 eleemosynas
1305 1350 1375 1389 ex
1430 1335 1560 1391 lisco
1612 1339 1944 1408 pauperibus

339 1433 657 1505 largirentur
681 1446 693 1483 :
718 1429 804 1499 qui
826 1443 953 1483 cum
972 1426 1039 1481 ad
1068 1427 1339 1481 Donatum
1371 1428 1647 1484 venissent
1675 1440 1727 1484 et
1751 1447 1849 1501 qua
1875 1432 1944 1488 de

340 1541 495 1585 causa
520 1523 668 1579 missi
695 1521 870 1577 forent
895 1521 1252 1586 iudicassent,
1286 1521 1379 1574 ille
1408 1520 1574 1575 solito
1601 1520 1788 1579 furore
1814 1539 1941 1579 suc-

340 1632 550 1687 census,
580 1615 748 1685 inquit
775 1612 1027 1683 Optatus,
1054 1614 1105 1666 in
1136 1611 1257 1666 hLIlt‘.
1287 1612 1452 1669 verba
1486 1615 1771 1682 prorupit:
1803 1615 1946 1683 Quid

340 1723 407 1768 est
432 1710 724 1780 imperatori
761 1724 875 1762 cum
908 1705 1192 1760 Ecclesia?
1225 1717 1272 1761 et
1306 1709 1372 1760 de
1400 1710 1545 1777 fonte
1584 1707 1806 1763 levitatis
1836 1725 1944 1765 sua:

2047 507 2280 564 homines
2316 508 2504 579 corrigi
2540 509 2593 561 in
2623 506 2859 562 Ecclesia
2886 522 2987 559 non
3015 516 3199 575 posse;
3245 505 3640 570 mandaverunt,

2048 612 2107 657 ut
2145 620 2177 657 α
2217 601 2515 672 supradicto
2545 601 2731 656 comite
2765 600 3055 668 acciperent
3096 594 3447 667 disciplinam.
3497 597 3645 652 Tunc

2048 692 2308 749 Taurinus
2328 694 2397 748 ad
2422 710 2598 749 eorum
2618 695 2838 758 litteras,
2870 692 2947 745 ire
2974 689 3183 743 militem
3201 690 3358 760 jussit
3387 703 3643 747 armatura

2051 802 2139 856 per
2165 786 2445 850 nundinas,
2487 786 2575 840 ubi
2603 783 3083 841 Circumcellionum
3108 784 3256 852 furor
3298 784 3473 854 vagari
3521 800 3645 838 con-

2048 886 2299 931 sueverat.
2331 876 2395 931 In
2422 877 2534 932 loco
2556 876 2827 931 ()ctavensi
2853 873 3004 929 occisi
3027 885 3145 928 sunt
3175 874 3403 943 plurimi,
3435 877 3647 931 detrun-

2047 969 2157 1024 cati
2183 979 2300 1024 sunt
2328 970 2472 1024 multi
2494 986 2513 1025 :
2544 985 2766 1040 quorum
2791 980 3013 1036 corpora
3051 982 3210 1035 usque
3232 967 3287 1022 in
3315 967 3641 1036 hodiernum,

2048 1078 2139 1133 per
2160 1062 2424 1117 dealbatas
2448 1079 2567 1117 aras
2595 1071 2686 1116 aut
2712 1073 2916 1113 mensas
2945 1068 3217 1129 potuerunt
3254 1061 3538 1114 numerari.
3568 1059 3650 1113 Ea:

2046 1168 2261 1221 quorum
2290 1167 2501 1208 numero
2529 1168 2645 1207 cum
2686 1148 2847 1218 aliqui
2882 1148 2936 1200 in
2967 1148 3191 1205 basilicis
3238 1151 3442 1222 sepeliri
3468 1150 3651 1221 carpis-

2048 1254 2182 1311 gent,
2224 1245 2397 1300 clarus
2425 1244 2688 1317 presbyter
2726 1241 2781 1293 in
2808 1239 2923 1293 loco
2956 1240 3287 1310 Subbnlensi,
3321 1243 3385 1297 ab
3410 1244 3651 1314 episcopo

2046 1350 2139 1388 suo
2194 1346 2405 1390 coactus
2451 1348 2550 1402 est,
2601 1343 2659 1388 ut
2708 1325 3019 1399 insepultam
3072 1340 3259 1405 faceret
3306 1335 3650 1402 sepulturam.

2052 1425 2203 1481 Unde
2226 1428 2489 1497 proditum
2513 1436 2608 1489 est,
2635 1421 2933 1477 mandatum
2956 1426 3115 1496 fuisse
3133 1427 3269 1497 fieri,
3291 1426 3429 1495 quod
3449 1415 3653 1495 factum

2046 1526 2163 1573 est:
2191 1522 2397 1591 quando
2425 1536 2517 1574 nec
2556 1518 2824 1587 sepultura
2859 1518 2912 1570 in
2957 1518 3109 1573 domo
3143 1517 3242 1573 Dei
3279 1519 3504 1574 exhiberi
3532 1535 3653 1573 con—

2050 1624 2192 1663 cessa
2225 1620 2323 1664 est.
2364 1611 2561 1666 Eorum
2604 1616 2779 1678 postea
2821 1612 3076 1665 convaluit
3107 1612 3401 1667 multitudo.
3432 1611 3526 1666 Sic
3566 1611 3653 1666 in-

2047 1701 2182 1754 venit
2225 1700 2464 1758 Donatus
2494 1697 2815 1768 Bagaiensis,
2870 1704 3004 1759 unde
3043 1715 3223 1759 contra
3254 1703 3544 1759 Macarium
3570 1705 3657 1772 [u-

342 1804 499 1857 multa
523 1800 789 1855 maledicta
820 1796 1025 1866 effudit.
1063 1796 1288 1852 Miserat
1316 1799 1604 1868 imperator
1635 1809 1944 1854 ornamenta
1974 1795 2023 1854 B
2050 1790 2243 1846 τίοεαΐη
2273 1796 2581 1850 conducere‘
2609 1791 2826 1850 ‘Wbam-
2856 1795 2942 1851 Ειτ
2975 1799 3089 1869 ipso
3114 1815 3296 1870 genere
3327 1802 3535 1870 fuerat“
3561 1799 3653 1868 qui

344 1895 570 1951 domibus
611 1892 740 1958 Dei,
785 1892 993 1946 miserat
1036 1891 1351 1963 pauperibus
1407 1890 1809 1963 eleemosgnam,
1861 1893 1944 1946 in-

345 1989 452 2062 quit
476 1986 627 2052 idem,
659 1986 786 2041 nihil
830 1984 1052 2039 Donato.
1086 1982 1193 2037 Cur
1242 1999 1366 2053 ergo
1404 1982 1686 2038 insanivit?
1713 2000 1808 2037 cur
1835 1984 1942 2036 ira-

346 2093 424 2137 tus
452 2081 558 2137 est?
596 2095 685 2134 cur
706 2078 840 2150 quod
877 2077 1092 2131 missum
1130 2079 1306 2147 fuerat
1335 2074 1667 2146 repudiavit?
1712 2074 1779 2129 Et
1824 2091 1942 2129 cum

345 2177 422 2231 illi
448 2175 534 2246 qui
562 2174 699 2229 missi
726 2173 948 2240 fuerant,
998 2170 1229 2225 dicerent
1274 2186 1329 2223 se
1377 2170 1451 2223 ire
1503 2186 1595 2239 per
1645 2170 1939 2239 provincias

349 2266 573 2336 singulas
618 2276 665 2319 et
706 2263 984 2319 volentibus
1028 2262 1266 2331 accipere
1308 2276 1362 2316 se
1405 2260 1640 2327 daturos,
1688 2261 1778 2316 ille
1806 2261 1939 2315 dixit

349 2359 528 2429 ubique
553 2374 605 2413 se
636 2356 826 2411 litteras
865 2355 1195 2426 prtemisisse,
1226 2368 1291 2408 ne
1319 2352 1373 2406 id
1405 2352 1542 2415 quod
1568 2352 1787 2407 allatum
1818 2354 1936 2425 fue-

352 2461 450 2514 rat,
504 2449 807 2519 pauperibus
864 2446 1054 2502 alicubi
1111 2447 1522 2515 dispensaretur.
1584 2443 1940 2500 Nihilominus

351 2541 549 2598 Paulus
589 2549 637 2595 et
686 2538 941 2594 Macarius
991 2555 1079 2607 per
1118 2536 1415 2605 provincias
1453 2534 1828 2601 discurrebant,
1879 2552 1941 2590 ac

351 2638 695 2706 eleemosynas
722 2633 1029 2705 spargebant
1050 2633 1105 2686 in
1126 2630 1335 2701 vulgus,
1357 2636 1405 2682 et
1431 2637 1638 2682 cunctos
1675 2628 1743 2681 ad
1774 2629 1945 2682 unita-

352 2740 452 2783 tem
483 2728 831 2782 hortabantur.
857 2724 988 2781 Cum
1016 2733 1187 2779 autem
1214 2721 1281 2776 ad
1310 2719 1650 2791 Bagaiensem
1685 2718 1950 2776 Numidia:

352 2821 606 2875 civitatem
651 2817 1015 2887 pervenissent,
1048 2825 1169 2870 tunc
1202 2813 1440 2869 Donatus
1474 2812 1604 2866 alter
1645 2812 1801 2885 hujus
1830 2814 1953 2867 civi-

353 2913 474 2969 tatis
514 2910 803 2982 Episcopus
844 2909 1272 2982 impedimentum
1320 2905 1508 2960 unitati
1545 2914 1591 2959 et
1638 2905 1831 2959 obicem
1875 2922 1956 2959 re-

356 3007 614 3063 uientibus
643 3020 899 3077 opponere
927 3003 1160 3075 cupiens,
1211 3014 1474 3072 prwcones
1506 3014 1598 3070 per
1629 2998 1798 3053 vicina
1844 2998 1958 3051 loca

353 3110 406 3156 et
432 3115 522 3172 per
550 3114 721 3153 omnes
748 3096 1008 3151 nundinas
1034 3094 1196 3155 misit,
1241 3102 1288 3145 et
1318 3105 1557 3162 magnam
1584 3088 1641 3142 in
1671 3104 1756 3143 eos
1787 3089 1956 3160 furio—

2048 1886 2148 1939 sibi
2186 1902 2519 1956 percussores
2557 1883 2649 1937 sub
2684 1890 2957 1960 cupiditate
2996 1893 3116 1964 falsi
3155 1892 3390 1963 martyrii
3428 1892 3483 1945 in
3508 1907 3656 1946 suam

2050 1980 2335 2046 perniciem
2365 1978 2733 2037 conducebant.
2758 1984 2892 2042 Inde
2913 1989 3065 2042 etiam
3100 1987 3200 2052 illi,
3231 1988 3321 2057 qui
3351 2002 3414 2042 ea:
3434 1988 3659 2041 altorum

2046 2070 2301 2125 montium
2325 2066 2684 2129 cacuminibus
2708 2078 2828 2135 viles
2849 2081 3050 2137 animas
3079 2081 3429 2155 projicientes,
3449 2096 3503 2132 se
3524 2094 3658 2150 pra:-

2045 2161 2229 2232 cipites
2257 2165 2495 2219 dabanL
2521 2157 2650 2221 Ecce
2673 2186 2736 2225 ea;
2764 2174 2904 2244 quali
2936 2191 3145 2230 numero
3172 2174 3265 2229 sibi
3286 2173 3562 2243 episcopus
3590 2174 3664 2227 al-

2042 2261 2119 2306 ter
2147 2252 2407 2309 Donatus
2442 2248 2943 2335 cohortes‘eﬂ'ecerat.
2977 2266 3087 2322 Hoc
3111 2276 3244 2321 metu
3289 2265 3525 2321 deterriti
3554 2264 3661 2331 illi,

2040 2345 2131 2414 qui
2154 2345 2468 2401 thesauros
2497 2343 2717 2414 [arebant
2741 2374 2865 2429 quos
2904 2359 3212 2431 pauperibus
3241 2366 3550 2429 erogarent;
3580 2357 3665 2409 in-

2041 2448 2292 2493 venerunt
2326 2441 2399 2492 in
2432 2444 2573 2498 tanta
2612 2453 2906 2508 necessitate
2934 2453 3220 2515 consilium,
3250 2461 3303 2503 ut
3322 2456 3373 2503 'a
3399 2448 3669 2520 Sylvestro

2042 2530 2223 2583 comite
2271 2541 2565 2589 armatum
2608 2540 2822 2597 militem
2861 2544 3214 2614 postularent:
3260 2557 3360 2595 non
3403 2557 3494 2606 per
3519 2554 3670 2606 quem

2046 2623 2200 2678 alicui
2229 2624 2343 2677 vim
2376 2628 2634 2699 facerent,
2665 2636 2756 2691 sed
2786 2647 2841 2691 ut
2866 2640 2966 2692 vim
2999 2656 3029 2693 a
3055 2636 3258 2693 Donato
3287 2649 3446 2704 supra
3474 2648 3673 2688 memo-

2050 2724 2163 2771 τα¹⁰
2184 2716 2449 2789 ερίιεορο
2476 2723 2804 2797 dispositam,
2831 2730 3171 2801 prohiberent.
3203 2728 3318 2784 Hac
3343 2728 3549 2784 ratione
3571 2729 3677 2799 fac-

2056 2818 2162 2862 tum
2178 2818 2273 2875 est,
2301 2818 2361 2863 ut
2394 2814 2542 2870 miles
2572 2819 2837 2876 videretur
2860 2835 3113 2879 armatus.
3136 2823 3257 2879 lum
3283 2810 3539 2895 quidquid
3560 2822 3681 2878 sub-

2057 2909 2287 2955 “cuium
2317 2913 2404 2972 ,εει
2434 2946 2450 2971 ν
2493 2910 2682 2977 videte,
2729 2916 2819 2967 cui
2867 2916 3046 2991 debeat
3099 2927 3187 2970 aut
3241 2916 3403 2986 possit
3431 2916 3681 2973 adscribi.

2066 2991 2337 3047 [lababant
2367 2994 2481 3049 illic
2510 3013 2809 3058 vocatorum
2850 3007 3110 3078 infinitam
3147 3010 3372 3079 turbam,
3424 3020 3474 3066 et
3516 3027 3683 3067 anno-

2066 3104 2182 3141 nam
2214 3098 2586 3155 competcntem
2608 3107 2811 3150 constat
2853 3102 3016 3170 fuisse
3041 3112 3387 3172 prwparutam
3408 3122 3426 3159 :
3457 3107 3522 3162 de
3546 3106 3683 3163 basi-

354 3212 533 3252 sorum
579 3194 841 3248 hominum
884 3190 1084 3245 turbam
1124 3186 1413 3253 commovit,
1468 3199 1592 3255 quos
1642 3182 1957 3239 Circumcel~
1984 3177 2029 3241 C
2065 3181 2162 3235 lica
2184 3180 2332 3250 quasi
2370 3183 2576 3247 publica
2606 3188 2840 3254 fecerant
2868 3194 3094 3261 horrea;
3124 3209 3479 3267 exspectantes
3510 3212 3562 3256 ut
3599 3218 3681 3257 ve-

354 3291 521 3345 liones
547 3285 900 3359 appellabant,
932 3300 1091 3355 genus
1114 3281 1383 3335 hominum
1414 3286 1614 3350 agreste
1640 3286 1689 3330 et
1722 3277 1960 3347 famosis-

355 3381 508 3437 sima:
543 3379 799 3444 audacia',
830 3376 992 3445 inquit
1021 3374 1369 3445 Augustinus,
1402 3386 1503 3424 non
1529 3368 1699 3424 solum
1744 3370 1796 3423 in
1828 3368 1959 3423 alios

354 3470 607 3528 immania
637 3470 873 3541 facinora
902 3464 1268 3539 perpetrando,
1296 3461 1386 3518 sed
1408 3478 1500 3517 nec
1538 3459 1635 3514 sibi
1670 3459 1851 3514 eadem
1877 3461 1960 3514 in—

355 3581 493 3619 sana
536 3562 736 3633 feritate
784 3558 1073 3631 parcendo;
1119 3557 1207 3627 qui
1248 3566 1462 3608 mortem
1504 3552 1603 3606 sibi
1635 3551 1954 3622 prcecipitiis,

354 3655 586 3728 ﬂammis
600 3662 648 3707 et
663 3653 807 3724 aquis
819 3650 1132 3706 consciscere
1150 3648 1436 3721 gloriosum
1449 3656 1493 3698 et
1518 3645 1761 3715 martyrio
1782 3644 1958 3717 proxi-

355 3764 508 3803 mum
544 3764 649 3802 esse
695 3744 1071 3801 existimabant.
1130 3730 1242 3798 Hos
1279 3741 1593 3813 agonisticos
1636 3740 1956 3809 nuncupavit

354 3839 599 3895 Donatus
620 3878 632 3901 ,
663 3838 810 3908 quasi
827 3853 917 3906 pro
935 3835 1150 3891 veritate
1170 3843 1214 3888 et
1236 3832 1450 3903 justitia
1480 3831 1815 3895 decertantes,
1839 3846 1956 3883 cum

355 3943 533 3987 tamen
558 3939 733 3984 contra
761 3946 910 3984 omne
932 3931 1023 4002 jus
1050 3936 1098 3982 et
1126 3929 1206 3999 fas
1246 3927 1416 3981 aliena
1445 3934 1679 3995 raperent
1703 3934 1748 3977 et
1774 3923 1956 3978 imma-

354 4026 500 4081 niter
526 4024 577 4076 in
596 4024 725 4077 alios
747 4021 999 4077 saevirent.
1028 4019 1155 4075 Cum
1179 4029 1350 4074 autem
1371 4017 1672 4089 hujusmodi
1692 4017 1955 4071 hominum

353 4133 521 4190 genus
546 4124 662 4169 ant:
689 4116 959 4170 adventum
988 4111 1143 4167 Pauli
1171 4122 1218 4167 et
1245 4112 1463 4167 Macarii
1486 4128 1576 4182 per
1604 4111 1715 4166 loca
1752 4111 1956 4182 singula

354 4220 656 4280 vagaretur,
698 4209 917 4265 ducibus
960 4206 1129 4262 Amida
1171 4218 1217 4262 et
1251 4206 1406 4262 Fasir
1440 4205 1528 4276 qui
1568 4205 1631 4260 ab
1658 4206 1784 4278 ipsis
1814 4207 1955 4259 insa-

354 4300 621 4357 nientibus
657 4312 955 4356 sanctorum
989 4299 1146 4356 duces
1184 4300 1608 4373 appellabantur,
1648 4299 1782 4353 nulli
1811 4300 1956 4354 licuit

354 4409 598 4451 securum
612 4409 717 4449 esse
735 4392 834 4466 (sic
846 4393 989 4450 enim
1014 4408 1127 4449 rem
1148 4402 1331 4447 narrat
1346 4390 1595 4462 Optatus,
1612 4390 1708 4447 lib.
1725 4407 1802 4459 ιιι,
1829 4390 1952 4465 g4),

353 4485 415 4541 in
463 4482 859 4553 possessionibus
894 4485 1024 4550 suis,
1063 4483 1351 4538 debitorum
1395 4482 1742 4555 chirographa
1771 4484 1955 4538 amise-

2064 3275 2250 3337 nirent,
2284 3273 2334 3327 in
2360 3290 2488 3344 quos
2515 3276 2748 3343 furorem
2794 3298 2951 3338 suum
2994 3303 3229 3345 exercere
3266 3294 3585 3363 potuissent;
3629 3306 3680 3353 et

2061 3367 2284 3437 facerent
2302 3364 2554 3435 quidquid
2577 3366 2683 3422 illis
2710 3371 2973 3429 dementia
2999 3394 3096 3432 sua
3118 3379 3384 3451 dictasset,
3413 3385 3515 3440 nisi
3543 3404 3681 3456 pra:-

2061 3462 2224 3514 sentia
2247 3459 2431 3513 armati
2456 3460 2634 3515 militis
2673 3465 2979 3525 obstitisset.
3017 3471 3159 3527 Nam
3186 3492 3324 3542 eunt,
3354 3489 3478 3534 ante
3498 3493 3678 3538 ventu-

2060 3567 2146 3605 ros
2166 3550 2371 3617 milites,
2394 3562 2667 3607 metatores
2697 3556 2779 3625 (ut
2809 3559 2927 3627 fieri
2948 3564 3100 3638 solet)
3129 3568 3474 3639 mitterentur;
3496 3586 3677 3631 contra

2058 3641 2293 3736 Apostoli
2327 3653 2585 3736 prwcepta
2615 3662 2961 3719 competenter
2989 3660 3216 3724 suscepti
3264 3679 3367 3718 non
3401 3675 3545 3733 sunt,
3586 3669 3675 3736 qui

2062 3736 2137 3791 ait
2161 3752 2179 3795 :
2207 3735 2291 3790 cui
2323 3734 2610 3804 honorem,
2641 3737 2906 3799 honorem
2939 3764 2953 3801 :
2979 3748 3067 3803 cui
3094 3752 3343 3823 vectigal,
3391 3734 3617 3829 vectigal
3644 3775 3659 3813 :

2058 3829 2142 3884 eui
2170 3827 2445 3892 tributum,
2479 3830 2768 3886 tribumnt:
2794 3837 2999 3893 nemini
3027 3841 3321 3914 quidquam
3338 3827 3661 3906 debuerilis.

2059 3918 2271 3975 Contusi
2296 3929 2415 3974 sunt
2454 3924 2541 3992 qui
2577 3924 2723 3979 missi
2765 3928 2969 3997 fuerant
2992 3947 3111 3985 cum
3153 3937 3297 4005 equis
3323 3940 3452 4006 suis,
3491 3942 3551 3996 ab
3579 3944 3667 4010 iis,

2056 4028 2273 4083 quorum
2308 4014 2516 4069 nomina
2545 4015 2752 4085 flabello
2782 4019 2992 4076 invidia:
3035 4025 3315 4082 ventitabat
3362 4029 3669 4088 Parmenio-

2056 4124 2176 4163 nus.
2208 4106 2325 4181 Ipsi
2351 4110 2588 4181 magistri
2625 4111 2833 4181 fuerunt
2874 4116 3084 4188 injuria:
3128 4136 3270 4186 suae;
3312 4132 3362 4177 et
3391 4127 3516 4195 quid
3556 4129 3668 4197 pati

2058 4212 2286 4273 possent,
2309 4204 2411 4275 ipsi
2436 4207 2740 4279 prterogatis
2762 4209 2970 4280 injuriis
2998 4209 3303 4269 docuerunt.
3327 4215 3664 4276 "everterunt

2057 4296 2223 4350 vexati
2266 4297 2454 4351 milites
2500 4297 2570 4352 ad
2609 4315 2844 4354 numeros
2874 4316 3016 4365 suos,
3066 4314 3115 4358 et
3155 4307 3294 4375 quod
3319 4309 3424 4365 duo
3454 4314 3534 4368 vel
3563 4323 3665 4370 tres

2058 4388 2197 4460 passi
2217 4391 2444 4463 fuerant,
2472 4391 2700 4446 universi
2728 4391 3024 4449 doluerunt.
3051 4395 3305 4454 Commoti
3317 4413 3435 4458 sunt
3453 4420 3665 4464 omnes:

2059 4484 2215 4537 iratas
2240 4483 2430 4538 milites
2466 4486 2685 4541 retinere
2727 4504 2819 4543 nec
2845 4504 3025 4544 eorum
3065 4496 3330 4563 praepositi
3368 4499 3660 4557 valuerunt.

353 4587 485 4633 runt
514 4578 641 4631 vires
670 4593 688 4631 :
732 4576 908 4632 nullus
950 4577 1172 4632 creditor
1208 4576 1300 4632 illo
1328 4585 1553 4649 tempore
1578 4575 1815 4647 exigendi
1858 4576 1953 4631 ha—
1981 4572 2034 4633 D
2063 4574 2155 4632 Sic
2182 4575 2468 4632 admissum
2514 4589 2612 4647 est,
2655 4596 2747 4651 per
2768 4581 2910 4651 quod
2950 4583 3148 4640 invidia
3175 4587 3361 4643 unitati
3401 4594 3542 4660 facta
3567 4604 3662 4662 est,

356 4673 476 4728 bnit
505 4672 803 4727 libertatem.
839 4670 1179 4727 Terrebantnr
1226 4686 1400 4725 omnes
1435 4671 1618 4725 litteris
1663 4685 1840 4725 eorum
1868 4672 1954 4743 qui

350 4784 416 4824 se
446 4774 736 4820 sanctorum
760 4765 915 4821 duces
940 4766 1102 4838 fuisse
1116 4763 1386 4836 jactabant
1407 4779 1427 4819 :
1456 4774 1504 4819 et
1541 4763 1585 4818 si
1616 4764 1669 4817 in
1700 4763 1957 4837 obtempe-

351 4857 533 4914 rauda
563 4874 736 4912 eorum
764 4857 1086 4931 jussionibus
1113 4856 1428 4923 tardaretur,
1471 4855 1741 4911 adnotabat
1791 4856 1955 4911 subito

353 4950 645 5006 multitudo
667 4952 870 5015 insana,
890 4960 935 5005 et
956 4950 1273 5022 prwcedente
1293 4960 1483 5004 terrore
1512 4948 1792 5004 creditores
1818 4949 1954 5020 peri-

351 5044 499 5100 culis
525 5044 839 5099 collabantur
861 5060 881 5098 :
912 5053 965 5097 ut
991 5043 1079 5115 qui
1126 5059 1217 5109 pro
1249 5041 1489 5112 premitis
1517 5041 1624 5096 suis
1650 5043 1827 5113 rogari
1866 5042 1953 5097 de-

350 5138 601 5202 buerant,
652 5147 785 5193 metu
812 5136 990 5192 mortis
1021 5133 1237 5190 [mutiles
1263 5133 1643 5203 impellerentur
1672 5136 1725 5189 in
1754 5151 1951 5207 preces.

349 5225 667 5286 Festinabat
693 5226 1234 5300 unusquisque'debita
1259 5226 1410 5280 etiam
1440 5226 1667 5281 maxima
1694 5228 1905 5296 perdere
1931 5243 1950 5283 :

344 5332 404 5378 et
462 5320 662 5374 lucrum
708 5323 1097 5391 computabatur
1134 5321 1352 5374 evasisse
1400 5318 1462 5374 ab
1493 5336 1671 5375 eorum
1720 5320 1949 5393 injuriis.

344 5415 544 5472 Etiam
562 5415 743 5470 itinera
772 5432 872 5471 non
902 5423 1134 5486 poterant
1154 5430 1261 5468 esse
1282 5414 1555 5478 tutissima,
1587 5411 1727 5485 quod
1759 5412 1956 5468 domini

340 5508 421 5564 de
449 5507 700 5561 vehiculis
719 5508 824 5561 suis
847 5506 1045 5562 excussi
1072 5515 1191 5561 ante
1211 5505 1468 5574 mancipia
1488 5522 1605 5571 sua,
1629 5505 1953 5560 dominorum

339 5598 497 5653 locis
519 5596 768 5664 sedentia,
791 5598 1037 5654 serviliter
1055 5606 1410 5652 cucurrerunt.
1442 5594 1664 5651 Illorum
1680 5597 1888 5668 judicio
1911 5606 1958 5652 et

332 5693 585 5763 imperio
622 5694 754 5746 inter
796 5693 1026 5747 dominos
1069 5702 1115 5746 et
1158 5707 1327 5748 servos
1370 5690 1595 5746 conditio
1631 5691 1950 5746 mutabatur.

344 5782 526 5847 Unde
554 5800 672 5839 cum
712 5784 862 5856 hujus
896 5785 1056 5857 partis
1095 5783 1351 5856 episcopis
1384 5792 1501 5838 tunc
1538 5780 1735 5837 invidia
1770 5782 1914 5853 ﬁeret
1938 5824 1954 5853 ,

2064 4668 2161 4725 hac
2184 4679 2280 4738 est,
2318 4686 2611 4744 compressa
2637 4672 3123 4732 Circumcellionnm
3159 4695 3250 4751 per
3277 4683 3378 4738 vim
3416 4686 3662 4755 audacia,

2062 4765 2165 4819 imo
2194 4773 2242 4819 et
2285 4766 2520 4820 nonnulli
2547 4768 2664 4822 cazsi
2694 4770 2825 4823 inter
2849 4786 2978 4840 quos
3023 4770 3295 4829 Marculus
3337 4788 3385 4834 et
3429 4778 3665 4838 Donatus

2065 4853 2381 4927 Bagaiensis,
2415 4857 2765 4916 Maximianus
2792 4872 2839 4916 et
2861 4860 3040 4931 Isaac,
3062 4851 3285 4935 quorum
3313 4869 3449 4927 velut
3473 4885 3666 4948 marty-

2059 4964 2174 5001 rum
2204 4950 2502 5004 memoriam
2527 4952 2843 5009 celebrarunt
2870 4964 2921 5009 et
2947 4964 3061 5012 acta
3105 4959 3360 5029 passionis
3402 4968 3666 5038 conscrip-

2059 5053 2234 5097 serunt
2260 5040 2573 5111 Donatista,
2600 5062 2716 5117 qua:
2734 5064 2767 5101 a
2793 5048 2937 5103 nobis
2960 5048 3016 5105 in
3036 5051 3141 5120 fine
3163 5052 3319 5127 hujus
3338 5058 3508 5130 operis
3528 5064 3668 5117 edita

2058 5144 2198 5190 sunt.
2253 5132 2498 5203 Plerique
2551 5146 2721 5192 tamen
2765 5139 3208 5199 schismaticorum
3264 5150 3495 5219 episcopi
3550 5169 3666 5211 cum

2059 5225 2169 5280 suis
2195 5224 2408 5280 Clericis
2445 5225 2628 5283 timore
2647 5232 2871 5301 correpti
2896 5234 3163 5303 fugerunt,
3192 5239 3354 5311 aliqui
3379 5254 3498 5299 sunt
3527 5262 3667 5301 mor-

2057 5317 2168 5383 tui;
2208 5319 2296 5389 qui
2336 5318 2576 5391 fortiores
2605 5324 2815 5393 fuerunt
2834 5326 2979 5395 capti
3017 5338 3065 5384 et
3095 5330 3246 5404 longe
3272 5335 3481 5407 relegati
3517 5350 3662 5395 sunt.

2059 5410 2146 5465 Ea:
2173 5412 2360 5467 horum
2383 5428 2596 5469 numero
2619 5409 2819 5472 videtur
2838 5418 3001 5490 fuisse
3028 5420 3261 5480 Donatus
3288 5424 3663 5501 Carthaginem

2057 5505 2152 5572 sis,
2183 5522 2330 5576 quem
2354 5507 2546 5563 idcirco
2574 5509 2628 5564 in
2658 5510 2934 5569 collatione
2957 5514 3350 5593 Carthaginensi
3370 5520 3664 5579 Petilianus

2066 5595 2169 5669 14
2198 5597 2469 5655 Donatista
2513 5604 2827 5674 martyrialis
2854 5606 3034 5677 glorite
3062 5610 3226 5665 virum
3251 5613 3496 5682 appellat.
3536 5614 3666 5671 Hmc

2060 5691 2363 5758 prsesortim
2417 5692 2467 5746 in
2514 5692 2763 5749 Numidia
2810 5706 2963 5767 gesta
3008 5709 3166 5767 sunt;
3208 5718 3331 5756 nam
3381 5704 3667 5772 provincia

2060 5785 2468 5855 proconsularis
2499 5787 2568 5846 ab
2610 5787 2696 5845 his
2737 5789 2910 5849 turbis
2958 5791 3214 5853 immunis
3242 5793 3359 5853 luit.
3400 5792 3496 5855 Illa
3536 5807 3677 5863 sunt
