4206 6170
593 200 699 276 sas

1772 192 2093 270 titsroata
2135 198 2694 299 DONATISTARUM.
3761 216 3847 273 snt

596 341 839 403 lmnpnl‘a
890 339 946 387 et
989 329 1128 387 facta
1178 326 1499 396 Macariana,
1548 342 1615 384 ex
1654 326 1848 398 quibus
1901 327 2194 384 Donatistae
2222 331 2272 392 Α
2300 327 2475 395 initio,
2502 343 2602 384 nec
2626 326 2799 383 ullum
2823 327 3162 385 sacerdotale
3188 326 3425 385 officium
3455 326 3760 384 exercuisse.

592 422 889 485 Catholicis
916 423 1158 501 invidiam
1196 420 1493 491 conﬂabant
1520 435 1540 474 :
1565 428 1615 474 et
1648 430 1819 475 tamen
1849 420 2036 474 horum
2078 435 2192 473 om-
2254 414 2261 425 ’

593 517 758 583 nium,
781 514 953 587 inqttit
978 514 1226 585 Optatus,
1250 512 1381 568 nihil
1401 523 1572 567 actum
1604 521 1683 567 est
1705 528 1825 568 cum
1855 521 1969 567 uoto
1996 511 2194 567 Catho-

593 610 829 675 licorum,
885 607 1017 664 nihil
1066 624 1182 662 cum
1233 608 1471 685 consilio,
1518 607 1649 662 nihil
1695 623 1813 661 cum
1853 608 2192 675 conscientia,

514 704 521 707 “
592 701 723 771 nihil
747 718 865 757 cum
895 716 1081 772 opere;
1107 702 1199 756 sed
1228 701 1403 756 omnia
1422 702 1477 755 in
1511 701 1690 755 dolore
1718 699 1817 755 Dei
1858 716 2034 756 amare
2075 700 2195 773 plo-

589 794 752 848 rantis
774 803 823 847 et
851 794 906 851 in
938 793 1182 847 ultionem
1215 808 1382 861 aqua,
1415 793 1552 847 sacri
1573 793 1763 847 scilicet
1794 793 2011 860 lavacri;
2037 808 2194 864 quam

589 893 768 939 contra
794 885 1126 942 interdictum
1147 885 1332 938 iterum
1362 884 1653 939 movebant.
1683 882 1799 939 Hoc
1830 892 2009 940 tamen
2033 894 2194 954 pacto

589 977 771 1039 unitas
798 986 1092 1048 procurata
1120 985 1203 1032 est
1228 984 1285 1031 et
1312 990 1417 1047 pax
1446 976 1500 1030 in
1531 975 1711 1031 Africa
1742 977 2014 1043 restituta,
2038 976 2194 1047 cujus

587 1070 837 1127 benelicii
870 1072 1072 1143 gratias
1096 1072 1207 1143 agit
1235 1071 1362 1136 Deo,
1395 1070 1639 1125 omnium
1668 1068 1862 1126 Africae
1889 1070 2191 1141 Episcopo-

588 1177 709 1218 rttm
757 1162 1161 1221 Catholicorum
1206 1162 1450 1228 nomine,
1502 1163 1703 1219 Gratus
1748 1160 2193 1232 Carthaginensis

587 1255 874 1327 episcopus
920 1255 976 1311 in
1026 1257 1258 1313 concilio
1300 1255 1713 1328 Carthaginiensi
1763 1256 1889 1310 anni
1931 1240 2058 1324 διε),
2108 1255 2194 1311 his

588 1348 771 1405 verbis
803 1366 818 1405 ε
851 1349 1059 1407 Gratias
1085 1350 1196 1406 Deo
1233 1351 1572 1423 omnipotenti
1610 1360 1654 1405 et
1686 1347 1891 1405 Christo
1915 1348 2066 1415 Iesu,
2106 1349 2195 1418 qui

587 1440 727 1496 dedit
771 1442 923 1497 malis
964 1444 1324 1499 schismalibus
1355 1445 1509 1512 ﬁnem
1538 1454 1585 1499 et
1630 1444 1856 1514 respexit
1908 1441 2195 1497 Ecclesium

585 1550 736 1589 suam
788 1544 863 1601 ut,
907 1535 959 1589 in
1000 1538 1115 1608 ejus
1145 1537 1395 1607 gremium
1442 1537 1661 1610 erigeret
1702 1536 1943 1590 universa
1971 1537 2197 1589 membra

586 1626 842 1698 dispersa,
883 1629 971 1697 qui
1000 1629 1269 1700 imperavit
1294 1629 1686 1702 religiosissima
1718 1628 1985 1684 Constanti
2029 1630 2195 1702 impe-

2374 420 2493 476 Paa:
2523 417 2774 475 Ecclesia:
2812 419 3071 490 Africanae
3106 406 3353 490 quamdiu
3396 419 3662 473 duraverit.
3690 418 3855 476 Donati

2296 523 2438 568 Mors
2476 513 2532 567 in
2577 512 2755 567 exilio.
2814 510 3192 568 Parmenianus
3250 512 3440 568 Donati
3490 500 3749 568 successor;
3794 542 3855 555 -—

2298 604 2570 661 Africanae
2593 604 2851 662 Ecclesia:
2870 606 3051 661 unitas
3076 614 3132 662 et
3161 590 3264 676 pax
3289 620 3319 660 a
3347 605 3580 660 Macario
3605 614 3858 676 procurata

2299 712 2397 765 per
2424 711 2600 752 annos
2629 698 2741 753 fere
2768 697 3174 769 quattuordecim
3195 697 3296 752 sub
3322 695 3616 753 Constante
3642 706 3691 754 et
3732 697 3855 752 Con-

2297 790 2501 844 stantio
2518 793 2902 860 perseveravit.
2920 790 2994 845 Eo
3014 800 3255 860 tempore
3268 788 3515 845 Vitellius
3539 787 3664 844 Afer
3688 787 3857 843 librum

2296 884 2671 952 composuisse
2710 881 2925 938 videtur
2949 882 3018 940 de
3048 882 3150 937 hoc
3194 890 3533 952 argumento,
3578 880 3711 950 quod
3752 880 3861 938 odio

2297 975 2407 1030 sint
2433 973 2635 1037 mundo
2661 975 2805 1031 servi
2840 975 2957 1041 Dei,
2987 975 3040 1030 in
3067 990 3172 1046 quo
3191 958 3500 1031 catholicos
3528 972 3869 1030 insectabatur

2298 1073 2357 1119 ut
2388 1072 2791 1136 persecutores,
2819 1080 2947 1121 suos
2991 1074 3049 1121 ut
3076 1079 3266 1122 servos
3295 1064 3387 1120 Dei
3420 1064 3611 1134 injuste
3638 1080 3868 1135 persecu-

2298 1158 2498 1212 tionem
2547 1158 2810 1228 patientes
2839 1158 3150 1215 exhibebat.
3203 1157 3436 1228 Scripsit
3478 1156 3617 1212 idem
3650 1165 3702 1213 et
3744 1157 3873 1213 aliud

2298 1264 2460 1320 opus,
2488 1250 2538 1304 in
2562 1266 2671 1321 quo
2697 1260 2936 1306 veterem
2967 1250 3035 1306 de
3073 1249 3405 1305 Traditionis
3433 1249 3659 1306 crimine
3686 1248 3873 1304 calum-

2302 1345 2446 1398 niam
2474 1344 2527 1399 in
2552 1341 2868 1400 Cathnlicos
2896 1357 3107 1399 rursum
3137 1343 3463 1419 ingerebat,

2372 1437 2637 1492 Donatum
2661 1436 3145 1507 Carthaginensem
3168 1436 3220 1490 in
3250 1435 3413 1491 exilio
3438 1444 3564 1491 ante
3585 1436 3773 1492 .luliani
3791 1435 3880 1491 im-

2300 1529 2508 1598 perium
2540 1529 2704 1583 vitam
2743 1528 2949 1584 (iniisse
2975 1528 3249 1598 colligitur
3279 1544 3346 1584 ex
3371 1527 3591 1600 Optato,
3623 1530 3712 1599 qui
3756 1530 3884 1585 libro

2300 1639 2382 1689 Ill,
2429 1623 2457 1695 δ
2495 1623 2551 1692 5,
2581 1623 2655 1679 ait
2692 1625 2744 1679 in
2776 1641 2842 1681 eo
2883 1624 3163 1695 impletum
3201 1638 3327 1680 esse
3356 1623 3500 1694 quod
3542 1624 3613 1681 de
3659 1626 3883 1695 principe

584 1721 770 1788 ratori,
811 1730 868 1775 ut
909 1730 1081 1776 sotum
1123 1733 1319 1793 gereret
1359 1724 1571 1778 unitatis
1600 1734 1646 1777 et
1672 1723 1893 1778 mitteret
1936 1724 2196 1778 ministros
2226 1732 2275 1801 Β
2302 1715 2429 1790 Tyri
2453 1719 2655 1774 dictum
2681 1727 2764 1775 est
2787 1735 2818 1774 a
2865 1718 3135 1790 Propheta
3168 1735 3181 1773 :
3230 1719 3379 1774 illum
3407 1718 3461 1774 in
3499 1727 3643 1775 terra
3673 1735 3774 1775 non
3802 1734 3887 1775 sua

585 1813 748 1873 sancti
774 1815 944 1883 operis
974 1816 1198 1885 famulos
1219 1813 1340 1881 Dei,
1377 1815 1601 1870 Paulum
1627 1827 1675 1870 et
1709 1815 2022 1871 Macarium.

658 1902 779 1959 Duo
804 1902 1037 1961 Canones
1086 1907 1141 1961 in
1185 1905 1511 1962 Donatistas.
1539 1939 1613 1949 —
1638 1907 1698 1964 In
1727 1910 1922 1965 eodem
1960 1909 2194 1966 concilio

585 1996 698 2055 duo
723 2014 965 2057 canones
987 2001 1189 2058 conditi
1233 2011 1361 2057 sunt
1388 2003 1456 2058 ad
1489 2003 1797 2060 Donatistas
1823 2004 2192 2075 pertinentes;

588 2106 727 2147 unus
765 2107 874 2164 quo
903 2093 1169 2149 sancitum
1199 2102 1285 2150 est
1329 2093 1547 2149 illicitas
1589 2108 1710 2150 esse
1739 2094 2196 2162 rebaptizationes

588 2198 782 2239 eorum
825 2186 916 2255 qui
950 2186 1265 2258 interrogati
1296 2186 1350 2241 in
1381 2186 1651 2243 Trinitate
1682 2187 1979 2244 secundum
2020 2189 2198 2243 Evan-

588 2273 715 2345 gelii
739 2273 903 2331 fidem
945 2285 999 2331 et
1028 2276 1414 2348 Apostolorum
1441 2278 1746 2334 doctrinam
1773 2278 2198 2367 confessiberant

585 2379 650 2421 ac
679 2364 877 2421 deinde
905 2381 1041 2436 aqua
1069 2368 1221 2424 tincti
1248 2385 1261 2422 :
1294 2368 1435 2425 alter
1463 2386 1531 2426 ne
1568 2377 1627 2425 ut
1652 2369 1916 2443 Martyres
1942 2364 2194 2428 coleren-

586 2469 676 2515 tur
700 2459 951 2517 homines
979 2460 1071 2533 qui
1097 2476 1157 2519 se
1191 2471 1286 2518 aut
1316 2462 1623 2535 praecipites
1651 2464 1936 2532 dederant,
1966 2473 2060 2521 aut
2085 2464 2196 2522 alio

584 2552 765 2623 aliquo
796 2560 953 2623 pacto
1001 2564 1233 2611 mortem
1276 2555 1380 2612 sibi
1410 2557 1813 2625 consciverant,
1859 2566 1950 2614 aut
1979 2573 2191 2631 merue-

583 2656 704 2702 rant
730 2647 924 2703 occidi.

656 2738 936 2794 Calumnia
984 2740 1040 2796 in
1089 2739 1383 2797 Ma‘carium
1420 2742 1484 2798 ds
1548 2743 1772 2815 imagine
1800 2743 2105 2819 collocanda
2141 2744 2195 2799 in

583 2832 760 2887 altari.
792 2864 865 2875 —
892 2834 1045 2891 Circa
1079 2835 1195 2891 haec
1224 2845 1465 2908 tempora
1493 2838 1721 2909 contigit
1745 2838 1796 2894 id
1828 2840 1969 2910 quod
2011 2850 2196 2896 narrat

584 2923 838 2995 Optatus,
867 2935 922 2981 ut
953 2925 1239 2982 Donatista!
1257 2925 1396 2982 hunc
1418 2946 1681 2985 rumorem
1697 2930 1751 2985 in
1776 2931 1956 3003 vulgus
1984 2948 2195 3005 sparge—

582 3026 716 3083 rent,
747 3015 976 3072 Paulum
1017 3026 1064 3072 et
1104 3017 1399 3073 Macarium
1447 3031 1709 3087 venturos,
1756 3022 1843 3094 qui
1889 3025 2193 3078 interessent

2300 1810 2647 1878 moriturum,
2676 1822 2726 1867 et
2774 1811 2826 1867 id
2872 1812 3082 1868 Donato
3108 1813 3404 1885 contigisse
3432 1813 3690 1869 omnibus
3715 1824 3886 1868 notum

2299 1915 2440 1957 esse.
2476 1901 2686 1959 Donato
2706 1905 2967 1960 successit
2989 1904 3382 1961 Parmenianus
3400 1913 3526 1977 post
3546 1922 3748 1962 annum
3773 1905 3890 1971 ⁸550,

2298 1990 2440 2049 forte
2467 2008 2612 2049 anno
2652 1992 2779 2061 555,
2810 2009 2919 2066 quo
2953 1997 3287 2051 mentionem
3315 1994 3433 2065 ejus
3467 1994 3602 2050 facit
3644 1995 3895 2067 Hierony—

2299 2101 2422 2141 mus
2445 2088 2497 2141 in
2526 2085 2820 2144 Chronico.
2850 2087 2902 2143 Is
2935 2095 3022 2145 est
3052 2105 3211 2161 quem
3242 2088 3439 2146 refellit
3475 2088 3730 2160 Optatus,
3762 2097 3815 2145 et
3838 2087 3900 2143 de

2300 2194 2409 2249 quo
2433 2179 2543 2249 jam
2572 2181 2704 2236 satis
2726 2181 2894 2237 multa
2916 2181 3058 2237 dicta
3088 2192 3215 2238 sunt
3241 2182 3294 2237 in
3323 2181 3485 2253 hujus
3509 2183 3700 2253 operis
3722 2181 3900 2252 praefa-

2300 2272 2468 2338 tione,
2505 2272 2729 2343 interim,
2748 2273 2806 2329 in
2833 2273 2965 2331 sede
2985 2274 3251 2330 catholica
3277 2274 3447 2330 Grato
3475 2275 3745 2331 successit
3773 2274 3901 2331 Res.

2300 2371 2512 2435 titulus,
2545 2370 2634 2441 qui
2657 2370 2892 2427 concilio
2926 2369 3255 2426 Ariminensi
3294 2386 3442 2428 anno
3488 2369 3600 2451 ’ὀξυ
3648 2370 3903 2433 interluit,

2298 2469 2354 2515 et
2402 2460 2671 2518 llcstituto
2715 2452 3074 2533 Genethlius,
3121 2464 3212 2535 qui
3262 2465 3329 2521 ad
3378 2483 3592 2524 annum
3640 2466 3750 2525 390
3791 2481 3906 2540 per-

2298 2555 2465 2611 venit.

2371 2650 2553 2706 Status
2592 2650 2843 2709 Ecrlesiaz
2874 2653 3138 2727 Africana:
3176 2661 3290 2728 post
3317 2656 3623 2726 restitutam
3654 2655 3910 2711 unitatem.

2296 2769 2368 2780 -—
2392 2741 2650 2800 Ecclesia:
2677 2743 2949 2801 Africana:
2990 2756 3111 2816 post
3159 2747 3475 2815 restitutam
3512 2748 3780 2804 unitatem
3810 2756 3911 2801 sta-

2299 2842 2410 2890 tum
2435 2836 2514 2891 sic
2543 2848 2693 2894 recte
2719 2839 2959 2910 depingit
2985 2839 3214 2911 Optatus
3239 2842 3332 2898 lib.
3363 2859 3433 2910 tt,
3470 2844 3501 2917 §
3532 2826 3628 2902 i5.
3662 2840 3814 2909 Cum,
3840 2840 3917 2897 in-

2296 2929 2433 2997 quit,
2465 2929 2737 3000 Africanos
2767 2933 2991 3002 populos
3014 2944 3061 2989 et
3092 2932 3414 3005 Orientales,
3441 2948 3493 2992 et
3524 2947 3745 2993 caeteros
3764 2946 3922 2989 trans-

2297 3020 2523 3074 marinos
2546 3039 2651 3093 pax
2680 3039 2783 3078 una
2810 3028 3165 3099 conjungeret,
3195 3035 3247 3082 et
3281 3028 3404 3097 ipsa
3434 3032 3620 3085 unitas
3651 3043 3923 3101 repraesen-

582 3108 861 3179 sacriﬁcio,
894 3120 951 3164 ut
980 3125 1098 3164 cum
1143 3111 1333 3167 altaria
1380 3113 1673 3168 solenmiter
1715 3123 2039 3184 aptarentur,
2070 3132 2192 3183 pro-
2218 3117 2263 3183 C
2298 3115 2416 3166 tatis
2467 3113 2700 3171 omnibus
2751 3118 2991 3173 membris
3044 3136 3233 3193 corpus
3273 3119 3550 3197 Ecclesia:
3604 3124 3925 3197 coagulum:

582 3202 777 3271 ferrent
798 3202 879 3257 illi
906 3203 1202 3277 intaginem,
1252 3220 1404 3276 quam
1446 3209 1613 3279 primo
1641 3210 1696 3264 in
1734 3210 1889 3264 altari
1920 3220 2189 3281 ponerent,

583 3306 633 3350 st
651 3298 725 3353 sic
750 3298 1067 3368 sacriﬁcium
1095 3298 1387 3367 oﬂ'erretur.
1424 3301 1538 3357 lloc
1567 3319 1684 3359 cum
1708 3305 2000 3374 acciperent
2016 3321 2188 3373 aures,

584 3389 813 3455 percussi
841 3398 960 3444 sunt
982 3398 1028 3443 et
1058 3392 1242 3459 animi,
1272 3400 1320 3446 et
1356 3395 1759 3468 uniuscujusque
1786 3397 1965 3467 lingua
2001 3398 2055 3451 in
2083 3398 2192 3451 haec

584 3477 734 3531 verba
753 3487 1008 3532 commota
1036 3490 1130 3548 est,
1162 3491 1219 3534 ut
1248 3484 1413 3537 omnis
1442 3485 1528 3554 qui
1556 3485 1664 3541 haec
1700 3488 1936 3542 audierat
1963 3488 2188 3543 diceret:

583 3573 672 3642 qui
698 3571 819 3626 inde
839 3582 1029 3646 gustat,
1054 3573 1119 3628 de
1133 3590 1283 3630 sacro
1303 3586 1475 3647 gustat
1500 3592 1520 3631 :
1541 3588 1587 3633 et
1609 3589 1744 3634 recte
1764 3580 1961 3636 dictum
1989 3591 2117 3649 erat,
2146 3584 2193 3637 si

583 3665 736 3720 talem
764 3664 959 3735 famam
985 3665 1171 3721 similis
1207 3669 1396 3723 ueritas
1424 3682 1739 3742 sequeretur.
1772 3673 1837 3728 At
1869 3676 1957 3729 ubi
1986 3685 2192 3731 centum

582 3766 657 3811 est
684 3774 717 3812 a
744 3758 1078 3829 supradictis,
1106 3758 1241 3813 nihil
1266 3761 1369 3816 tale
1398 3765 1562 3818 uisum
1588 3776 1682 3833 est,
1711 3783 1778 3822 ea;
1806 3784 1866 3822 eo
1910 3768 2051 3841 quod
2077 3772 2192 3844 [ue-

584 3860 663 3907 rat
680 3853 836 3924 paulo
862 3863 982 3907 ante
1001 3853 1142 3919 fatua
1162 3857 1411 3925 mentita;
1441 3859 1574 3913 niltil
1598 3860 1837 3916 viderunt
1863 3865 1998 3918 oculi
2025 3865 2192 3920 chris-

584 3944 714 3999 tiani
752 3946 891 4015 quod
928 3944 1237 4004 horrerent:
1273 3949 1405 4003 nihil
1449 3952 1681 4021 probavit
1722 3965 1959 4023 aspectus
2000 3972 2062 4011 ex
2099 3958 2187 4022 iis,

580 4038 765 4107 quibus
812 4042 1135 4110 perturbatus
1170 4054 1281 4098 erat
1327 4045 1553 4101 auditus.
1597 4045 1721 4101 Visa
1762 4058 1839 4119 est
1879 4049 2101 4120 paritas,
2144 4060 2191 4105 et

579 4131 684 4185 ritu
710 4133 862 4188 solito
901 4135 1145 4192 solemnis
1174 4138 1493 4193 consuetudo
1531 4151 1799 4210 perspecta
1828 4152 1903 4205 est
1926 4157 1945 4196 :
1973 4159 2089 4197 cum
2115 4144 2192 4198 ui-

581 4224 757 4280 derent
785 4227 971 4284 divinis
999 4230 1292 4298 sacriﬁciis,
1325 4249 1415 4287 nec
1449 4241 1700 4287 mutatum
1745 4236 2050 4307 quidquam,
2096 4254 2189 4291 nec

579 4320 834 4386 additum,
862 4337 951 4376 nec
970 4322 1230 4378 ablatum.
1258 4323 1379 4379 Pax
1406 4342 1439 4379 a
1469 4323 1581 4380 Deo
1603 4329 1978 4392 commendata.
2014 4330 2191 4385 volen-

579 4411 713 4465 tibus
747 4412 983 4481 placuit:
1031 4432 1189 4486 quare
1225 4416 1402 4473 nullus
1431 4434 1609 4473 eorum
1639 4418 1783 4475 debet
1813 4422 1984 4493 argui,
2012 4424 2100 4495 qui
2124 4424 2191 4477 de

2295 3205 2501 3261 dolebat
2525 3212 2620 3261 hoc
2654 3208 2914 3278 diabolus,
2945 3212 3034 3282 qui
3061 3229 3260 3285 semper
3281 3214 3350 3270 de
3397 3218 3645 3291 fratrum
3678 3231 3801 3287 pace
3830 3223 3927 3268 tor-

2294 3310 2498 3372 quetur.
2530 3301 2634 3358 Illo
2664 3314 2890 3375 tempore
2917 3305 3010 3361 sub
3042 3308 3356 3379 imperatore
3390 3297 3722 3378 christiano,
3753 3309 3930 3364 deser—

2296 3399 2379 3447 tus
2403 3394 2458 3447 in
2485 3394 2637 3450 idolis
2659 3404 2919 3468 tamquam
2946 3398 3198 3469 inclusus,
3214 3401 3439 3472 jacebat
3464 3406 3524 3459 in
3556 3404 3786 3478 templis.
3829 3398 3932 3455 Ηοο

2295 3487 2472 3542 eodem
2499 3499 2727 3563 tempore
2755 3493 2911 3549 duces
2942 3502 2991 3549 et
3020 3497 3274 3568 principes
3299 3496 3735 3555 Donatistarum
3764 3496 3935 3552 merita

2294 3581 2644 3653 relegauernnt
2670 3602 2786 3642 sua.
2829 3586 2898 3641 In
2937 3588 3153 3644 ecclesia
3191 3590 3343 3645 nulla
3381 3596 3614 3667 fuerant
3643 3593 3934 3653 schismata,

2294 3691 2387 3730 nec
2415 3679 2633 3748 paganis
2672 3679 2855 3734 licebat
2886 3698 3118 3739 exercere
3155 3684 3457 3759 sacrilegia
3487 3704 3509 3743 :
3547 3705 3661 3760 pas:
3691 3687 3800 3741 Deo
3832 3685 3936 3755 pln-

2295 3768 2398 3822 cita
2424 3769 2567 3840 apud
2589 3787 2764 3843 omnes
2786 3772 3107 3832 Christianos
3134 3779 3365 3850 populos
3393 3780 3685 3837 habitabat
3714 3799 3732 3837 :
3769 3777 3939 3835 diobo-

2295 3859 2630 3917 lusmazrebat
2651 3864 2705 3918 in
2728 3858 2951 3937 templii,
2985 3867 3275 3925 Donatista:
3298 3873 3362 3927 in
3387 3874 3716 3947 regionibus
3746 3870 3939 3926 alienis.

2368 3953 2599 4011 Libertas
2629 3955 2898 4021 aJuliano
2927 3959 3211 4021 Donatistis
3257 3965 3521 4022 reddita.
3556 3956 3636 4010 4-
3687 3968 3762 4024 Al.
3816 3964 3947 4020 Cun-

2293 4048 2493 4104 stantio
2519 4058 2734 4107 mortuo
2756 4051 2845 4108 die
2864 4052 3188 4111 Novembris
3228 4058 3407 4119 tertia
3445 4061 3587 4121 anni
3617 4061 3723 4115 561
3740 4050 3763 4126 ,’
3783 4059 3950 4112 Dona-

2297 4137 2434 4194 tistm
2476 4139 2691 4211 Juliano
2736 4143 3046 4215 imperatori
3094 4145 3346 4205 libellum
3406 4152 3708 4218 obtulere,
3760 4159 3821 4206 ut
3858 4144 3953 4203 sibi

2295 4232 2712 4290 restituerentur
2734 4234 2974 4291 basilica:
3004 4252 3139 4308 quas
3168 4238 3404 4297 ablatas
3428 4247 3850 4316 querebantur,
3880 4251 3955 4293 ul-

2293 4337 2401 4392 que
2440 4324 2718 4394 pristinam
2763 4337 3229 4400 consequerentur
3269 4331 3653 4394 libertatem.
3716 4332 3953 4393 Libellus

2293 4425 2412 4471 erat
2456 4417 2673 4472 oblatus
2701 4420 2921 4476 nomine
2963 4420 3277 4492 liogatiaui,
3334 4424 3572 4496 Pontii,
3609 4428 3861 4484 Cassiani
3907 4431 3958 4477 et

579 4502 798 4576 collegio
826 4506 1217 4563 Donatistarum
1265 4511 1336 4564 ad
1384 4515 1861 4592 pacem'transitum
1890 4516 2047 4587 fecit:
2095 4516 2188 4585 qui

2296 4507 2523 4563 aliorum
2551 4509 2927 4581 episcoporum
2959 4526 3023 4567 ac
3043 4513 3399 4573 clericorum
3433 4521 3631 4591 partis
3658 4517 3879 4587 Donati,
3908 4522 3958 4571 et

579 4597 791 4668 fuerant
816 4599 1028 4655 sinistra
1049 4603 1294 4674 opinione
1318 4604 1530 4673 turbati,
1556 4606 1785 4677 simplici
1811 4626 1873 4663 ac
1896 4626 2028 4680 pura
2049 4611 2182 4666 veri.

575 4696 679 4745 tate
699 4690 894 4760 ﬁrmati
922 4702 1060 4748 sunt.

650 4784 875 4841 Ab'bac
920 4786 1191 4843 calumnia
1242 4788 1454 4861 depulsi
1499 4790 1565 4846 ad
1606 4792 1765 4847 aliam
1819 4793 2182 4866 confugerunt

577 4873 873 4933 Donatista
898 4877 1173 4936 dicentes:
1202 4880 1494 4937 Macarium
1543 4897 1651 4939 non
1678 4883 1936 4941 debuisse
1962 4885 2032 4940 ab
2058 4886 2176 4957 epi-

577 4969 759 5037 sc0pis
781 4969 849 5025 ad
887 4975 1326 5033 communionem
1374 4976 1606 5046 admitti,
1648 4981 1818 5035 multo
1849 4982 2024 5053 minus
2056 4995 2177 5053 per-

575 5061 897 5123 mittendum
939 5067 988 5121 ei
1028 5076 1090 5123 ut
1118 5069 1377 5139 populum
1410 5069 1465 5125 in
1512 5068 1755 5129 Ecclesia
1787 5072 2179 5146 alloqueretur,

574 5151 719 5224 quod
760 5154 1144 5228 episcoporum
1188 5170 1394 5218 tantum
1440 5176 1563 5219 esse
1615 5162 1917 5235 videbatur.
1974 5165 2182 5235 Quibus

574 5246 870 5318 respondet
921 5249 1171 5321 Optatus,
1220 5256 1650 5313 communicasse
1699 5258 1994 5314 Macarium
2055 5274 2179 5315 cum

574 5339 844 5411 episcopis
865 5350 923 5397 ut
950 5343 1169 5409 lsicum,
1202 5359 1312 5401 non
1343 5355 1402 5402 ut
1430 5350 1768 5419 episcopum,
1797 5361 1854 5405 et
1880 5351 2176 5409 allocutum

570 5433 792 5501 quidem
834 5450 957 5491 esse
1003 5436 1261 5506 populum
1294 5439 1348 5493 in
1390 5439 1656 5508 Ecclesia,
1701 5444 1795 5498 sed
1842 5443 2179 5509 insinuanda:

566 5523 803 5596 alicujus
852 5528 930 5584 rei
970 5542 1159 5596 causa,
1207 5544 1315 5584 non
1360 5541 1546 5607 autem
1596 5534 1890 5604 tractandi,
1937 5533 2045 5592 hoc
2092 5547 2181 5603 est

558 5618 931 5678 mincionandi
970 5622 1118 5693 quod
1171 5631 1259 5680 est
1311 5623 1714 5698 episcopatum,
1767 5644 1867 5686 nec
1918 5632 2178 5701 populum

552 5723 718 5770 more
739 5717 1120 5789 episcoporum
1145 5714 1414 5780 salutasse
1443 5725 1499 5780 in
1533 5720 1756 5780 nomine
1786 5722 1880 5781 Dei
1913 5724 2181 5784 orationis

2297 4599 2349 4654 in
2401 4616 2467 4656 eo
2498 4600 2717 4656 Juliano
2747 4603 3019 4659 serviliter
3046 4603 3447 4677 adulabautur
3482 4613 3690 4669 dicere
3737 4627 3846 4668 non
3874 4622 3958 4663 ve-

2294 4692 2404 4759 riti,
2454 4692 2591 4764 quod
2631 4693 2774 4765 apud
2825 4711 2942 4750 eum
2986 4696 3099 4750 sola
3134 4699 3358 4763 iustitia
3412 4704 3647 4764 haberet
3677 4718 3953 4762 accessum.

2290 4783 2446 4839 llaud
2492 4796 2713 4854 gravate
2751 4786 3047 4857 imperator
3086 4799 3383 4862 apostata,
3435 4800 3538 4853 cui
3588 4801 3701 4856 hoc
3746 4806 3865 4855 erat
3911 4797 3957 4850 in

2292 4878 2435 4933 votis
2465 4886 2523 4931 ut
2544 4876 2907 4935 Christianam
2932 4880 3256 4952 religionem
3290 4891 3518 4958 quavis
3567 4903 3699 4952 arte
3723 4893 3963 4951 destrue-

2292 4978 2396 5035 ret,
2427 4969 2684 5041 precibus
2713 4986 2903 5028 eorum
2948 4975 3159 5040 annuit,
3202 4983 3568 5046 praevidens
3601 4988 3731 5047 fore
3762 4998 3819 5043 ut
3848 4983 3962 5041 inde

2291 5077 2545 5133 magnum
2575 5063 2864 5121 accederet
2895 5064 3153 5123 Ecclesiae
3182 5066 3508 5135 Africana:
3538 5080 3956 5139 detrimentum.

2289 5156 2492 5214 Redire
2519 5157 2683 5231 igitur
2712 5175 2809 5231 pro
2833 5169 2962 5217 voto
2990 5176 3091 5217 suo
3135 5171 3464 5241 praecepit,
3499 5192 3662 5246 quos
3693 5177 3958 5233 intellexe-

2289 5257 2376 5305 rat
2396 5248 2463 5306 ad
2480 5249 2892 5309 disturbandam
2909 5268 3097 5324 pacem
3125 5269 3262 5311 cum
3298 5259 3517 5323 lurore
3532 5282 3672 5325 esse
3686 5276 3958 5333 venturos.

2289 5356 2348 5403 et
2378 5349 2651 5425 abrogatis
2681 5367 2801 5422 quae
2832 5350 3096 5408 adversus
3132 5352 3501 5420 Donatistas
3530 5378 3758 5425 statuta
3797 5372 3959 5425 erant.

2287 5458 2511 5509 omnem
2539 5445 2619 5513 eis
2665 5446 2973 5502 libertatem
3014 5459 3107 5503 aut
3140 5452 3353 5519 pctius
3402 5458 3721 5535 licentiam
3765 5455 3961 5537 quidvis

2288 5538 2549 5621 moliendi
2591 5541 2881 5611 concessit.
2935 5540 3124 5619 Itaque
3180 5548 3411 5615 eadem
3469 5573 3625 5617 voce
3678 5555 3965 5616 Donatistis

2287 5634 2516 5705 libertas
2532 5645 2616 5691 est
2637 5635 2869 5703 reddita,
2891 5652 2996 5708 qua
3020 5651 3154 5694 voce
3185 5639 3513 5721 idolorum
3539 5624 3806 5728 pateﬁeri
3824 5653 3965 5727 jussu

2289 5737 2421 5815 sunt.
2475 5729 2692 5823 templa.
2749 5728 2995 5805 Bcduces
3045 5731 3224 5811 igitur
3270 5742 3586 5821 episcopi,
3641 5753 3791 5815 inter
3840 5759 3965 5823 quos
