4206 6170
361 219 466 277 803

1551 199 1891 276 n'tsroau
1930 197 2517 276 nousrts'rtuuu.

3648 202 3776 302 eos

362 334 741 391 t’armenianus
791 332 1245 407 Cartltaginensis
1295 334 1600 404 episcoltus
1629 341 1988 400 accensetnr,
2023 335 2070 393 Α
2105 330 2277 386 fratre
2307 329 2542 386 Zamma
2579 329 2824 402 latenter
2847 333 3210 407 interempto:
3240 355 3364 398 cum
3400 341 3471 398 ob
3498 343 3549 399 id
3582 350 3756 403 comi.

366 443 552 496 preces
589 443 709 484 suas
739 437 790 482 et
827 428 1174 498 imperatoris
1201 427 1542 496 rescriptum
1570 425 1999 493 magistratibus

362 521 692 589 obtulerunt,
721 536 782 577 ac
801 537 868 578 eo
892 522 1094 578 muniti
1121 519 1256 576 nihil
1284 535 1400 576 non
1433 521 1488 576 in
1517 517 1842 575 Catholicos
1873 518 1999 572 ausi

365 624 507 672 sunt.
543 617 632 673 Sic
653 631 832 678 eorum
849 625 978 673 tunc
1001 616 1263 687 temporis
1291 614 1549 671 facinora
1577 611 1853 668 describit
1879 611 2004 682 Op-

371 716 535 774 tatus,
585 707 681 763 lib.
713 724 768 771 tt.
801 706 918 777 ξιτ
952 724 967 762 z
1017 708 1232 764 Eisdem
1279 723 1417 775 pene
1456 703 1764 768 momentis,
1795 701 2009 771 inquit,

367 810 526 856 vester
557 802 703 872 [uror
738 803 790 856 in
824 801 1054 873 Africam
1095 802 1392 867 reuertitur,
1423 799 1610 869 quibus
1649 794 1906 849 diabolus
1939 795 2016 848 de

368 894 473 950 suis
498 896 788 950 carceribus
815 894 1100 952 relaxatur.
1137 895 1206 952 Et
1250 910 1357 948 non
1404 875 1735 949 erubescitis,
1774 885 1866 956 qui
1896 901 2021 938 uno

372 997 590 1060 tempore
616 1005 734 1043 cum
757 987 959 1042 inimico
987 987 1283 1042 communia
1311 984 1510 1056 gaudia
1535 975 1867 1054 possidetis!
1908 974 2029 1027 Ve.-

374 1083 514 1137 uistis
533 1083 724 1148 rubidi,
749 1081 952 1137 uenistis
980 1083 1122 1148 irati,
1153 1079 1384 1136 membra
1407 1075 1674 1132 laniantes
1701 1066 1986 1122 Ecclesia
2002 1079 2024 1118 :

371 1175 580 1230 subtiles
619 1177 671 1229 in
701 1173 1102 1240 seductionibus,
1153 1175 1207 1227 in
1247 1169 1474 1226 aedibus
1522 1166 1822 1222 immanes,
1873 1158 2030 1229 ﬁlios

374 1269 608 1341 pacislad
647 1267 782 1324 bella
811 1274 1166 1332 provocantes.
1213 1263 1291 1318 De
1319 1259 1534 1316 sedibus
1567 1255 1674 1309 suis
1701 1253 1907 1308 multos
1937 1250 2026 1322 fe-

373 1363 511 1417 cistis
541 1371 790 1428 extorres,
821 1375 932 1414 cunt
957 1357 1216 1413 conducta
1247 1370 1403 1409 manu
1430 1348 1732 1410 venientes,
1766 1343 2026 1399 basilicas

373 1455 679 1515 inuasistis:
728 1453 875 1507 ntulti
915 1468 976 1508 ea:
1021 1465 1237 1505 numero
1282 1455 1449 1502 uestro
1493 1455 1604 1514 per
1635 1438 1752 1493 loca
1783 1439 2020 1511 plurima

378 1545 514 1619 (qua
539 1546 635 1602 sub
659 1545 948 1600 nominibus
969 1544 1142 1598 dicere
1162 1543 1379 1613 longum
1404 1536 1498 1608 est)
1525 1542 1782 1590 cruentas
1813 1533 2016 1605 operati

375 1649 494 1694 sunt
531 1639 720 1705 clades,
760 1649 808 1694 et
853 1649 957 1698 tant
1001 1646 1229 1698 atroces,
1280 1640 1338 1686 ut
1378 1631 1439 1684 de
1479 1626 1680 1688 talibus
1727 1628 1908 1700 factis,
1943 1627 2009 1684 ab

2111 433 2223 484 tem
2257 423 2466 478 Africae
2498 423 2814 482 Romanum
2857 429 3118 498 nou'titte,
3171 433 3258 490 cui
3309 435 3528 500 Zamma
3580 438 3760 500 fuerat

2113 524 2382 586 acceptus
2427 518 2689 576 infestum
2741 519 3016 590 haberet,
3050 535 3303 584 metuens
3351 549 3420 587 ne
3467 533 3756 596 damnatus

2114 607 2498 677 occideretur,
2541 612 2612 667 ab
2663 612 2899 684 imperio
2937 617 3169 680 descivit
3212 632 3267 677 et
3293 624 3633 695 Mauritaniae
3664 645 3756 685 re-

2122 713 2297 790 gnum
2341 703 2658 774 occupavit.
2704 704 2816 761 llac
2846 711 3138 767 occasione
3189 713 3274 768 usi
3315 715 3612 776 Donatista:
3659 736 3759 790 per

2133 789 2436 849 barbarum
2466 811 2671 867 regem,
2703 799 2972 871 [iugatum
3004 803 3230 876 ejusque
3259 809 3499 868 asseclas
3527 811 3583 870 in
3609 789 3757 872 ut...

2142 883 2338 945 ritania
2387 886 2717 946 Caesariensi
2757 894 3063 954 saevissime
3108 909 3163 955 et
3203 901 3552 960 acerbissime
3589 921 3754 962 vexa-

2143 989 2340 1031 verunt
2384 977 2561 1053 (adeo
2603 990 2661 1038 nt
2698 996 3024 1044 vocarentur
3065 1005 3095 1044 a
3145 990 3444 1062 Rogatistis
3487 995 3750 1066 Eirmiani

2143 1067 2301 1126 sicuti
2327 1071 2639 1131 Catholicos
2669 1076 2969 1135 Donatistae
3006 1081 3342 1148 Macarianos
3385 1102 3575 1142 vocare
3612 1105 3748 1148 con-

2140 1173 2486 1242 sueverant),
2522 1172 2656 1227 nihil
2715 1189 2824 1231 non
2861 1187 3087 1248 agentes
3135 1189 3194 1235 ut
3234 1197 3330 1237 eos
3357 1183 3424 1238 ad
3469 1187 3742 1253 gremium

2134 1274 2291 1314 suum
2324 1261 2503 1318 redire
2532 1265 2928 1335 compellerent
2957 1279 3054 1324 aut
3084 1273 3352 1328 saevitiam
3387 1275 3622 1330 vindicta
3651 1291 3740 1330 sa-

2131 1362 2394 1409 turarent.
2418 1355 2717 1413 Duravitea
2741 1362 3052 1428 persecutio
3083 1365 3354 1433 tantisper
3368 1366 3542 1422 donec
3559 1367 3740 1424 Theo?

2125 1445 2312 1502 dosius
2340 1449 2528 1503 senior
2554 1461 2742 1510 contra
2771 1449 3014 1508 Firmum
3043 1471 3072 1507 a
3104 1454 3484 1516 Valentiniano
3507 1458 3559 1512 in
3589 1457 3736 1512 Afri-

2119 1556 2235 1598 cam
2253 1557 2374 1598 cum
2412 1545 2654 1598 exercitu
2672 1544 2870 1600 missus
2888 1547 3222 1616 perduellem
3246 1550 3458 1620 imperii
3484 1551 3734 1621 pluribus

2116 1637 2319 1708 pradiis
2348 1639 2578 1694 fractum
2609 1640 2677 1696 ad
2709 1641 2871 1694 vitam
2902 1643 3104 1712 laqueo
3126 1643 3420 1708 finiendam
3443 1646 3728 1717 compulit;

376 1733 522 1788 illius
550 1733 792 1801 temporis
809 1731 1083 1806 judicibus
1111 1727 1302 1783 relatio
1325 1725 1630 1777 mitteretur.
1660 1720 2007 1791 Eoteutpore
2036 1718 2086 1781 B
2114 1731 2324 1802 ηοεειο
2353 1731 2446 1802 qui
2486 1731 2671 1787 Firmo
2713 1743 2996 1802 ευρθιοειρε
3028 1737 3128 1791 fuit
3167 1737 3218 1792 in
3262 1737 3559 1794 schismale
3597 1755 3724 1808 ρει..

380 1826 667 1882 innumera
699 1825 937 1882 facinora
987 1833 1042 1878 et
1079 1818 1368 1890 sacrilegia
1407 1833 1436 1870 a
1459 1816 1560 1887 15
1590 1816 1883 1880 Donatistis
1913 1829 2006 1884 pa-

382 1925 526 1974 trata
575 1928 720 1982 sunt,
773 1933 892 1989 qua)
927 1919 1036 1972 late
1060 1912 1325 1972 describit
1379 1909 1518 1964 idem
1551 1908 1781 1978 Optatus
1807 1908 2002 1978 eodem

380 2009 438 2066 in
471 2009 638 2074 libro,
677 2019 784 2065 tum
814 2010 980 2066 etiam
1016 2007 1156 2063 libro
1200 2021 1275 2069 vt,
1311 2001 1401 2057 ubi
1445 2017 1506 2056 ea
1557 2000 1739 2070 legere
1768 2000 1998 2071 poteris.

460 2103 626 2176 Leges
657 2103 1036 2175 lntperatorum
1080 2103 1136 2155 in
1183 2097 1512 2154 Donatistas.
1546 2123 1617 2136 ———
1645 2095 1863 2152 Juliauo
1906 2095 1999 2166 qui

382 2197 478 2254 die
501 2197 574 2252 26
620 2196 764 2252 Junii
790 2196 922 2252 anni
963 2194 1098 2261 565,
1134 2192 1384 2248 sublatus
1410 2201 1515 2253 est,
1535 2189 1798 2244 successit
1822 2187 2004 2244 Jovia-

383 2308 494 2349 nus
524 2291 619 2362 qui
650 2291 754 2346 cito
796 2300 1087 2354 mortuus,
1128 2286 1266 2342 nihil
1299 2286 1367 2339 dc
1406 2284 1567 2338 rebus
1593 2282 1658 2337 ad
1690 2281 2001 2352 Africanam

388 2384 699 2443 Ecclesiam
735 2380 1118 2454 spectantibus
1153 2387 1395 2434 statuere
1421 2374 1614 2445 potuit.
1649 2373 1718 2428 At
1764 2373 2003 2428 Valenti-

388 2479 592 2536 nianus
615 2476 794 2531 senior
825 2473 1151 2530 Donatistae
1175 2469 1386 2526 severis
1411 2467 1622 2538 legibus
1647 2466 2002 2536 compescuit,

388 2583 630 2642 quarum
669 2581 770 2622 una
797 2574 980 2623 exstat
1009 2563 1138 2619 data
1169 2577 1202 2616 Χ
1231 2558 1492 2617 kalendas
1521 2557 1738 2612 Martias
1760 2555 2005 2611 Treviris

389 2677 542 2720 anno
573 2661 701 2727 375,
732 2674 832 2730 qua
865 2657 1174 2714 antistitem
1204 2654 1295 2726 qui
1321 2652 1586 2722 baptisma
1619 2651 1893 2706 iteraverit
1917 2664 2005 2704 sa-

393 2755 649 2814 cerdotio
699 2754 979 2824 indignum
1030 2764 1156 2806 esse
1213 2748 1477 2807 declarat.
1524 2744 1726 2800 Eodem
1758 2753 2006 2813 tempore

394 2852 688 2908 Romanus
734 2861 916 2905 comes
965 2845 1058 2918 qui
1091 2842 1265 2913 copiis
1292 2842 1346 2896 in
1382 2840 1560 2896 Africa
1589 2837 1806 2910 pratfuit
1835 2854 2006 2908 usque

394 2945 463 3000 ad
516 2957 722 2999 annum
753 2941 880 3005 575,
923 2936 1308 2994 schismaticos
1332 2949 1396 2991 ea
1428 2950 1546 3004 qua:
1593 2933 1798 2989 vellent
1835 2932 2005 2988 libere

392 3053 565 3110 agerc
618 3049 724 3090 non
759 3031 1038 3104 permisit,
1071 3045 1195 3084 cum
1245 3043 1370 3083 eum
1424 3028 1568 3081 inter
1623 3035 2004 3096 persecutores

2113 1834 2390 1880 manente.
2447 1825 2555 1881 l’cr
2605 1825 2657 1879 id
2691 1835 2905 1896 tempus
2941 1869 2956 1894 ,
2999 1829 3090 1897 qui
3125 1829 3527 1900 Rogatistarum
3548 1828 3732 1894 Caesa-

2110 1917 2305 1974 riensis
2334 1919 2626 1988 episcopus
2658 1929 2810 1985 erat,
2845 1934 2969 1974 cum
3001 1919 3191 1976 Firmo
3232 1931 3466 1994 tyranno
3495 1935 3725 1988 suorum

2109 2009 2541 2065 incolumitatem
2573 2019 2762 2078 pactus
2789 2019 2976 2079 portas
3005 2013 3055 2066 ei
3081 2014 3315 2083 aperuit,
3336 2022 3500 2082 atque
3531 2013 3583 2067 in
3607 2027 3731 2069 ras-

2107 2103 2370 2156 tationem
2393 2119 2499 2155 non
2518 2101 2832 2157 Catttolicos
2865 2113 3102 2172 tantum,
3128 2104 3225 2160 sed
3257 2105 3565 2169 universam
3593 2105 3729 2160 civi-

2108 2201 2275 2247 tatem
2317 2193 2486 2247 dedit.
2526 2193 2735 2264 Rogato
2763 2203 2988 2248 mortuo
3020 2198 3289 2251 successit
3325 2195 3646 2260 Vincentius
3670 2195 3726 2251 iu

2107 2287 2238 2342 sede
2269 2297 2326 2342 et
2365 2287 2686 2342 schismate.
2721 2287 2846 2342 Fuit
2890 2297 2950 2343 et
2991 2291 3135 2346 alius
3182 2289 3508 2346 Vincentius
3545 2289 3727 2346 Victor

2107 2378 2353 2448 ejusdem
2378 2388 2565 2442 secta},
2592 2380 2791 2449 prioris
2818 2379 3096 2436 Vincentii
3116 2381 3418 2451 discipulus
3447 2389 3502 2436 ct
3522 2382 3723 2450 cultor,

2108 2472 2196 2540 qui
2231 2471 2356 2526 li‘cet
2388 2471 2454 2525 ad
2483 2471 2749 2526 unitatem
2778 2471 3125 2530 Catholicam
3154 2475 3412 2533 rediisset
3438 2516 3452 2541 ,
3500 2491 3606 2530 non
3646 2485 3726 2530 ta-

2110 2579 2234 2618 men
2259 2563 2396 2618 adeo
2427 2565 2758 2635 deposuerat
2785 2565 3062 2623 Vincentii
3095 2569 3380 2638 pristinam
3418 2569 3727 2626 veneratio-

2110 2671 2258 2721 nem,
2279 2657 2407 2727 quin
2427 2673 2552 2712 eum
2585 2659 2687 2713 sibi
2711 2660 3041 2730 apparuisse
3066 2663 3319 2733 jactaret,
3343 2670 3400 2718 et
3420 2661 3724 2733 adjutorem

2109 2751 2277 2807 fuisse
2304 2751 2370 2804 ad
2402 2751 2804 2807 conficiendum
2838 2769 2980 2824 opus
3008 2755 3153 2826 quod
3186 2756 3448 2813 adversus
3474 2759 3727 2829 Augusti-

2109 2860 2236 2899 num
2266 2843 2438 2900 edidit
2462 2843 2530 2899 de
2554 2847 2734 2900 anima
2765 2855 2822 2901 et
2848 2849 2971 2917 ejus
2999 2852 3233 2921 origine.

2183 2937 2689 2992 Maximianistarunt
2717 2941 2963 2996 schisma.
3005 2942 3311 3000 Primianus
3339 2945 3725 3003 Maximianum

2109 3031 2342 3084 damnat.
2363 3028 2654 3085 Concilium
2676 3029 3092 3106 Carthaginense
3107 3037 3352 3095 adversus
3379 3031 3722 3100 Primianunt.

392 3097 530 3184 suos
555 3134 846 3183 numerent
869 3124 1164 3179 Donatista:
1188 3121 1241 3175 in
1259 3119 1544 3175 collatione
1571 3115 2000 3188 Carthagincnsi.

2115 3120 2397 3175 Concilium
2444 3120 2926 3179 Cabarsussitanum
3005 3129 3060 3181 in
3118 3129 3466 3188 Primianum.
3500 3136 3726 3191 -—-Nul-

395 3219 658 3276 Posthac
684 3216 978 3272 Gratianus
1007 3229 1257 3279 scieram
1290 3213 1466 3280 legem
1503 3210 1762 3266 adversus
1791 3225 1886 3264 eos
1917 3216 2004 3262 tu-

392 3313 456 3368 lit
491 3326 586 3366 xvt
617 3301 879 3368 kalendas
901 3303 1228 3366 Novembris
1256 3302 1384 3359 anni
1406 3305 1530 3358 577.

469 3406 766 3466 Donatist
805 3405 862 3461 in
914 3404 1107 3456 multas
1166 3409 1329 3460 sectas
1367 3399 1538 3452 diuisi.
1585 3427 1657 3442 ~—-
1693 3395 1851 3453 Circa
1887 3393 2006 3448 hac

395 3513 648 3571 tempora
683 3497 877 3561 Donati
926 3505 1076 3550 secta
1128 3494 1182 3547 in
1214 3493 1412 3546 multas
1459 3500 1638 3561 partes
1671 3501 1756 3545 est
1783 3488 1956 3544 divisa
1985 3502 2002 3552 ;

391 3606 565 3664 atque
591 3599 651 3646 ut
678 3590 996 3645 omittamus
1013 3585 1264 3642 'l‘ichonii
1283 3593 1336 3640 et
1355 3584 1694 3640 Parmeniani
1719 3583 1787 3639 de
1811 3579 2003 3636 Ecclev

391 3689 478 3743 sia
506 3692 564 3741 et
589 3684 784 3740 iterato
813 3681 1082 3751 baptismo
1110 3676 1417 3742 dissidium,
1448 3677 1625 3747 plures
1651 3681 2002 3732 emerserunt

396 3778 548 3835 inter
577 3774 890 3830 Donatistae
917 3771 1182 3828 factiones
1205 3769 1257 3823 in
1285 3768 1602 3823 Mauritania
1629 3778 1682 3824 et
1713 3765 1962 3822 Numidia
1981 3805 1998 3829 ,

396 3881 539 3940 quas
589 3865 733 3926 haud
765 3865 925 3935 vulgo
975 3874 1129 3919 notas
1180 3861 1346 3916 fuisse
1397 3861 1587 3916 scribit
1619 3861 1998 3931 Augustinus:

398 3963 538 4018 hinc
587 3958 935 4016 Urbanenses
991 3956 1044 4011 in
1101 3953 1332 4026 quodam
1380 3951 1642 4008 Numidia:
1685 3953 1909 4023 angulo,
1945 3958 2003 4004 et

396 4054 785 4112 Claudianistrc
817 4052 908 4124 qui
949 4059 1132 4120 postea
1160 4064 1283 4104 cum
1326 4048 1600 4103 Primiano
1650 4046 2000 4104 Parmeniani

394 4165 720 4210 successore
751 4149 802 4207 in
832 4147 1060 4220 gratiam
1092 4145 1392 4201 redierunt.
1419 4144 1489 4198 At
1514 4142 1918 4214 Rogatistarum
1945 4147 2002 4195 et

398 4244 922 4303 Maximianistarum
964 4228 1301 4312 frequentior
1325 4246 1409 4292 est
1449 4236 1592 4306 apud
1636 4235 2002 4306 Augustinum

398 4337 612 4395 mentio
638 4347 693 4392 et
718 4336 898 4392 notior
923 4334 1174 4390 historia.

485 4429 860 4500 Rogatistarum
889 4427 1129 4482 schisma.
1160 4455 1230 4465 ——
1253 4423 1654 4494 Rogatistarum
1682 4432 1873 4475 auctor
1901 4420 2005 4474 fuit

2111 3215 2221 3269 lum
2249 3224 2426 3268 autem
2459 3215 2600 3268 inter
2629 3215 2946 3273 Donatistas
2964 3218 3251 3276 dissidium
3284 3225 3459 3295 majus
3491 3241 3556 3281 ac
3580 3227 3725 3284 cele-

2109 3305 2262 3361 brius
2306 3305 2404 3359 fuit
2433 3346 2448 3371 ,
2493 3320 2654 3375 quam
2687 3306 2832 3377 quod
2864 3307 3011 3364 inter
3041 3310 3417 3370 Primianistas
3456 3326 3511 3371 et
3556 3318 3725 3373 Maxi-

2109 3396 2390 3450 mianistas
2423 3397 2953 3470 intercessit.Ctnpit
2980 3401 3128 3457 istud
3150 3405 3389 3460 schisma
3420 3409 3579 3478 paulo
3605 3419 3724 3478 post

2108 3509 2308 3548 annum
2361 3493 2487 3555 591,
2527 3509 2634 3564 quo
2668 3494 2977 3551 Primianus
3021 3498 3309 3556 ordinatus
3337 3511 3421 3557 cst
3453 3505 3505 3558 itt
3543 3504 3720 3560 locum

2109 3585 2458 3640 Parmenioni
2500 3584 2954 3656 Carthaginensis
2983 3590 3280 3661 cpiscopus
3309 3609 3376 3648 ex
3419 3607 3576 3665 parte
3615 3597 3723 3652 Do-

2110 3680 2252 3746 nati,
2308 3680 2448 3733 sicut
2497 3679 2688 3734 codem
2724 3679 2896 3736 ferme
2938 3691 3186 3752 tempore
3218 3686 3358 3754 apud
3409 3687 3722 3744 Catholicos

2109 3771 2402 3828 Genethlio
2426 3781 2768 3827 successerat
2787 3770 3067 3828 Aurelius.
3095 3775 3144 3828 is
3167 3761 3476 3833 Primianus
3521 3795 3720 3836 recens

2109 3865 2393 3920 ordinatus
2419 3864 3136 3930 Maxintianum,diaconum
3169 3868 3428 3925 Ecclesia:
3460 3887 3595 3937 suae,
3626 3873 3720 3942 qui

2109 3959 2305 4014 Donati
2336 3958 2611 4015 ferebatur
2642 3975 2764 4015 esse
2792 3963 3254 4030 consanguineus,
3287 3964 3442 4034 cujus
3465 3967 3720 4035 superbia

2110 4067 2170 4107 se
2199 4052 2388 4106 laesum
2424 4053 2668 4123 putabat,
2701 4059 2900 4108 etcum
2927 4069 2992 4108 eo
3025 4063 3136 4110 tres
3159 4055 3294 4109 alios
3324 4058 3585 4113 diaconos
3613 4059 3717 4114 lio-

2108 4147 2409 4216 gatianum,
2427 4147 2695 4201 Donatum
2711 4155 2766 4201 et
2781 4146 3114 4218 Salgamium
3134 4148 3394 4204 damnare
3413 4153 3716 4220 constituit,

2110 4248 2167 4295 ct
2184 4239 2252 4294 de
2277 4239 2412 4294 facto
2437 4239 2488 4294 in
2505 4239 2894 4295 Maximianum
2917 4240 3197 4294 absentem
3223 4241 3549 4295 sententiam
3575 4245 3713 4298 tulit.

2108 4330 2464 4386 Maximianus
2485 4331 2668 4386 divitis
2700 4329 2982 4399 cujusdam
3025 4330 3262 4386 {mutinae
3304 4331 3497 4402 opibus
3522 4333 3714 4400 frctus,

2110 4422 2252 4477 sicut
2280 4423 2407 4478 olim
2435 4423 2727 4493 Majoriuus
2757 4421 2980 4478 Lucilhe
3010 4425 3273 4493 potentia,
3326 4424 3600 4480 Primiano
3628 4445 3720 4484 re-

401 4495 648 4591 Rogaius
676 4521 893 4576 Maurus
923 4520 1224 4587 Episcopus
1264 4531 1330 4570 ac
1383 4514 1522 4568 forte
1575 4512 2000 4576 Cartennensis;
2030 4495 2088 4556 D
2112 4516 2288 4583 stitit,
2313 4529 2367 4572 et
2392 4517 2644 4587 adjuncta
2677 4516 2777 4572 sibi
2805 4516 2975 4587 plebis
2997 4513 3441 4586 Carthaginiensis
3474 4528 3626 4588 parte
3654 4535 3720 4576 ac

401 4627 576 4686 atque
620 4615 689 4678 ob
735 4615 788 4670 id
823 4630 920 4684 per
960 4611 1338 4668 Mauritaniam
1387 4606 1780 4662 Czesariensetn
1828 4604 2005 4672 sparsi

405 4722 638 4764 numero
670 4707 851 4777 pauci.
905 4705 1079 4761 Causa
1134 4699 1462 4758 secessionis
1490 4713 1678 4754 eorum
1717 4713 1746 4751 a
1792 4697 2008 4752 caeteris

403 4800 704 4858 Donatistis
750 4800 976 4855 incerta.
1017 4796 1266 4867 Reliquis
1305 4802 1465 4850 erant
1507 4792 1754 4848 mitiores
1795 4800 1849 4846 et
1885 4790 2007 4845 Cir-

404 4892 834 4950 cumcellionum
863 4890 1116 4962 gregibus
1149 4902 1256 4942 non
1286 4885 1599 4941 utebantur.
1629 4883 1734 4940 Sed
1761 4883 2000 4954 Rogatus

405 4987 486 5043 de
514 4987 696 5041 nescio
725 4986 920 5057 quibus
962 4999 1183 5038 suorum
1241 4979 1407 5036 rebus
1439 4979 1702 5034 acerrima
1751 4993 2006 5048 persevc-

409 5081 593 5137 rantia
621 5080 784 5136 etiam
811 5078 1010 5136 forensi
1041 5073 1412 5148 disputatimte
1442 5071 1755 5127 conflixisse
1783 5070 2004 5141 legitur.

407 5171 692 5231 Jactabant
720 5172 796 5227 illi
822 5171 1094 5227 Christum
1123 5183 1244 5223 cum
1287 5165 1499 5220 veniret
1541 5163 1607 5218 ad
1645 5163 1909 5233 judicium
1948 5163 2004 5217 in

408 5267 530 5325 suis
555 5276 756 5322 tantum
781 5273 1122 5336 reperturum
1148 5262 1342 5327 ﬁdem;
1380 5269 1543 5330 atque
1580 5259 1652 5313 ita
1687 5274 1792 5312 non
1824 5257 2006 5312 minus

407 5368 572 5418 erant
604 5359 896 5415 Donatistis
920 5373 1081 5430 quam
1110 5353 1408 5412 Catholicis
1440 5351 1637 5407 odiosi.
1673 5349 1807 5406 Cum
1841 5349 2008 5419 igitur

409 5454 687 5524 reliquum
711 5469 908 5524 corpus
935 5452 1339 5508 Donatistarum
1367 5447 1654 5503 factionem
1675 5445 1814 5500 hanc
1832 5459 2006 5516 aeger-

410 5553 552 5607 rime
601 5550 803 5614 ferret,
835 5548 1123 5604 steculares
1156 5543 1429 5616 principes
1475 5542 1530 5596 in
1583 5555 1677 5597 eos
1725 5539 1998 5609 excitavit.

413 5648 521 5702 l’er
549 5643 602 5700 id
635 5653 846 5713 tempus
870 5641 1240 5699 Valentiniano
1267 5648 1322 5694 ct
1354 5636 1578 5708 Valente
1608 5633 2005 5705 imperantibus

411 5737 637 5795 Firmus
663 5735 877 5793 Maurus
924 5733 1140 5792 Nubelis
1183 5729 1515 5788 Mauritania:
1574 5727 1715 5798 regis
1764 5726 1930 5795 ﬁlius,
1960 5726 2006 5782 is

2115 4611 2426 4667 senioribus
2455 4610 2801 4683 quibusdam,
2842 4608 3038 4664 horum
3071 4609 3292 4664 nomine
3323 4611 3531 4665 litteras
3553 4620 3608 4666 et
3633 4613 3715 4668 lc-

2113 4715 2269 4776 gatos
2292 4704 2359 4758 ad
2391 4704 2706 4759 universum
2745 4699 2974 4756 chorum
3005 4699 3384 4770 episcoporum
3416 4701 3582 4769 misit,
3616 4701 3716 4758 de-

2116 4811 2348 4865 precans
2375 4803 2433 4850 ut
2470 4795 2852 4865 Carthaginem
2895 4792 3164 4848 venirent.
3201 4791 3319 4861 ipse
3361 4791 3719 4851 Maximianus

2113 4886 2326 4942 vicinos
2366 4887 2667 4957 Episcopos
2699 4885 2831 4940 adiit
2855 4925 2872 4952 ,
2923 4883 3118 4954 quibus
3165 4883 3529 4941 innocentiam
3563 4902 3718 4943 suam

2115 4981 2394 5050 exposuit,
2425 4978 2720 5034 concitavit
2747 4977 3010 5032 invidiam
3041 4976 3340 5044 Primiano,
3379 4988 3542 5046 atque
3593 4997 3720 5037 eum

2115 5069 2314 5126 deinde
2356 5069 2498 5139 apud
2555 5068 2683 5125 illos
2722 5068 3018 5124 accusavit.
3071 5067 3134 5121 l-li
3183 5083 3310 5139 ergo
3337 5069 3721 5142 Carthaginem

2114 5182 2240 5222 cum
2265 5166 2547 5221 venissent
2575 5179 2802 5220 numero
2828 5165 2919 5228 45,
2954 5162 3263 5218 Primianus
3308 5163 3374 5216 ad
3414 5181 3511 5220 eos
3556 5181 3718 5222 acce-

2115 5257 2251 5314 dere
2282 5257 2476 5323 noluit,
2494 5265 2550 5311 et
2569 5256 2838 5312 conducta
2865 5254 3210 5311 multitudine
3230 5264 3394 5327 atque
3420 5258 3723 5328 impetratis

2117 5353 2446 5409 officialibus
2476 5350 2825 5407 basilicarum
2851 5351 3044 5421 januas
3075 5349 3312 5416 obsedit,
3342 5360 3394 5404 et
3422 5352 3718 5421 cpisc0pis,

2114 5447 2209 5516 qui
2236 5447 2500 5501 adversus
2543 5440 2668 5501 cum
2713 5453 3005 5511 venerant,
3037 5442 3378 5514 ingrediendi
3427 5444 3477 5496 in
3526 5459 3619 5498 eas
3664 5455 3723 5500 et

2116 5539 2314 5611 agendi
2345 5537 2610 5594 solemnia
2627 5536 2940 5594 facultatem
2972 5535 3276 5590 interdixit.
3299 5533 3499 5598 Semel,
3525 5533 3723 5591 iterum

2119 5642 2177 5689 et
2203 5634 2365 5692 tertio
2386 5633 2452 5689 ad
2499 5648 2688 5690 eorum
2719 5630 3015 5690 concilium
3046 5637 3272 5683 vocatus
3303 5625 3493 5680 adesse
3518 5629 3722 5694 renuit,

2123 5727 2320 5786 missos
2351 5743 2382 5784 a
2401 5727 2639 5786 concilio
2669 5727 2812 5785 male
2843 5721 3149 5782 mulctavit.
3185 5720 3242 5776 ln
3269 5733 3389 5776 eum
3436 5716 3728 5782 absentem
