4206 6170
528 317 633 376 807

1707 280 2032 343 HISTORIA
2072 269 2633 335 DONATISTARUM.

3722 247 3830 304 808

531 427 769 502 episcopi
800 438 905 481 non
949 417 1065 475 ausi
1111 420 1242 472 sunt
1266 420 1378 467 tum
1409 404 1671 477 temporis
1695 402 1941 458 ultimum
1982 396 2128 452 ferre
2153 397 2209 458 Α
2235 399 2543 448 tercentum
2572 394 2628 442 et
2651 382 2844 440 decem
2873 376 3152 448 episcopi:
3191 373 3244 428 in
3271 387 3339 429 eo
3370 384 3480 427 non
3509 374 3719 424 tantum
3739 366 3833 421 ab.

1475 501 1478 502 ⁷
1714 497 1723 502 ’
1958 491 1968 502 ⁸
2092 489 2124 502 ⁹-
2302 484 2314 502 ¹
2339 494 2440 502 -ι--λ
2479 497 2498 502 ι
2518 491 2551 502 --
2612 477 2705 502 nul
2741 484 2787 502 ιιι
2823 474 3104 502 ιΙ--ςηηηίιηε
3134 467 3491 502 ﬂavi-nimum
3517 477 3582 502 np
3608 460 3728 502 pina
3745 474 3833 502 nr.

529 489 810 596 iudiciiin].
840 515 929 572 sed
958 508 1182 584 quodam
1205 501 1517 578 prtejudicio
1544 497 1931 555 consuluerunt,
1958 489 2132 560 inquit

534 584 867 684 Augustinus
895 606 933 660 l.
965 618 1021 659 tv
1046 609 1240 658 contra
1264 594 1480 659 Cresc_.,
1513 607 1636 662 cap.
1666 590 1721 655 6,
1749 597 1803 642 ut
1839 584 2128 648 Primiano,

536 707 581 763 si
612 678 780 759 cauae
806 713 915 754 sua:
937 695 1145 769 ﬁderet,
1203 688 1433 763 sequenti
1477 684 1739 741 celebriori
1783 678 2003 735 concilio
2045 691 2130 729 re-

534 792 822 869 spondendi
854 764 1063 859 seseque
1090 782 1345 857 purgandi
1389 779 1764 846 relinqueretur
1791 773 1951 826 locus.
1977 764 2131 835 Quod

533 858 824 951 concilium
862 858 1180 941 Cabarsussi
1212 879 1263 932 in
1311 876 1594 946 Bytazeua
1638 866 1799 938 paulo
1826 871 1951 936 post
1981 858 2135 914 babi-

537 995 650 1042 tum
682 979 850 1053 priori
872 971 1238 1037 numerosius,
1255 979 1309 1025 et
1326 975 1567 1030 centum,
1590 961 1637 1017 si
1656 957 1956 1029 Augustino
1976 951 2134 1017 ﬁdes,

537 1042 945 1148 episcoporum,
972 1081 1099 1123 cum
1136 1074 1316 1118 tamen
1367 1060 1420 1113 in
1460 1052 1860 1123 subscriptione
1889 1042 2136 1115 epistolae

539 1137 702 1241 hujus
747 1160 965 1222 concilii
997 1154 1384 1230 quinquaginta
1426 1150 1589 1205 trium
1618 1137 1998 1199 tantummodo
2035 1149 2137 1189 no-

541 1225 687 1321 mina
718 1264 955 1314 ex~tent.
1000 1225 1059 1307 lin
1089 1225 1157 1306 eo
1185 1225 1420 1303 concilio
1473 1235 1749 1296 sententia
1782 1230 2059 1288 deﬁnitiva
2084 1225 2137 1279 iu

542 1356 879 1415 Primiannm
912 1348 1019 1403 lata
1052 1344 1135 1399 bis
1162 1339 1344 1397 verbis
1371 1354 1383 1390 :
1410 1332 1741 1389 Decreeimus
1767 1339 1942 1381 omnes
1966 1334 2140 1375 sacer-

540 1450 683 1504 dotes
720 1444 832 1510 Dei,
863 1447 1109 1511 prtesente
1139 1433 1341 1506 Spiritu
1368 1435 1565 1490 sancto,
1604 1423 1738 1476 hunc
1760 1414 1995 1473 eumdem
2019 1410 2142 1466 Pri-

550 1540 804 1602 mianunt,
836 1533 1003 1605 primo
1032 1526 1170 1599 quod
1191 1537 1346 1593 super
1366 1519 1503 1575 vivos
1529 1515 1817 1587 episcopos,
1858 1506 1990 1560 alios
2016 1501 2136 1557 sub-

546 1633 745 1707 rogavit
777 1647 796 1686 :
838 1624 976 1698 quod
1020 1624 1241 1678 incestos
1293 1630 1409 1670 cum
1450 1616 1745 1665 sanctorum
1789 1596 2143 1657 communione

542 1690 805 1784 miicuerit
831 1690 1006 1791 :vquod
1039 1711 1361 1788 presbyteros
1405 1704 1474 1759 ad
1503 1696 1911 1773 conjurationem
1953 1690 2142 1752 ineun-

544 1821 665 1875 dum
690 1788 1041 1881 constringere
1083 1799 1383 1877 pertentarit
1413 1812 1432 1851 :
1465 1792 1602 1865 quod
1632 1788 1980 1844 Fortunatam
2003 1792 2145 1881 pres-

547 1913 779 1984 byterum
827 1906 883 1959 in
921 1867 1151 1956 cloactim
1197 1891 1371 1963 fecerit
1425 1885 1582 1951 mitti,
1633 1895 1753 1935 cum
1778 1867 2144 1970 azgrotantibus

548 1959 801 2077 baptismo
828 1993 1211 2053 succurrisset:
1241 1982 1379 2053 quod
1427 1972 1839 2033 communionem
1882 1959 2143 2019 Demetrio

1750 2064 1761 2077 .
1799 2063 1829 2077 ..
1938 2054 2143 2077 cum,

550 2054 850 2172 presbytero
879 2084 1168 2158 denegarit.
1200 2088 1255 2134 ut
1285 2084 1484 2149 cogeret
1514 2070 1680 2141 ﬁlium
1710 2063 1949 2172 abdicare
1970 2074 1987 2111 :
2011 2054 2147 2158 quod

706 2147 985 2258 {presbyten
1007 2147 1313 2248 objurgatus
1341 2147 1429 2231 sit,
1462 2162 1598 2234 quod
1629 2158 1897 2258 episcopos
1927 2147 2147 2252 hospitio

549 2241 1046 2351 suscepissetiquod
1063 2241 1404 2336 supradictus
1437 2255 1741 2311 Primianus
1767 2241 2148 2351 multitudinem

549 2329 766 2437 miserit,
793 2329 1349 2437 qute'Christianorum
1380 2345 1831 2416 domoﬁeverteret
1855 2352 1873 2391 :
1903 2331 2040 2405 quod
2061 2329 2150 2384 ob—

549 2463 676 2522 sessi
702 2428 816 2517 sint.
832 2452 1062 2528 episcopi
1085 2446 1243 2506 simul
1265 2454 1313 2499 et
1340 2442 1536 2504 clerici,
1557 2446 1603 2492 et
1627 2442 1803 2505 postea
1824 2429 1887 2483 ab
1920 2428 2032 2497 ejus
2066 2440 2151 2476 sa-

548 2518 797 2617 lellitibus
819 2518 1234 2621 ldpidati:quod
1261 2539 1315 2593 in
1344 2533 1558 2590 basilica
1594 2526 1713 2584 ctesi
1754 2524 1857 2579 sint
1903 2518 2149 2581 seniores,

548 2612 689 2722 quod
717 2612 927 2715 indigne
969 2612 1163 2709 [errent
1206 2625 1596 2686 Claudianistas
1625 2618 1694 2673 ad
1742 2612 2153 2671 communionem

549 2709 756 2796 admitti
778 2752 797 2791 :
826 2709 962 2806 quod
992 2730 1287 2784 innocentes
1330 2718 1543 2774 clericos
1584 2709 1839 2785 putauerit
1885 2720 1993 2761 esse
2031 2717 2155 2756 con-

549 2796 899 2888 demnandos:
916 2821 1054 2895 quod
1073 2837 1126 2875 se
1153 2816 1298 2873 nobis
1320 2808 1634 2867 audiendum
1656 2799 1875 2858 noluerit
1897 2796 2152 2858 exhibere,

499 2961 505 2966 -
557 2941 675 2980 cum
704 2917 1033 2975 basilicarum
1056 2914 1194 2983 [ores
1220 2922 1284 2960 ne
1313 2898 1718 2974 ingrederentur,
1747 2887 2077 2945 multitudine
2106 2891 2157 2939 et

552 3014 730 3086 ofﬁcio
755 2979 1099 3066 intercluserit
1128 3017 1146 3056 :
1168 2997 1306 3071 quod
1338 2994 1533 3068 legatos
1559 3005 1593 3043 a
1614 2985 1780 3051 nobis,
1798 2982 1867 3086 ad
1893 2997 1947 3035 se
1973 2979 2156 3086 missos

548 3070 802 3179 iniuriose
842 3089 1271 3171 rejecerit:qnod
1301 3089 1413 3143 loca
1454 3082 1619 3140 multa
1645 3081 1691 3133 vi
1738 3075 1925 3147 primo,
1971 3070 2157 3126 dehinc

2234 484 2445 541 solutus
2471 491 2580 547 est,
2610 477 2707 536 sed
2737 484 2794 533 et
2820 474 3108 529 damnatus
3133 467 3493 523 Maximianus
3516 477 3582 518 ac
3608 460 3728 531 eius
3745 474 3833 514 or-

2234 579 2515 634 diuatores
2560 587 2681 629 cum
2723 567 2942 624 clericis
2982 560 3244 619 Ecclesia:
3266 553 3713 627 (iarthaginensis
3741 551 3832 623 qui

2236 668 2569 727 ordinationi
2608 667 2728 734 ejus
2773 658 3153 717 interfuerant.
3225 652 3454 710 (laeteris
3510 650 3601 720 qui
3653 657 3832 718 partes

2238 758 2547 817 Maximiani
2570 756 2742 813 secuti
2764 763 2946 819 erant,
2964 760 3178 820 tempus
3197 747 3382 803 datum
3414 758 3587 815 usque
3602 741 3669 796 ad
3690 741 3834 796 diem

2238 870 2334 910 vui
2363 853 2474 909 kal.
2514 846 2755 906 Januarii
2786 888 2802 913 ,
2829 847 2967 900 intra
3010 842 3156 912 quod
3186 841 3232 895 si
3280 837 3570 894 rediissent
3614 832 3749 889 nihil
3779 833 3831 888 in

2240 960 2337 1002 eos
2361 942 2654 1004 statuitur;
2687 939 2768 994 sin
2804 950 2938 991 vero
2969 933 3019 988 id
3047 939 3305 1003 prtestare
3333 924 3692 998 neglexerint,
3712 939 3840 979 sen-

2243 1040 2410 1097 tentia
2442 1039 2497 1092 in
2528 1050 2624 1092 eos
2650 1034 2848 1095 fertur,
2877 1030 2951 1084 ita
2984 1036 3042 1082 nt
3084 1043 3191 1082 non
3238 1024 3447 1096 possint
3479 1030 3598 1093 post
3622 1019 3833 1090 pratstic

2243 1144 2418 1189 tutum
2449 1130 2593 1187 diem
2623 1126 2725 1182 nisi
2760 1140 2855 1195 per
2885 1120 3255 1191 ptenitentiam
3279 1116 3489 1173 admitti
3521 1129 3584 1170 ac
3608 1111 3836 1183 proinde

2242 1226 2461 1281 amissis
2481 1220 2780 1279 honoribus
2808 1218 2943 1273 suis.
2985 1215 3155 1283 Hujus
3179 1211 3483 1273 sententiae,
3512 1222 3671 1279 quam
3698 1206 3837 1261 into-

2242 1333 2395 1388 gram
2438 1315 2613 1370 ferme
2641 1328 2706 1368 ex
2747 1310 2910 1364 variis
2954 1307 3012 1362 S.
3048 1304 3334 1376 Augustini
3381 1301 3513 1357 locis
3555 1299 3836 1356 retulimus

2244 1410 2388 1465 inter
2414 1416 2596 1463 vetera
2616 1408 2988 1467 monumenta,
3021 1408 3209 1453 auctor
3248 1395 3351 1449 iuit
3397 1394 3666 1449 Emeritos
3715 1391 3836 1459 epi-

2245 1515 2445 1570 scopus
2457 1494 2812 1553 Caesariensis
2836 1510 2849 1545 :
2874 1506 3131 1561 quaecum
3165 1488 3217 1543 in
3241 1485 3475 1543 concilio
3498 1481 3837 1540 decernenda

2245 1593 2470 1649 recitata
2507 1601 2612 1657 est,
2666 1604 2763 1644 ore
2810 1584 3089 1641 ltetissimo
3131 1597 3326 1638 omnes
3372 1580 3834 1642 acclamaveruut,

2248 1686 2442 1758 partim
2471 1683 2639 1756 gavisi
2667 1681 2809 1753 quod
2842 1692 2950 1734 tam
2976 1689 3117 1735 esset
3147 1676 3373 1742 diserta,
3398 1674 3593 1745 partim
3614 1670 3758 1743 quod
3784 1670 3835 1724 in

2174 1789 2313 1849 Bea
2372 1775 2741 1834 schismaticis
2803 1773 2915 1829 suis
2972 1779 3079 1826 tam
3132 1768 3416 1839 insigniter
3465 1763 3835 1821 insultassent.

2248 1878 2544 1948 Postquam
2570 1888 2698 1930 vero
2725 1873 2967 1926 onmium
3001 1882 3270 1924 consensu
3290 1863 3557 1936 publicata
3579 1871 3684 1925 est,
3717 1874 3838 1915 Ina-

2246 1970 2367 2041 guis
2389 1967 2537 2022 illico
2575 1965 2772 2020 animis
2800 1962 3089 2016 damnatos
3127 1958 3375 2029 persequi
3413 1962 3715 2024 cmpernnt.
3759 1949 3839 2005 Ad

2256 2060 2541 2115 basilicam
2581 2055 2887 2112 Maximiani
2922 2051 3191 2115 conversi,
3216 2065 3375 2121 quam
3403 2064 3510 2103 non
3539 2045 3837 2109 basilicam,

2246 2153 2343 2209 sed
2366 2151 2678 2221 speluncam
2703 2147 2990 2212 vocabant,
3006 2144 3276 2201 concitato
3292 2157 3456 2214 grege
3475 2155 3574 2195 suo
3596 2147 3842 2194 everten-

2250 2243 2374 2299 dam
2396 2251 2685 2305 curarunt;
2714 2254 2888 2309 neque
2914 2237 3015 2291 hoc
3037 2241 3324 2292 contentus
3349 2232 3652 2288 Primianus
3679 2228 3844 2283 Maxi-

2251 2338 2491 2393 mianum
2524 2336 2756 2407 propriis
2781 2331 2988 2389 aedibus
3009 2331 3258 2387 mandata
3292 2329 3689 2400 procuratione,
3713 2324 3843 2377 utin

2253 2433 2669 2490 exorcisterium
2701 2429 3143 2485 Ecclesiasticum
3175 2432 3596 2481 converteretur.
3635 2419 3848 2475 favente

2254 2526 2360 2583 sibi
2386 2525 2676 2582 sacerdote
2705 2523 2883 2593 legato
2904 2519 3247 2589 Carthaginis
3279 2516 3601 2573 deturbavit.
3627 2512 3850 2568 Talibus

2256 2620 2425 2675 initiis
2450 2618 2633 2689 plures
2661 2634 2691 2672 e
2717 2614 3130 2671 Maximianistis
3157 2612 3331 2667 territi
3366 2612 3503 2665 intra
3542 2608 3683 2663 diem
3713 2605 3850 2660 dila-

2255 2710 2421 2766 tionis
2450 2709 2693 2781 pristinis
2727 2722 2789 2763 se
2827 2706 2992 2762 sociis
3020 2703 3398 2769 reddiderunt,
3419 2712 3473 2756 et
3497 2702 3700 2770 recepti
3728 2707 3855 2753 sunt

2257 2804 2325 2861 ah
2347 2804 2414 2859 iis
2437 2810 2710 2873 tamquam
2732 2799 2942 2871 purgati
2968 2808 3131 2869 atque
3170 2798 3506 2852 innocentes.
3536 2792 3643 2848 Alii
3669 2807 3699 2847 c
3718 2806 3820 2847 con
3837 2821 3856 2831 ο

2260 2908 2339 2953 tra
2372 2898 2423 2951 in
2459 2898 2736 2966 proposito
2760 2894 3033 2948 obstinate
3056 2898 3493 2963 permanserunt,
3516 2902 3691 2959 neque
3712 2896 3771 2941 ut
3787 2883 3855 2941 ad

2258 2988 2591 3046 Primianunt
2626 2986 2869 3043 redirent
2895 2983 3092 3039 adduci
3123 2992 3434 3051 potuerunt.
3472 2981 3610 3035 ltum
3651 2980 3858 3035 idcirco

2260 3080 2325 3136 ad
2361 3079 2716 3150 proconsules
2737 3078 2849 3146 qui,
2884 3076 3011 3131 licet
3042 3094 3068 3128 a
3092 3054 3857 3143 Christianisimperatoribus

548 3163 856 3257 auctoritate
889 3163 1179 3262 judiciaria
1229 3176 1596 3253 usurpaverit:
1626 3164 2154 3262 prteter‘aliaillicita
2184 3175 2230 3239 ρ
2259 3173 2564 3238 consum“,
2593 3178 2751 3226 cram
2774 3169 3129 3224 nihilominus
3153 3166 3393 3225 Ethnici.
3441 3165 3601 3236 Apud
3643 3163 3746 3219 hos
3775 3165 3860 3217 in-

552 3293 667 3364 ejus
694 3257 943 3348 admissa,
967 3295 1080 3353 quae
1107 3293 1200 3348 pro
1228 3275 1491 3329 honestate
1520 3264 1641 3337 styli
1668 3260 1830 3316 nostri
1851 3257 2158 3319 siluimus,a

556 3351 866 3441 sacerdotali
891 3351 1048 3432 choro
1078 3378 1324 3446 perpetuo
1348 3381 1457 3422 esse
1485 3362 1789 3417 damnatum
1812 3372 1830 3410 :
1859 3371 1920 3409 ne
1950 3368 2008 3419 eo
2037 3351 2155 3422 pal-

556 3484 699 3548 pato,
730 3472 823 3526 Dei
851 3466 1105 3529 Ecclesia,
1149 3443 1238 3515 aut
1279 3455 1604 3527 contagione,
1633 3457 1724 3503 aut
1748 3448 1920 3518 aliquo
1950 3443 2160 3498 crimine

558 3533 866 3624 maculatur.
897 3556 1106 3614 Placuit
1148 3567 1274 3607 sane
1298 3549 1443 3604 nobis
1464 3556 1513 3601 et
1533 3542 1756 3614 Spiritui
1787 3548 1990 3603 sancto,
2022 3533 2159 3606 quod

558 3669 754 3729 temws
802 3651 970 3710 tardis
1013 3647 1082 3704 ad
1113 3638 1507 3702 convertendum
1554 3644 1837 3691 reservetur
1879 3630 1972 3686 sub
1998 3646 2078 3695 eo,
2106 3636 2161 3682 ut

556 3723 861 3826 quicumque
888 3742 1315 3802 consacerdotum
1358 3734 1438 3791 vel
1483 3732 1789 3787 clericorum
1816 3742 1926 3782 sua:
1977 3723 2162 3779 salutis

558 3816 900 3909 immemores,
932 3856 963 3893 a
990 3836 1074 3892 die
1102 3828 1450 3889 damnationis
1475 3821 1766 3894 supradicti
1796 3817 2074 3884 Primiani,
2106 3816 2162 3870 id

559 3950 673 3998 esto
686 3938 771 3993 die
785 3951 880 3991 vui
891 3930 1229 3989 kalendarum
1242 3922 1525 3986 Iuliarum,
1544 3931 1702 3986 usque
1713 3912 1781 3967 ad
1794 3914 1930 3967 diem
1956 3911 2061 3984 ιϐ
2074 3924 2163 3965 vm

560 4032 896 4088 kalendarum
933 4020 1330 4081 Januariarum,
1358 4014 1526 4067 minus
1555 4026 1588 4063 a
1637 4005 1895 4061 Primiani
1933 4001 2164 4057 damnati

563 4123 920 4183 communione
945 4112 1268 4177 recesserint,
1309 4105 1402 4163 tali
1428 4103 1678 4160 sententia
1704 4098 2123 4168 constringuntur
2142 4111 2161 4149 :

559 4218 710 4275 Laici
729 4229 926 4286 quoque
952 4209 1053 4265 nisi
1073 4224 1128 4262 se
1146 4222 1178 4260 ιι
1198 4199 1500 4274 supradicto
1520 4197 1603 4251 die
1624 4191 1974 4248 damnationis
2001 4188 2162 4253 illius,

560 4314 701 4368 intra
894 4300 1116 4358 Pascha:
1161 4299 1371 4368 futurae,
1420 4289 1483 4344 ab
1525 4289 1639 4355 eius
1670 4284 1930 4339 consortio
1957 4296 2167 4352 separa-

559 4404 721 4461 cerint
749 4441 763 4465 ,
806 4413 911 4454 non
962 4407 1111 4466 posse
1163 4399 1469 4460 quemqu
1505 4380 1607 4435 nisi
1657 4392 1747 4449 per
1796 4373 2164 4448 pwnitentiam,

561 4493 813 4565 siquidem
880 4463 1263 4547 meminerint,
1335 4473 1577 4531 Ecclesia:
1653 4467 1953 4540 reformari.
2027 4463 2168 4519 Hinc

2262 3266 2484 3321 ductum
2515 3274 2599 3320 est
2626 3265 2906 3320 decretum
2937 3261 3255 3333 Bagaiense,
3294 3260 3542 3330 allegatus
3584 3258 3731 3328 leges
3764 3254 3864 3311 ad-

2262 3377 2452 3418 versus
2497 3362 2824 3428 haereticos,
2876 3360 3073 3432 quibus
3115 3358 3447 3430 jubebantur
3486 3355 3723 3412 basilicis
3769 3370 3865 3409 ex-

2262 3454 2388 3523 pelli
2416 3471 2427 3506 :
2458 3453 2765 3522 impetrata:
2810 3452 2879 3507 ab
2907 3452 2975 3506 iis
3000 3452 3271 3522 jussiones
3303 3450 3504 3520 quibus
3528 3446 3864 3518 exequendis

2262 3543 2568 3600 oﬂiciorum
2595 3554 2649 3599 et
2670 3543 2951 3599 civitatum
2975 3542 3172 3597 auxilia
3205 3541 3496 3611 postulata,
3518 3548 3577 3595 ut
3595 3539 3683 3610 qui
3706 3546 3866 3593 erant

2261 3635 2506 3692 damnati
2559 3636 2612 3690 in
2661 3633 2892 3690 concilio
2921 3633 3200 3704 Bagaiensi
3235 3628 3440 3702 suaque
3468 3631 3685 3701 propria
3730 3644 3867 3683 con-

2261 3728 2531 3784 venticula
2577 3726 3014 3798 frequentabant,
3050 3725 3167 3782 loca
3203 3736 3258 3780 et
3291 3724 3545 3779 basilicas
3583 3736 3717 3792 quas
3755 3736 3864 3777 non

2265 3822 2596 3886 invaserant,
2626 3819 2724 3876 sed
2759 3834 2881 3875 cum
2913 3818 3129 3889 populis
3172 3816 3279 3874 sibi
3312 3815 3717 3872 cohaarentibus
3745 3831 3870 3886 per—

2264 3921 2426 3985 petua
2448 3912 2799 3985 possessione
2835 3911 3164 3974 retinebant,
3199 3926 3266 3965 ex
3298 3898 3419 3964 illis.
3432 3908 3863 3980 expellerentur.

2269 4005 2428 4060 llisce
2454 4004 2719 4060 molestiis
2742 4002 2964 4072 quidam
2992 4002 3147 4058 facile
3170 4014 3453 4058 cesserunt
3485 4016 3660 4071 neque
3699 4003 3870 4056 multa

2268 4099 2412 4169 passi
2442 4105 2602 4164 sunt;
2635 4098 2725 4168 qui
2755 4109 2938 4153 autem
2968 4096 3221 4152 resistere
3244 4104 3607 4162 tentaverunt,
3631 4097 3876 4166 graviter

2267 4190 2486 4256 alﬂicti;
2513 4190 2607 4260 qui
2630 4189 2943 4268 superiores
2963 4187 3170 4244 viribus
3210 4202 3320 4243 non
3372 4189 3523 4244 tuere
3544 4229 3559 4255 ,
3586 4188 3712 4242 victi
3744 4197 3878 4261 sunt

2268 4292 2324 4339 et
2343 4282 2575 4353 expulsi,
2601 4281 2799 4352 aliique
2822 4263 2883 4336 in
2906 4296 3093 4337 eorum
3124 4281 3300 4336 locutn
3327 4279 3583 4335 ordinati.
3846 4258 3849 4261 I

2343 4374 2797 4430 Primianistarum
2845 4373 2980 4428 actio
3009 4374 3255 4428 adversus
3283 4372 3524 4430 Salvium
3565 4371 3881 4426 Membresi-

2271 4478 2467 4533 tanum,
2489 4464 2810 4520 Felicianum
2832 4463 3174 4519 Mustitanum
3194 4473 3244 4517 et
3266 4462 3636 4518 Prtetextatum
3656 4463 3846 4517 Assuri

562 4555 824 4645 discimus
858 4575 1149 4636 concilium
1201 4572 1373 4626 ltucce
1419 4565 1662 4620 habitum
1711 4559 1886 4614 fuisse
1946 4555 2037 4612 die
2089 4555 2153 4610 24

2273 4570 2472 4613 tonum.
2499 4586 2570 4601 --
2601 4557 2658 4613 lu
2686 4556 3042 4613 Ordinatores
3073 4556 3381 4611 Maximiani
3412 4556 3504 4625 qui
3548 4557 3878 4610 nominatim

561 4676 708 4735 Junii
763 4671 891 4729 anni
946 4667 1082 4733 595,
1146 4678 1270 4719 cum
1327 4656 1622 4715 concilium
1680 4651 2071 4720 Bagaitanum,
2106 4645 2161 4701 in

562 4784 672 4842 quo
701 4765 861 4838 hujus
888 4769 1008 4818 acta
1041 4756 1276 4813 rescissa
1317 4760 1466 4842 sunt.
1519 4742 1776 4800 consules
1805 4740 2001 4795 habeat
2038 4739 2164 4794 anni

561 4826 693 4921 3'95.
728 4826 950 4928 Deiecto
983 4847 1259 4906 Primiauo
1283 4826 1452 4898 iidem
1494 4834 1739 4907 episcopi
1769 4832 2165 4888 Maximianum

564 4923 1050 5022 Carthagiuensem
1096 4938 1413 5009 episcopum
1464 4930 1518 4985 in
1549 4928 1668 4999 ejus
1696 4926 1871 4981 locum
1911 4923 2165 4996 designa-

565 5057 713 5114 ruut,
740 5020 832 5116 qui
859 5039 1017 5113 paulo
1047 5046 1222 5108 posta
1253 5027 1544 5086 duodecim
1585 5022 1858 5096 episcopis
1887 5020 2168 5077 ordinatus

565 5152 653 5200 est
676 5114 866 5194 contra
912 5129 1245 5187 Primianum
1295 5122 1438 5178 sicut
1465 5117 1598 5173 olim
1638 5114 1931 5186 Majorinus
1975 5119 2168 5168 contra

569 5232 942 5293 Caecilianum.

642 5323 930 5381 Concilium
952 5314 1240 5391 Bagaiense
1258 5319 1439 5366 contra
1466 5305 1847 5362 Maximianum
1864 5312 1910 5355 et
1937 5304 2054 5374 ejus
2079 5314 2166 5353 as-

569 5421 752 5478 seclas.
780 5413 1234 5470 Primianistarum
1250 5406 1304 5461 in
1323 5398 1743 5458 Maximianist
1767 5393 2072 5467 persecutio.
2101 5418 2173 5431 ——

574 5513 848 5573 Adversus
865 5509 1094 5564 istorum
1115 5508 1347 5557 conatus
1367 5504 1426 5550 ut
1437 5508 1559 5549 sese
1578 5498 1820 5547 tueretur
1842 5486 2169 5546 Primianus,

572 5605 864 5667 concilium
894 5593 1243 5656 numerosius
1264 5585 1567 5657 cogendum
1597 5597 1722 5638 esse
1757 5595 1863 5635 non
1885 5578 2172 5647 dubitavit,

571 5709 623 5755 et
667 5699 722 5754 in
755 5709 822 5755 eo
862 5684 1171 5747 Maximiani
1214 5693 1437 5735 causam
1488 5672 1779 5747 agendam.
1813 5670 2064 5725 Habitum
2092 5679 2177 5725 est

572 5789 737 5865 Bagai
777 5788 832 5845 in
858 5775 1108 5844 Numidia
1142 5775 1212 5833 24
1241 5764 1562 5843 ύίοἌιηὴιὶδ
1604 5766 1734 5825 anui
1762 5765 1889 5824 59L
1939 5763 2176 5823 Atiluerc

2270 4651 2515 4707 damnati
2540 4649 2757 4707 fuerant
2788 4649 2839 4704 in
2870 4648 3105 4705 concilio
3134 4648 3429 4719 Bagaitano
3463 4648 3739 4719 prmeipue
3764 4661 3882 4702 sa:-

2270 4745 2476 4810 vitum;
2518 4758 2583 4799 ac
2628 4743 2931 4813 praesertim
2987 4741 3042 4798 in
3100 4741 3343 4799 Salvium
3391 4740 3880 4797 Membresitanum

2270 4838 2610 4907 episcopum,
2631 4836 2682 4889 in
2711 4836 2868 4905 cujus
2889 4834 3069 4890 locum
3100 4850 3244 4889 anno
3271 4834 3392 4904 ipso
3413 4833 3540 4890 59‘.
3567 4832 3882 4888 Restitutus

2272 4927 2451 4983 fuerat
2479 4924 2840 4981 Primianistis
2866 4924 3165 4980 Ordinatus.
3195 4924 3385 4979 Delata
3412 4938 3573 4980 causa
3602 4924 3670 4979 ad
3697 4923 3881 4981 Hero-

2274 5017 2401 5073 dem
2444 5018 2828 5088 proconsulem
2876 5015 3219 5071 Nummasius
3272 5014 3526 5072 Restituti
3572 5015 3881 5072 advocatus

2278 5110 2455 5182 petiit,
2498 5116 2559 5164 ut
2592 5108 2853 5164 Primiani
2883 5108 3255 5164 communioni
3302 5108 3719 5165 Membresitana
3764 5107 3882 5163 Ec-

2276 5202 2444 5258 clesia
2476 5201 2803 5266 traderetur,
2841 5200 3084 5271 allegans
3107 5199 3353 5256 Salvium
3385 5216 3417 5257 e
3443 5199 3751 5256 Maximiani
3778 5216 3880 5255 or-

2278 5294 2619 5350 dinatoribus
2673 5307 2838 5348 unum
2892 5292 3208 5364 Bagaiensis
3250 5293 3482 5364 plenarii
3528 5293 3744 5353 concilii
3780 5292 3883 5348 de-

2281 5398 2432 5444 creto
2462 5402 2584 5443 esse
2607 5386 2945 5453 damnatum,
2968 5386 3216 5455 adeoque
3241 5393 3301 5442 ut
3337 5386 3650 5451 haereticum
3677 5386 3886 5441 cedere

2281 5481 2483 5537 debere
2508 5478 2778 5535 Restituto
2804 5478 2923 5534 loca
2946 5479 3128 5534 omnia
3150 5494 3273 5550 quae
3297 5489 3570 5550 tamquam
3586 5478 3889 5548 episcopus

2286 5575 2523 5638 tenebat,
2553 5582 2648 5628 aut
2669 5583 2818 5630 certe
2855 5573 2921 5628 ad
2954 5573 3281 5628 Primianum
3319 5572 3519 5629 redire.
3562 5570 3640 5627 lta
3665 5569 3893 5640 judica-

2284 5676 2396 5721 tum
2425 5681 2454 5720 a
2487 5665 2839 5719 Proconsulc.
2874 5663 3215 5721 Felicianutn
3262 5679 3476 5735 quoque
3528 5662 3892 5717 Mustitanum

2287 5776 2349 5817 ac
2388 5760 2779 5816 l’rantextatutn
2819 5757 3199 5817 Assuritanutn
3242 5758 3334 5828 qui
3377 5755 3577 5829 pariter
3609 5764 3767 5813 erant
3807 5769 3900 5810 ex
