4206 6170
385 225 496 284 800

1585 215 1911 275 HISTORIA
1953 185 2578 274 DONATISTARUM.

3683 252 3787 308 810

387 338 792 399 ordinatoribus
834 335 1159 392 Maximiani
1218 350 1403 391 coram
1445 335 1634 391 eodem
1679 329 2018 404 proconsule
2060 332 2103 385 Α
2145 333 2516 394 proconsules
2571 332 2622 387 in
2689 330 2816 387 foro
2876 351 2974 404 per
3029 343 3316 408 advocatos
3369 356 3631 428 litigatum
3679 376 3762 420 est

388 440 713 489 accusarunt
738 443 963 484 causam
993 436 1196 498 agente
1223 427 1484 482 adversus
1513 429 1743 496 primum
1761 424 2016 485 Titiano,

390 526 480 584 die
530 525 568 580 2
609 521 782 580 Martii
831 519 964 575 anni
992 519 1126 586 595,
1170 530 1224 576 et
1269 519 1456 574 eadem
1487 534 1608 588 qua:
1656 511 2026 572 Nummasius

390 622 608 678 dixerat.
633 619 685 674 iu
716 613 957 674 Salvium
991 614 1295 684 allegante.
1322 613 1624 668 Proconsul
1647 609 1896 666 Herodes
1917 603 2025 677 qui

383 716 496 786 jam
529 712 584 767 in
615 710 856 766 Salvium
888 714 944 762 et
990 705 1389 762 Praitextatum
1416 705 1745 760 sententiam
1774 700 2022 760 dixerat,

387 807 728 863 Felicianum
766 815 984 872 quoque
1024 799 1332 866 damnavit,
1363 798 1634 867 iussitque
1676 808 1736 850 ut
1767 791 2026 863 explosis

385 896 803 957 Maximianistis
840 893 1104 950 Ecclesize
1129 890 1494 947 Primianistis
1520 888 1799 957 episcOpis
1840 884 2029 938 trade-

391 1003 609 1050 rentur.
635 986 1000 1045 Nihilominus
1020 993 1206 1040 tamen
1237 983 1542 1039 Felicianus
1563 989 1620 1034 et
1650 979 2030 1034 Praetextatus

394 1085 677 1142 Ecclesias
701 1097 822 1138 suas
848 1080 1222 1143 retinuerunt,
1247 1089 1570 1146 quamquam
1594 1087 1625 1126 a
1653 1068 2030 1125 Primianistis

396 1181 753 1238 Assuritanus
779 1176 1069 1246 episcopus
1112 1172 1401 1226 ordinatus
1437 1176 1585 1223 esset
1614 1166 1869 1235 Rogatus
1894 1204 1910 1228 ,
1942 1166 2027 1217 cui

400 1285 588 1346 positea
635 1270 704 1324 ad
732 1265 1069 1324 Catholicam
1101 1276 1372 1316 conversa
1405 1257 1808 1314 Donatistarum
1860 1268 2028 1308 exer-

401 1368 564 1430 citus,
599 1363 707 1418 hoc
744 1369 825 1416 est
855 1354 1376 1415 Circumcellionum
1426 1363 1622 1421 agmen
1649 1389 1664 1412 ,
1694 1347 1951 1412 linguam
1978 1355 2034 1400 ct

405 1474 599 1516 manus
627 1453 886 1527 pracidit.
943 1450 1168 1506 Frustra
1217 1445 1487 1501 adversus
1517 1457 1617 1497 eos
1653 1439 2031 1496 Primianista:

403 1568 551 1610 anno
577 1548 826 1621 sequenti
851 1543 1202 1601 Theodorum
1229 1535 1623 1609 proconsulem
1643 1544 1696 1588 et
1727 1531 2028 1602 magistra-

407 1655 496 1702 tus
525 1643 792 1698 adicrunt.
821 1637 1137 1692 Manserunt
1178 1631 1230 1686 in
1263 1629 1380 1685 suis
1408 1626 1638 1683 sedibus
1667 1623 1842 1678 donec
1874 1623 2032 1677 malis

2243 419 2474 478 Gildonis
2529 423 2806 495 tyrannis.
2841 455 2917 466 ——
2941 429 3150 493 Mortuo
3180 419 3481 502 Theodosio
3532 466 3641 506 xvtt
3685 419 3780 507 ka-

2140 506 2308 566 lend.
2344 514 2614 571 Februarii
2640 517 2787 569 anni
2827 519 2960 584 595,
2994 539 3115 595 post
3143 532 3344 603 aliquot
3373 554 3586 596 menses
3616 545 3773 599 Gildo

2138 614 2430 700 comeset
2482 609 2780 677 utriusque
2841 612 3054 673 militiae
3091 625 3141 674 in
3192 625 3369 682 Africa
3418 633 3672 700 magister
3701 635 3768 688 ab

2134 708 2298 792 anno
2323 698 2445 767 586,
2473 700 2850 773 tyrannidem
2901 722 3121 780 occupat
3163 725 3215 769 et
3267 698 3528 776 universa
3560 726 3764 792 potitur

2133 788 2343 884 Africa.
2371 795 2522 865 Apud
2556 796 2710 850 hunc
2739 793 3032 857 hominem
3058 804 3341 862 barbarum
3390 822 3445 866 et
3493 788 3756 884 paganum

2133 882 2286 940 inter
2309 887 2444 942 alios
2474 888 2801 943 Donatistas
2831 896 3002 961 gratia
3031 899 3254 953 multum
3287 903 3499 959 valebat
3525 882 3752 976 optatus

2135 976 2598 1050 Thamugadensis
2618 981 2728 1053 l7
2752 984 3110 1054 episcOpusiu
3132 990 3380 1049 Numidia
3396 997 3750 1054 Gildunianus

2133 1075 2359 1131 satelles
2395 1076 2571 1132 dictus
2599 1077 2746 1146 quod
2790 1078 2862 1135 de
2885 1082 3130 1138 Gildonis
3167 1089 3426 1143 satellitio
3457 1104 3618 1147 esset.
3651 1093 3749 1147 llic

2135 1165 2300 1221 homo
2327 1167 2471 1222 ferus
2500 1180 2554 1223 et
2578 1168 2800 1225 Gildoni
2833 1188 2938 1226 non
2968 1175 3246 1232 dissimilis
3279 1196 3388 1235 non
3421 1192 3623 1238 tantum
3648 1185 3748 1238 Ca-

2135 1260 2353 1315 tholicis
2396 1262 2490 1316 sed
2531 1274 2585 1316 et
2619 1264 2875 1320 omnibus
2920 1270 3101 1336 gravis
3140 1270 3261 1323 fuit.
3295 1275 3498 1329 Solitus
3530 1279 3744 1346 agmine

2134 1353 2350 1407 militari
2383 1355 2673 1410 comitatus
2716 1358 2993 1424 incedere,
3027 1361 3218 1416 viduas
3243 1366 3609 1435 opprimebat,
3640 1385 3741 1437 pu-

2135 1445 2294 1515 pillos
2340 1445 2495 1500 bonis
2523 1449 2845 1515 evertebat,
2887 1466 3084 1506 uxores
3116 1468 3145 1506 a
3185 1457 3396 1512 maritis
3445 1459 3742 1528 evellebat,

2133 1539 2386 1594 dominos
2441 1554 2529 1596 res
2571 1555 2698 1597 suas
2726 1544 2964 1600 vendere
3003 1548 3253 1618 cogebat,
3286 1561 3345 1605 et
3393 1553 3738 1609 venditorum

2134 1632 2368 1701 pretium
2399 1645 2521 1686 cum
2550 1632 2684 1702 ipsis
2723 1634 3020 1701 dividebat,
3054 1653 3162 1693 uno
3192 1642 3384 1708 verbo,
3416 1644 3492 1711 vi,
3535 1646 3741 1715 rapinis

407 1737 560 1799 victi,
591 1748 716 1788 cum
745 1731 1011 1786 Primiano
1040 1728 1093 1780 itt
1119 1725 1439 1779 societatem
1471 1718 1778 1774 redierunt.
1808 1716 1881 1771 At
1904 1715 2026 1770 Sal-
2059 1727 2106 1786 Β
2131 1739 2194 1779 ac
2217 1723 2496 1780 fraudibus
2523 1726 2576 1779 ίη
2607 1741 2798 1782 omnes
2821 1731 3193 1799 grassabatur.
3228 1733 3323 1788 "is
3354 1737 3598 1792 moribus
3619 1753 3744 1794 cum

410 1830 536 1884 vius
578 1822 1025 1882 Membrcsitanus
1055 1819 1249 1872 iterum
1297 1826 1482 1867 coram
1537 1809 1756 1864 Serano
1791 1822 2026 1876 procon-

412 1921 538 1978 sule
585 1917 780 1973 citatus
807 1915 858 1968 in
888 1912 1095 1983 judicio
1122 1921 1346 1964 causam
1379 1901 1658 1965 defendit;
1696 1917 1756 1955 ea
1792 1901 1931 1956 forte
1969 1900 2030 1954 fi-

412 2012 572 2069 ducia
598 2051 615 2077 ,
662 2008 834 2078 inquit
875 2005 1207 2076 Augustinus
1236 2041 1249 2065 ,
1295 1995 1440 2067 quod
1472 1996 1640 2048 sciret
1689 1994 2030 2049 adversarios

413 2118 549 2161 suos
587 2101 795 2172 legibus
841 2106 1029 2153 contra
1068 2093 1361 2148 hazreticos
1401 2086 1766 2158 promulgatis
1808 2090 1883 2140 uti
1921 2099 2026 2139 non

415 2209 582 2267 posse
609 2180 751 2261 apud
776 2189 1015 2260 judicent
1059 2184 1166 2239 nisi
1215 2181 1384 2236 etiam
1439 2175 1651 2245 seipsos
1704 2175 1783 2230 eis
1825 2176 2032 2245 pariter

417 2287 722 2346 irretirent.

493 2380 566 2436 At
610 2377 748 2449 apud
795 2376 1060 2432 Seranum
1113 2364 1539 2430 Proconsulem,
1582 2363 1668 2416 vel
1708 2362 1878 2433 gratia
1913 2361 2032 2430 plus

420 2471 613 2537 valuit,
635 2469 718 2524 vel
751 2469 919 2539 magis
943 2464 1086 2519 forte
1111 2459 1417 2530 Bagaiensc
1434 2453 1728 2510 concilium
1761 2451 1904 2522 quod
1925 2450 2033 2505 illic

421 2567 588 2622 etiam
633 2569 820 2616 contra
865 2555 1120 2614 eumdem
1165 2551 1412 2606 Salvium
1464 2546 1752 2601 recitatum
1805 2553 1908 2598 est.
1943 2543 2034 2598 Sic

421 2657 569 2714 enim
629 2653 983 2708 interlocutus
1027 2655 1114 2703 est
1153 2661 1169 2700 :
1208 2643 1298 2696 Lis
1347 2641 1711 2710 episcoporum
1754 2636 2034 2690 secundum

424 2753 590 2824 legem
611 2747 672 2801 ab
692 2746 946 2817 episwpis
971 2738 1237 2798 audienda
1261 2745 1334 2791 est
1357 2751 1374 2789 :
1400 2732 1626 2804 episwpi
1638 2730 2034 2802 judicaverunt:

425 2859 587 2915 quare
615 2857 715 2895 non
744 2849 829 2894 aut
858 2836 951 2892 sub
1006 2831 1365 2904 satisfactione
1418 2827 1487 2880 ad
1536 2825 1746 2878 chorum
1774 2822 2038 2876 reverteris

426 2913 734 2999 uetustatis;
764 2940 851 2985 aut
901 2938 958 2984 ut
989 2926 1148 2982 habes
1177 2923 1429 2990 scriptum
1468 2928 1610 2988 terga
1637 2913 2039 2986 persecutoribus

427 3027 628 3102 prodis.
675 3026 811 3082 Cum
838 3023 1055 3080 Salvius
1081 3031 1276 3091 parere
1314 3010 1656 3084 proconsulis
1694 3007 1922 3063 consilio
1952 3021 2040 3062 re-

2133 1829 2298 1885 esset,
2323 1833 2352 1870 a
2382 1819 2495 1872 suis
2521 1829 2698 1874 tamen
2730 1829 2877 1874 tanto
2901 1821 3203 1878 habebatur
3229 1827 3283 1879 in
3314 1827 3512 1896 pretio,
3541 1841 3597 1884 ut
3619 1844 3744 1885 eum

2135 1924 2242 1964 non
2277 1908 2436 1963 modo
2468 1925 2573 1964 non
2603 1910 2723 1965 ausi
2749 1909 2950 1968 fuerint
2976 1913 3262 1981 damnare,
3292 1918 3386 1972 sed
3425 1935 3492 1973 ne
3523 1934 3747 1975 monere

2132 2001 2378 2072 quidem,
2404 2001 2544 2056 inter
2572 2012 2752 2056 tantos
2779 2003 2975 2059 Africae
2999 2007 3237 2074 gemitus
3265 2010 3376 2064 imo
3411 2013 3557 2080 pacis
3590 2027 3751 2066 oscu-

2133 2093 2244 2150 lum
2272 2111 2376 2150 non
2409 2094 2786 2160 detrectarint,
2835 2098 2885 2150 in
2915 2098 3033 2168 ejus
3062 2102 3318 2158 manibus
3345 2104 3746 2162 Eucharistiam

2137 2188 2417 2255 posuerint
2443 2197 2497 2242 et
2525 2186 2760 2242 vicissim
2805 2191 3117 2258 acceperint
3141 2237 3154 2258 ,
3183 2209 3248 2248 ac
3275 2196 3496 2252 demum
3521 2199 3750 2253 extincti

2135 2277 2190 2332 in
2218 2292 2460 2342 carcere,
2489 2278 2616 2348 quia
2637 2279 2705 2334 de
2734 2280 2985 2336 Gildonis
3014 2285 3282 2340 satellitio
3313 2289 3529 2354 fuerat,
3569 2289 3750 2360 Optati

2136 2369 2379 2425 natalitia
2429 2371 2724 2440 quotannis
2775 2382 3045 2442 tamquam
3089 2381 3353 2449 martyris
3383 2396 3575 2450 magna
3607 2382 3752 2437 cele-

2136 2459 2332 2516 britate
2373 2459 2854 2530 frequentaverint.
2890 2463 3060 2531 Hujus
3079 2481 3249 2535 opera
3278 2471 3361 2524 usi
3391 2471 3752 2527 Primianistae

2137 2551 2561 2607 Maximianistas
2606 2564 2662 2609 et
2708 2554 3019 2623 Rogatistas
3045 2559 3292 2627 graviter
3323 2575 3658 2619 vexaverunt
3697 2576 3755 2621 et

2140 2645 2433 2715 plerosque
2471 2644 2536 2699 ad
2567 2645 2896 2700 Primianum
2927 2646 3108 2703 redire
3131 2653 3536 2721 compulerunt.
3566 2655 3748 2724 Cives,

2141 2749 2200 2794 ut
2226 2738 2486 2803 diximus,
2539 2743 2840 2796 Assuritani
2868 2752 2924 2798 et
2982 2745 3264 2801 Mustitani
3305 2749 3592 2818 episcopos
3622 2767 3752 2807 suos

2143 2829 2471 2886 Felicianum
2496 2841 2550 2887 et
2583 2833 2962 2889 Przetextatum
2989 2836 3260 2892 adversus
3285 2840 3752 2897 Primianistarum

2142 2937 2374 2981 conatus
2415 2927 2520 2981 huc
2553 2941 2722 2998 usque
2755 2929 2868 2983 tuiti
2895 2928 3131 2985 fuerant.
3177 2932 3250 2986 Iis
3287 2935 3608 3003 gravissima
3639 2939 3752 2992 exi-

2146 3024 2216 3077 tia
2246 3020 2604 3077 comminatus
2627 3030 2708 3075 est
2737 3014 2985 3090 Optatos,
3031 3023 3137 3077 nisi
3170 3024 3360 3079 relicta
3391 3041 3614 3082 suorum
3660 3044 3756 3083 an-

432 3124 672 3186 nuisset,
715 3118 874 3190 jussit
927 3129 1054 3171 eum
1106 3107 1402 3181 proconsul
1449 3104 1517 3159 ab
1551 3103 1791 3158 Ecclesia
1821 3115 1917 3156 sua
1938 3115 2036 3154 ex-
2062 3112 2108 3176 C
2142 3115 2369 3172 "sum",
2414 3113 2758 3176 (ιρι-θηείοηρ,
2792 3129 2887 3170 eos
2919 3114 2986 3168 ad
3014 3114 3277 3170 primani
3309 3120 3750 3176 communionem

442 3212 610 3284 pelli;
638 3221 692 3266 et
733 3208 855 3279 quia
885 3201 1463 3262 Membresitanorum,
1492 3193 1583 3264 qui
1613 3191 1714 3246 sibi
1754 3191 2043 3257 favebant,

441 3305 638 3360 fiducia
667 3301 850 3358 sedem
884 3296 1127 3356 retinere
1153 3292 1397 3348 tentabat
1417 3329 1432 3356 ,
1471 3285 1882 3342 Abitinensibus
1910 3285 2043 3338 vici-

438 3397 530 3453 nis
561 3395 866 3450 mandatum
893 3399 981 3448 est
1007 3399 1065 3442 ut
1093 3385 1356 3458 judicium
1387 3384 1440 3437 in
1467 3396 1586 3434 eum
1606 3381 1770 3433 latum
1784 3392 2048 3446 exseque-

439 3498 652 3545 rentur.
683 3483 1130 3556 Comprebensus
1153 3479 1222 3533 ab
1251 3477 1317 3532 iis
1339 3474 1555 3530 Salvius
1589 3488 1694 3526 non
1740 3480 1946 3526 tantum
1979 3471 2049 3526 de

437 3577 684 3636 Ecclesia
724 3593 820 3633 sua
849 3575 1063 3646 pulsus,
1107 3569 1204 3626 sed
1234 3565 1532 3623 miserabili
1582 3579 1778 3634 pompa
1811 3562 2049 3618 ludibrio

438 3669 684 3726 habitus.
711 3666 881 3738 Capto
908 3665 1054 3720 enim
1085 3662 1206 3718 seni
1256 3659 1354 3732 (ut
1383 3656 1550 3712 refert
1576 3657 1905 3728 Augustinus
1935 3654 1971 3708 l.
1999 3670 2048 3708 tv

446 3772 641 3819 contra
659 3759 1030 3822 Cresconium,
1063 3755 1207 3810 unde
1233 3751 1350 3807 fere
1390 3758 1500 3804 tota
1533 3748 1654 3803 haec
1685 3748 1922 3802 narratio
1952 3746 2050 3801 de-

445 3866 662 3925 sumpta
688 3853 794 3924 est)
846 3861 1092 3908 mortuos
1114 3861 1281 3904 canes
1326 3843 1684 3914 alligaverunt
1714 3843 1767 3896 in
1803 3841 1963 3906 collo,
1997 3849 2054 3896 et

443 3951 531 4006 sic
559 3961 679 4003 cum
707 3945 801 4001 illo
832 3955 1092 4016 quantum
1128 3940 1284 3996 libuit
1325 3938 1684 3993 saltaveruut.
1722 3933 1943 3990 Factum
1972 3933 2054 3986 itt-

449 4042 748 4098 ltnmanum
776 4052 898 4092 cum
931 4036 1285 4091 Etruscorum
1321 4043 1506 4100 regum
1540 4029 1629 4098 qui
1666 4037 1876 4082 mortua
1919 4025 2054 4078 vivis

447 4146 685 4202 corpora
708 4129 1109 4200 conjungebant
1134 4120 1568 4194 comparandum
1600 4136 1614 4172 :
1646 4119 1754 4173 imo
1780 4125 1930 4172 tanto
1958 4115 2057 4172 fte—

451 4229 580 4284 dius
606 4233 803 4295 quanto
835 4222 1031 4278 mortui
1066 4235 1230 4276 canes
1263 4214 1492 4271 mortuis
1525 4211 1838 4267 hominibus
1860 4209 2054 4265 ftedio-

451 4337 550 4379 res
577 4331 722 4377 sunt.
757 4316 905 4371 Adeo
927 4324 985 4369 ut
1024 4313 1068 4368 si
1102 4311 1287 4368 Salvio
1317 4307 1433 4363 seni
1466 4315 1520 4360 ct
1546 4306 1802 4375 episcopo
1827 4303 1894 4357 de
1924 4303 2062 4355 duo-

454 4418 564 4474 bus
615 4410 888 4482 suppliciis
931 4405 1234 4478 eligendum
1265 4443 1282 4470 ,
1357 4401 1517 4471 longe
1566 4396 1747 4468 potius
1807 4393 2062 4464 elegisset

2150 3206 2329 3262 redire
2372 3213 2653 3275 cogerent.
2698 3203 2856 3259 Cives
2901 3205 3128 3261 militem
3174 3207 3360 3277 Optati
3401 3209 3756 3268 formidantes

2151 3306 2464 3368 paruerunt.
2490 3295 2794 3351 Felicianus
2816 3306 2870 3351 et
2887 3296 3252 3352 Praetextatus
3273 3313 3395 3354 cum
3419 3301 3579 3356 aliter
3597 3303 3758 3359 sedes

2151 3404 2278 3445 suas
2316 3388 2559 3443 retinere
2592 3401 2697 3442 non
2737 3397 2996 3457 possent,
3027 3403 3223 3443 manus
3261 3389 3550 3457 dederunt,
3583 3403 3756 3449 caelus

2152 3493 2472 3535 numerosus
2504 3479 2884 3548 episcoporum
2917 3478 3132 3533 habitus
3178 3481 3263 3534 cui
3312 3482 3474 3536 etiam
3517 3482 3759 3540 interfuit

2151 3571 2454 3628 Primianus
2484 3585 2606 3624 cum
2624 3571 2824 3641 Optato
2853 3570 3202 3626 Gildoniano.
3229 3572 3286 3627 In
3311 3587 3377 3628 eo
3401 3578 3600 3645 recepti
3633 3587 3760 3632 sunt

2153 3663 2262 3719 duo
2287 3664 2363 3718 illi
2395 3663 2637 3733 episcopi
2670 3673 2886 3720 servato
2914 3664 3143 3731 honore,
3182 3680 3248 3721 ac
3274 3667 3504 3724 retentis
3535 3671 3754 3725 sedibus

2155 3755 2271 3811 suis
2300 3755 2536 3823 suscepti
2581 3765 2713 3811 sunt
2741 3771 2771 3809 a
2799 3755 3185 3819 Primianistis,
3229 3766 3284 3812 et
3327 3759 3653 3830 quicumque
3685 3763 3756 3818 ab

2155 3847 2287 3916 ipsis
2320 3847 2370 3900 in
2403 3845 2699 3904 schismate
2738 3847 2994 3918 baptizati
3019 3847 3237 3904 fuerant
3261 3850 3380 3906 sine
3410 3853 3604 3908 iterato
3628 3857 3757 3924 hap-

2156 3942 2320 3996 tismo
2346 3941 2568 4012 recepti.
2600 3942 2914 4015 Rogatistas
2943 3957 3159 4012 quoque
3185 3960 3292 3999 non
3323 3960 3510 4015 parum
3542 3951 3758 4004 vexavit

2157 4032 2408 4101 Optatus,
2443 4033 2537 4088 sed
2575 4035 2629 4089 in
2657 4034 2965 4092 Catholicos
2988 4037 3259 4106 praecipue
3295 4039 3467 4093 saeviit
3497 4042 3630 4096 etin
3663 4057 3759 4098 eos

2157 4123 2638 4184 Circumcelliones
2663 4143 2879 4186 rursum
2907 4129 3183 4195 excitavit,
3202 4145 3229 4181 a
3258 4131 3452 4200 quibus
3475 4131 3760 4189 innumera

2160 4219 2306 4273 mala
2351 4221 2494 4288 passi
2541 4230 2672 4275 sunt
2698 4219 2980 4276 Catholici.
3016 4219 3133 4275 Non
3175 4221 3318 4276 enim
3347 4222 3452 4290 iam
3503 4233 3561 4278 ut
3598 4237 3757 4282 antea

2162 4309 2396 4366 fustibus
2432 4317 2642 4366 tantum
2674 4310 2866 4367 armati
2895 4311 3308 4377 discurrebant,
3335 4313 3429 4369 sed
3457 4316 3635 4370 omnis
3664 4333 3759 4386 ge-

2165 4399 2308 4455 neris
2352 4400 2519 4454 armis
2562 4416 2626 4456 ac
2655 4401 2778 4456 telis
2803 4401 3078 4469 instructi,
3119 4414 3305 4472 aperte
3333 4405 3441 4460 vim
3465 4405 3757 4475 faciebant,

456 4511 676 4567 haerere
703 4522 824 4561 cum
855 4501 1206 4560 cadaveribus
1237 4495 1489 4552 humanis
1518 4507 1679 4564 quam
1711 4491 1911 4546 saltare
1939 4504 2058 4543 cum
2088 4495 2143 4555 D
2170 4492 2423 4552 basilicas
2453 4494 2778 4550 invadebant
2827 4509 2890 4549 ac
2924 4495 3292 4564 compilabant
3317 4539 3333 4564 ,
3376 4500 3663 4570 episcopos
3707 4512 3764 4558 et

458 4601 698 4659 caninis.
727 4597 931 4653 Privari
979 4597 1187 4649 interea
1223 4589 1466 4646 Ecclesia
1513 4587 1844 4655 sedibusque
1872 4583 1984 4638 suis
2009 4590 2066 4638 et

465 4694 586 4764 pati
621 4692 730 4747 hzcc
757 4689 932 4745 omnia
969 4688 1141 4758 potuit
1166 4684 1403 4747 Salvius,
1433 4694 1609 4750 neque
1641 4687 1820 4733 tamen
1850 4676 1914 4730 ad
1944 4673 2064 4728 Pri-

465 4786 642 4844 miani
685 4781 1116 4840 communionem
1175 4777 1356 4833 redire
1406 4775 1604 4839 voluit;
1650 4781 1812 4842 atque
1850 4770 1921 4824 ita
1960 4767 2069 4839 egit

468 4896 604 4938 cum
635 4878 764 4944 suis,
794 4880 863 4930 ita
884 4875 1144 4945 justitiam
1175 4870 1364 4927 extulit
1399 4884 1493 4938 pro
1529 4883 1632 4938 qua
1676 4867 1800 4919 talia
1852 4879 1910 4918 se
1959 4863 2068 4933 pati

471 4972 694 5031 dicebat
728 4979 768 5034 ,'
796 4970 866 5022 ita
913 4981 974 5021 se
1038 4974 1280 5019 sanctum
1341 4961 1604 5031 persuasit
1669 4959 1792 5029 quia
1859 4969 2070 5026 passus,

474 5068 558 5122 ita
607 5059 941 5117 adversarios
1002 5054 1366 5126 iniquissimus
1404 5052 1526 5122 quia
1570 5050 1837 5117 fecerant,
1895 5055 1952 5101 ut
1998 5045 2076 5100 al-

477 5169 659 5214 teram
700 5155 747 5211 ei
806 5152 1082 5210 basilicam
1145 5149 1225 5203 sui
1276 5145 1587 5201 Membresze
1637 5142 1967 5206 fabricariut,
2021 5140 2074 5193 in

479 5265 593 5323 qua
624 5247 744 5303 dum
786 5245 936 5302 sedet
969 5243 1124 5298 novis
1175 5240 1242 5294 ab
1283 5238 1616 5308 antagonista
1665 5235 1934 5290 Restituto
1957 5245 2075 5286 mo-

480 5341 663 5400 lestiis
710 5339 929 5394 affectus
987 5343 1086 5401 est,
1137 5343 1191 5389 et
1230 5341 1448 5402 prepter
1501 5329 1724 5385 cellulas
1769 5335 1823 5382 et
1875 5324 2079 5394 agellos

481 5432 694 5494 forensi
735 5447 856 5488 cum
897 5445 962 5486 eo
1003 5428 1229 5498 strepitu
1278 5425 1749 5491 controversiaque
1801 5417 2080 5480 conﬂixit;

484 5539 656 5596 atque
731 5526 802 5581 ita
870 5539 900 5579 a
967 5523 1204 5593 partibus
1283 5519 1534 5574 Primiani
1605 5516 1861 5570 adversus
1921 5509 2088 5564 Μιχὶ-

489 5622 736 5681 miannm
800 5624 852 5672 et
901 5630 992 5670 eos
1046 5615 1291 5684 quicum
1334 5610 1424 5664 illo
1472 5610 1523 5663 itt
1575 5604 1853 5676 Bagaiensi
1907 5601 2089 5655 conci-

492 5721 575 5780 lio
624 5712 861 5772 damnati
916 5709 1173 5773 fuerant,
1239 5705 1375 5775 apud
1430 5713 1661 5774 quatuor
1719 5700 1801 5756 vel
1859 5695 2091 5768 amplius

1086 5803 1360 5865 Parnm“
1419 5797 1534 5862 XI.

2168 4584 2398 4641 clericos
2427 4586 2746 4642 occidebant
2793 4595 2887 4640 aut
2934 4587 3073 4640 male
3118 4587 3468 4657 mulctabant,
3509 4599 3564 4646 et
3589 4592 3764 4648 latro-

2170 4679 2310 4734 cinia
2339 4680 2516 4750 palam
2545 4695 2608 4735 ac
2639 4680 2851 4748 publice
2882 4681 3230 4737 exercebant.

2245 4771 2356 4826 Lex
2377 4769 2599 4826 Honorii
2619 4773 2672 4825 in
2696 4773 2956 4826 invasores
2985 4771 3512 4830 Ecclesiarum.—-Ad
3552 4777 3650 4833 hos
3683 4788 3766 4834 tu-

2175 4864 2376 4918 multus
2401 4866 2846 4933 cnmpescendos,
2864 4865 3076 4920 sublato
3094 4866 3203 4936 jam
3227 4866 3454 4925 Gildone
3477 4870 3591 4942 (qui
3617 4889 3644 4926 a
3662 4861 3767 4929 fra-

2178 4969 2259 5013 tre
2284 4971 2384 5010 suo
2421 4957 2703 5013 Mascezile
2724 4967 3081 5028 oppugnatus,
3112 4975 3142 5014 a
3169 4961 3282 5016 suis
3313 4945 3584 5033 desertus,
3621 4969 3775 5026 initio

2175 5051 2304 5102 anni
2326 5047 2452 5115 598,
2485 5049 2678 5117 laqueo
2711 5050 2870 5104 vitam
2887 5049 3064 5120 ﬁniit),
3092 5050 3356 5108 Honorius
3379 5055 3674 5126 imperator
3696 5061 3774 5118 le-

2179 5155 2300 5210 gem
2340 5139 2489 5194 dedit
2532 5139 2618 5193 die
2647 5139 2719 5194 ‘25
2759 5139 2959 5210 Aprilis
2985 5143 3111 5196 anni
3143 5143 3282 5211 598,
3332 5161 3433 5217 qua
3466 5163 3559 5204 eos
3586 5153 3676 5222 qui
3720 5155 3777 5209 in

2181 5233 2442 5288 ecclesias
2476 5231 2772 5288 catholicas
2812 5231 3082 5291 irruentes
3145 5237 3546 5308 sacerdotibus,
3590 5246 3779 5300 minis—

2185 5323 2282 5378 tris
2313 5324 2400 5378 vel
2427 5324 2594 5378 cultui
2617 5332 2672 5378 ct
2698 5324 2819 5378 loco
2845 5324 3046 5394 aliquid
3080 5327 3292 5398 injuria:
3319 5332 3605 5401 faciebant,
3630 5353 3787 5392 com-

2191 5415 2451 5484 prehendi
2480 5425 2533 5471 et
2575 5417 2848 5470 convictos
2886 5417 3102 5486 capitali
3131 5423 3396 5493 supplicio
3426 5425 3566 5480 affici
3587 5427 3742 5496 juhet
3765 5473 3782 5498 ,

2193 5509 2412 5578 vultque
2461 5518 2518 5562 ut
2544 5507 2754 5563 Cunctis
2795 5517 2937 5564 esset
2982 5510 3208 5566 liberum
3267 5513 3432 5569 factas
3461 5524 3672 5573 atroces
3704 5538 3786 5574 sa-

2195 5601 2508 5657 cerdotibus
2536 5613 2625 5655 aut
2655 5601 2921 5656 ministris
2953 5601 3177 5671 injurias
3201 5606 3345 5660 velut
3387 5607 3654 5672 publicum
3685 5613 3798 5667 cri-

2199 5710 2320 5750 men
2350 5695 2622 5767 persequi.
2643 5691 2699 5751 Si
2718 5709 2846 5751 vero
2875 5693 3161 5750 multitudo
3193 5697 3424 5753 violenta
3441 5712 3498 5756 se
3519 5705 3695 5763 armis
3715 5714 3813 5766 aut

3165 5791 3244 5850 26
