4206 6170
574 284 677 345 8H

1961 269 2499 338 PROLEGOMENA.

3773 280 3875 340 Si!

573 402 818 457 locorum
846 395 1162 454 difﬁcultate
1189 399 1401 450 tueatur
1422 433 1439 460 ,
1460 391 1733 463 judicibus
1762 390 2018 460 mandat,
2058 401 2117 449 ut
2143 408 2174 449 a
2200 403 2256 464 Α
2278 392 2462 450 Clerici
2484 401 2710 448 correcto
2736 392 3038 448 consilioad
3063 393 3368 465 catholicam
3389 391 3637 450 unitatem
3662 398 3877 452 transire

576 492 777 548 comite
805 489 1004 546 Africae
1028 494 1251 545 armata:
1268 484 1626 557 apparitionis
1650 485 1959 556 praesidium
1984 484 2177 558 depos-

577 590 722 651 cant,
752 597 820 639 ne
850 582 931 638 rei
951 581 1139 636 talium
1168 580 1458 636 criminum
1489 578 1741 635 evadant.

648 677 868 733 Decreta
904 675 1240 731 conciliorum
1280 676 1344 730 de
1370 674 1729 747 promovendis
1753 673 1821 728 ad
1844 673 2038 729 clerum
2087 681 2180 728 aut

576 770 923 842 relinquendis
937 770 995 825 in
1014 786 1073 826 eo
1091 768 1403 824 Donatistis.
1437 797 1510 810 --
1524 767 1741 823 interim
1760 766 2022 823 Catholici
2047 766 2180 822 nihil

576 878 685 920 non
708 862 986 919 tentabant
1007 870 1067 918 ut
1088 860 1395 917 Donatistas
1415 860 1482 916 ad
1503 858 1850 915 concordiam
1867 857 2176 914 invitarent.

571 955 695 1017 Jam
729 955 1073 1013 observatum
1119 961 1204 1010 est
1230 952 1383 1009 initio
1432 950 1741 1008 schismatis
1781 949 2068 1007 redeuntes
2108 949 2179 1006 ad

575 1052 875 1111 Ecciesiam
900 1050 1186 1123 episcopos
1216 1059 1271 1105 et
1294 1049 1524 1105 clericos
1553 1062 1621 1104 ex
1657 1056 1807 1117 parte
1834 1046 2027 1102 Donati
2055 1059 2179 1101 eum

578 1147 876 1204 honoribus
894 1146 1008 1201 suis
1036 1143 1199 1201 luisse
1248 1152 1553 1215 susceptos.
1583 1143 1655 1198 At
1682 1150 1964 1199 crescente
1988 1155 2179 1198 eorum

575 1256 806 1301 numero
834 1249 892 1297 et
917 1239 1219 1310 pervicacia
1243 1239 1296 1294 in
1321 1236 1777 1309 subsequentibus
1796 1234 2042 1292 conciliis
2070 1219 2182 1290 sta:-

573 1342 748 1391 tutum
779 1333 990 1399 fuerat,
1019 1348 1089 1390 ne
1115 1332 1239 1404 quis
1267 1331 1666 1387 Donatistarum
1702 1345 1824 1387 eum
1850 1329 2057 1385 honore
2080 1341 2181 1384 suo

578 1429 922 1501 reciperetur,
933 1431 988 1485 in
1020 1427 1397 1496 Ecclesia,sed
1420 1435 1628 1483 tantum
1656 1427 1708 1482 in
1732 1439 1961 1481 numero
1988 1423 2180 1480 Laico-

577 1537 721 1579 rum.
762 1522 822 1579 In
877 1514 1105 1580 cencilio
1153 1521 1482 1592 Hipponiensi
1512 1520 1637 1574 anni
1680 1519 2178 1590 595,propositum

574 1626 690 1684 eat,
738 1623 797 1671 ut
820 1615 1201 1686 exciperentur
1232 1612 1305 1671 ab
1335 1614 1434 1669 liae
1471 1613 1590 1684 lege
1618 1611 1658 1667 ii
1684 1626 1821 1683 quos
1845 1621 1936 1667 aut
1958 1625 2067 1667 non
2093 1625 2181 1667 re-

574 1707 876 1781 baptizasse
905 1708 1243 1775 constiterit,
1285 1715 1380 1765 aut
1406 1708 1643 1780 quicum
1690 1707 1803 1763 suis
1831 1706 2077 1777 plebibus
2111 1706 2180 1762 ad

2277 486 2539 541 voluerint
2569 484 2850 541 secundum
2901 487 3308 560 uniuscujusque
3348 486 3575 557 episcOpi
3620 485 3878 543 Catholici

2278 579 2609 644 uoluntatem,
2635 587 2788 649 atque
2822 578 3135 646 consilium,
3165 580 3253 650 qui
3271 579 3326 633 in
3354 578 3532 634 eodem
3554 577 3665 634 loco
3693 578 3876 652 guber-

2280 682 2370 727 nat
2398 669 2717 739 Ecclesium,
2766 672 2811 725 si
2837 671 2934 726 hoc
2971 673 3090 743 paci
3118 672 3415 729 christiana:
3451 673 3697 746 prodesse
3711 676 3877 730 visunt

2280 765 2434 834 fuerit
2454 803 2469 828 ,
2485 765 2541 818 in
2556 765 2663 818 suis
2686 764 2963 820 honoribus
2984 766 3355 834 suscipiantur.
3390 765 3639 835 Addunt,
3666 768 3722 821 id
3742 769 3877 839 prio-

2279 855 2423 911 ribus
2451 856 2683 928 ejusdem
2702 856 2968 913 divisionis
2988 856 3299 929 temporibus
3322 862 3515 930 factum
3542 876 3680 915 esse:
3706 875 3804 918 nec
3821 860 3876 918 id

2278 948 2313 1004 ὸ
2351 963 2411 1004 se
2439 949 2697 1018 postulari
2724 958 2817 1005 aut
2844 950 3003 1007 statui
3020 992 3035 1017 ,
3075 954 3133 1005 ut
3152 950 3429 1008 decretum
3472 952 3686 1009 concilii
3704 994 3719 1020 ,
3743 955 3879 1025 quod

2280 1042 2337 1096 in
2367 1042 2730 1097 transmarinis
2760 1042 2997 1115 partibus
3022 1044 3086 1098 de
3111 1044 3207 1099 hac
3230 1061 3286 1100 re
3329 1044 3560 1101 habitum
3584 1048 3749 1109 fuerat
3778 1047 3885 1102 diss

2281 1135 2580 1190 solueretur.
2603 1134 2708 1192 Sed
2736 1150 2798 1191 ea
2810 1136 3123 1193 conditione
3143 1136 3345 1193 utillud
3377 1146 3618 1194 maneret
3637 1152 3760 1210 erga
3785 1151 3882 1195 eos

2283 1241 2350 1284 ex
2375 1244 2601 1300 quorum
2630 1230 2805 1287 reditu
2836 1247 2942 1287 non
2966 1246 3217 1303 magnum
3252 1232 3536 1289 accederet
3579 1235 3882 1290 animarum

2285 1325 2492 1381 lucrum
2515 1364 2530 1392 ,
2560 1323 2663 1379 hoc
2690 1332 2772 1381 est
2795 1366 2809 1391 ,
2833 1333 2894 1380 ut
2913 1325 2948 1381 ii
2975 1324 3269 1382 secundum
3302 1326 3643 1382 transmarini
3666 1326 3883 1385 concilii

2283 1416 2562 1472 decretum
2583 1430 2690 1471 non
2719 1419 3124 1488 susciperentur
3162 1417 3217 1472 in
3266 1415 3563 1473 honoribus
3594 1417 3740 1484 suis;
3784 1418 3883 1475 sed

2284 1509 2354 1565 ab
2384 1508 2483 1564 hac
2512 1509 2891 1582 exciperentur
2911 1510 2964 1565 hi
2997 1526 3087 1581 per
3104 1525 3232 1582 quos
3249 1510 3518 1567 catholicte
3540 1511 3729 1566 unitati
3756 1527 3883 1567 cons

2283 1602 2493 1657 salitur.
3488 1595 3508 1612 ’

2357 1695 2415 1751 in
2444 1696 2637 1753 eodem
2672 1696 2904 1753 concilio
2955 1696 3211 1754 Africano
3234 1697 3484 1754 catholici
3506 1696 3752 1769 episcopi
3771 1704 3885 1755 sta;

576 1801 910 1861 Camenam
953 1803 1393 1859 communionem
1446 1801 1681 1858 transire
1732 1801 2021 1856 νοιυει-ῖηι,
2076 1798 2183 1857 sed
2214 1798 2264 1862 Β
2292 1796 2551 1845 tuerttnt:
2594 1799 2652 1844 ut
2682 1791 2866 1845 litterce
2891 1789 3137 1846 darentur
3180 1791 3249 1845 ad
3282 1792 3490 1863 judices
3537 1790 3815 1862 Africanoi
3861 1809 3893 1847 a

577 1895 719 1952 hanc
749 1895 1128 1965 exceptionem
1156 1896 1359 1966 placuit
1384 1908 1491 1949 non
1529 1893 1841 1949 confirmari
1870 1894 2183 1965 priusquam

579 1987 650 2044 de
676 2002 739 2044 ea
772 1990 1129 2044 transmarina
1155 1987 1400 2044 Ecclesia
1430 1986 1677 2042 consulta
1701 1987 1858 2044 foret.
1899 1987 2096 2044 Iterum
2130 1987 2185 2042 in

575 2079 987 2150 Qarthaginensi
1033 2079 1266 2136 concilio
1291 2078 1419 2134 anni
1470 2077 1577 2135 597
1628 2078 1942 2134 mandatum
2000 2085 2084 2135 est
2131 2086 2187 2134 ut

574 2172 991 2229 consulerentur
1010 2170 1234 2228 Siricius
1260 2169 1535 2226 Romanus
1556 2170 1844 2242 episcopus
1875 2178 1928 2225 et
1960 2168 2186 2240 Simpli~

576 2267 766 2322 cianus
788 2263 1234 2332 Mediolanensis,
1271 2272 1451 2320 utrum
1479 2264 1711 2319 infantes
1738 2262 1996 2333 baptizati
2018 2275 2050 2316 a
2080 2262 2187 2319 Do-

576 2358 942 2425 natistis,cum
957 2356 1023 2412 ad
1040 2356 1337 2413 Ecclesiam
1352 2357 1447 2412 Dei
1460 2356 1676 2413 salubre
1692 2357 1971 2428 proposito
1988 2356 2188 2413 fuerint

574 2449 816 2517 reversi,
846 2449 914 2505 ad
939 2449 1081 2505 sacri
1111 2448 1301 2504 altaris
1320 2448 1679 2505 ministerium
1709 2449 2020 2519 promoveri
2058 2464 2185 2520 pos-

580 2551 724 2600 sent.
748 2542 829 2599 Ad
856 2541 1197 2613 questionem
1225 2541 1555 2613 propositam
1587 2542 1863 2599 Romanus
1906 2551 1961 2599 et
1987 2539 2188 2599 Medios

571 2636 820 2697 lanensts
844 2635 1115 2692 antistites
1140 2634 1573 2706 responderunt,
1598 2634 1651 2690 id
1678 2649 1802 2691 esse
1832 2635 2183 2707 prohibitum.

574 2727 942 2804 Nihilominus
959 2736 1141 2784 tamen
1157 2728 1395 2783 Africani
1410 2727 1649 2797 episcopi
1666 2726 1846 2798 inepia
1861 2727 2187 2784 clericorum

524 2866 531 2871 -
578 2835 634 2883 et
660 2822 1077 2882 necessitatibus
1097 2824 1449 2881 ecclesiarum
1467 2837 1709 2892 suarum,
1728 2839 1848 2894 quae
1863 2823 1935 2879 ita
1954 2822 2187 2880 desertae

572 2928 731 2976 erant
752 2926 815 2974 ut
839 2918 1024 2973 multa:
1039 2916 1287 2974 ecclesia:
1314 2931 1382 2972 ne
1402 2915 1620 2987 quidem
1642 2915 1930 2971 diaconum
1960 2915 2049 2972 vel
2078 2915 2189 2971 illii-

581 3022 814 3069 teratum
860 3012 1159 3081 haberent,
1189 3012 1395 3078 coacti;
1424 3020 1729 3067 statuerunt
1752 3013 1991 3083 parvulis
2044 3012 2189 3084 apud

581 3106 895 3163 Donatistas
917 3113 1204 3178 antequam
1233 3105 1461 3162 rationis
1480 3119 1636 3161 usum
1657 3106 1922 3162 haberent
1950 3106 2189 3177 baptizaa
2238 3178 2245 3181 ν

2287 1882 2472 1953 quibus
2511 1892 2792 1953 peteretur,
2822 1894 2879 1939 ut
2898 1885 3187 1957 judiciaria
3218 1895 3467 1959 potestate
3488 1896 3638 1958 atque
3668 1886 3890 1961 diligen-

2291 1978 2363 2032 tia
2389 1979 2442 2033 in
2474 1979 2578 2048 [ide
2602 1978 2887 2034 christiana
2907 2021 2921 2046 ,
2965 1979 3090 2049 quid
3109 1988 3309 2052 gestum
3336 1980 3405 2035 sit
3427 1982 3480 2035 in
3503 1979 3739 2035 omnibus
3765 1980 3893 2035 locis

2288 2072 2342 2126 in
2368 2070 2548 2142 quibus
2573 2070 2982 2128 Maximianistte
3026 2073 3267 2129 basilicas
3297 2073 3624 2129 obtinuerunt
3648 2116 3662 2141 ,
3694 2076 3784 2147 qui
3833 2074 3894 2129 ab

2288 2167 2363 2221 eis
2392 2165 2616 2220 schisma
2647 2167 2875 2238 fecerunt
2900 2198 2915 2233 δ
2942 2167 3205 2238 inquirant
3236 2175 3282 2221 et
3307 2168 3466 2239 gestis
3488 2162 3709 2238 publicis
3736 2184 3896 2239 prop-

2291 2265 2366 2313 ter
2384 2258 2590 2329 ﬁrmam
2618 2260 2853 2315 notitiam
2882 2259 3117 2315 omnibus
3141 2260 3483 2315 necessariam
3506 2260 3701 2331 faciant
3730 2260 3898 2314 initte-

2286 2371 2416 2410 rere.
2435 2355 2634 2411 Deinde
2647 2356 2840 2425 placuit
2851 2357 3004 2411 etiam
3016 2356 3292 2428 episcopis,
3309 2365 3363 2410 ut
3378 2354 3537 2427 legati
3549 2355 3899 2428 prcedicandto

2291 2448 2435 2519 pacis
2464 2457 2615 2520 atque
2641 2446 2855 2506 unitatis
2881 2450 2992 2504 sine
3012 2465 3115 2520 qua
3140 2450 3283 2505 salus
3301 2449 3586 2505 christiana
3608 2466 3711 2505 non
3732 2459 3902 2520 potest

2290 2540 2537 2610 obtineri,
2570 2560 2597 2597 e
2623 2558 2831 2597 numero
2859 2546 2952 2598 suo
2978 2542 3049 2596 ad
3068 2543 3299 2614 ipsorum
3335 2538 3733 2597 Donatistarum
3788 2542 3901 2612 epi-

2288 2651 2473 2707 scOpos
2502 2646 2551 2691 et
2573 2637 2742 2707 plebes
2764 2636 3116 2705 mitterentur,
3150 2652 3241 2707 per
3263 2651 3389 2707 quos
3413 2634 3646 2690 omnibus
3675 2637 3905 2690 innotes-

2291 2738 2423 2784 ceret
2452 2745 2606 2800 quam
2642 2726 2774 2784 nihil
2797 2728 3038 2784 haberent
3063 2729 3201 2801 quod
3227 2727 3469 2783 adversus
3490 2726 3785 2799 Ecclesium
3826 2745 3903 2782 ca-

2291 2819 2536 2876 tholicam
2568 2831 2776 2897 possent
2821 2821 2991 2875 dicere
3024 2864 3037 2890 ,
3072 2831 3120 2875 et
3166 2822 3500 2892 manifestum
3540 2821 3631 2891 ﬁat
3665 2821 3904 2875 omnibus

2291 2928 2383 2985 per
2404 2923 2545 2985 gesta
2561 2913 2897 2984 municipalia
2918 2912 3044 2983 quid
3064 2912 3163 2984 ipsi
3189 2914 3325 2967 circa
3348 2910 3770 2968 Maximianistas
3792 2927 3907 2985 ege-

2290 3007 2396 3061 rin't
2413 3050 2425 3073 ,
2446 3020 2572 3078 quos
2583 3009 2699 3079 jam
2728 3007 2946 3080 plenarii
2966 3007 3173 3062 concilii
3198 3008 3278 3061 sui
3300 3004 3406 3081 18
3424 3008 3731 3063 auctoritate
3751 3009 3903 3061 dam-

2292 3110 2472 3169 natos,
2504 3100 2559 3156 in
2589 3103 2696 3157 suis
2725 3101 3003 3156 honoribus
3030 3101 3197 3156 denuo
3241 3108 3544 3171 receperunt
3565 3144 3580 3169 ,
3625 3111 3675 3157 et
3712 3101 3909 3173 baptis-

524 3218 531 3223 λ
577 3201 647 3256 tis
663 3242 679 3268 ,
701 3201 796 3271 qui
818 3198 1020 3256 deinde
1041 3199 1222 3272 agnita
1245 3199 1471 3255 veritate
1493 3198 1561 3254 ad
1589 3198 1884 3254 Ecclesium
1916 3199 2009 3255 Dei
2022 3190 2186 3256 acce‘
2210 3186 2257 3255 C
2291 3214 2429 3251 mum
2451 3214 2597 3269 quem
2626 3196 2860 3252 damnati
2873 3206 2921 3253 et
2949 3197 3145 3252 exclusi
3168 3196 3414 3252 dederant
3430 3239 3445 3263 ,
3469 3205 3869 3268 acceptaverunt
3890 3239 3905 3264 ,

576 3291 771 3348 dentes
782 3306 879 3363 per
895 3302 1088 3347 manus
1101 3289 1500 3362 impositionem
1522 3290 1728 3361 recepti
1745 3300 1861 3346 sunt
1873 3334 1887 3357 ,
1914 3292 1965 3346 in
1981 3291 2187 3348 clerum

576 3385 888 3455 promoveri
912 3397 1097 3455 posse.
1120 3383 1299 3455 [itque
1320 3383 1464 3439 istud
1486 3372 1747 3441 statutum
1778 3392 1988 3456 gratum
2022 3384 2188 3440 liabe-

571 3487 699 3533 rcnt
726 3475 1072 3532 transmarini
1121 3476 1362 3547 episcOpi
1395 3517 1407 3540 ,
1439 3476 1763 3546 legationem
1794 3476 2090 3532 solemnem
2118 3474 2187 3532 ad

579 3565 926 3623 Anastasium
974 3565 1275 3622 Romanum
1304 3574 1361 3622 et
1400 3565 1693 3621 Venerium
1724 3566 2187 3623 Mediolanensem

585 3660 852 3719 miserant
871 3676 940 3718 ex
966 3661 1202 3717 concilio
1224 3660 1640 3732 Canhaginensi
1682 3661 1867 3718 habito
1892 3678 2033 3719 anno
2055 3663 2182 3733 ibi,

581 3767 774 3811 mense
802 3752 983 3809 iunio.
1014 3752 1356 3809 Addiderunt
1383 3752 1547 3808 etiam
1575 3752 1628 3808 id
1651 3753 1794 3824 quod
1810 3753 1958 3825 prius
1991 3770 2188 3827 propo«

580 3855 823 3914 suerant,
878 3854 937 3901 ut
969 3844 1216 3901 nonnulli
1242 3843 1644 3900 Donatistarum
1691 3844 1887 3903 Clerici
1919 3848 2009 3919 qui
2062 3864 2186 3905 eum

579 3939 883 3996 honoribus
919 3946 977 3994 et
1016 3937 1266 4009 plebibus
1318 3939 1436 3992 suis
1481 3939 1710 3995 transire
1759 3938 2183 4009 desiderabant,

578 4033 746 4103 recipi
772 4038 1035 4103 possent:
1058 4031 1153 4088 sed
1177 4042 1288 4085 non
1314 4031 1431 4086 ausi
1461 4040 1587 4086 sunt
1608 4030 1748 4087 istud
1770 4043 1931 4104 caput
1968 4048 2183 4106 urgere.

580 4126 650 4181 At
670 4123 739 4181 de
761 4124 1058 4180 infantibus
1081 4121 1363 4194 baptizatis
1390 4123 1533 4195 apud
1562 4124 1875 4183 Donatistas
1896 4127 1963 4183 ad
1977 4126 2188 4183 clerum

582 4217 963 4295 promovendis
1002 4216 1226 4273 omnino
1251 4216 1602 4287 satagendum
1642 4232 1764 4274 esse
1785 4218 2054 4277 duxerunt
2085 4260 2100 4285 ,
2130 4226 2190 4277 ut

583 4311 839 4367 Afrorum
861 4310 1125 4366 voluntati
1148 4310 1499 4365 transmarini
1524 4310 1763 4382 episcopi
1785 4315 2182 4370 consentirent.

577 4405 716 4474 Quid
737 4405 805 4461 ad
824 4405 940 4460 haec
960 4402 1307 4474 responderit
1329 4402 1643 4460 Anastasius
1669 4415 1819 4461 certo
1836 4423 1944 4463 non
1969 4407 2137 4478 liquet
2167 4418 2184 4462 :

585 4514 713 4554 nam
752 4499 810 4553 in
847 4495 1078 4554 concilio
1124 4496 1534 4566 Carthaginensi
1565 4496 1758 4554 ‘habito
1783 4515 1926 4555 anno
1965 4499 2181 4567 eodem,

2292 3300 2349 3345 ut
2369 3299 2543 3345 notum
2568 3292 2666 3358 sit,
2700 3306 2855 3361 quam
2885 3291 3040 3344 stulto
3062 3290 3214 3344 corde
3240 3290 3481 3345 resistant
3502 3291 3619 3362 paci
3653 3286 3911 3344 Ecclesia:

2292 3392 2399 3439 toto
2423 3384 2542 3439 orbe
2569 3380 2804 3451 di/fuste,
2836 3398 2951 3436 cum
2979 3383 3082 3438 ista
3128 3383 3325 3455 faciant
3347 3400 3441 3453 pro
3493 3393 3641 3453 parte
3672 3382 3870 3438 Donati
3894 3423 3910 3449 ,

2294 3492 2455 3545 neque
2483 3493 2538 3530 se
2554 3476 2771 3530 istorum
2790 3490 2914 3545 quos
2940 3475 3014 3528 ita
3039 3484 3338 3546 receperunt
3358 3476 3723 3532 communione
3739 3492 3908 3549 prap-

2305 3578 2380 3624 ter
2406 3568 2652 3623 intuitum
2680 3569 2824 3640 pacis
2850 3570 3194 3625 contaminari
3224 3570 3397 3624 dicant
3430 3585 3449 3625 :
3479 3579 3524 3624 et
3556 3586 3649 3624 nos
3703 3579 3917 3624 conten-

2295 3661 2461 3727 dant,
2487 3661 2541 3715 id
2567 3671 2640 3716 est
2686 3658 2975 3715 Ecclesium
3022 3661 3327 3716 catholicam
3356 3662 3515 3716 etiam
3558 3662 3614 3716 in
3664 3659 3914 3717 extremis

2296 3763 2556 3809 terrarum
2572 3753 2805 3826 partibus
2827 3755 3157 3811 constitutam
3180 3772 3270 3826 per
3290 3772 3467 3810 eorum
3489 3757 3915 3811 cantmunionem

2296 3850 2620 3920 inquinatam
2648 3890 2663 3916 ,
2682 3865 2808 3917 quos
2842 3858 2968 3903 tunc
2998 3858 3299 3904 accusantes
3324 3848 3624 3904 convincere
3674 3849 3921 3917 nequiue-

2298 3951 2457 4009 runt,
2514 3941 2621 3996 suis
2668 3942 2863 3995 artibus
2889 3940 3271 4011 uigilantissimi
3309 3940 3561 3995 antistites
3600 3934 3919 3996 Donatistas

2296 4050 2331 4087 a
2356 4034 2632 4089 schismate
2665 4049 2907 4089 revocare
2926 4042 2974 4088 et
3001 4034 3052 4088 in
3076 4032 3359 4088 Ecclesium
3380 4034 3622 4090 inducere
3648 4051 3753 4107 pro
3780 4029 3924 4089 virili

2296 4124 2616 4197 satagebant.

2370 4219 2559 4292 Deﬁeri
2565 4220 2662 4287 ptis
2675 4230 2721 4274 et
2732 4222 2861 4275 actis
2878 4220 2915 4277 S
2926 4262 2937 4273 .
2955 4221 3088 4293 Aug.
3104 4231 3284 4275 contra
3304 4208 3639 4276 Donatis‘las:
3665 4208 3927 4277 Psalmtts

2295 4313 2827 4371 abeccdarius.-—Sed
2848 4315 2960 4387 jam
2975 4324 3184 4385 tempus
3197 4322 3363 4371 estut
3382 4314 3627 4370 dicamus
3645 4315 3723 4371 de
3750 4310 3930 4369 sancti

2294 4402 2808 4478 Augustiniseriptis
2830 4416 2883 4463 et
2904 4404 3394 4463 conﬂictationibus
3413 4407 3678 4464 adversus
3700 4403 3935 4462 Donati-

2294 4508 2409 4554 stas
2436 4500 2631 4570 quibus
2652 4498 2925 4567 lllii'racli,
2945 4496 3503 4556 debilitatiettandem
3534 4500 3665 4554 victi
3690 4508 3845 4555 sunt.
3881 4496 3932 4553 is

580 4603 766 4646 nvense
782 4587 1358 4660 Septembri,dehujns
1376 4590 1568 4645 litteris
1591 4590 1693 4645 hoc
1715 4591 2188 4660 tantumhabetur,
2217 4592 2274 4656 1)
2300 4606 2422 4646 cum
2449 4608 2591 4647 anno
2605 4592 2698 4648 59l
2720 4592 2786 4648 ad
2805 4592 3361 4666 presbyteriigradum
3376 4592 3429 4648 in
3444 4577 3694 4649 Ecclesia
3714 4594 3930 4664 [lippo-

582 4702 707 4743 eum
739 4696 966 4758 paterna:
990 4701 1050 4739 ac
1069 4690 1309 4757 fraterna:
1325 4688 1591 4741 charitatis
1618 4689 1965 4744 sollicitudine
1995 4707 2055 4744 ac
2082 4692 2191 4745 sin-

575 4784 783 4838 ceritate
812 4781 1146 4835 adhortatum
1168 4796 1275 4834 esse
1305 4779 1580 4850 Africanas
1600 4781 1854 4836 antistites
1876 4824 1889 4849 ,
1916 4794 1968 4845 ut
1990 4786 2052 4839 de
2078 4786 2188 4840 Ita:-

578 4878 855 4929 reticorum
882 4883 931 4928 et
965 4872 1407 4927 schismaticarum
1456 4874 1662 4945 injuriis
1684 4876 1866 4944 quibus
1888 4876 2189 4947 Africanam

580 4967 867 5021 Ecclesium
894 4966 1116 5035 graviter
1146 4964 1393 5019 vexabant
1426 4965 1568 5018 nullo
1594 4966 1745 5019 modo
1775 4968 2182 5027 dissimularent.

580 5058 877 5113 lndulsisse
926 5066 1104 5112 tamen
1142 5070 1264 5112 cum
1306 5065 1361 5112 ut
1418 5056 1671 5127 baptizati
1701 5059 1840 5131 apud
1874 5062 2187 5119 Donatistae

576 5151 735 5222 pueri
764 5154 987 5222 possent
1038 5148 1106 5205 ad
1134 5149 1353 5207 ordines
1384 5153 1691 5221 promoveri
1722 5153 2016 5211 verisimile
2046 5164 2131 5211 est
2161 5173 2177 5211 :

576 5259 700 5299 nam
726 5243 874 5299 circa
906 5241 1047 5295 istud
1078 5251 1240 5312 caput
1283 5242 1418 5298 nihil
1445 5243 1677 5314 amplius
1713 5244 1955 5301 Africani
1986 5256 2181 5318 petunt

574 5350 604 5389 a
635 5334 765 5390 sede
807 5332 1136 5401 Apostoiica.
1166 5332 1274 5388 Sed
1319 5334 1465 5389 circa
1491 5334 1719 5390 alterunt
1742 5337 1818 5392 de
1845 5337 2174 5408 recipiendis

572 5424 871 5482 Donatistis
898 5438 1020 5479 cum
1046 5424 1344 5481 honoribus
1367 5425 1482 5481 suis
1508 5434 1738 5482 statuunt
1761 5437 1816 5482 ut
1848 5427 2031 5485 littera:
2055 5433 2176 5487 mit-

568 5522 743 5583 tantur
783 5519 852 5574 ad
880 5518 1067 5587 fratres
1109 5526 1157 5572 et
1179 5516 1518 5591 Coepiscopos
1557 5528 1606 5575 et
1636 5522 1854 5576 maxime
1900 5523 1968 5579 ad
2003 5527 2177 5582 sedem

563 5612 903 5683 apostolicam
946 5613 1004 5666 in
1028 5626 1131 5682 qua
1168 5612 1408 5682 prtesidet
1453 5612 1794 5680 Anastasius,
1836 5633 1937 5687 quo
1978 5623 2179 5676 noverit

560 5706 746 5764 Irabere
766 5705 999 5778 Africam
1025 5718 1264 5773 magnam
1286 5704 1667 5771 necessitatem,
1697 5717 1904 5781 propter
1924 5708 2178 5770 Ecclesia:

552 5814 729 5866 pacein
774 5809 825 5856 et
864 5798 1167 5867 utilitatem,
1203 5810 1255 5857 ut
1281 5814 1345 5855 es:
1389 5797 1513 5870 ipsis
1552 5794 1843 5860 Donatistis
1871 5806 2176 5882 quicumque

2302 4688 2459 4743 nensi
2488 4695 2766 4759 promotus
2790 4686 3012 4755 fuisset,
3050 4688 3315 4758 psalmum
3346 4687 3743 4742 abecedarium
3770 4701 3931 4742 com-

2301 4781 2486 4850 posuit
2512 4779 2579 4836 ad
2610 4780 2842 4837 rudiaris
2866 4780 3049 4852 populi
3073 4790 3287 4850 captum
3320 4780 3837 4846 accommodatum,
3873 4785 3932 4832 ut

2304 4873 2356 4927 in
2388 4873 2675 4929 humillimi
2708 4874 2849 4945 vulgi
2894 4884 2951 4929 et
3003 4875 3224 4930 omnino
3256 4874 3629 4944 imperitorum
3666 4873 3931 4928 nomium

2301 4966 2588 5033 pervenire
2657 4964 2862 5020 valeret
2927 4964 3331 5020 Donatistarum
3387 4980 3549 5020 causa
3596 4979 3667 5020 ac
3732 4977 3933 5021 eorum

2296 5067 2559 5125 quantum
2590 5057 2706 5113 fieri
2736 5068 2922 5129 posset
2951 5057 3226 5114 memoria:
3257 5057 3544 5114 inhaerere.
3570 5057 3628 5113 ln
3656 5075 3734 5116 eo
3765 5062 3934 5115 totius

2292 5151 2605 5208 schismatis
2635 5152 2914 5209 historiam
2937 5164 2989 5209 et
3004 5155 3221 5210 brevem
3254 5153 3371 5224 ejus
3396 5152 3794 5210 refutationem
3834 5152 3935 5208 hu-

2290 5245 2407 5301 mili
2429 5257 2691 5319 etaperto
2719 5264 2970 5305 sermone
2999 5250 3268 5320 exposuit.
3304 5248 3416 5304 lloc
3443 5255 3627 5305 autem
3658 5251 3719 5304 in
3733 5249 3934 5304 Betra.

2287 5340 2620 5395 ctationibus
2633 5344 2948 5411 opusculum
2962 5330 3235 5411 locat'post
3250 5340 3475 5395 alterum
3488 5340 3555 5394 de
3569 5338 3687 5397 ﬁde
3704 5349 3929 5412 etsym-

2296 5431 2422 5489 bolo
2448 5435 2588 5505 quod
2616 5436 2666 5490 in
2698 5435 2927 5491 concilio
2957 5433 3289 5505 liipponensi
3309 5433 3434 5489 anni
3455 5432 3562 5488 595
3580 5432 3929 5504 composuit.

2371 5525 2525 5581 Liber
2550 5536 2728 5581 contra
2742 5526 3007 5597 epistolam
3020 5523 3531 5580 Donati—Librum
3547 5525 3722 5579 etiam
3736 5533 3930 5580 contra

2293 5620 2578 5691 epistolam
2628 5618 2819 5675 Donati
2866 5619 2955 5691 qui
3002 5618 3169 5689 partis
3217 5614 3407 5673 Donati
3460 5617 3750 5673 secundus
3808 5622 3934 5687 post

2297 5714 2380 5767 sui
2430 5721 2675 5781 tempore
2718 5711 3002 5783 scripsisse
3038 5719 3263 5767 testatur
3290 5709 3339 5764 in
3367 5707 3555 5765 eodem
3580 5706 3930 5782 presbyterii

2296 5802 2620 5877 Majorinum
2634 5805 2925 5878 episcopus
2939 5803 3108 5861 fuerat
3127 5803 3237 5872 ,lih.
3252 5801 3727 5860 Retratactionum
3754 5818 3808 5859 c.
3831 5798 3928 5857 21.
