4206 6170
344 228 447 284 815

1559 202 1913 267 ηιετοωΑ
1955 178 2572 263 DONATIS’I‘ABUM.

3662 236 3773 293 8H

344 341 458 397 Hac
497 341 550 397 in
578 334 800 408 epistola
856 333 1109 389 Donatus
1153 327 1260 386 hoc
1309 325 1529 398 agebat,
1563 333 1625 380 ut
1662 323 1897 418 nonnisi
1930 323 1990 377 in
2017 320 2078 381 A
2110 330 2163 373 et
2191 334 2337 375 nunc
2359 338 2481 418 cum
2498 324 2742 396 gregibus
2755 326 3256 393 Circumcellionum
3279 339 3413 398 inter
3441 348 3771 418 vagabando;

346 430 462 501 ejus
480 427 842 485 communione
873 425 1152 496 baptisma
1178 419 1388 477 Christi
1416 433 1541 474 esse
1563 416 1931 471 crederetur.

420 520 650 592 Epistula
667 519 731 573 ad
753 517 1130 572 Maximinum.
1154 544 1227 557 -—
1242 512 1436 568 Exstat
1458 511 1651 577 etejus
1671 506 2001 561 etiamnum

352 611 643 684 presbyteri
672 610 901 680 Epistula
933 610 1123 683 (num.
1148 607 1244 678 25)
1271 605 1343 661 ad
1363 602 1743 658 Maximinum
1765 596 2007 663 episco-

355 721 478 776 pum
511 703 822 760 Donatistam
859 701 1163 759 Siniteusis
1207 696 1422 767 oppidi,
1474 690 1573 763 qui
1632 684 2012 745 Catholicum

357 798 602 854 ecclesiae
656 795 1096 865 Mutugennensis
1143 790 1525 862 rebaptizasse
1589 781 1894 839 dicebatur
1961 784 2019 833 et

358 893 649 949 diaconum
670 906 820 947 suum
846 890 1097 958 fecerat,
1128 903 1235 959 qua
1278 900 1409 941 eum
1468 880 1740 935 hortatur
1788 882 1848 930 ut
1906 878 2017 926 aut

366 988 594 1042 fateatur
646 982 839 1038 factum
882 991 940 1037 et
983 982 1200 1053 quantis
1233 973 1484 1049 potuerit
1529 966 1890 1025 documentis
1956 965 2014 1017 in

368 1078 594 1150 epistola
626 1091 719 1132 sua
737 1073 1031 1131 defendat:
1061 1084 1151 1131 aut
1175 1072 1227 1129 si
1243 1075 1413 1141 negat
1443 1074 1503 1119 et
1532 1059 2012 1133 rebaptizandum

366 1186 473 1227 non
493 1183 619 1225 esse
637 1166 905 1224 exisumet
934 1205 951 1231 ,
982 1166 1036 1220 id
1071 1165 1241 1235 palam
1267 1158 1606 1231 profiteatur
1630 1163 1692 1209 et
1714 1154 1780 1209 ad
1803 1151 2011 1209 Eccle-

366 1265 500 1320 siam
534 1262 743 1318 redeat.
771 1259 1011 1329 Denique
1039 1257 1232 1314 invitat
1258 1268 1388 1310 eum
1431 1247 1529 1303 vel
1559 1247 1630 1304 ad
1655 1246 2003 1319 colloquium

369 1356 456 1413 vel
486 1352 554 1409 ad
574 1349 981 1409 rescribendum
1005 1360 1064 1405 ut
1088 1345 1379 1404 concordia
1401 1341 1675 1398 Ecclesire
1697 1341 1997 1398 sauciatur.

372 1449 423 1506 Is
445 1446 739 1519 episcopus
766 1453 950 1515 postea
978 1450 1107 1514 post
1136 1436 1561 1497 transmarinam
1588 1432 1998 1507 peregrinatio-

374 1556 502 1599 nem
549 1542 834 1611 amptexus
861 1545 946 1595 est
988 1534 1320 1593 catholicam
1365 1543 1555 1601 pacem
1610 1538 1666 1585 et
1695 1528 1751 1584 in
1800 1526 1997 1584 eadem

375 1636 507 1693 sede
543 1633 852 1701 remansit,
898 1639 954 1689 ut
1002 1629 1274 1687 discimus
1299 1641 1369 1681 ex
1415 1622 1646 1695 epistola
1702 1620 1996 1693 Augustini

2122 426 2312 518 greges
2371 414 2709 518 {mminarum
2749 427 2939 480 uersari
2964 468 2982 493 ,
3016 432 3155 501 quod
3201 414 3542 496 Proculeian'o
3565 461 3766 518 quoque

2129 520 2227 571 per
2257 504 2541 563 Eusebium
2569 515 2879 572 innotescere
2929 522 3047 577 vult
3067 565 3082 591 ,
3108 536 3164 580 ut
3209 545 3242 582 a
3282 546 3376 586 sua
3403 504 3761 598 communione
3837 510 3859 531 ο

2286 613 2553 701 rem-aveat
2566 606 2657 676 qui
2674 624 2778 662 non
2807 612 2869 664 ob
2907 612 3063 669 aliud
3077 618 3218 673 illam
3240 620 3451 693 delegit,
3499 629 3602 683 nisi
3632 635 3756 701 quia

2141 685 2196 738 in
2208 685 2484 750 Catholica
2502 696 2802 754 clericatum
2813 714 3029 774 propter
3040 708 3092 762 in
3099 685 3448 770 obedientiom'
3460 729 3507 772 et
3525 685 3756 790 perditos

2140 788 2591 886 inore-spumant.
2624 790 2692 847 Id
2717 810 2770 849 se
2790 795 3012 868 denique
3038 801 3304 860 observare
3330 809 3421 875 ait,
3446 820 3504 865 ut
3520 788 3748 886 quisquis

2140 876 2285 973 apud
2303 877 2608 940 Donatistas
2657 900 2865 959 propter
2915 893 3246 964 disciplinam
3295 876 3625 973 degradalus,
3645 876 3747 967 ’σά

2139 961 2454 1030 Catholicam
2497 981 2715 1035 transire
2761 986 2979 1040 voluerit
3001 1027 3018 1056 ,
3052 961 3120 1043 in
3169 961 3519 1053 humiliation
3572 961 3738 1070 paeni:

2133 1064 2307 1120 tentia:
2334 1069 2617 1141 recipiatur
2635 1114 2649 1140 ,
2675 1091 2777 1145 quo
2802 1085 2851 1131 et
2880 1079 2982 1149 ipsi
3009 1097 3126 1136 eum
3152 1086 3371 1153 forsitan
3409 1064 3643 1162 cogerent
3690 1097 3743 1150 si

2123 1160 2269 1255 apud
2285 1177 2374 1215 eos
2399 1179 2604 1221 manere
2633 1167 2890 1224 voluisset.
2917 1170 3171 1241 Epistolas
3189 1160 3537 1249 Augustiniin
3557 1186 3739 1255 quibus

2123 1251 2233 1307 haec
2264 1256 2522 1312 habentur
2547 1271 2669 1315 sunt
2698 1279 2834 1319 nunc
2862 1264 2956 1333 55,
2984 1266 3057 1323 54
3075 1277 3125 1323 et
3147 1271 3238 1326 55.

2189 1343 2509 1403 Collationes
2530 1349 2591 1406 S.
2618 1353 2892 1423 Augustini
2922 1371 3042 1411 cum
3079 1357 3385 1418 Donatistis.
3422 1391 3495 1406 —-
3524 1364 3734 1426 Habita:

2110 1445 2244 1493 sunt
2265 1438 2466 1497 deinde
2485 1457 2516 1495 a
2541 1453 2732 1501 sancto
2774 1445 3006 1503 Doctore
3033 1449 3353 1508 collationes
3384 1470 3504 1510 cum
3553 1458 3736 1514 Dona-

2109 1527 2253 1585 tistis
2275 1570 2292 1598 ,
2322 1546 2428 1587 una
2458 1547 2603 1589 anno
2630 1534 2738 1591 597
2792 1546 2888 1592 aut
2923 1539 3256 1611 insequenti,
3287 1546 3428 1616 apud
3474 1547 3734 1605 Tubuni-

2106 1638 2385 1705 cum,cqm
2398 1625 2660 1683 Fortunio
2679 1629 2957 1687 Donatista
2976 1632 3139 1704 hujus
3154 1638 3300 1693 urbis
3316 1642 3736 1712 episcopoaliis-

380 1729 506 1787 103.
535 1726 607 1785 At
656 1737 946 1799 postquam
1000 1722 1342 1795 Augustinus
1370 1718 1541 1774 lactus
1587 1727 1670 1773 est
1689 1720 2000 1788 episcopus,
2036 1725 2086 1787 Β
2112 1730 2220 1785 que
2252 1717 2550 1775 Donatistis
2572 1760 2590 1788 ,
2613 1721 2681 1776 de
2700 1737 2807 1791 qua
2829 1725 3053 1782 consule
3073 1729 3332 1797 epistolas
3355 1730 3413 1786 S.
3443 1734 3733 1805 Augustini

384 1825 689 1881 Donatistas
718 1861 735 1889 ,
766 1819 989 1892 scriptis
1016 1860 1032 1886 ,
1083 1814 1338 1887 epistolis
1366 1854 1383 1882 ,
1413 1812 1761 1868 sermonibus
1784 1851 1799 1878 ,
1828 1809 2004 1866 colla-

388 1916 624 1971 tionibus
644 1913 924 1983 exagitare
951 1924 1058 1966 non
1079 1907 1315 1964 destitit.

450 2007 855 2075 _Proculeianus~
873 2005 1114 2059 invitatus
1144 2000 1205 2055 ab
1240 1997 1530 2071 Augustino
1557 1996 1625 2052 ad
1650 1996 1998 2052 collationem.

290 2107 305 2117 ’
388 2133 461 2146 -
486 2103 646 2159 Initio
673 2103 1026 2173 episcopatus
1044 2094 1461 2153 Proculeianum
1494 2092 1661 2161 partis
1689 2090 2004 2147 Donatianae

388 2195 537 2267 apud
587 2193 890 2265 Hipponem
932 2190 1247 2261 episcopum
1279 2200 1345 2240 ac
1370 2182 1597 2255 proinde
1625 2198 1782 2239 suum
1807 2181 2003 2237 adver-

392 2290 596 2343 sarium
623 2286 734 2355 jam
761 2297 953 2340 senem
1005 2279 1073 2334 ad
1116 2278 1470 2333 collationem
1495 2289 1590 2343 per
1621 2273 1828 2329 litteras
1862 2273 2003 2326 invi-

396 2382 549 2436 tavit.
590 2378 982 2434 Proculeianus
1020 2373 1252 2443 primum
1298 2357 1648 2424 collationem
1693 2380 1815 2422 sese
1862 2364 2008 2420 haud

397 2473 650 2542 refugere
674 2469 998 2531 simularat,
1032 2463 1198 2520 modo
1239 2461 1498 2516 adessent
1526 2458 1653 2513 deni
1693 2474 1757 2513 ex
1784 2466 2011 2526 utraque

401 2572 557 2638 parte
592 2578 788 2634 graves
825 2568 883 2618 et
929 2557 1148 2615 honesti
1204 2555 1329 2611 viri.
1359 2557 1427 2609 At
1469 2560 1678 2608 mutata
1730 2551 2013 2606 voluntate

400 2659 682 2732 quaesivit,
734 2671 831 2713 cur
886 2668 997 2710 non
1045 2652 1179 2707 isset
1227 2647 1559 2718 Augustinus
1603 2644 2014 2702 Constantinam

400 2751 621 2824 quando
666 2750 741 2805 ibi
770 2750 956 2821 plures
985 2745 1093 2817 ipsi
1115 2752 1306 2807 erant,
1355 2741 1442 2796 vel
1496 2741 1670 2810 ipsum
1706 2739 1785 2794 ire
1815 2736 2016 2792 debere

403 2844 644 2902 Milevim
673 2842 765 2897 ubi
791 2838 1085 2896 concilium
1120 2835 1366 2907 proxime
1390 2830 1622 2887 habituri
1650 2838 1844 2886 erant:
1876 2826 2016 2882 indi-

404 2954 539 2995 cans
582 2951 706 2993 sese
747 2933 1054 3006 Augustino
1082 2932 1365 3000 imparem.
1392 2926 1496 2983 Per
1522 2926 1657 2981 alias
1703 2927 1906 2980 litteras
1950 2920 2019 2976 ad

410 3029 706 3087 Eusebium
729 3028 1047 3098 episc0pum
1078 3036 1293 3091 quoque
1316 3020 1648 3075 Donatistam
1667 3017 1820 3072 datas
1841 3014 2017 3071 eidem

2107 1806 2181 1863 45
2212 1817 2272 1865 et
2291 1808 2385 1867 44.
2410 1810 2531 1867 Alia
2558 1828 2657 1883 per
2677 1812 2886 1871 litteras
2907 1817 3089 1874 habita
3111 1830 3332 1877 estcum
3350 1823 3457 1881 alio
3485 1828 3732 1896 ejusdem

2107 1911 2282 1959 secta:
2310 1905 2571 1976 episcopo
2590 1947 2605 1972 ,
2641 1906 2922 1966 Honorato
2948 1912 3171 1969 nomine
3196 1924 3255 1971 et
3300 1931 3423 1972 cum
3446 1915 3731 1975 Clarentio

2103 1994 2241 2050 item
2287 1997 2585 2067 episcopo:
2638 1997 2895 2070 idemque
2924 2014 3102 2058 actum
3142 2017 3288 2061 esset
3312 2022 3438 2064 cum
3480 2010 3734 2082 Crispino

2106 2085 2424 2145 Calamensi
2474 2098 2636 2147 tntate
2666 2101 2721 2147 ct
2764 2092 2909 2149 fama
2953 2096 3093 2153 inter
3133 2113 3267 2155 suos
3292 2101 3572 2159 celebrato
3626 2100 3737 2160 nisi

2107 2193 2207 2250 per
2230 2195 2357 2236 cum
2390 2183 2655 2239 stetisset.
2715 2184 3038 2244 Severinum
3070 2192 3236 2247 etiam
3263 2196 3734 2267 consanguineum

2108 2284 2272 2327 suum
2306 2274 2555 2331 hortatus
2586 2284 2671 2331 est
2721 2293 2820 2347 per
2852 2281 3139 2350 epistolam
3191 2300 3312 2354 qua:
3343 2303 3487 2343 nunc
3526 2297 3614 2344 est
3663 2288 3735 2345 52

2109 2366 2453 2435 Augustinus
2475 2408 2491 2436 ,
2521 2379 2577 2423 ut
2600 2371 2999 2427 Donatistarum
3022 2375 3265 2431 schisma
3287 2378 3584 2437 desereret.

2185 2455 2344 2514 Liber
2370 2470 2547 2514 contra
2572 2470 2772 2531 partent
2813 2462 3029 2519 Donati.
3056 2464 3204 2520 Libri
3234 2479 3415 2536 contra
3462 2475 3733 2542 epistolam

2113 2545 2474 2605 Parmenioni.
2507 2549 2650 2605 Libri
2679 2553 2741 2606 de
2767 2552 3129 2624 baptisnto.-—-
3157 2558 3314 2615 Circa
3342 2560 3485 2617 idem
3515 2572 3733 2636 tempus

2118 2640 2343 2712 scripsit
2364 2644 2701 2715 Augustinus
2726 2645 2865 2703 duos
2895 2648 3065 2704 libros
3092 2664 3322 2720 quorum
3354 2653 3541 2710 titulus
3564 2666 3684 2713 erat
3713 2700 3728 2726 ,

2120 2732 2314 2789 Contra
2328 2747 2528 2807 partem
2554 2736 2778 2805 Donati,
2810 2739 2863 2795 in
2891 2756 3121 2812 quorum
3145 2745 3322 2814 primo
3342 2745 3595 2817 dixerat,
3629 2766 3734 2805 non

2120 2828 2218 2882 sibi
2246 2829 2452 2899 placere
2467 2830 2622 2886 ullius
2646 2832 2913 2888 sazcularis
2939 2837 3207 2903 potestatis
3227 2837 3422 2909 impetu
3442 2842 3737 2897 scltismati-

2122 2935 2207 2973 cos
2228 2920 2299 2974 ad
2317 2925 2726 2978 communionem
2752 2926 2999 2983 violenter
3019 2930 3230 2985 arctari.
3276 2929 3346 2985 Et
3373 2949 3507 3001 vere,
3532 2935 3729 3007 inquit,

2123 3021 2245 3066 tunc
2293 3015 2420 3068 mihi
2461 3032 2565 3070 non
2604 3018 2864 3087 placebat,
2928 3022 3170 3090 quoniam
3205 3025 3435 3081 nondum
3492 3037 3735 3098 expertus

343 3144 351 3150 '
409 3121 770 3179 Proculeiano
789 3116 1144 3190 exprobravit
1187 3114 1517 3185 Augusdnus
1540 3156 1556 3181 ,
1584 3112 1728 3183 quod
1758 3110 2015 3180 juvenem
2045 3112 2091 3175 (ζ
2123 3120 2265 3159 erant
2295 3108 2374 3161 uel
2418 3117 2666 3178 quantum
2696 3111 2819 3164 mali
2861 3127 3039 3166 eorum
3063 3116 3273 3170 auderet
3300 3118 3612 3187 impunitas,
3654 3120 3734 3175 vel

408 3216 502 3287 qui
532 3222 760 3269 matrem
788 3211 1002 3267 caedere
1032 3208 1228 3264 solitus
1253 3217 1370 3261 erat
1401 3221 1464 3262 ac
1494 3206 1729 3259 minatus
1757 3203 1935 3257 fuerat
1957 3215 2018 3257 se

410 3322 539 3364 cum
568 3307 633 3360 ad
662 3314 870 3376 partem
897 3301 1091 3357 Donati
1119 3299 1554 3355 transiisseteam
1574 3305 1976 3367 perempturum
2004 3334 2020 3360 ,

413 3399 750 3468 recepisset,
778 3406 833 3453 et
861 3394 1180 3464 sanguinem
1221 3393 1410 3448 matris
1439 3391 1733 3462 spirantem
1787 3387 2022 3458 rebapti-

413 3502 613 3547 zasset.
646 3491 993 3559 Rursumque
1024 3484 1459 3545 ,Proculeiauum
1515 3483 1708 3539 invitat
1754 3481 1821 3538 ad
1850 3481 2021 3537 eollo—

415 3584 605 3657 quium
627 3625 644 3651 ,
690 3584 848 3654 eique
874 3580 1045 3641 offert
1090 3588 1148 3635 ut
1173 3580 1217 3635 si
1250 3595 1309 3635 se
1338 3578 1598 3648 imparem
1644 3585 1836 3648 putet,
1866 3574 2023 3644 cujus

416 3656 654 3735 voluerit
690 3679 916 3747 collegae
946 3677 1033 3732 sui
1060 3675 1311 3746 imploret
1339 3676 1594 3730 auxiliqu
1630 3692 1644 3729 :
1676 3656 2019 3743 Quamquam,

417 3772 630 3842 inquit,
651 3780 698 3826 et
715 3772 811 3826 iste
831 3771 988 3842 quise
1010 3778 1082 3824 tot
1106 3784 1358 3823 armarunt
1382 3767 1697 3839 Episcopum
1719 3768 1841 3821 dicit
1861 3806 1876 3831 ,
1895 3765 2021 3835 quid

418 3867 476 3921 in
498 3881 577 3919 me
598 3874 777 3936 tyrone
797 3870 971 3919 timeat
1000 3862 1273 3935 quominus
1304 3878 1499 3916 mecum
1522 3862 1638 3916 velit
1659 3863 1895 3930 conferre
1914 3875 2023 3914 ser-

424 3973 628 4013 monem
653 3974 756 4012 non
785 3958 914 4012 satis
938 3955 1193 4027 intelligo.
1224 3954 1286 4011 Si
1308 3954 1594 4009 doctrinam
1619 3951 1907 4008 liberalium
1933 3952 2024 4006 lit-

421 4059 651 4105 terarum
677 4065 807 4119 quas
858 4052 993 4120 forte
1020 4046 1130 4116 ipse
1157 4056 1246 4100 aut
1277 4062 1379 4100 non
1423 4046 1600 4100 didicit
1629 4055 1716 4099 aut
1747 4044 1916 4098 minus
1938 4042 2019 4097 di-

425 4140 552 4196 dicit
575 4182 592 4208 ,
620 4141 743 4211 quid
764 4140 858 4194 ltoc
877 4139 1096 4209 pertinet
1116 4139 1185 4193 ad
1212 4155 1323 4193 eam
1348 4139 1708 4208 quaestionem,
1726 4146 1839 4207 qua:
1868 4136 1945 4190 vel
1961 4136 2025 4189 de

421 4234 615 4292 smrctt's
644 4234 928 4305 Scripturis
956 4233 1035 4286 vel
1059 4231 1379 4287 documentis
1408 4228 1785 4285 Ecclesiasticis
1809 4238 1897 4283 aut
1927 4244 2025 4299 pu-

423 4326 572 4382 blicis
600 4324 925 4379 discutienda
953 4333 1048 4392 est,
1077 4324 1131 4378 in
1158 4323 1340 4393 quibus
1367 4322 1455 4376 ille
1502 4340 1590 4392 per
1620 4332 1689 4376 tot
1718 4336 1881 4375 annos
1907 4334 2022 4374 ver-

417 4431 568 4475 satur
591 4459 607 4488 ,
631 4418 767 4473 unde
788 4418 910 4472 meis
932 4415 1131 4473 deberet
1181 4431 1290 4470 esse
1314 4414 1541 4485 peritior.
1566 4412 1830 4468 Postremo
1853 4424 1923 4468 est
1946 4413 2028 4467 hic

2121 3210 2369 3268 quantum
2388 3201 2459 3254 eis
2482 3202 2533 3255 in
2552 3203 2733 3257 melius
2751 3207 3013 3261 mutandis
3029 3210 3262 3278 conferre
3279 3222 3448 3280 posset
3466 3212 3733 3283 diligentia

2122 3291 2431 3362 disciplinw.
2461 3292 2574 3349 Hoc
2598 3309 2732 3364 opus
2748 3295 2888 3352 circa
2913 3313 3114 3355 annum
3137 3301 3241 3357 598
3255 3312 3348 3358 aut
3373 3303 3510 3369 599,
3533 3306 3600 3360 ab
3622 3306 3735 3359 Au-

2119 3387 2337 3453 gustino
2352 3384 2684 3442 elaboratum
2702 3388 2806 3445 huc
2826 3405 2996 3461 usque
3010 3392 3406 3452 desideramus.
3432 3396 3514 3454 Ad
3529 3415 3731 3459 annum

2120 3476 2228 3531 400
2283 3478 2528 3533 revocari
2575 3478 2778 3537 debent
2816 3482 3060 3553 ejusdem
3102 3486 3222 3544 libri
3294 3474 3555 3547 adversus
3613 3496 3731 3565 epi-

2122 3570 2318 3625 Stolam
2346 3570 2687 3628 Parmeniani
2737 3575 2805 3630 ad
2836 3575 2878 3630 Τ
2882 3576 3157 3636 ichonium
3199 3583 3418 3653 scripti,
3450 3585 3503 3640 in
3536 3587 3729 3656 quibus

2123 3663 2392 3719 celebrem
2421 3665 2587 3735 agitat
2612 3667 2883 3739 solvitque
2903 3672 3257 3741 quiestionem
3280 3715 3295 3740 ,
3321 3686 3494 3731 utrum
3525 3678 3579 3731 in
3610 3680 3733 3734 uni-

2125 3765 2227 3810 tate
2246 3765 2292 3810 et
2315 3758 2609 3813 earumdem
2632 3762 2986 3817 communione
3006 3777 3448 3823 sacramentorum
3470 3772 3593 3825 mali
3609 3788 3731 3827 cou-

2125 3851 2372 3906 taminent
2403 3852 2577 3907 bonos.
2608 3853 2900 3910 Pollicetur
2929 3858 2983 3913 in
3011 3858 3204 3914 eodem
3255 3876 3421 3931 opere
3463 3880 3525 3921 se
3567 3866 3726 3922 latius

2127 3952 2481 4001 tractaturum
2526 3946 2594 4002 de
2644 3946 2944 4018 baptismo,
2979 3952 3122 4021 quod
3168 3956 3494 4023 promissum
3542 3960 3726 4017 statim

2126 4035 2355 4093 exsolvit
2386 4038 2547 4094 editis
2576 4049 2784 4109 septem
2818 4042 2887 4097 de
2914 4042 3191 4114 Baptismo
3218 4048 3393 4104 libris.

2198 4129 2352 4186 Liber
2389 4141 2568 4187 contra
2593 4135 2730 4202 quod
2755 4135 2929 4190 attulit
2958 4133 3233 4194 Centurius
3261 4158 3293 4194 a
3320 4140 3623 4200 Donatistis.
3657 4176 3727 4189 --

2128 4222 2281 4279 Circa
2326 4225 2469 4279 idem
2535 4235 2746 4294 tempus
2787 4242 2908 4281 cum
2958 4230 3226 4286 attulisset
3289 4232 3358 4287 ad
3420 4233 3720 4293 Ecclesiam

2129 4316 2345 4388 quidam
2392 4317 2588 4373 Laicus
2612 4319 2830 4373 nomine
2873 4319 3161 4378 Ceuturius
3191 4327 3444 4383 nonnulla
3476 4328 3732 4387 Donatis-

2129 4417 2302 4465 tarum
2326 4411 2380 4464 in
2409 4409 2718 4467 Catholicos
2738 4411 2935 4469 dictata
2960 4414 3041 4470 vel
3071 4415 3269 4486 scripta
3295 4419 3348 4475 in
3381 4425 3561 4491 panicis
3582 4426 3729 4482 velut

419 4514 583 4584 [rater
626 4521 675 4585 et
712 4511 913 4582 collega
951 4525 1094 4565 meus
1142 4509 1441 4581 Samfucius
1489 4506 1757 4562 Turrensis
1807 4506 2030 4561 ecclesia:
2058 4503 2106 4564 D
2136 4503 2457 4561 testimoniis
2481 4520 2602 4575 qua:
2631 4519 2742 4561 sum
2769 4521 2947 4563 causai
2997 4508 3281 4582 suffragari
3312 4518 3605 4588 putabant,
3636 4520 3721 4575 his

420 4606 514 4676 qui
564 4605 732 4662 nullas
762 4604 888 4661 tales
937 4604 1119 4657 didicit
1162 4602 1341 4689 quales
1390 4604 1482 4658 iste
1509 4603 1695 4658 dicitur
1720 4600 2019 4673 formidare.

422 4695 551 4767 Ipse
575 4696 742 4763 adsit,
769 4704 891 4766 agat
910 4711 1028 4751 cum
1047 4694 1160 4749 illo.

502 4813 740 4869 Tertiam
768 4826 986 4884 quoque
1013 4810 1164 4866 dedit
1186 4824 1249 4865 ea
1280 4809 1348 4865 de
1375 4825 1436 4866 re
1458 4808 1743 4882 epistolam
1771 4809 1840 4865 ad
1871 4823 2022 4865 eum-

416 4904 553 4961 dem
576 4903 868 4960 Eusebium
897 4902 964 4958 ad
985 4916 1143 4973 quem
1164 4902 1411 4971 superior
1438 4901 1562 4957 data
1599 4911 1684 4958 est
1702 4943 1718 4971 ,
1741 4916 1844 4970 qua
1874 4916 2024 4957 com-

424 5004 617 5053 monet
631 4995 1053 5052 Proeuleianunr
1071 5002 1128 5048 ut
1145 4994 1254 5063 jam
1283 4995 1522 5049 monitus
1550 4993 1619 5049 de
1662 5009 1801 5050 caesa
1822 4994 1891 5050 ab
1920 4995 2023 5051 isto

421 5089 624 5160 juvene
648 5097 820 5144 matre
840 5126 859 5155 ,
885 5087 1028 5142 hunc
1054 5101 1084 5139 a
1119 5086 1496 5141 communione
1537 5087 1780 5157 repellat.
1812 5085 1977 5141 Addit
2006 5129 2021 5155 ,

424 5181 825 5239 Subdiaconum
848 5183 1117 5251 quemdam
1148 5179 1451 5250 Spaniensis
1474 5179 1740 5247 Ecclesiae,
1783 5183 2024 5237 vocabulo

428 5274 669 5330 Pristim
690 5316 706 5342 ,
751 5291 865 5329 cum
893 5276 958 5328 ab
989 5274 1614 5344 accesstfindisciplinata
1644 5272 2023 5328 Sanctimonia-

424 5368 564 5423 ιὶιυι
590 5366 967 5436 prohiberetur,
996 5383 1029 5420 a
1048 5366 1293 5420 clericatu
1347 5378 1597 5421 remotum
1622 5406 1636 5433 ,
1690 5377 1739 5420 et
1769 5366 2026 5421 irritatum

430 5461 677 5516 adwrsus
687 5461 1007 5530 disciplnam
1027 5460 1346 5515 transtulisse
1359 5476 1410 5513 se
1419 5462 1487 5513 ad
1500 5460 1814 5538 Donati-tas,
1833 5476 2030 5515 necnon

431 5556 502 5611 ab
519 5557 585 5610 iis
610 5556 976 5624 remittatur:
990 5570 1123 5610 esse.
1137 5552 1281 5607 Duas
1298 5553 1450 5609 etiam
1474 5553 1885 5609 sanctimoniales
1908 5568 2033 5607 con-

431 5651 779 5705 colouassaas
790 5649 853 5703 de
872 5648 1034 5719 fundo
1052 5648 1415 5705 catholicorum
1428 5646 1835 5703 Christianorum
1847 5647 1949 5718 sive
1972 5645 2035 5700 ab

428 5761 503 5800 ιο
527 5752 738 5815 raptas,
766 5744 866 5799 sive
884 5744 1055 5814 ipsum
1094 5753 1275 5815 sponte
1294 5751 1491 5800 secutas
1519 5741 1859 5812 rebaptizatas
1883 5755 1993 5796 esse
2019 5779 2035 5811 ,

2128 4596 2447 4652 brevissime
2486 4597 2762 4669 respondit
2788 4597 3119 4671 Augustinus
3168 4603 3351 4661 libello
3403 4608 3556 4678 cujus
3606 4611 3724 4667 haec

2130 4702 2245 4748 crat
2295 4692 2602 4763 inscriptio,
2633 4690 2823 4747 Contra
2842 4696 2980 4763 quod
3005 4694 3175 4751 attulit
3202 4696 3471 4756 Centurius
3493 4719 3523 4757 a
3542 4701 3724 4760 Dona-

2129 4786 2279 4841 tistis.
2306 4786 2483 4846 Hocce
2508 4788 2826 4857 opusculum
2852 4804 2959 4845 non
2982 4798 3177 4847 exstat.

2164 4910 2170 4917 ·
2190 4898 2292 4969 19
2303 4897 2444 4952 Libri
2455 4908 2633 4953 contra
2658 4898 3145 4958 Petilianutn.—-De
3156 4903 3418 4963 Petiliano
3446 4910 3723 4972 Donatista

2127 4989 2675 5047 Constantiniensium
2692 4994 2957 5065 EpiscOpo
2984 4995 3184 5051 dictum
3198 5013 3227 5052 a
3241 5000 3397 5057 nobis
3409 5013 3492 5059 est
3504 5006 3656 5064 alias.
3676 5008 3728 5063 Is

2120 5101 2250 5141 cum
2265 5101 2424 5140 unam
2436 5086 2715 5155 epistolam
2729 5098 2912 5143 contra
2927 5078 3233 5147 Catholicos
3248 5093 3556 5155 Donatiauis
3571 5119 3725 5172 pres-

2129 5177 2334 5249 byteris
2363 5188 2417 5233 et
2455 5178 2699 5234 diaconis
2721 5182 3055 5250 scripsisset,
3088 5195 3295 5254 partem
3317 5192 3434 5261 ejus
3458 5207 3727 5263 prasente

2131 5268 2428 5325 Fortunato
2456 5270 2696 5341 ejusdem
2723 5273 2823 5327 loci
2847 5274 3402 5352 Catholicoepiscopo
3436 5296 3490 5339 et
3531 5285 3728 5359 Alypio

2133 5362 2448 5435 Tagastensi
2480 5363 2537 5419 S.
2571 5366 2704 5435 Aug.
2740 5364 3055 5422 obtulerunt
3084 5369 3243 5441 hujus
3263 5374 3412 5429 urbis
3440 5375 3727 5436 Catholici.

2135 5457 2328 5514 Statim
2345 5459 2433 5513 ille
2447 5456 2861 5528 hujusepistolae
2872 5460 3232 5532 fragmentum
3248 5467 3498 5525 refellere
3510 5486 3731 5542 aggres-

2139 5564 2234 5606 sus
2258 5592 2274 5619 ,
2317 5551 2478 5621 idque
2506 5550 2644 5606 libro
2670 5551 2845 5621 [trimo
2882 5556 3138 5610 confecit.
3183 5558 3387 5615 Deinde
3428 5576 3550 5616 cum
3594 5566 3734 5621 inte-

2142 5659 2291 5714 gram
2322 5644 2569 5701 Petiliaui
2600 5645 2983 5717 intercepisset
3007 5648 3289 5719 epistolam
3314 5652 3512 5710 librum
3542 5671 3737 5715 secun-

2146 5737 2274 5796 dum
2300 5740 2361 5798 in
2383 5754 2507 5799 eam
2551 5737 2880 5811 conscripsit
2914 5740 3140 5798 sedente
3182 5742 3465 5803 Anastasio
3495 5746 3743 5810 Ruinam
