4206 6170
594 278 695 334 815

1985 268 2450 329 PROLEGOMEN
2458 274 2491 328 A
2504 311 2517 327 .

3784 271 3884 330 816

592 386 866 459 pontifice,
891 392 984 439 aut
1004 383 1194 438 saltem
1216 381 1366 437 obitu
1385 382 1527 453 ejus,
1549 382 1639 452 qui
1663 382 1851 438 incidit
1875 362 1926 437 in
1950 383 2092 440 diem
2116 383 2188 438 27
2216 388 2268 447 A
2292 386 2550 442 satisfeci:
2573 396 2622 442 et
2640 386 2836 442 librum
2856 401 2965 458 quo
2979 385 3272 456 respondet
3296 387 3549 443 eumdem
3571 387 3781 444 titulum
3796 388 3885 443 lia-

589 478 793 550 Aprilis
829 478 950 530 anni
994 474 1105 529 402
1141 473 1377 528 nondum
1421 487 1737 543 comperto,
1785 476 1836 528 in
1871 491 1974 545 qua
2021 475 2189 531 verba

585 572 792 642 singula
841 568 1087 623 Petiliani
1142 566 1310 622 refert
1355 577 1408 622 et
1455 581 1608 621 suam
1655 568 1722 622 iis
1773 569 2189 637 responsionem

589 665 830 734 subjicit.
864 662 970 718 Sed
1004 662 1156 733 prius
1184 662 1235 716 id
1267 661 1412 732 quod
1443 662 1742 731 scripserat
1771 661 2035 717 adversus
2070 678 2190 731 par-

588 768 693 814 tem
719 757 985 827 epistolae,
1020 756 1268 826 pervenit
1291 756 1355 809 ad
1387 754 1712 809 Petiliamnn
1741 756 1829 823 qui
1858 755 2190 826 respondere

586 861 814 906 conatus
836 856 941 913 est,
978 849 1065 904 cui
1096 847 1441 919 responsioni
1472 848 1689 903 tertium
1716 848 1911 903 librum
1937 849 2192 920 opposuit

584 942 942 1013 Augustinus.

655 1036 811 1091 Liber
837 1036 901 1089 de
926 1036 1408 1091 unitatc'Ecclesiaz.
1435 1066 1508 1076 --
1537 1037 1839 1107 Antequam
1871 1037 2012 1092 edita
2043 1044 2191 1092 esset

583 1132 683 1187 ista
706 1131 991 1201 responsio
1016 1130 1297 1199 epistolam
1325 1131 1392 1185 ad
1414 1130 1722 1186 Catltolicos
1750 1132 2015 1202 quivulgo
2034 1130 2189 1184 Liber

583 1227 647 1278 de
689 1223 895 1280 Unitate
946 1222 1193 1278 Ecclesiae
1248 1222 1480 1289 dicitur,
1525 1224 1917 1295 con:cripsisse
1952 1224 2184 1279 videtur.

583 1316 716 1371 Nam
743 1316 900 1387 hujus
928 1317 1082 1371 initio
1110 1317 1353 1371 meminit
1382 1316 1612 1372 duorum
1653 1319 1891 1385 priorum
1926 1317 2184 1374 librorum

581 1414 635 1468 in
664 1412 1020 1479 Petilianum,
1054 1428 1160 1466 non
1193 1413 1358 1468 tertii.

651 1504 798 1559 Libri
822 1514 998 1559 contra
1028 1504 1851 1562 Cresconium.——Grammaticus
1874 1507 2037 1562 etiam
2066 1506 2186 1578 qui-

584 1598 708 1653 dam
762 1598 1036 1653 DonatiSIa
1085 1599 1412 1655 Cresconius
1455 1615 1577 1655 cum
1635 1602 1927 1657 invenisset
1953 1601 2184 1672 primutn

580 1693 866 1763 Augustini
890 1694 1084 1747 librum
1116 1694 1167 1747 in
1190 1693 1532 1760 Petilianum,
1549 1698 1750 1765 putavit
1774 1696 1823 1750 ei
1842 1694 2185 1764 responden-

2294 479 2424 535 bere
2453 480 2623 533 voluit
2651 479 2730 534 De
2760 480 2915 534 unico
2939 480 3217 552 baptismo.
3251 482 3351 537 Hic
3385 481 3523 537 liber
3550 492 3745 539 exstat.

2364 569 2482 626 Non
2510 580 2694 627 exstat
2732 573 2872 626 alius
2901 573 3127 644 grandis
3159 574 3294 630 liber
3317 570 3511 629 contra
3547 574 3881 642 Donatistas,

2291 663 2345 717 in
2374 677 2480 733 quo
2505 662 2826 719 ostendebat
2857 679 3045 719 eorum
3076 665 3338 722 adversus
3363 665 3669 722 Ecclesium
3693 665 3883 723 Catho-

2295 756 2449 810 licam
2499 756 2724 825 impium
2764 771 2829 813 ac
2869 758 3318 828 superbissimum
3348 775 3591 816 errorem
3624 762 3736 817 sola
3768 762 3886 817 lun-

2292 849 2437 905 ditus
2470 848 2991 909 Maximianistarum
3024 869 3186 910 causa
3213 855 3475 911 subverti.

2363 941 2619 999 Catholici
2645 942 2944 1000 Donatista:
2963 947 3033 1000 ad
3052 947 3379 1003 collationem
3396 948 3636 1004 invitant.
3661 980 3730 992 —
3750 950 3886 1008 Dum

2297 1036 2415 1091 lucc
2449 1036 2699 1104 privatim
2746 1038 2798 1092 in
2829 1039 3134 1094 Donatistas
3173 1039 3396 1095 molitur
3422 1042 3789 1112 Augustinus,
3833 1042 3884 1099 id

2293 1128 2525 1200 agebant
2552 1128 2791 1186 Africani
2820 1132 3059 1203 episcopi
3085 1143 3142 1188 ιιι
3169 1134 3480 1190 Donatistae
3507 1137 3697 1206 quovis
3725 1139 3885 1195 modo

2292 1222 2359 1276 ad
2385 1222 2736 1278 collationem
2766 1224 3132 1294 adducerent,
3164 1227 3267 1282 rati
3298 1227 3440 1283 nulla
3471 1228 3577 1283 alia
3603 1234 3684 1283 via
3712 1230 3888 1287 schis-

2294 1313 2523 1370 maticos
2549 1316 3005 1373 aut'reconciliari
3028 1328 3121 1372 aut
3146 1320 3394 1390 superari
3425 1335 3607 1391 posse.
3637 1322 3805 1394 Igitur
3833 1324 3884 1379 iu

2292 1407 2526 1464 concilio
2555 1409 2797 1477 generali
2840 1411 3218 1481 episcOporum
3257 1413 3455 1470 Africae
3481 1429 3621 1470 anno
3642 1415 3770 1486 403,
3798 1416 3886 1475 die

2291 1500 2364 1556 25
2404 1503 2654 1574 Augusti,
2697 1504 3010 1575 Carthagini
3059 1505 3251 1561 habito
3267 1506 3542 1563 decretum
3578 1517 3681 1573 est,
3706 1520 3765 1564 ut
3801 1524 3890 1565 so-

2292 1597 2458 1652 lemni
2499 1597 2866 1653 instrumento
2896 1609 3324 1669 provocarentur
3354 1601 3646 1657 Donatista:
3685 1603 3751 1655 ad
3774 1603 3891 1658 col-

2291 1690 2549 1746 lationem
2578 1690 2886 1746 babendam
2917 1692 3060 1747 inter
3089 1690 3336 1748 delectos
3364 1707 3433 1748 ex
3469 1704 3696 1765 utraque
3734 1702 3890 1763 parte

579 1785 801 1849 dum,et
825 1787 1233 1854 responsionem
1248 1802 1398 1841 suam
1420 1787 1486 1841 ad
1509 1787 1877 1858 Augustinum.
1898 1788 2064 1842 misit.
2086 1785 2182 1841 Cui
2214 1773 2263 1833 Β
2291 1783 2594 1854 episcopos.
2626 1782 2803 1840 Simul
2834 1800 2863 1838 a
2893 1784 3216 1853 Septiminio
3240 1785 3515 1855 petierunt
3549 1798 3603 1842 et
3638 1786 3891 1842 obtinue-

582 1879 734 1946 operi
763 1877 915 1932 libris
947 1887 1180 1947 quatuor
1208 1878 1301 1933 ille
1330 1879 1643 1948 respondit,
1673 1880 1742 1932 ita
1772 1894 1904 1933 sane
1936 1888 1995 1932 ut
2015 1878 2187 1933 tribus

580 1972 1011 2042 perageretquod
1028 1971 1277 2027 universa
1301 1972 1585 2040 responsio
1610 1972 1903 2041 ﬂagitabat.
1930 1972 2034 2025 Sed
2057 1986 2181 2027 cum

580 2064 789 2119 videret
815 2064 883 2118 de
912 2064 1021 2117 sola
1039 2062 1547 2118 Maximianensium
1579 2079 1737 2118 causa
1753 2079 1856 2133 qua
1872 2063 2182 2118 suosscliis-

580 2156 809 2210 maticos
839 2154 1232 2209 damnaverunt
1262 2166 1315 2210 et
1344 2170 1531 2210 eorum
1558 2156 1769 2224 aliquos
1782 2153 2058 2209 rursmnin
2071 2153 2183 2209 suis

577 2249 874 2305 honoribus
887 2259 1231 2319 receperunt,
1252 2248 1481 2320 baptism
1490 2264 1686 2319 umque
1697 2249 1763 2304 ab
1778 2248 1856 2303 eis
1871 2258 2021 2304 extra
2035 2263 2183 2303 coni-

577 2344 889 2399 munionem
921 2360 1079 2399 suam
1107 2345 1288 2398 datum
1315 2360 1421 2398 non
1445 2346 1834 2414 repetiverunt,
1862 2343 2179 2414 responderi

578 2454 737 2507 posse
759 2440 826 2493 ad
847 2449 1040 2493 cuncta
1057 2456 1173 2508 qua:
1188 2439 1436 2509 scripsit,
1450 2450 1701 2509 quartum
1725 2439 1923 2493 librum
1946 2438 2173 2508 adjecit,

573 2530 626 2584 in
657 2547 764 2601 quo
793 2531 843 2586 id
858 2542 1117 2602 quantum
1131 2530 1609 2602 potnitdiligentcr
1623 2543 1670 2587 et
1688 2531 1969 2587 evidenter
1990 2541 2176 2586 osten-

573 2625 674 2679 dit.
714 2625 942 2692 Quando
979 2635 1157 2679 autem
1199 2624 1299 2679 hos
1327 2634 1557 2695 quatuor
1589 2623 1754 2678 libros;
1797 2623 2038 2693 scripsit,
2063 2623 2174 2693 jam

571 2725 758 2772 contra
787 2716 1096 2770 Donatistas
1127 2716 1271 2786 leges
1300 2715 1526 2770 dederat
1548 2715 1822 2770 llonorius
1847 2714 2170 2784 Imperator.

572 2807 650 2862 Ita
682 2809 1014 2879 Augustinus
1044 2810 1159 2877 ipse
1187 2808 1253 2862 de
1284 2811 1386 2861 lmc
1414 2822 1580 2877 opt-rc
1610 2806 1664 2860 in
1702 2807 1796 2860 lib.
1826 2823 1863 2861 ιι
1895 2807 2173 2862 Retracto-

576 2900 806 2965 tionum,
842 2916 907 2956 ex
932 2901 1127 2971 Quibus
1160 2899 1512 2969 intelligimus
1538 2901 1799 2968 scriptum
1824 2908 1947 2969 post
1966 2914 2170 2955 annum

571 2995 698 3060 406,
732 3009 853 3048 cum
883 2995 1027 3064 leges
1055 2993 1282 3049 Honorii
1315 2993 1383 3048 de
1415 2994 1610 3062 quibus
1642 2992 1880 3063 loquitur
1902 2993 2042 3048 data:
2063 2992 2172 3049 sint

572 3101 715 3141 anno
741 3086 871 3145 405.

2290 1885 2415 1930 runt
2465 1886 2577 1930 tum
2618 1877 2977 1932 conveniendi
3024 1878 3375 1953 Douatistas,
3422 1888 3535 1933 tum
3579 1877 3889 1948 inquirendi

2288 1968 2356 2025 de
2410 1971 2578 2040 gestis
2637 1971 2689 2024 in
2748 1985 2909 2025 causa
2981 1962 3525 2026 Maximianistarum.
3590 1972 3890 2027 Donatista:

2288 2078 2532 2132 procsuo
2579 2077 2733 2118 more
2774 2062 3127 2118 collationem
3179 2070 3519 2117 recusarunt.
3564 2061 3715 2116 Tunc
3775 2062 3893 2132 epi-

2285 2156 2479 2210 stolam
2535 2155 2687 2210 laicis
2716 2156 2960 2225 ejusdem
3012 2166 3175 2212 sectae
3228 2157 3444 2224 scripsit
3499 2156 3842 2227 Augustinus
3873 2198 3889 2223 ,

2283 2259 2343 2304 ut
2392 2265 2457 2305 ex
2525 2249 2625 2303 hac
2687 2251 3065 2321 episcoporum
3129 2249 3510 2320 repudiatione
3568 2258 3888 2320 suspectam

2281 2356 2459 2396 causae
2490 2356 2604 2397 suae
2628 2343 2890 2411 justitiam
2920 2343 3139 2398 tandem
3169 2342 3373 2398 habere
3399 2343 3695 2399 discerent.

2353 2433 2643 2491 Donatistis
2675 2436 2868 2490 irritati
2899 2436 2961 2491 ob
2993 2436 3127 2491 hanc
3163 2437 3598 2507 provocationem.
3630 2435 3823 2511 Legati
3858 2454 3893 2491 ιι

2278 2527 2560 2584 Catholicis
2608 2530 2676 2582 ad
2725 2530 3089 2603 imperatorem
3132 2530 3298 2583 missi.
3347 2559 3421 2570 —
3472 2531 3540 2584 At
3583 2528 3893 2586 Donatista

2277 2637 2385 2692 quo
2412 2622 2736 2677 clementius
2765 2631 2820 2678 et
2847 2623 3134 2677 instantius
3164 2622 3537 2679 invitabantur
3565 2622 3633 2677 ad
3666 2638 3889 2693 pacem,

2278 2728 2344 2770 co
2369 2714 2602 2769 ferocius
2624 2729 2687 2770 ac
2711 2715 2908 2769 suavius
2941 2716 2992 2768 in
3016 2715 3336 2771 Catholicos
3366 2715 3549 2772 furere
3570 2729 3890 2787 coeperunt.

2278 2807 2608 2876 Argumento
2660 2821 2783 2862 esse
2815 2816 2992 2877 potest
3034 2805 3336 2877 Crispinus,
3381 2807 3722 2864 Calamensis
3769 2809 3897 2879 epi-

2275 2914 2490 2970 sc0pus,
2515 2915 2722 2970 magna:
2743 2901 2884 2954 inter
2906 2915 3036 2955 suos
3058 2899 3418 2967 auctoritatis,
3446 2901 3535 2970 qui
3570 2900 3895 2957 Possidium

2272 2993 2517 3061 ejusdem
2548 2993 2781 3048 civitatis
2805 2992 3146 3049 Catliolicum
3174 2994 3495 3063 episcopum
3521 2993 3603 3049 sic
3639 2994 3896 3049 insecta-

2274 3095 2359 3139 tus
2385 3095 2488 3152 cst,
2522 3094 2581 3140 ut
2607 3085 2652 3139 is
2685 3087 2778 3139 vix
2805 3084 2929 3155 fuga
2962 3084 3122 3140 saluti
3149 3098 3265 3139 sua:
3294 3084 3584 3140 consulere
3613 3085 3894 3155 potuerit.

638 3180 784 3235 Libri
816 3180 1191 3236 Probationum
1224 3192 1270 3237 et
1293 3183 1696 3236 testimoniorum
1719 3192 1897 3237 contra
1918 3181 2168 3236 Donatis-
2195 3151 2241 3215 Ο
2272 3176 2352 3233 Ob
2381 3177 2497 3233 haec
2526 3188 2581 3234 et
2613 3178 2718 3231 alia
2752 3176 2995 3233 facinora
3026 3177 3313 3245 CriSpinus
3342 3177 3394 3231 in
3418 3177 3690 3246 judicium
3720 3192 3898 3233 voca-

570 3286 667 3329 tas.
680 3275 999 3330 ——Posthazc
1017 3286 1073 3330 ut
1090 3277 1158 3330 ad
1172 3276 1472 3331 Donatistas
1485 3277 1822 3348 pervenirent,
1840 3277 2012 3349 inquit
2025 3277 2166 3333 idem

568 3369 903 3436 Augustinus
933 3368 1091 3434 ibid.,
1127 3379 1308 3422 contra
1337 3384 1511 3422 eorum
1537 3384 1760 3422 errorem
1784 3379 1833 3423 et
1858 3385 1952 3439 pro
1984 3367 2163 3423 catho-

567 3460 667 3515 lica
698 3463 909 3516 veritate
930 3464 1215 3517 necessaria
1243 3463 1551 3515 documenta
1579 3463 1754 3516 curavi
1775 3464 1878 3517 sive
1899 3462 1962 3516 de
1984 3462 2165 3518 Eccle-

562 3555 818 3621 siasticis,
852 3557 959 3609 sive
983 3556 1047 3609 de
1074 3554 1292 3623 publicis
1322 3556 1497 3625 gestis,
1521 3555 1625 3607 sive
1654 3553 1718 3607 de
1748 3553 2038 3621 Scripturis
2067 3555 2163 3620 Ca-

562 3649 793 3713 nonicis,
827 3657 873 3702 et
909 3648 1074 3717 primo
1105 3646 1174 3699 ad
1211 3646 1329 3700 illos
1360 3645 1539 3699 eadem
1581 3646 1836 3716 promissa
1868 3646 2068 3711 direxi,
2105 3655 2164 3699 ut

556 3743 659 3813 ipsi
683 3761 743 3797 ea
773 3742 817 3796 si
841 3742 952 3811 ﬁeri
984 3750 1152 3809 posset
1192 3749 1543 3809 exposcerent.
1595 3736 1722 3805 Qua:
1766 3754 1881 3791 cum
1910 3739 2161 3793 venissent

558 3835 613 3888 in
651 3851 823 3889 eorum
861 3833 1203 3900 quorumdam
1242 3834 1424 3884 manus
1449 3872 1464 3898 ,
1511 3830 1682 3883 nescio
1709 3831 1823 3900 quis
1851 3830 2042 3885 exstitit
2072 3829 2159 3898 qui

558 3941 653 3980 suo
682 3926 884 3980 nomine
912 3925 1065 3978 tacito
1096 3932 1273 3976 contra
1305 3922 1413 3976 Iure
1441 3920 1702 3984 scriberet,
1731 3921 1807 3973 ita
1836 3936 1889 3975 se
1911 3920 2159 3990 conﬁtens

559 4016 888 4071 Donatistam
930 4027 1186 4085 tamquam
1228 4015 1322 4067 hoc
1361 4022 1647 4067 vocaretur.
1698 4010 1795 4066 Cui
1830 4029 1922 4083 ego
1953 4021 2177 4082 respou—°

558 4112 681 4164 deus
710 4110 871 4163 alium
917 4109 1101 4163 librant
1142 4108 1343 4178 scripsi.
1393 4106 1500 4159 Illa
1538 4121 1655 4159 vero
1696 4105 2002 4160 documenta
2041 4120 2156 4175 qua:

554 4208 886 4278 promiseram
902 4204 1083 4277 junxi,
1118 4212 1161 4256 et
1191 4218 1254 4256 ea:
1276 4210 1492 4271 utroque
1519 4217 1675 4253 unum
1704 4216 1811 4255 esse
1836 4200 1995 4261 volui,
2024 4217 2159 4255 eum-

552 4317 651 4369 que
689 4300 765 4353 sic
800 4299 973 4362 edidi,
1003 4306 1056 4349 ut
1082 4297 1135 4349 in
1162 4295 1441 4365 parietibus
1471 4294 1697 4348 basilica:
1715 4310 1830 4364 qua:
1854 4291 2154 4350 Donatista-

553 4408 670 4445 rum
703 4394 870 4462 fuerat
912 4391 1055 4461 prius
1094 4388 1406 4458 praepositus
1450 4387 1736 4459 legeretur,
1789 4378 1935 4459 cujus
1977 4388 2154 4442 titulus

552 4492 660 4548 est,
698 4482 1086 4536 Probationum
1116 4491 1171 4535 et
1210 4480 1645 4535 testimoniorum
1674 4490 1861 4535 contra
1894 4480 2150 4535 Donatis-

2273 3277 2358 3324 tus
2400 3278 2452 3324 et
2480 3278 2751 3339 tamquam
2793 3268 3083 3325 liaireticus
3120 3277 3407 3325 accusatus
3433 3311 3448 3335 ,
3479 3285 3603 3326 cum
3637 3287 3711 3328 ex
3747 3286 3901 3342 pm.

2270 3366 2476 3436 scripto
2511 3366 2648 3436 legis
2676 3364 3077 3420 Tlteodosiante
3116 3364 3243 3420 anni
3290 3363 3398 3420 392
3430 3364 3622 3421 decem
3665 3366 3797 3422 auri
3828 3365 3900 3420 li-

2268 3456 2487 3513 brarum
2540 3457 2795 3513 mulctam
2853 3456 2959 3512 sibi
3012 3457 3321 3528 impositam
3372 3457 3636 3523 vidisset,
3694 3471 3899 3514 coram

2265 3552 2591 3622 proconsule
2620 3567 2837 3607 causam
2881 3567 3034 3607 suam
3074 3567 3170 3621 per
3198 3550 3434 3607 triduum
3470 3553 3772 3620 peroravit
3807 3563 3897 3607 at-

2265 3659 2371 3714 que
2406 3643 2649 3700 haeretici
2681 3644 2891 3700 crimen
2934 3660 2963 3699 a
3005 3660 3065 3701 se
3105 3643 3322 3699 amoliri
3347 3653 3577 3700 conatus
3617 3655 3737 3701 est.
3780 3644 3901 3704 Sed

2257 3735 2460 3807 justam
2511 3752 2573 3792 ac
2621 3736 2918 3808 legitimam
2967 3736 3131 3793 fuisse
3177 3737 3280 3792 hoc
3330 3739 3554 3791 nomine
3597 3738 3899 3808 prolatam

2262 3829 2591 3885 sententiam
2618 3827 2902 3884 Possidius
2928 3830 2981 3883 in
3021 3829 3231 3899 publica
3258 3828 3639 3899 disputatione
3681 3830 3905 3900 proba-

2262 3920 2373 3985 vit;
2420 3931 2475 3977 et
2503 3931 2681 3977 tamen
2712 3923 2939 3977 remissa
2970 3922 3201 3978 Possidii
3235 3932 3424 3993 rogatu
3448 3924 3657 3978 mulcta
3686 3965 3705 3991 ,
3735 3924 3908 3980 Cris-

2258 4014 2418 4084 pinus
2447 4016 2830 4084 imperatorem
2857 4014 3151 4085 appellavit
3190 4015 3285 4085 qui
3315 4015 3563 4071 eamdem
3598 4017 3901 4072 mulctam

2258 4106 2360 4175 ipsi
2388 4105 2713 4175 exterisque
2746 4105 3042 4161 Donatistis
3073 4106 3289 4161 inﬂixit.
3316 4105 3453 4161 Cum
3486 4106 3606 4161 haec
3637 4123 3907 4179 ageren-

2256 4203 2345 4251 tur
2399 4195 2881 4252 Circumcelliones
2925 4197 2979 4252 in
3026 4197 3411 4253 Maximianum
3462 4197 3906 4269 Bagaiensem,

2256 4289 2348 4360 qui
2392 4290 2672 4345 basilicam
2715 4290 2923 4361 legibus
2953 4291 3248 4361 repetierat
3288 4301 3342 4347 et
3385 4292 3437 4346 in
3483 4292 3746 4350 Servum
3789 4295 3912 4350 Tu-

2257 4383 2601 4440 bursicuburi
2641 4385 2992 4454 episcopum,
3033 4385 3127 4455 qui
3154 4385 3314 4440 aliam
3355 4385 3577 4455 petebat
3616 4388 3911 4460 aliosque

2257 4478 2541 4547 episcopos
2566 4518 2580 4543 ,
2621 4477 2853 4533 clericos
2880 4519 2895 4543 ,
2924 4486 2977 4532 ct
3008 4478 3176 4534 laieos
3207 4489 3313 4533 tam
3339 4478 3609 4535 atrociter
3643 4482 3911 4552 grassati

551 4587 657 4634 tas.
704 4576 930 4631 Alterius
966 4574 1086 4629 libri
1118 4591 1265 4645 quem
1300 4591 1459 4644 supra
1488 4573 1901 4633 commemoravi,
1941 4573 2149 4627 titulum
2176 4540 2232 4601 Β
2257 4580 2314 4625 ιιι
2363 4570 2582 4626 concilii
2631 4568 3080 4641 Cartltaginensis
3120 4586 3263 4626 anno
3308 4570 3414 4627 404
3454 4570 3644 4629 habili
3692 4574 3912 4630 Patres

550 4688 657 4724 esse
684 4670 842 4733 volui,
874 4669 1076 4724 Contra
1106 4667 1288 4721 nescio
1315 4680 1475 4736 quem
1504 4666 1858 4718 Donatistam.

623 4762 917 4816 Admonitio
960 4759 1349 4813 Donatistarum
1385 4756 1451 4809 de
1494 4754 1913 4809 Maaimianistis.
1953 4783 2018 4794 --
2051 4754 2147 4812 llis

550 4855 762 4909 duobus
803 4853 957 4907 libris
998 4853 1088 4922 qui
1145 4865 1290 4906 nunc
1345 4848 1761 4914 desiderantur,
1808 4847 1998 4903 tertius
2051 4850 2145 4920 qui

546 4949 781 5004 amissus
831 4960 1047 5017 quoque
1085 4951 1190 5011 est,
1225 4940 1550 5003 accedebat,
1585 4942 1671 4996 cui
1718 4942 1909 4996 titulus
1946 4942 2142 4996 Admo-

544 5040 669 5094 nitio
724 5037 1116 5092 Donatistarum
1158 5033 1221 5086 de
1279 5033 1717 5099 Maximianistis,
1780 5036 1870 5105 qui
1921 5034 2136 5106 quidem

540 5133 769 5189 libellus.
787 5139 905 5185 erat
934 5126 1312 5193 brevissimus,
1346 5136 1405 5180 ut
1436 5138 1619 5195 posset
1644 5126 1906 5184 facilitate
1934 5128 2137 5185 descri-

540 5224 705 5279 bendi
742 5223 793 5274 in
827 5221 1060 5289 plurium
1095 5234 1287 5273 manus
1328 5220 1635 5286 pervenire,
1669 5230 1723 5276 et
1755 5222 1869 5290 ipsa
1896 5221 1980 5275 sui
2012 5221 2133 5277 bre-

540 5315 710 5367 vitate
740 5311 952 5366 facilius
981 5312 1259 5366 memoriat
1289 5312 1679 5367 cmnmendari.

614 5405 1744 5475 Liberdeunicobaptismo.—Postaliquod
1779 5416 2013 5475 tempus,
2040 5407 2135 5463 sed

541 5509 667 5555 ante
680 5499 1023 5554 collationem
1036 5495 1517 5565 Carthaginensem
1532 5536 1549 5561 ,
1563 5511 1685 5550 cum
1699 5497 1906 5551 amicus
1917 5498 2134 5567 quidam

536 5595 681 5649 illius
693 5609 721 5647 a
737 5591 921 5649 nescio
934 5588 1323 5660 quoDonatista
1339 5588 1660 5659 presbytero
1677 5588 1875 5644 librum
1887 5587 2137 5647 Petiliani

532 5688 600 5744 de
616 5682 1436 5755 unicobaptismoaccepissetet
1454 5681 1524 5738 ad
1551 5682 1905 5755 Augustinum
1919 5685 2134 5741 attulis-

525 5795 632 5851 set,
658 5786 818 5843 enixe
835 5794 1031 5851 rogans
1045 5781 1197 5842 illum
1211 5783 1271 5835 ιιι
1283 5777 1332 5836 ei
1347 5774 1736 5851 responderet,
1754 5776 2003 5852 precibus
2013 5780 2132 5855 ejus

2250 4662 2337 4719 die
2358 4663 2429 4719 26
2453 4662 2597 4719 Junii
2623 4662 2913 4718 Tlteasium
2941 4673 2996 4720 et
3022 4663 3286 4719 Evodium
3314 4664 3518 4733 legatos
3568 4667 3654 4720 ad
3706 4667 3906 4738 impe-

2251 4763 2487 4811 ratorem
2526 4754 2819 4831 mittendos
2861 4769 2985 4811 esse
3024 4755 3378 4820 censuerint,
3408 4756 3497 4825 qui
3522 4757 3577 4811 ei
3621 4771 3908 4831 expone-

2249 4856 2373 4903 rent
2411 4864 2573 4915 quam
2617 4830 2875 4902 immania
2918 4864 2947 4903 a
2980 4848 3278 4903 Donatistis
3307 4848 3362 4903 iu
3402 4830 3760 4910 Catltolicus
3804 4869 3911 4925 pa-

2249 4947 2545 5007 trarentur,
2573 4940 2773 5010 quique
2800 4950 3087 5010 poscerent
3117 4950 3175 4995 ul
3199 4942 3455 4997 Ecclesiae
3476 4943 3734 5002 tuitioni
3764 4960 3908 5018 pro-

2252 5030 2505 5085 viderent
2541 5048 2607 5087 ac
2652 5032 2823 5103 legem
2866 5032 3157 5089 Theodosii
3189 5032 3588 5104 promulgatam
3626 5037 3697 5092 in
3732 5038 3909 5095 ordi-

2255 5134 2477 5179 natores
2500 5124 2583 5178 vel
2611 5124 2890 5180 ordinatos
2918 5124 3201 5179 bmreticos
3227 5140 3325 5180 seu
3350 5126 3512 5180 etiam
3540 5128 3613 5182 in
3650 5143 3911 5197 posses-

2245 5229 2405 5272 sorcs
2447 5217 2688 5273 locorum
2728 5218 2782 5272 in
2815 5219 3012 5289 quibus
3047 5234 3234 5275 eorum
3263 5220 3635 5289 congregatio
3685 5223 3910 5294 depre-

2249 5307 2526 5375 henditur,
2551 5310 2965 5378 confirmarent,
2993 5312 3124 5365 et‘in
3152 5311 3462 5366 Donatistas
3484 5310 3705 5371 valere
3728 5316 3906 5387 jube-

2246 5410 2389 5457 rent.
2431 5400 2693 5457 Similiter
2732 5411 2787 5457 ut
2825 5404 2928 5457 alia
2971 5404 3059 5459 lex
3085 5418 3211 5474 qua:
3244 5402 3312 5458 de
3342 5401 3644 5461 haereticis
3688 5411 3794 5465 vel
3829 5425 3900 5466 ex

2245 5494 2623 5551 donationibus
2650 5495 2736 5549 vel
2762 5511 2834 5551 ex
2869 5497 3207 5552 testamentis
3230 5493 3436 5565 aliquid
3473 5496 3777 5565 capiendi
3808 5499 3901 5557 vel

2244 5588 2585 5660 relinquendi
2607 5588 2699 5657 jus
2726 5589 2949 5656 adimit,
2977 5598 3346 5657 repeteretur;
3378 5589 3449 5642 ita
3475 5595 3697 5650 tamen
3730 5607 3801 5652 ut
3827 5597 3902 5653 iis

2244 5682 2333 5754 qui
2361 5681 2797 5739 consideratione
2822 5683 3047 5738 unitatis
3082 5690 3140 5737 et
3174 5681 3321 5753 pacis
3344 5695 3402 5737 se
3429 5683 3759 5756 corrigere
3788 5705 3898 5744 vo-

2244 5778 2478 5847 iuerint,
2508 5776 2838 5840 haereditatis
2876 5776 3318 5851 aditus-pateret,
3350 5775 3395 5832 si
3424 5773 3629 5836 adhuc
3662 5783 3730 5840 in
3774 5789 3904 5845 ιιω-
