4206 6170
364 241 478 301 817
830 252 841 265 ‘
1606 253 1917 317 HISTORIA
1956 259 1988 316 Ι]

2092 259 2506 319 ATISTARUM.
3430 294 3457 307 κ
3634 274 3694 330 81
3708 274 3741 329 8

366 359 480 418 τεεί
505 354 844 455 constitutis
864 357 1075 455 aliquid
1094 362 1232 412 ante
1262 358 1576 427 donationis
1610 374 1694 430 vel
1722 375 2005 433 barredita-
2034 376 2089 438 Α
2177 378 2336 433 Anno
2362 378 2492 443 408,
2524 375 2803 435 Stilicone
2830 379 2896 435 ad
2931 380 3076 435 diem
3103 378 3191 433 Ξῖ»
3220 379 3443 455 Augusti
3472 385 3732 443 interfec~

338 480 341 485 -
367 457 439 513 tis
470 451 823 549 obvenerit}
849 452 961 549 bis
993 461 1179 549 tamen
1229 461 1509 527 exceptis,
1548 466 1639 535 qui
1687 467 1779 524 lite
1814 469 2005 537 pulsati
2111 479 2200 536 to,
2235 486 2387 527 novae
2419 486 2515 541 per
2547 469 2861 526 Donatistas
2890 473 3060 528 turbae
3088 451 3351 530 excitatae
3381 488 3504 532 sunt
3528 522 3544 547 ,
3575 479 3732 549 quasi

366 544 697 622 putaverint
729 544 809 599 ad
838 543 1184 601 Catholicam
1224 553 1641 628 transeundum,
1684 563 1803 631 quia
1832 562 1898 617 de
1929 571 2007 618 ta-
2105 579 2173 621 eo
2199 576 2411 621 mortuo
2432 564 2655 635 legibus
2683 566 2843 620 soluti
2867 574 3073 631 essent,
3114 573 3174 617 ct
3203 582 3270 621 ne
3290 543 3538 625 audaciai
3570 543 3723 626 color

365 643 510 699 libus
539 636 823 695 credibile
860 646 946 693 est
992 654 1098 692 11οη
1144 647 1303 694 metu
1338 648 1575 705 caelestis
1615 651 1798 722 judicii
1829 656 2005 724 potius
2103 655 2340 722 deesset,
2372 657 2776 727 indulgentiam
2810 658 2877 711 ab
2902 656 3145 712 llonorio
3187 656 3383 714 laetam
3413 664 3711 717 commenti

364 750 528 808 quam
576 730 796 787 terreni
829 730 1108 825 commodi
1159 732 1433 825 aviditate
1464 743 1719 800 unitatem
1761 746 1999 803 Catlioli-
2102 760 2246 808 sunt.
2280 750 2386 807 Sed
2427 759 2805 806 commentum
2849 750 3031 805 statim
3074 748 3411 821 dissiparunt
3461 756 3610 825 leges
3649 757 3717 809 ab

361 842 484 884 cam
526 834 906 894 praeoptasse.
946 823 1087 879 Huic
1132 822 1379 892 publime
1423 832 1674 903 legationi
1715 847 1767 893 et
1810 839 2001 896 litteris
2104 844 2431 915 imperatore
2461 843 2655 900 eodem
2683 858 2831 900 anno
2852 852 2907 898 et
2937 843 3188 912 sequenti
3220 846 3273 899 in
3304 862 3400 902 eos
3440 822 3588 904 latae.
3622 850 3717 906 His

361 917 583 977 concilii
611 916 682 971 ad
711 916 1112 985 imperatorem
1144 916 1383 987 adjectae
1415 937 1538 983 sunt
1565 933 1796 1000 querela:
1823 934 1997 1002 priva-

364 1026 542 1071 torum
568 1014 659 1085 qui
693 1012 899 1083 injuria
929 1011 1112 1068 allecti
1143 1025 1309 1069 erant
1337 1032 1368 1071 a
1397 1018 1710 1079 Donatistis.

437 1108 684 1163 Edictum
715 1106 784 1160 de
817 1104 1035 1161 Unitate
1061 1103 1135 1184 ab}
1162 1103 1402 1164 Honorio
1432 1115 1611 1169 latum.
1647 1117 1829 1173 Unitas
1856 1098 1994 1190 facta

362 1200 690 1270 Carthagini.
723 1209 808 1237 -—'
829 1196 927 1251 His
955 1204 1272 1252 commotus
1299 1199 1573 1261 Honorius
1601 1207 1652 1261 in
1683 1208 1989 1268 Donatistas

362 1309 462 1349 seu
492 1290 923 1360 Rebaptizantes
949 1290 1367 1347 severissimum
1401 1297 1520 1352 tulit
1547 1300 1787 1355 edictum
1816 1304 1989 1372 pridie

363 1386 488 1440 idus
521 1380 834 1444 Februarii.
873 1382 1140 1438 Stilicone
1176 1382 1224 1438 Il
1252 1394 1308 1438 et
1340 1388 1635 1445 Anthemio
1660 1390 1843 1461 Coss.,
1884 1395 1988 1452 hoc

360 1486 448 1534 est
474 1491 616 1531 anno
644 1474 780 1530 405.
814 1472 990 1543 Hujus
1014 1474 1175 1530 edicti
1209 1477 1380 1546 partis
1408 1491 1536 1534 sunt
1565 1482 1719 1551 leges
1754 1494 1988 1553 quatuor

366 1569 470 1626 hac
505 1582 609 1623 una
648 1574 708 1622 et
747 1564 938 1621 eadem
985 1565 1072 1621 die
1116 1567 1256 1623 data:
1295 1574 1349 1624 in
1397 1568 1537 1624 Cod.
1571 1571 1986 1631 Theodosiano.

366 1662 575 1718 Dictum
606 1647 909 1716 est'autem
952 1656 1185 1714 Unitatis
1220 1661 1500 1729 edictum,
1537 1661 1675 1731 quia
1719 1679 1815 1728 per
1853 1667 1988 1723 illud

2101 951 2292 992 severe
2324 936 2691 1006 exsequendis
2724 950 2848 991 eum
2878 933 3255 989 incumberent
3279 939 3571 1005 praesides,
3599 956 3717 1011 poe-

2102 1042 2226 1081 nam
2255 1027 2535 1097 sanguinis
2564 1042 2593 1080 a
2626 1026 2877 1081 factiosis
2909 1022 3270 1082 Schismaticis
3297 1030 3519 1085 amoliri
3552 1046 3717 1087 cona-

2097 1126 2185 1172 tus
2213 1126 2294 1172 est
2317 1117 2667 1189 Augustinus.
2705 1118 2911 1173 Verum
2946 1125 3003 1170 ut
3029 1128 3156 1172 sunt
3182 1123 3474 1180 versatiles
3507 1126 3713 1193 princi-

2096 1224 2225 1280 pum
2269 1212 2449 1280 li-ges,
2484 1211 2630 1266 circa
2658 1209 2902 1265 medium
2934 1209 3061 1267 anui
3092 1210 3199 1267 409
3225 1213 3507 1269 Honorius
3534 1216 3714 1272 [itere-

2096 1301 2221 1355 ticis
2246 1303 2566 1357 exercenda:
2601 1298 3017 1368 superstitionis
3046 1317 3156 1357 sum
3193 1315 3533 1373 potestatem
3578 1324 3709 1383 con:

2094 1395 2278 1448 cessit.
2331 1395 2435 1450 Sed
2480 1412 2599 1451 eam
2652 1395 2984 1458 libertatem,
3042 1395 3414 1467 ﬂagitantibus
3495 1405 3709 1459 concilii

2093 1484 2537 1555 Carthaginensis
2569 1482 2843 1549 Patribus,
2876 1501 2905 1541 a
2936 1488 3128 1559 quibus
3157 1494 3402 1564 quinque
3426 1498 3711 1567 episc0po-

2095 1591 2216 1631 rum
2258 1579 2450 1651 legatio
2500 1582 2567 1636 ad
2625 1578 2940 1636 comitatum
2996 1585 3156 1639 missa
3203 1596 3322 1643 erat
3352 1631 3369 1655 ,
3429 1595 3705 1647 revocavit

2097 1667 2287 1723 eodem
2313 1686 2477 1736 anno,
2501 1680 2556 1726 et
2580 1669 2978 1727 severissimum
3011 1675 3064 1729 in
3103 1692 3197 1732 eos
3244 1678 3424 1749 legem
3456 1682 3578 1737 tulit
3606 1683 3704 1738 da—

364 1757 469 1812 sub
496 1754 667 1827 ptenis
697 1753 807 1825 20
834 1752 1171 1823 gravissimis
1200 1752 1505 1824 injunctum
1537 1766 1675 1809 erat
1719 1754 1990 1814 htereticis
2024 1757 2070 1815 Β
2101 1767 2210 1811 tam
2278 1776 2372 1817 vin
2451 1759 2680 1817 Kalend.
2756 1760 3081 1834 Septembris
3153 1768 3316 1839 hujus
3386 1774 3518 1827 anni
3596 1773 3704 1829 410

368 1860 429 1905 et
485 1848 833 1903 schismaticis
886 1844 958 1899 ad
1010 1842 1336 1902 Catholicam
1397 1847 1729 1905 Ecclesium
1787 1850 1990 1906 redire.

370 1940 590 1998 Missum
616 1939 681 1995 ad
712 1938 1048 1994 Hadrianum
1083 1938 1183 1993 PP.
1218 1939 1382 1995 Italiae
1409 1952 1462 1997 et
1494 1942 1804 2013 speciatim
1838 1943 1928 1998 die
1959 1944 1993 2000 5

369 2034 544 2090 Martii
574 2033 639 2088 ad
664 2035 1048 2104 proconsulem
1081 2030 1296 2097 Africae,
1327 2042 1385 2087 ut
1412 2035 1486 2088 ibi
1518 2035 1994 2107 promulgaretur

371 2138 431 2184 et
453 2128 750 2183 executioni
780 2126 1155 2183 mandaretur.
1179 2125 1243 2181 Vi
1272 2127 1429 2197 hujus
1451 2128 1630 2184 edicti
1655 2131 1766 2186 cito
1794 2131 1990 2188 Unitas

372 2223 515 2293 apud
548 2222 927 2294 Carthaginem
977 2221 1138 2286 facta,
1179 2219 1381 2274 tardius
1420 2221 1473 2274 in
1504 2224 1736 2279 caeteris
1780 2225 1987 2280 Africae

376 2315 667 2388 provinciis
702 2316 751 2369 id
791 2314 963 2385 potuit
1004 2311 1264 2367 obtineri.
1308 2310 1367 2365 In
1413 2312 1654 2367 concilio
1693 2314 1983 2386 Carthagi-

378 2412 536 2466 nensi
561 2409 744 2465 habito
765 2409 839 2464 25
862 2407 1096 2477 Augusti
1128 2403 1370 2474 ejusdem
1399 2404 1546 2470 anni,
1580 2404 1870 2462 decretum
1898 2418 1983 2463 est

382 2512 445 2557 ut
470 2502 590 2573 quia
621 2500 761 2572 apud
786 2498 1177 2570 Carthaginem
1202 2505 1408 2551 tantum
1435 2495 1613 2549 unitas
1644 2496 1787 2552 facta
1824 2510 1937 2555 erat
1961 2541 1977 2567 ,

380 2597 643 2653 darentur
671 2595 833 2650 etiam
866 2594 1070 2648 litterae
1101 2590 1168 2645 ad
1192 2588 1402 2660 judices
1421 2628 1435 2654 ,
1470 2598 1526 2642 ut
1553 2597 1604 2640 et
1638 2588 1690 2643 in
1712 2590 1835 2644 aliis
1860 2606 1984 2661 pro-

381 2687 576 2742 vinciis
597 2695 654 2740 et
674 2672 988 2741 civitatibus
1009 2694 1235 2751 cperam
1261 2677 1497 2748 impendi
1519 2677 1747 2747 jubeant
1767 2681 1983 2745 unitati,

382 2789 555 2849 utque
584 2778 885 2848 gratiarum
919 2777 1172 2831 actiones
1200 2774 1269 2830 de
1296 2770 1708 2842 Carthaginensi
1735 2772 1984 2829 Ecclesia

383 2887 488 2943 pro
538 2871 791 2926 universa
847 2866 1035 2924 Africa
1091 2866 1162 2921 de
1209 2864 1525 2921 exclusione
1580 2863 1989 2921 Donatistarum

384 2979 513 3020 eum
541 2964 924 3034 episcoporum
954 2960 1152 3016 litteris
1178 2961 1245 3016 ad
1274 2960 1591 3016 comitatum
1620 2960 1988 3016 mitterentur.

387 3058 457 3113 Et
478 3072 696 3112 rursum
729 3055 881 3110 missi
909 3055 1020 3110 duo
1048 3054 1230 3109 clerici
1260 3053 1326 3108 ad
1351 3052 1664 3109 comitatum
1693 3054 1760 3108 ad
1792 3055 1994 3124 gratia-

386 3166 510 3206 rum
553 3148 824 3204 actionem
866 3147 1135 3218 agendam
1168 3158 1222 3202 et
1255 3146 1541 3216 petendam
1586 3147 1988 3204 Donatistarum
2017 3132 2063 3195 C
2099 3153 2242 3201 tatur
2266 3132 2728 3220 disputationibus
2753 3167 3023 3235 agitanda.
3055 3170 3208 3238 Quod

388 3240 595 3311 ubique
623 3238 679 3293 in
707 3238 891 3294 Africa
919 3238 1315 3295 exclusionem.

464 3328 783 3384 Maximinus
813 3327 1091 3384 Sinitensis
1121 3328 1390 3383 Donatista
1411 3330 1733 3384 collationem
1746 3330 1989 3398 postulat.

387 3453 462 3467 --
483 3422 642 3477 Anno
674 3421 784 3477 406
804 3464 820 3489 ,
848 3422 940 3478 die
964 3424 1036 3477 30
1061 3421 1336 3490 Januarii,
1364 3424 1681 3478 Maximinus
1706 3425 1994 3496 episc0pns

390 3514 686 3571 Sinitensis
722 3513 925 3581 aliique
965 3515 1209 3569 nonnulli
1243 3515 1534 3570 Donatista:
1575 3514 1903 3570 audientiam
1936 3517 1990 3572 in

391 3606 613 3678 publico
654 3605 797 3677 apud
844 3605 1159 3661 Ravennam
1204 3622 1464 3663 consessu
1510 3623 1690 3662 coram
1734 3607 1990 3677 prarlecto

391 3701 632 3771 praetorii
667 3700 941 3769 petierunt
969 3699 1059 3754 ubi
1100 3715 1221 3755 cum
1253 3700 1548 3756 Catholicis
1588 3715 1803 3755 causam
1832 3716 1985 3756 suam

391 3793 747 3849 ventilarent.
801 3793 940 3863 Quid
986 3802 1251 3849 Statutum
1294 3793 1459 3848 fuerit
1504 3795 1762 3849 incertum
1790 3834 1805 3858 ,
1852 3793 1988 3847 nihil

389 3894 547 3939 certe
583 3894 758 3940 actum
806 3894 911 3940 est.
962 3884 1288 3941 Maximinus
1331 3886 1500 3941 redux
1546 3888 1596 3940 in
1640 3884 1873 3940 Africam
1916 3885 1985 3940 ad

391 3975 693 4031 Ecclesiam
726 3977 1059 4032 Catholicam
1091 3979 1344 4033 arcessit.

466 4068 731 4125 Statutum
768 4071 831 4125 de
870 4069 1141 4140 Episcopis
1179 4080 1226 4124 et
1260 4051 1644 4143 Episcopadbus
1686 4068 1981 4124 Donatista-

388 4181 529 4218 rum.
555 4191 624 4201 -
645 4164 800 4217 Anno
831 4162 961 4228 407,
1004 4163 1054 4216 in
1092 4164 1327 4218 concilio
1355 4161 1760 4232 Carthagincnsi
1796 4176 1985 4216 mense

386 4259 576 4320 Juuio.
608 4258 867 4314 statuitur
905 4266 961 4311 ut
993 4257 1180 4326 plebes
1213 4272 1332 4326 quae
1360 4271 1636 4311 conversa:
1662 4264 1785 4309 sunt
1809 4270 1836 4308 a
1882 4256 1985 4310 Do-

389 4351 612 4407 natistis
638 4360 692 4405 et
719 4350 1023 4404 habuerunt
1046 4348 1356 4418 episc0pos,
1389 4363 1483 4402 eos
1523 4347 1825 4402 inconsulto
1854 4361 1985 4402 con-

388 4445 524 4500 cilio
552 4443 818 4498 retineant
854 4459 869 4497 :
902 4457 1026 4512 qua:
1047 4450 1226 4495 autem
1260 4439 1559 4495 habuerunt
1587 4439 1897 4507 episcOpum
1928 4449 1983 4494 et

387 4550 459 4592 eo
487 4533 744 4589 defuncto
775 4551 879 4588 non
922 4532 1121 4587 habere
1157 4533 1434 4602 preprium
1486 4532 1798 4600 episcopum
1825 4574 1840 4596 ,
1884 4531 1981 4587 sed
2008 4515 2063 4575 D

388 4627 460 4682 ad
492 4627 724 4697 alicujus
770 4625 1012 4696 episcopi
1039 4623 1319 4681 ditecesim
1354 4623 1625 4693 pertinere
1668 4624 1980 4692 voluerint,

393 4723 448 4777 id
494 4721 659 4776 etiam
694 4720 825 4789 ipsis
857 4735 960 4774 non
990 4717 1309 4788 denegetur.
1348 4717 1422 4772 De
1448 4716 1718 4786 episcopis
1744 4730 1874 4770 vero
1899 4717 1981 4787 ip-

387 4816 469 4871 sis
500 4814 604 4870 boc
632 4812 944 4876 decretum,
981 4819 1039 4865 ut
1067 4811 1156 4881 qui
1199 4818 1321 4865 ante
1348 4810 1520 4880 legem
1550 4808 1617 4865 de
1652 4808 1864 4866 Unitate
1905 4811 1982 4865 la-

393 4919 506 4965 tam
532 4909 599 4963 ab
625 4906 953 4978 imperatore
973 4906 1041 4960 ad
1063 4904 1390 4960 Catholicam
1415 4906 1766 4971 accesserint,
1797 4906 1983 4975 plebes

391 5018 525 5059 suas
554 5013 609 5058 et
655 5002 918 5060 ecclesias
954 5002 1269 5056 retinerent.
1301 4997 1371 5054 At
1398 5000 1487 5069 qui
1521 5001 1731 5055 nonnisi
1765 5011 1886 5072 post
1918 5001 1985 5057 il-

394 5094 490 5151 lud
529 5094 764 5150 edictum
800 5093 1187 5162 promulgatum
1230 5090 1296 5145 ad
1346 5090 1650 5148 Ecclesiam
1682 5103 1984 5162 venerant,

396 5187 658 5245 Ecclesiis
699 5186 810 5240 suis
841 5185 1065 5239 omnino
1093 5183 1388 5253 spoliantur
1412 5225 1425 5249 ,
1470 5200 1658 5254 eatque
1697 5200 1760 5240 ac
1789 5196 1984 5244 cuncta

392 5278 467 5334 ad
496 5293 588 5333 eas
632 5277 952 5348 pertinentia
997 5273 1293 5330 Catholicis
1341 5274 1531 5330 borum
1584 5277 1824 5331 IOCorum
1866 5262 1984 5349 epi-

392 5371 579 5442 scopis
611 5370 999 5440 adjudicantur.

473 5463 699 5519 Honorii
736 5463 869 5532 leges
898 5462 951 5514 in
985 5457 1304 5513 Donatistas.
1349 5491 1418 5501 -
1448 5460 1654 5518 Eodem
1697 5479 1840 5517 anno
1868 5464 1980 5519 llo-

394 5555 587 5611 norins
620 5554 791 5624 legem
830 5552 951 5606 tulit
977 5567 1076 5622 qua
1120 5551 1388 5605 bmreticis
1425 5563 1480 5608 et
1508 5556 1866 5610 scliismaticis
1913 5558 1979 5611 ad

394 5647 703 5706 Ecclesiam
746 5645 1090 5700 redeuntibus
1130 5644 1198 5699 ab
1236 5646 1486 5701 omnibus
1537 5650 1713 5716 pteuis
1750 5665 1885 5719 quas
1914 5666 1980 5709 ex

396 5744 613 5812 legibus
644 5742 997 5805 incurrerunt,
1032 5737 1422 5795 immunitatem
1454 5741 1742 5796 conce.~sit.

2100 1848 2168 1902 ad
2201 1849 2577 1909 Heraclianum
2601 1852 2850 1912 comitem
2872 1860 3065 1917 Africa:
3090 1878 3102 1914 :
3126 1879 3228 1932 qua
3255 1867 3473 1920 oraculo
3500 1868 3705 1936 penitus

2100 1951 2294 1995 remoto
2322 1961 2423 2010 quo
2454 1942 2523 1996 ad
2544 1941 2675 1998 ritus
2699 1962 2818 2003 suos
2846 1950 3094 2007 hwreticaa
3121 1956 3507 2024 superstitionis
3536 1957 3704 2012 homi-

2101 2045 2190 2084 nes
2219 2032 2574 2106 obrepseranl.
2606 2036 2888 2101 plectendos
2928 2062 3011 2100 eos
3049 2063 3195 2116 paena
3226 2050 3630 2118 proscriptionis
3654 2061 3703 2104 et

2099 2124 2372 2193 sanguinis
2403 2124 2601 2213 statuit,
2632 2129 2673 2181 si
2699 2136 2830 2189 ultra
2856 2140 3116 2194 convenire
3141 2155 3229 2209 per
3267 2140 3537 2213 publicum
3584 2157 3702 2196 exe-

2097 2215 2296 2267 cranda
2321 2212 2539 2271 sceleris
2560 2218 2633 2272 sui
2662 2229 2930 2285 temeritate
2957 2212 3277 2288 teutauerint.

2170 2303 2369 2397 Edicta
2384 2307 2461 2360 de
2473 2318 2814 2375 convocatione
2825 2325 3171 2397 episc0porum
3183 2328 3251 2380 ad
3265 2328 3597 2383 collationem
3606 2355 3697 2380 .--

2089 2395 2341 2453 Τειηάθιη
2409 2410 2535 2453 cum
2584 2406 2648 2465 ab
2689 2421 2905 2488 utraque
2935 2395 3084 2489 parte
3104 2422 3264 2490 petita
3293 2432 3439 2478 esset
3461 2423 3702 2486 collatio,

2087 2507 2327 2564 eamque
2356 2494 2531 2554 enixe
2549 2499 2842 2576 ﬂagitarent
2864 2511 3139 2578 Catholici,
3168 2522 3333 2586 atque
3360 2532 3424 2571 ea
3446 2515 3514 2572 de
3543 2529 3706 2570 causa

2088 2586 2297 2656 legatos
2330 2590 2414 2646 ad
2447 2591 2817 2667 imperatorem
2848 2605 3140 2663 Honoriqu
3186 2611 3487 2675 misissent,
3533 2610 3601 2664 ab
3639 2624 3706 2664 eo

2088 2680 2261 2776 edicta
2285 2692 2409 2753 est,
2448 2695 2727 2755 sanetione
2769 2700 2890 2756 data
2913 2702 3178 2759 Ravennae
3208 2704 3386 2776 pridie
3413 2705 3533 2761 idus
3559 2714 3710 2760 octo—

2092 2773 2204 2869 bris
2228 2777 2333 2832 sub
2366 2788 2658 2846 consulatu
2706 2793 2952 2863 Varanis,
2999 2813 3138 2852 anno
3180 2773 3392 2855 scilicet
3435 2799 3572 2864 410,
3603 2814 3707 2869 qua

2100 2865 2422 2969 [ξοηθῑῖειειξ
2447 2880 2733 2955 episcopos
2759 2898 2812 2944 et
2846 2886 3151 2947 Catholicos
3179 2892 3231 2946 in
3259 2894 3453 2948 urbem
3481 2865 3711 2948 Cartha-

2094 2966 2376 3056 ginensem
2409 2966 2549 3025 intra
2579 2985 2812 3043 quatuor
2853 2996 3067 3037 menses
3112 2984 3414 3041 convenire
3451 2985 3624 3056 jubet,
3652 2995 3710 3042 ut

2098 3051 2287 3108 θιθοιίε
2306 3056 2376 3111 ab
2408 3071 2635 3135 utraque
2667 3081 2820 3140 parte
2848 3077 3243 3145 sacerdotibus,
3267 3095 3431 3135 causa
3461 3084 3712 3138 commit—

3239 3172 3286 3227 si
3323 3173 3468 3229 intra
3499 3179 3711 3245 praesti-

2101 3247 2271 3333 tutum
2314 3250 2527 3311 tempus
2579 3251 2981 3313 Donatistarum
3017 3263 3258 3333 episcopi
3290 3281 3399 3321 non
3441 3283 3710 3326 convene-

2097 3331 2236 3431 rint,
2267 3334 2388 3389 trini
2421 3338 2585 3396 edicti
2617 3350 2901 3406 vocatione
2943 3331 3291 3412 contumaces
3333 3359 3706 3431 declarentur,

2097 3424 2291 3523 quibus
2319 3432 2605 3523 transactis
2633 3435 2678 3488 si
2706 3445 2982 3505 provocati
3028 3446 3222 3504 adesse
3250 3424 3701 3523 contempserint;

2094 3514 2249 3570 cedat
2285 3531 2409 3572 eum
2442 3519 2701 3581 Ecclesiis
2742 3534 2974 3600 populus
3019 3539 3109 3606 qui
3136 3540 3393 3598 doctores
3422 3514 3552 3602 su‘os
3579 3514 3703 3604 cum

2092 3606 2315 3708 silentio
2337 3616 2659 3708 cognoverit
2686 3634 2998 3694 superatos,
3031 3631 3276 3702 sciatque
3305 3633 3600 3696 Catholica:
3625 3643 3704 3699 le-

2092 3700 2174 3800 gis
2203 3700 2346 3802 veris
2378 3702 2618 3772 imperiis
2649 3714 3019 3772 serviendum.
3070 3722 3165 3776 Cui
3186 3700 3416 3794 quidem
3460 3729 3703 3802 disputa-

2092 3794 2223 3881 tioni
2267 3794 2512 3864 principe
2561 3797 2683 3855 loco
2722 3803 2961 3873 judieem
3012 3815 3207 3871 sedere
3252 3820 3426 3876 voluit
3454 3794 3695 3881 Flavium

2090 3880 2467 3941 Marcellinum
2512 3897 2567 3943 et
2612 3890 2918 3966 Notarium,
2973 3904 3062 3958 cui
3115 3923 3332 3965 omnem
3382 3913 3434 3967 in
3468 3930 3698 3989 congre-

2086 3975 2246 4075 gandi
2276 3990 2331 4034 et
2364 3983 2628 4038 evocandi
2657 3988 2963 4075 episcopos,
2995 3999 3226 4055 actionis
3264 3975 3610 4064 instituenda;
3639 4023 3696 4067 et

2088 4068 2462 4171 moderandtc.
2492 4090 2556 4131 ac
2580 4077 2647 4134 de
2680 4090 2792 4138 toto
2832 4070 3052 4157 negotio
3079 4096 3348 4151 statuendi
3384 4100 3569 4155 tribuit
3597 4117 3693 4171 po-

2088 4167 2358 4220 testatem.
2392 4165 2733 4227 Marcellinus
2759 4175 2861 4234 hoc
2882 4180 3059 4235 edicto
3089 4189 3349 4254 munitus,
3378 4165 3690 4250 mandatum

2087 4262 2367 4324 proposuit
2398 4276 2507 4331 quo
2533 4276 2755 4322 cunctos
2802 4287 2898 4340 per
2940 4275 3177 4333 Alricum
3237 4290 3347 4337 tant
3395 4285 3689 4343 Catholicae

2087 4360 2249 4446 quam
2299 4350 2615 4410 Donatianae
2656 4362 2821 4427 partis
2851 4367 3134 4436 episcopos
3166 4377 3582 4446 commonebat,
3631 4390 3688 4435 ut

2088 4436 2227 4493 intra
2261 4448 2473 4542 tempus
2500 4447 2619 4542 lege
2650 4457 3047 4529 praescriptum,
3081 4462 3133 4518 id
3162 4474 3265 4531 est,
3291 4468 3433 4525 intra
3454 4436 3688 4542 qualuor

2088 4545 2304 4588 menses
2334 4535 2423 4602 qui
2448 4537 2514 4592 ad
2546 4538 2687 4596 diem
2710 4544 2934 4603 Kalend.
2966 4551 3247 4612 Juuiarum
3284 4535 3686 4622 concludeban-

2088 4631 2193 4689 tur,
2226 4622 2605 4699 Carthagincm
2663 4638 2878 4694 concilii
2923 4641 3156 4701 l‘aeieudi
3206 4653 3373 4719 gratia
3425 4660 3684 4713 conveni-

2087 4724 2230 4821 rent,
2251 4721 2607 4794 omnibusque
2634 4732 3030 4797 magistratibus
3056 4754 3152 4808 per
3176 4741 3413 4799 Africam
3441 4749 3685 4821 injunge—

2088 4806 2200 4908 bat,
2233 4820 2290 4864 ut
2334 4816 2618 4885 episc0pos
2667 4806 3272 4904 convenirentaeisque
3317 4806 3684 4908 signiﬁcarEnt

2091 4911 2143 4957 ut
2178 4905 2316 4963 intra
2340 4921 2571 4980 quatuor
2602 4922 3209 4994 mensesCartbagiuem
3235 4905 3506 4989 venirent.
3538 4936 3687 4993 Prae-

2092 5004 2236 5093 terea
2271 5009 2328 5054 ut
2361 5001 2665 5063 Donatistas
2695 5010 2760 5063 ad
2794 5014 3138 5071 collationem
3172 5028 3532 5093 promptiores
3563 5032 3688 5086 red-

2088 5089 2263 5159 deret,
2266 5094 2449 5190 _jussit
2477 5108 2536 5152 ut
2569 5100 2632 5155 iis
2657 5105 2749 5172 qui
2778 5120 2836 5161 se
2864 5109 2912 5161 ei
2943 5108 3209 5167 alluluros
3244 5089 3366 5173 esse
3388 5127 3691 5190 responde-

2089 5194 2232 5271 rent,
2266 5185 2546 5255 Ecclesiae,
2580 5208 2750 5263 eaque
2778 5197 2895 5253 loca
2932 5217 3052 5270 quae
3094 5207 3328 5264 tenuisse
3369 5185 3497 5269 illos.
3529 5226 3690 5273 antea

2088 5276 2426 5334 constitisset
2455 5283 2892 5344 restituerentur.
2920 5293 3131 5364 Adjecit
3156 5299 3363 5367 quodsi
3398 5304 3692 5362 Donatistis

2090 5386 2235 5430 esset
2257 5385 2561 5469 suspectus,
2591 5396 2652 5437 se
2681 5398 2786 5437 non
2819 5401 3192 5447 recusaturum
3239 5405 3298 5449 ut
3342 5398 3478 5452 alius
3522 5400 3691 5469 judex
3741 5393 3744 5396 ’

2088 5481 2247 5537 quem
2276 5467 2375 5538 ipsi
2407 5470 2998 5541 elegerintDonatianze
3024 5486 3190 5552 partis
3218 5497 3272 5541 et
3304 5488 3424 5543 l'idei
3474 5467 3553 5545 vel
3599 5506 3692 5545 su—

2085 5564 2316 5628 perioris
2339 5564 2420 5619 vel
2451 5566 2642 5623 similis
2668 5569 2947 5642 dignitatis
2977 5591 3159 5632 secum
3208 5580 3468 5635 resideat.
3527 5583 3689 5635 Deni-

2090 5670 2195 5724 que
2221 5657 2517 5713 declaravit
2545 5664 2688 5732 quod
2718 5666 2831 5719 sive
2859 5684 2956 5736 pro
2984 5669 3278 5726 Donatistis
3312 5673 3423 5723 sive
3456 5688 3561 5736 pro
3594 5669 3699 5726 Ca-

2093 5745 2307 5805 tbolicis
2338 5752 2440 5805 lata
2471 5749 2605 5807 l'ut‘cl
2631 5760 2904 5811 senti-tilia
2926 5800 2939 5823 ,
2988 5763 3039 5813 in
3100 5763 3246 5817 nullo
3287 5758 3704 5821 Donatistarum
