4206 6170
547 319 655 376 819

1919 305 2456 370 PliOLEGOMENA.

3752 319 3850 373 8Ξῦ

547 435 834 508 episcopos
848 432 1079 503 aliquam
1096 428 1400 485 molestiam
1414 442 1533 485 esse
1546 440 1823 501 passuros.
1839 426 1934 483 sed
1950 426 2150 481 liberos
2178 429 2231 487 A
2257 429 2553 485 sentiarum
2579 430 2753 486 dicam
2769 438 3080 500 postacrem
3096 438 3149 485 el
3162 430 3471 486 diuturnam
3486 430 3849 500 collationem,

551 532 608 582 et
653 526 721 579 ab
777 524 923 578 omni
981 521 1173 591 injuria
1217 520 1427 576 alienos
1478 520 1544 575 ad
1591 520 1806 591 propria
1855 517 2147 573 redituros.

627 616 881 677 Mandata
933 614 1293 685 episwporum
1331 614 1400 667 ad
1443 613 1666 685 collegas
1705 611 1791 683 qui
1827 610 2154 666 collationem

550 709 779 765 habituri
804 703 1252 761 erant.——Juxta
1298 705 1430 761 illud
1476 705 1785 759 mandatum
1840 702 2152 757 Donatista-

550 816 670 859 rum
724 798 962 869 episcopi
1012 796 1397 869 Carthaginem
1452 813 1518 854 ex
1560 796 1811 852 omnibus
1857 793 2154 866 provinciis

550 892 828 952 Africanis
854 891 1231 955 convolarunt,
1292 899 1347 946 et
1372 890 1442 946 ibi
1469 888 1778 960 congregati
1818 887 1906 942 die
1932 901 2001 941 xv
2031 886 2151 940 Kal.

549 986 741 1043 Iunias
769 984 1058 1041 certiorem
1091 984 1336 1039 iecerunt
1363 982 1592 1052 epistola
1638 994 1735 1036 sua
1787 979 2152 1035 Marcellinum

548 1094 611 1135 se
659 1078 714 1133 in
758 1077 900 1132 hanc
952 1076 1140 1131 urbem
1200 1074 1485 1129 advenisse
1540 1072 1845 1128 collationis
1906 1070 2154 1126 ineundae

549 1170 744 1243 gratia.
775 1169 1040 1225 Catholici
1064 1182 1279 1237 quoque
1306 1166 1568 1236 episcopi,
1602 1181 1722 1222 cum
1747 1165 1874 1220 illuc
1902 1164 2154 1219 advenis-

550 1271 694 1331 sent,
746 1261 1033 1332 epistolam
1092 1260 1258 1315 etiam
1301 1259 1566 1314 dederunt
1618 1258 1685 1314 ad
1735 1257 2150 1324 Marcellinum,

451 1389 461 1401 ι
554 1371 656 1427 qua
684 1365 891 1428 gratam
930 1355 1031 1410 sibi
1070 1354 1416 1408 collationem
1458 1366 1579 1408 esse
1621 1360 1909 1418 testantur,
1942 1358 1997 1406 et
2024 1364 2156 1405 con-

549 1454 789 1509 sentiunt
822 1459 882 1505 ut
901 1450 938 1503 ii
969 1447 1164 1519 quibus
1194 1446 1385 1519 agendi
1414 1461 1629 1502 causam
1657 1460 1809 1500 suam
1839 1444 2155 1514 delegarunt

553 1544 818 1609 ofﬁcium,
845 1540 1188 1597 subscribam
1215 1537 1685 1611 prosecutionibus
1701 1538 1813 1591 suis
1840 1535 2154 1620 et‘omnium

553 1635 775 1693 nomine
820 1634 1116 1705 disputent.
1150 1632 1299 1687 lianc
1346 1646 1477 1687 vero
1520 1630 1884 1687 conditionem
1916 1630 2157 1685 unanimi

555 1727 957 1797 episcOporum.
1016 1723 1256 1777 onmium
1320 1736 1587 1803 consensu
1626 1728 1808 1776 'ratam
1862 1720 2157 1775 Donatistis

2256 521 2603 592 Cognitorem
2636 525 2687 579 in
2714 523 2938 594 gratiam
2982 522 3381 581 Catholicorum
3438 525 3705 582 adversus
3749 527 3850 584 Do-

2257 615 2486 671 natistas
2532 618 2859 673 sententiam
2904 617 3091 672 tulisse
3114 632 3177 672 ae
3204 617 3272 673 de
3301 633 3440 673 novo
3470 620 3842 679 conventicula

2256 710 2662 766 Donatistarum
2696 710 3059 779 prohibuisse.
3087 719 3140 765 et
3165 709 3440 766 Ecclesias
3470 727 3603 782 quas
3630 712 3850 769 ﬁducia-

2257 804 2340 859 rio
2389 804 2609 860 decreto
2668 805 2958 860 Donatistis
3016 804 3166 860 reddi
3223 804 3490 873 voluerat,
3568 805 3855 862 Catholicis

2259 897 2397 953 tradi
2421 898 2673 967 jnssisse.
2710 896 2944 952 Indulsit
2969 906 3146 953 tamen
3180 898 3448 968 episc0pis
3480 897 3771 954 Donatistis
3802 908 3857 955 ut

2259 988 2326 1044 ad
2353 991 2567 1060 propria
2594 1000 2921 1054 remearent,
2939 1000 3199 1060 quatenus
3222 990 3274 1047 in
3294 988 3527 1062 propriis
3553 991 3856 1060 constituti,

2259 1094 2353 1141 aut
2375 1084 2442 1140 ad
2474 1101 2635 1141 unam
2664 1102 2959 1158 veramque
2985 1085 3285 1145 Ecclesiam
3320 1096 3741 1158 reverterentur,
3770 1100 3860 1146 aut

2258 1178 2637 1235 satisfacerent
2662 1178 2895 1251 legibus.
2929 1178 3171 1250 Denique
3202 1177 3323 1234 ioca
3348 1195 3411 1235 ea
3444 1182 3496 1235 in
3519 1179 3712 1251 quibus
3740 1181 3861 1236 Cir-

2258 1272 2674 1328 cumcellionum
2720 1273 2894 1327 turba:
2922 1272 3297 1339 convenirent,
3332 1288 3359 1325 a
3392 1270 3522 1329 fisco
3547 1274 3861 1344 occupanda

2259 1381 2380 1422 esse
2402 1366 2661 1423 decernit.
2682 1364 2849 1437 Hujus
2875 1366 3180 1422 collationis
3201 1366 3524 1423 breviarium
3554 1367 3729 1423 texuit
3751 1367 3863 1423 Au-

2259 1458 2527 1530 gustinus,
2544 1467 2598 1513 et
2612 1458 3089 1529 postcollationem
3109 1459 3305 1515 librum
3320 1459 3385 1514 ad
3418 1460 3722 1523 Donatistas
3736 1501 3752 1527 ,
3813 1460 3865 1516 in

2260 1565 2354 1606 eos
2366 1551 2605 1622 scripsit,
2624 1566 2688 1607 ne
2709 1567 2738 1606 a
2762 1551 2874 1607 suis
2898 1551 3169 1621 episcopis
3196 1551 3589 1607 seducerentur
3614 1552 3866 1609 ulterius.

2333 1641 2443 1700 Lex
2470 1640 2716 1707 Honorii,
2747 1652 2862 1710 post
2888 1643 3236 1709 collationem,
3266 1652 3446 1698 contra
3470 1642 3869 1700 Donatistas.—

2261 1736 2393 1793 Cum
2422 1735 2683 1808 quidquid
2710 1737 2764 1791 in
2791 1735 3081 1792 collatione
3110 1746 3321 1808 gestum
3357 1738 3563 1806 fuerat,
3589 1738 3860 1810 latamque

555 1820 812 1886 oiferunt,
841 1834 922 1884 se,
957 1818 1002 1872 εἰ
1029 1816 1327 1873 adversarii
1357 1816 1646 1872 ostendere
1675 1815 1949 1885 potuerint
1972 1814 2157 1869 Εοριο-
2189 1816 2238 1879 Β
2267 1842 2296 1882 α
2326 1828 2624 1897 Cognito“;
2652 1828 2982 1883 sententiam
3013 1829 3316 1897 accepisset
3370 1828 3685 1900 imperator.
3720 1831 3869 1886 inse...

556 1912 693 1969 siam
737 1909 984 1981 periisse,
1033 1918 1088 1964 et
1124 1909 1177 1964 in
1224 1909 1337 1964 sola
1384 1915 1536 1978 parte
1569 1906 1761 1962 Donati
1811 1905 2159 1970 remansisse,

559 2004 767 2059 nullum
795 2002 935 2073 apud
964 2016 1058 2057 eos
1078 2000 1403 2071 episc0palis
1434 1999 1674 2053 muneris
1704 2006 1797 2052 aut
1836 1997 2056 2053 honoris
2084 1996 2163 2051 lo-

561 2112 687 2153 cum
710 2096 1010 2161 habituros;
1038 2097 1120 2151 sin
1146 2110 1279 2151 vero
1306 2109 1337 2149 e
1362 2102 1551 2149 contra
1578 2092 1875 2147 Donatista:
1901 2091 2026 2145 victi
2052 2091 2165 2146 fue-

558 2191 671 2246 rint
704 2198 760 2245 et
801 2188 868 2243 ad
894 2188 1154 2243 unitatem
1184 2185 1361 2241 redire
1392 2183 1685 2251 voluerint,
1718 2182 1822 2238 hoc
1852 2183 1918 2238 iis
1949 2197 2008 2238 se
2034 2197 2165 2237 con-

560 2282 757 2337 cedere
781 2291 839 2335 ut
869 2281 1131 2335 honorem
1164 2278 1521 2348 Episcopatus
1550 2290 1655 2331 non
1678 2276 1926 2329 amittant
1963 2290 1977 2329 :
2010 2275 2080 2330 ita
2109 2278 2169 2329 ut

559 2375 654 2430 ubi
677 2386 803 2429 sunt
831 2372 940 2429 duo
969 2371 1231 2443 episcOpi,
1264 2368 1575 2425 Catholicus
1607 2367 1831 2424 honoris
1870 2368 1971 2423 sibi
2018 2368 2167 2424 socio

563 2472 839 2544 copulato,
873 2470 1098 2527 sedeant
1127 2469 1287 2524 ambo
1316 2464 1649 2523 eminentius
1671 2467 1827 2524 sicuti
1851 2464 2168 2537 peregrinus

562 2567 853 2635 episcOpus
878 2562 1029 2632 juxta
1061 2560 1348 2631 collegam,
1382 2573 1445 2614 ac
1470 2558 1703 2630 primum
1730 2557 1960 2615 subinde
1988 2558 2169 2613 locum

561 2658 772 2715 honore
802 2671 924 2713 sese
954 2653 1349 2726 prmvenientes
1380 2654 1433 2708 in
1471 2652 1699 2708 diversis
1732 2652 1973 2708 basilicis
2008 2664 2172 2705 occu-

560 2761 716 2825 pent,
746 2759 801 2807 et
823 2765 934 2805 uno
961 2758 1149 2805 eorum
1206 2747 1460 2804 defuncto
1507 2746 1766 2817 deinceps
1803 2746 1913 2818 jam
1944 2745 2171 2815 singulis

564 2847 761 2917 singuli
808 2843 1040 2914 pristino
1089 2858 1241 2898 more
1286 2842 1577 2898 succedant
1612 2860 1625 2897 :
1657 2852 1749 2896 aut
1778 2842 1821 2898 si
1850 2841 1988 2897 forte
2014 2838 2171 2895 Chri-

565 2939 728 2993 stiani
759 2936 945 3008 populi
969 2935 1197 3006 singulis
1221 2935 1557 2991 delectantur
1572 2934 1844 3005 episcopis
1865 2943 1918 2990 et
1942 2934 2169 2989 duorum

566 3030 899 3085 consortium
951 3029 1202 3084 inusitata
1251 3043 1430 3083 rerum
1472 3028 1609 3083 facie
1648 3028 1880 3084 tolerare
1912 3044 2016 3083 non
2048 3044 2174 3100 pos-

568 3130 716 3188 sunt,
752 3131 859 3175 tam
891 3118 1155 3176 Catholici
1186 3132 1347 3192 quam
1397 3119 1691 3176 Donatista:
1723 3120 1790 3175 de
1817 3120 1994 3175 medio
2020 3136 2173 3176 sece-

2268 1927 2468 1991 qucnte
2499 1935 2662 1985 anno,
2693 1936 2749 1975 ιιι
2785 1918 3044 1977 kalendas
3092 1919 3398 1989 Februarii,
3449 1921 3622 1993 legem
3676 1921 3864 1991 dedit,

2267 2027 2371 2082 qua
2403 2011 2631 2067 mulctas
2677 2014 3019 2085 pecuniarias
3043 2013 3221 2068 varias
3266 2029 3363 2084 pro
3409 2015 3558 2069 varia
3606 2013 3870 2086 cujusque

2268 2102 2582 2159 conditione
2609 2104 2661 2158 in
2687 2103 2994 2160 Donatistas
3015 2105 3103 2175 qui
3132 2104 3198 2159 ad
3222 2105 3541 2162 catholicam
3571 2106 3870 2163 Ecclesiam

2269 2195 2529 2250 accedere
2558 2194 2794 2260 nollent,
2826 2196 3055 2266 imponit
3077 2192 3343 2268 jubetque
3372 2213 3559 2253 eorum
3587 2200 3873 2270 episcopos

2272 2300 2333 2342 ac
2359 2286 2585 2341 clericos
2611 2286 2679 2342 ab
2706 2286 2885 2343 Africa
2917 2287 3118 2358 expelli
3149 2303 3213 2347 ac
3240 2289 3292 2343 in
3337 2288 3557 2345 exilium
3600 2290 3779 2359 mitti,
3818 2300 3887 2369 et.

2272 2393 2626 2450 quaecumque
2653 2380 2898 2436 ecclesiis
2926 2395 3112 2436 eorum
3153 2381 3345 2437 collata
3389 2380 3639 2451 fuerant,
3666 2379 3873 2439 Catho-

2274 2470 2393 2525 licis
2418 2469 2663 2526 ecclesiis
2689 2470 2982 2541 adjudicat.

2345 2561 2736 2619 Donatistarum
2764 2566 2912 2637 furor
2937 2581 3281 2621 accensus.—-
3311 2564 3425 2622 Hac
3470 2567 3589 2639 lege
3619 2566 3779 2623 multi
3811 2583 3876 2627 ex

2275 2655 2571 2712 Donatistis
2593 2657 2859 2712 emendati
2883 2658 2948 2712 ad
2962 2657 3297 2713 Catholicam
3313 2659 3612 2725 redierunt;
3640 2668 3728 2714 ast
3742 2676 3871 2716 non-

2275 2749 2405 2805 nulli
2437 2764 2500 2804 ea
2541 2748 2721 2820 potius
2749 2750 3057 2805 exacerbati
3092 2750 3372 2821 plusquam
3423 2758 3581 2807 antea
3636 2749 3875 2807 insanie-

2273 2850 2420 2897 runt.
2453 2841 2509 2897 In
2538 2842 2757 2897 dimcesi
2788 2842 3120 2912 llipponensi
3149 2840 3476 2898 Restitutum
3500 2844 3877 2916 presbyterum

2277 2936 2604 2992 catholicum
2636 2946 2918 3008 exceptum
2954 2938 3169 2993 insidiis
3198 2936 3569 3006 trucidarunt,
3601 2940 3683 2997 uti
3712 2949 3768 2996 et
3797 2938 3884 2994 in-

2276 3028 2584 3084 nocentium
2613 3029 2983 3100 presbyterum
3017 3045 3047 3085 e
3067 3026 3230 3085 domo
3252 3041 3461 3099 raptum
3491 3032 3651 3086 oculo
3680 3031 3879 3087 effosso

2280 3121 2562 3193 digitoque
2614 3130 2892 3192 amputato
2945 3128 3351 3178 truncat-erunt.
3385 3122 3738 3182 Marcellinus
3764 3120 3882 3178 Tri-

569 3212 702 3268 dant
730 3221 782 3269 et
815 3212 1071 3268 Ecclesiis
1098 3214 1322 3285 singulis
1352 3212 1605 3267 damnata
1655 3211 1961 3268 schismatis
2010 3226 2170 3267 causa
2201 3210 2246 3273 C
2278 3212 2743 3269 bunuscuicauszc
2772 3214 2932 3281 lmjns
2962 3214 3240 3270 exsecutio
3262 3223 3377 3270 erat
3403 3215 3670 3287 injuncta,
3696 3214 3875 3271 habita

568 3306 624 3361 in
651 3308 859 3361 unitate
891 3306 1112 3375 pacitica
1162 3305 1471 3361 constitutis
1517 3304 1584 3359 ab
1629 3304 1712 3359 his
1759 3306 1849 3375 qui
1881 3306 2075 3376 singuli
2117 3305 2169 3360 in

569 3400 799 3469 singulis
827 3397 1086 3454 Ecclesiis
1114 3398 1481 3464 invenientur,
1515 3398 1718 3452 unitate
1745 3397 1901 3466 facta,
1937 3414 2035 3469 per
2060 3398 2171 3453 loca

568 3490 778 3560 singula
806 3490 1203 3544 constituantur
1220 3488 1479 3557 episcopi.

647 3579 803 3634 Gesta
824 3580 1136 3634 collationis.
1168 3608 1238 3620 -—
1268 3579 1524 3634 Kalendis
1566 3579 1713 3635 Junii
1761 3580 1888 3634 anni
1928 3580 2067 3648 4H,
2121 3582 2173 3637 in

574 3673 872 3729 secretario
903 3687 995 3727 seu
1038 3671 1299 3742 praetorio
1346 3671 1700 3728 Thermarum
1743 3672 2174 3745 Gargilianarum

574 3765 885 3838 Carthagini
947 3772 1321 3821 convenerunt
1368 3768 1605 3838 episcopi
1653 3769 1934 3840 utriusque
1982 3771 2173 3840 partis.

574 3857 741 3914 Lecto
770 3859 1114 3929 imperatoris
1138 3856 1316 3914 edicto
1347 3859 1644 3915 Marcellini
1674 3862 1947 3926 mandato,
1980 3872 2034 3917 et
2064 3863 2178 3932 epi-

575 3962 865 4018 scoporum
899 3956 1009 4003 tum
1039 3946 1446 4006 Catholicorum
1480 3961 1589 4005 tum
1637 3951 2036 4007 Donatistarum
2064 3955 2178 4023 epi-

572 4042 874 4109 stolis,non
889 4041 1055 4097 alium
1088 4051 1285 4112 praeter
1308 4043 1678 4099 Marcellinum
1706 4044 2040 4115 cognitorem
2065 4046 2179 4102 cle-

575 4139 890 4209 geruntzl
918 4136 1232 4203 Donatistae,
1265 4136 1361 4192 sed
1383 4137 1451 4192 de
1480 4137 1919 4208 temporeelapso
1932 4139 2185 4195 nonnihil

579 4228 813 4284 cavillati
844 4236 990 4283 sunt.
1020 4228 1300 4285 Recensiti
1342 4229 1542 4285 deinde
1592 4229 1832 4301 episcopi
1873 4245 2063 4287 omnes
2088 4230 2179 4304 qui

578 4319 806 4375 aderant
829 4327 886 4376 et
910 4320 1178 4377 mandatis
1203 4321 1660 4392 subscripseraut,
1694 4321 1896 4378 inventi
1927 4338 1958 4380 e
1982 4322 2179 4379 Catho-

578 4412 699 4469 licis
742 4413 871 4480 286,
919 4422 975 4468 et
1010 4429 1077 4469 ex
1124 4414 1528 4470 Donatistarum
1561 4425 1716 4482 parte
1742 4412 1871 4473 279.
1917 4416 2069 4474 Lecti
2111 4414 2179 4475 ab

578 4514 808 4574 utraque
842 4506 995 4574 parte
1021 4514 1229 4573 septem
1271 4506 1362 4578 qui
1405 4520 1624 4561 causam
1667 4509 1908 4563 omnium
1960 4511 2179 4565 nomine

2279 3308 2331 3362 in
2354 3323 2477 3362 reos
2499 3308 2797 3378 quaestione
2814 3304 3116 3374 moderata,
3140 3324 3245 3362 non
3278 3307 3615 3365 sulcantibus
3642 3307 3881 3380 ungulis,

2280 3412 2386 3453 non
2433 3397 2716 3452 urentibus
2765 3397 3029 3462 ﬂammis,
3086 3397 3181 3453 sed
3238 3399 3510 3470 virgarum
3563 3399 3884 3455 verberibus

2281 3489 2678 3545 confessionem
2704 3491 2969 3545 scelerum
2990 3498 3229 3547 eruerat.
3257 3486 3313 3546 in
3346 3506 3470 3547 reos
3498 3507 3564 3547 ex
3591 3490 3779 3564 legum
3805 3508 3886 3546 sc-

2281 3584 2509 3637 vcritate
2536 3582 3074 3638 animadvertendum
3114 3594 3262 3650 erat,
3316 3593 3371 3638 ut
3411 3583 3589 3656 qualia
3642 3584 3886 3641 fecerant

2283 3674 2410 3729 talia
2440 3684 2773 3744 paterentur.
2823 3675 3158 3744 Augustinus
3204 3659 3383 3731 autem
3415 3680 3502 3731 cui
3553 3692 3663 3733 non
3712 3677 3889 3748 place-

2282 3766 2416 3849 bant
2445 3768 2648 3821 atrocia
2671 3767 2777 3821 ulla
2804 3782 2866 3822 ac
2889 3770 3163 3838 praecipue
3185 3768 3437 3838 capitalia
3466 3768 3767 3845 supplicia,
3796 3782 3889 3839 per

2283 3856 2493 3914 litteras
2524 3858 2664 3930 apud
2692 3858 3090 3923 Marcellinum,
3128 3859 3394 3914 Donatum
3425 3861 3815 3929 proconsulem
3840 3865 3893 3911 et

2284 3951 2604 4023 Apringium
2637 3952 2748 4021 egit
2768 3951 3159 4007 instantissime
3189 3960 3249 4006 ut
3270 3967 3428 4023 poena
3462 3952 3659 4008 mortis
3697 3953 3810 4008 imo
3839 3958 3892 4004 et

2285 4043 2719 4099 detruncationis
2754 4043 3123 4124 membrorum
3179 4043 3569 4101 remitteretur.
3623 4044 3739 4101 Sed
3794 4045 3893 4098 hoc

2285 4149 2315 4188 a
2342 4133 2651 4189 Marcellino
2676 4134 2866 4204 petiit,
2894 4144 2954 4189 ut
2980 4144 3097 4189 acta
3128 4132 3326 4204 quibus
3358 4135 3768 4190 Donatistarum
3790 4134 3894 4189 eri-

2285 4226 2432 4280 mina
2462 4226 2853 4298 probabantur,
2887 4225 3099 4296 publica
3131 4226 3326 4281 tierent
3369 4236 3424 4282 et
3456 4227 3662 4297 popuio
3693 4240 3895 4298 ιιι-οιιο-

2287 4328 2570 4388 nerentur,
2604 4331 2661 4375 ut
2687 4320 2892 4391 pudore
2924 4334 2987 4374 ac
3016 4320 3306 4390 ignominia
3341 4319 3589 4375 homines
3615 4321 3690 4375 ab
3721 4317 3894 4373 homi-

2286 4412 2447 4468 nibus
2473 4413 2596 4467 talia
2645 4413 2849 4469 scelera
2880 4413 3216 4483 patrantibus
3256 4422 3656 4468 averterentur.
3700 4411 3896 4468 Caeteri

2286 4510 2452 4567 etiam
2482 4508 2757 4565 antistites
2784 4525 2882 4579 pro
2913 4511 3023 4564 reis
3052 4508 3363 4580 nefcapitali
3396 4509 3667 4579 supplicio
3696 4508 3896 4579 plecte-

580 4604 825 4666 agerent,
858 4611 980 4668 quae
1011 4597 1335 4654 dicebantur
1360 4613 1389 4653 a
1412 4598 1648 4655 Notariis
1676 4616 1749 4656 ex
1774 4609 1999 4672 utraque
2029 4612 2180 4671 parte
2208 4605 2261 4668 D
2290 4614 2504 4671 rentur,
2536 4602 2676 4673 apud
2700 4601 2913 4673 iudices
2940 4600 3351 4658 intercedebant
3375 4594 3399 4654 ε’
3423 4615 3522 4655 nec
3554 4609 3747 4656 tamen
3797 4598 3897 4653 ista

580 4698 808 4759 excepta
833 4699 892 4745 et
917 4690 1220 4761 recognita,
1240 4701 1295 4746 et
1311 4691 1435 4746 inde
1457 4701 1574 4747 acta
1596 4692 1665 4746 ab
1686 4692 1865 4747 officio
1889 4691 2133 4749 confecta
2160 4713 2172 4748 :

580 4782 779 4850 quibus
810 4782 1040 4851 peractis
1060 4782 1294 4852 cognitio
1313 4782 1366 4837 in
1391 4783 1535 4837 diem
1561 4783 1774 4838 tertium
1788 4783 1933 4839 Junii
1960 4800 2178 4855 compe-

578 4872 865 4928 rendinata
894 4884 994 4929 est.
1021 4873 1232 4929 Haedie
1256 4874 1779 4945 sempertantum'ex
1793 4885 2014 4947 utraque
2029 4887 2179 4948 parte

582 4964 781 5021 delecti
804 4974 1017 5021 actores
1044 4980 1165 5020 cum
1189 4966 1414 5021 totidem
1447 4966 1772 5022 consiliariis
1787 4983 1851 5024 ac
1867 4967 2176 5025 chartarum

582 5057 902 5114 custodibus
928 5068 1183 5128 quatuor,
1231 5065 1286 5112 et
1316 5059 1543 5114 notariis
1572 5057 1637 5115 ad
1667 5059 1841 5114 locum
1873 5061 2177 5118 collationis

581 5159 871 5206 venerunt.
904 5150 1040 5205 Cum
1063 5159 1215 5221 gesta
1245 5150 1483 5207 nondum
1512 5152 1691 5208 forent
1720 5153 1991 5225 descripta
2015 5196 2029 5223 ,
2058 5158 2179 5225 post

581 5245 802 5302 brevem
831 5246 1239 5302 altercationem
1289 5247 1356 5304 ad
1403 5259 1615 5304 sestum
1658 5248 1845 5306 Iduum
1893 5249 2175 5307 Iuniarum

581 5338 749 5395 dilata
780 5339 1019 5397 collatio.
1048 5341 1166 5411 Quo
1200 5340 1287 5398 die
1315 5354 1433 5400 acta
1459 5354 1543 5400 est
1570 5345 1711 5399 inter
1760 5353 1941 5415 partes
1986 5360 2178 5415 magna

579 5432 746 5488 animi
779 5442 833 5489 et
869 5433 1018 5488 vocis
1064 5436 1411 5491 contentione
1457 5448 1640 5509 causa.
1689 5436 1819 5501 Qua:
1866 5434 2065 5490 fuerint
2110 5435 2178 5491 ab

579 5534 809 5598 utraque
837 5535 989 5598 parte
1014 5527 1155 5583 dieta
1185 5539 1240 5585 et
1280 5530 1535 5600 allegata,
1569 5529 1657 5584 hic
1691 5528 1897 5584 referre
1922 5528 2055 5583 nihil
2084 5544 2179 5584 ne-

579 5630 735 5673 cesse
760 5627 864 5686 est,
897 5634 1021 5675 cum
1044 5634 1106 5675 ea
1127 5636 1195 5676 ex
1220 5621 1357 5676 actis
1384 5620 1554 5689 ipsius
1584 5619 1891 5675 collationis
1912 5629 1968 5675 et
1993 5620 2174 5676 brevi-

576 5706 700 5762 culo
743 5708 802 5764 S.
845 5708 1134 5780 Augustini
1179 5711 1247 5765 ad
1303 5709 1508 5766 calcem
1556 5707 1721 5777 hujus
1751 5714 1932 5781 operis
1958 5725 1988 5765 a
2023 5712 2178 5770 nobis

571 5802 909 5867 memoratis,
941 5799 1157 5857 abunde
1177 5799 1349 5875 repeti
1372 5806 1607 5875 possint.
1635 5800 1748 5867 Hoc
1774 5818 1938 5869 unum
1964 5803 2180 5879 imprae-

2289 4695 2680 4751 catholicorum
2714 4693 3073 4750 mansuetudo
3104 4692 3277 4765 potuit
3310 4692 3726 4747 Donatistarum
3754 4690 3899 4746 furo-

2285 4806 2401 4847 rem
2445 4791 2713 4862 mitigare.
2758 4786 2953 4843 Narrat
2979 4786 3306 4855 Augustinus
3328 4785 3689 4853 Macrobium,
3722 4801 3891 4841 unum

2284 4899 2351 4940 ex
2410 4899 2596 4939 eorum
2627 4880 2941 4953 episcopis,
2991 4881 3244 4952 stipatum
3299 4879 3488 4935 cuneis
3539 4879 3889 4949 perditorum

2289 4976 2570 5047 utriusque
2600 4991 2763 5031 sexus
2794 4974 2893 5031 hac
2938 4983 3100 5046 atque
3146 4973 3272 5029 illac
3315 4972 3665 5030 circumiisse
3707 4982 3764 5029 et
3792 4969 3893 5027 sibi

2287 5067 2539 5124 basilicas
2566 5082 2660 5137 per
2686 5067 2793 5121 vim
2820 5067 3117 5136 aperuisse.

2341 5157 2647 5225 ,Calumm'a:
2675 5156 3068 5213 Donatistarum
3110 5157 3164 5211 in
3209 5152 3681 5212 Marcellinum.—
3701 5152 3777 5213 Ut
3805 5168 3899 5209 au-

2292 5232 2399 5315 tem
2422 5250 2685 5321 judicium
2730 5265 2759 5304 a
2792 5249 3099 5308 Marcellino
3127 5257 3313 5305 contra
3343 5263 3403 5304 se
3449 5248 3613 5303 latum
3647 5247 3894 5303 infirma-

2289 5350 2411 5398 rent
2433 5385 2448 5410 ,
2482 5344 2696 5399 aiebant
2718 5358 2840 5398 eum
2870 5339 3045 5413 pretio
3074 5350 3385 5413 corruptum
3410 5338 3735 5407 catholicis,
3759 5353 3893 5411 quo-

2287 5450 2408 5489 rum
2433 5437 2832 5491 communionis
2860 5446 2977 5491 erat
2996 5478 3011 5503 ,
3047 5435 3242 5491 favisse
3270 5444 3325 5494 et
3354 5435 3406 5491 in
3438 5448 3625 5491 eorum
3656 5435 3891 5506 gratiam

2285 5530 2610 5585 sententiam
2644 5530 2861 5598 tulisse,
2891 5530 2986 5586 sed
3032 5546 3315 5603 perperam
3345 5539 3399 5585 et
3438 5538 3622 5585 noctu.
3657 5530 3891 5589 ASsere-

2281 5619 2413 5677 bant
2442 5625 2603 5677 etiam
2632 5637 2755 5677 eum
2802 5636 2907 5677 non
2936 5623 3275 5695 permisisse,
3307 5632 3365 5676 ut
3409 5622 3584 5678 omnia
3635 5636 3740 5691 pro
3784 5618 3894 5674 suis

2286 5715 2526 5784 partibus
2559 5712 2853 5769 Donatista:
2884 5713 3191 5785 proferrent
3245 5730 3310 5771 ac
3363 5715 3471 5769 vim
3504 5711 3601 5767 sibi
3652 5720 3895 5780 conque-

2290 5805 2546 5869 rebantur
2572 5805 2777 5883 illatam
2803 5804 2946 5880 quod
2970 5807 3025 5867 in
3049 5806 3347 5871 secretario
3371 5806 3736 5867 Thermarum
3760 5803 3893 5863 Gar-
