4206 6170
385 282 488 340 8'21

1599 273 1916 334 HISTORIA
1958 275 2524 335 DONATISTARUM.

3626 282 3732 338 εει

379 395 711 467 gilianarum
773 389 1095 446 collationis
1154 398 1396 462 tempore
1464 391 1689 448 fuissent
1743 390 2010 448 conclusi.
2041 397 2093 457 Α
2121 393 2365 464 gustinus
2387 433 2402 460 ,
2430 391 2515 448 cui
2544 390 2738 448 titulus
2765 397 2886 446 erat
2907 391 2988 448 Att
3021 390 3316 449 Emeritam
3348 393 3736 456 Donatistarum

379 487 516 556 Quae
545 482 1000 553 vitilitigatorum
1048 481 1244 552 effugia
1281 482 1474 538 merito
1518 483 1764 540 ridebant
1805 481 2012 539 Catho-

374 583 469 640 lici
494 597 508 634 :
535 593 655 635 nam
678 585 1018 648 corruptum
1045 590 1182 630 auro
1203 575 1435 642 judicem
1461 578 1629 648 gratis
1649 586 1704 633 et
1729 576 1844 631 sine
1871 586 2014 632 teste

375 675 675 740 dicebatur;
709 671 758 726 si
795 669 936 742 quid
969 683 1102 724 vero
1133 669 1550 740 proponendum
1594 678 1712 727 erat
1748 669 2012 725 adversus

373 785 504 829 eum
521 811 536 836 ,
562 769 612 823 id
637 776 768 822 ante
792 763 1192 836 disputationis
1215 765 1500 820 exordium
1524 766 1704 822 facere
1728 779 1820 821 eos
1848 779 2014 836 opor-

374 871 568 922 tuerat.
618 860 780 930 Quod
845 873 958 914 non
989 857 1158 912 modo
1190 871 1301 912 non
1348 857 1626 926 fecerant,
1655 861 1749 915 sed
1780 867 1834 914 et
1877 857 2013 914 offe-

372 954 511 1015 renti
537 964 594 1010 ut
621 954 795 1008 alium
824 951 1072 1022 judicem
1102 949 1196 1018 qui
1227 963 1414 1004 secum
1456 950 1679 1007 sederet
1706 951 2010 1022 eligerent,

375 1048 764 1119 responderant
793 1059 859 1100 se
885 1043 1125 1098 alterum
1156 1041 1306 1096 nolle
1342 1042 1589 1110 judicem
1611 1086 1624 1108 ,
1656 1054 1820 1114 atque
1867 1043 2012 1098 hunc

379 1143 581 1215 prolixe
610 1156 722 1195 non
753 1137 936 1196 semel
981 1137 1342 1192 laudaverant
1375 1152 1387 1187 :
1417 1137 1570 1204 quod
1621 1136 1686 1190 ad
1737 1135 2011 1191 actionem

380 1238 645 1308 pertinet,
680 1233 985 1303 unicuique
1009 1229 1300 1300 clepsydra
1331 1227 1552 1296 adjecta
1599 1228 1866 1300 quidquid
1917 1243 2015 1283 vo-

383 1333 568 1387 luisset
611 1339 667 1385 et
703 1340 969 1400 quantum
1015 1325 1285 1380 voluisset
1333 1323 1555 1380 dicendi
1604 1326 1886 1380 licentiam
1915 1325 2011 1380 de-

381 1423 548 1479 disse.
599 1421 676 1476 De
715 1425 767 1476 vi
798 1420 945 1475 illata
972 1418 1094 1489 quia
1141 1418 1197 1471 in
1237 1415 1574 1484 Gargilianis
1624 1416 1886 1471 Thermis
1934 1416 2015 1470 in-

383 1516 520 1571 clusi
551 1514 764 1569 fuerant
818 1526 925 1566 non
980 1510 1152 1579 magis
1199 1505 1468 1577 conqueri
1520 1520 1732 1576 posse,
1766 1509 1812 1561 si
1864 1507 2017 1563 locus

381 1607 577 1663 fuisset
601 1604 870 1675 querelas,
897 1601 1197 1657 catholicos
1226 1613 1392 1668 quam
1425 1597 1761 1652 Donatistas
1786 1614 1908 1654 cum
1943 1599 2013 1655 ibi

383 1700 604 1769 utrique
637 1705 817 1752 essent
851 1711 863 1748 :
892 1702 947 1748 at
976 1689 1250 1764 quomodo
1282 1705 1384 1762 pro
1430 1703 1668 1744 carcere
1716 1687 2020 1745 habebatur

2119 490 2410 560 episcopum
2436 497 2552 558 post
2579 487 2930 554 collationem,
2954 501 3061 558 quo
3075 500 3166 543 res
3187 488 3384 559 quibus
3404 490 3482 547 illi
3507 493 3736 551 vincun-

2119 592 2206 636 tur
2231 581 2315 636 vel
2343 580 2471 636 victi
2515 594 2644 636 esse
2671 588 3068 650 monstrantur,
3118 580 3361 639 breviter
3405 588 3738 658 complecte-

2118 672 2294 728 batur.
2326 673 2428 740 Qui
2454 672 2597 729 liber
2628 673 2822 743 periit,
2861 673 2958 729 sed
3003 683 3156 730 extat
3180 675 3301 746 ejus
3323 676 3460 734 liber
3479 665 3549 736 de
3572 685 3741 762 gestis

2118 780 2241 821 cum
2263 765 2535 832 Emerito,
2569 776 2628 821 et
2660 779 2843 821 sermo
2870 781 2937 822 eo
2973 777 3248 838 praesente
3275 768 3343 825 ad
3381 769 3737 832 Caesariensis

2118 859 2380 915 Ecclesiae
2409 860 2630 930 plebem
2661 860 2860 916 dictus.

2188 957 2296 1026 22
2317 954 2614 1009 Concilium
2642 954 3310 1014 Donatistarum—Circa
3345 958 3488 1015 idem
3519 968 3740 1033 tempus

2117 1044 2332 1100 habitus
2362 1054 2444 1101 est
2500 1045 2913 1100 Donatistarum
2940 1058 3271 1116 conventus,
3327 1050 3414 1104 cui
3441 1049 3738 1108 Petilianus

2118 1153 2240 1194 cum
2269 1137 2388 1193 aliis
2421 1139 2714 1209 plusquam
2746 1140 2961 1210 triginta
2985 1143 3261 1213 episcopis
3285 1142 3550 1200 interfuit.
3582 1145 3638 1200 In
3669 1161 3735 1201 eo

2117 1232 2405 1287 consilium
2435 1231 2721 1299 inierunt,
2753 1249 2860 1303 quo
2906 1244 3063 1304 pacto
3111 1235 3309 1291 edictis
3348 1236 3547 1306 quibus
3597 1239 3736 1295 adeo

2119 1325 2535 1395 premebantur,
2563 1324 2784 1380 obviam
2813 1327 2989 1393 irent,
3033 1343 3155 1383 cum
3187 1327 3504 1385 viderentur
3544 1346 3604 1387 se
3639 1348 3735 1402 po-

2120 1417 2228 1471 tius
2259 1417 2507 1486 pristinis
2531 1418 2752 1488 ignibus
2781 1418 2961 1475 daturi
2991 1421 3122 1492 (imo
3159 1421 3214 1476 id
3266 1422 3445 1492 reipsa
3491 1421 3738 1482 facerent

2125 1525 2222 1580 spe
2251 1510 2482 1565 nominis
2505 1521 2812 1585 martyrum
2838 1513 2980 1584 apud
3020 1529 3146 1569 suos
3179 1514 3446 1585 potiundi)
3481 1530 3644 1586 quam
3677 1529 3736 1574 ut

2127 1602 2180 1655 in
2213 1600 2419 1655 insulas
2443 1601 2887 1673 deportarentur.
2936 1605 2992 1660 In
3023 1605 3216 1661 eodem
3253 1615 3524 1662 conventu
3569 1609 3638 1664 ab
3670 1609 3739 1666 iis

2123 1693 2178 1749 id
2203 1703 2459 1749 statutum
2510 1706 2598 1752 est
2631 1715 2643 1750 ε
2702 1698 2771 1752 Ut
2794 1702 2880 1769 qui
2911 1699 3177 1754 catholicis
3207 1699 3731 1770 communicaverint,

382 1800 541 1854 locus
583 1794 672 1848 ubi
702 1799 818 1848 erat
847 1799 900 1845 et
949 1788 1111 1859 judex
1143 1798 1200 1844 et
1227 1788 1280 1842 in
1307 1799 1417 1857 quo
1445 1783 1664 1839 retenti
1716 1799 1826 1838 non
1851 1792 2015 1850 sunt,
2049 1803 2096 1863 Β
2123 1789 2480 1859 episcoporum
2526 1788 2610 1842 υει
2648 1789 3060 1862 presbyterorum
3109 1800 3308 1845 tantum
3337 1791 3382 1845 δε
3418 1792 3735 1867 sam-ﬁcium

382 1891 484 1948 sed
542 1887 683 1944 unde
708 1884 909 1942 dimissi
961 1883 1173 1955 quando
1224 1877 1578 1937 voluerunt?
1608 1877 1696 1932 De
1752 1877 2018 1932 sententia

382 1996 554 2043 noctu
580 1984 684 2038 lata
712 1979 936 2036 forensis
992 1977 1193 2033 rabula:
1221 1973 1474 2031 Petiliani
1526 1970 1834 2026 cavillatio
1864 1978 2016 2036 erat;

382 2078 525 2137 nihil
555 2075 701 2132 enim
726 2073 898 2129 obstat
936 2070 1064 2141 quin
1091 2071 1135 2123 si
1179 2082 1346 2123 causa
1377 2064 1637 2135 postulet
1659 2103 1677 2129 ,
1703 2061 1911 2117 diutius
1936 2061 2022 2130 ju-
2071 2057 2078 2062 ’

384 2173 494 2229 dex
524 2170 694 2240 possit
719 2167 872 2222 etiam
906 2163 1116 2220 sedere.
1146 2157 1508 2216 Nihilominus
1539 2157 1683 2211 haec
1715 2155 2024 2210 Donatista-

387 2283 514 2324 rum
544 2261 905 2320 CaIumniandi
933 2257 1153 2313 audacia
1181 2263 1345 2324 atque
1370 2251 1668 2322 protervia
1724 2251 1796 2305 ita
1845 2250 2021 2304 incre-

389 2364 511 2424 vit,
564 2363 625 2411 ut
673 2355 738 2409 de
782 2350 1020 2407 remedio
1062 2344 1388 2419 apponendo
1439 2343 1640 2397 Patres
1676 2341 1921 2397 Africani
1966 2339 2020 2394 in

395 2463 696 2507 commune
724 2444 1090 2501 consuluerint
1120 2442 1174 2495 in
1207 2435 1418 2510 synodo
1448 2432 1698 2489 Cirtensi
1749 2449 1844 2490 seu
1890 2433 2020 2489 Zer—

397 2545 544 2600 tensi
585 2555 727 2596 anno
777 2547 895 2609 post
946 2535 1292 2590 collationem
1323 2527 1547 2594 habito,
1594 2529 1756 2598 cujus
1800 2528 2021 2583 nomine

399 2634 743 2708 Augustinus
768 2630 1049 2701 epistolam
1072 2624 1296 2697 scripsit
1325 2622 1391 2676 ad
1420 2619 1728 2674 Donatistas
1757 2621 1886 2674 olim
1914 2635 2020 2676 cur

401 2744 553 2786 nunc
603 2739 764 2788 cm,
811 2738 910 2793 qua
943 2718 1249 2792 hujusmodi
1302 2712 1629 2770 calumniam
1659 2711 1835 2767 diluit.
1887 2713 2020 2769 Data

405 2833 493 2878 est
524 2835 666 2876 xvut
692 2814 908 2871 kalend.
941 2814 1129 2869 Julias.

485 2913 638 2969 Mors
661 2908 977 2965 Marcellini.
1005 2903 1346 2976 Conﬁrmatio
1387 2901 1649 2954 sententia:
1697 2899 2018 2958 Marcellini.

407 3010 578 3062 ——At
631 3005 924 3059 Donatista:
967 3014 1074 3056 non
1119 2995 1364 3053 contenti
1413 2993 1707 3048 Marcellini
1757 2994 2023 3052 honorem

408 3097 707 3157 calumniis
733 3094 846 3150 suis
877 3092 1138 3148 infamare
1158 3131 1173 3157 ,
1224 3089 1392 3143 vitam
1417 3085 1577 3139 etiam
1604 3087 1982 3155 appetiverunt
2004 3130 2019 3154 ,

2124 1899 2228 1937 non
2259 1881 2534 1936 obtulerint
2567 1894 2655 1938 aut
2695 1887 2751 1938 in
2782 1887 2975 1956 populo
3006 1902 3107 1940 non
3153 1886 3482 1940 tractaverint
3501 1928 3518 1957 ,
3555 1887 3624 1941 ad
3652 1904 3735 1943 ve-

2124 1976 2264 2029 niam
2292 1975 2590 2044 perveniant
2621 1987 2669 2030 et
2692 1978 2746 2030 in
2777 1980 2883 2033 suis
2906 1977 3185 2033 honoribus
3211 1977 3546 2050 recipiantur.

2199 2065 2597 2122 Donatistarum
2648 2071 2875 2125 schisma
2913 2071 3336 2126 debilitatum.—
3361 2071 3574 2127 Interea
3604 2072 3733 2127 Dele

2125 2161 2280 2218 citius
2309 2160 2585 2217 Tribunus
2615 2173 2668 2219 et
2697 2163 2954 2219 Notarius
3009 2164 3372 2234 imperialium
3418 2161 3731 2235 jussionum

2126 2265 2311 2312 contra
2338 2255 2649 2312 Donatistas
2677 2259 2730 2313 in
2754 2258 2938 2314 Africa
2970 2266 3250 2325 executor,
3283 2271 3475 2328 poenas
3520 2257 3731 2330 legibus

2129 2349 2181 2403 in
2215 2361 2310 2403 eos
2336 2349 2576 2402 sancitas
2616 2363 2809 2405 severe
2849 2349 3134 2420 exigebat,
3168 2349 3502 2406 intestabiles
3552 2350 3732 2405 Dona-

2127 2438 2281 2494 tistas
2312 2452 2433 2492 esse
2465 2438 2814 2507 declarabat,
2866 2443 3094 2497 mulctas
3140 2441 3434 2511 imperatas
3478 2441 3730 2512 impone-

2125 2533 2251 2596 bat,
2285 2527 2538 2586 basilicas
2564 2546 2752 2587 eorum
2779 2543 2834 2588 et
2859 2533 2996 2588 bona
3027 2532 3272 2588 ecclesiae
3305 2533 3588 2588 catholicae
3629 2533 3730 2588 ad-

2124 2621 2428 2694 judicabat,
2459 2624 2751 2696 episcopos
2796 2633 2850 2680 et
2898 2625 3124 2680 clericos
3162 2625 3222 2680 ia
3274 2625 3478 2682 insulas
3524 2633 3580 2681 et
3602 2640 3731 2696 pro-

2123 2715 2328 2770 vincias
2357 2714 2683 2787 longinquas
2729 2718 3004 2773 exulatum
3049 2715 3319 2772 mittebat.
3352 2718 3522 2788 Ilujus
3569 2719 3734 2788 igitur

2123 2806 2399 2878 vigilantia
2415 2808 2573 2862 multi
2593 2818 2705 2863 tum
2732 2811 2992 2880 temporis
3013 2809 3080 2864 ad
3108 2809 3408 2865 Ecclesiam
3426 2809 3730 2876 redierunt,

2127 2909 2182 2957 et
2213 2901 2511 2958 Donatiana
2557 2913 2743 2970 secta,
2777 2919 2900 2975 qua:
2949 2914 3108 2959 antea
3154 2903 3210 2959 in
3256 2902 3438 2960 Africa
3484 2903 3735 2976 vigebat,

2127 2995 2296 3050 fracta
2319 3003 2374 3050 et
2401 2995 2683 3052 debilitata
2707 3013 2930 3068 prorsus
2959 3007 3063 3054 est.
3092 2997 3162 3053 At
3186 2997 3432 3053 nonnulli
3464 2997 3519 3054 in
3558 2997 3736 3069 pervi-

2127 3086 2276 3142 cacia
2307 3100 2404 3140 sua
2435 3086 2693 3144 obstinati
2717 3089 3118 3158 perdurabant,
3145 3105 3374 3160 quorum
3406 3090 3499 3145 alii
3542 3089 3732 3146 basili-

409 3205 488 3258 et,
523 3188 683 3262 quasi
726 3184 1058 3242 Heracliana:
1090 3181 1348 3238 factionis
1378 3177 1675 3243 hominem,
1699 3178 1798 3232 sub
1822 3177 2021 3233 invidia
2049 3197 2096 3258 ρ
2129 3193 2220 3234 cas
2253 3194 2321 3234 ne
2348 3178 2644 3236 Catholicis
2701 3182 2999 3249 traderent,
3055 3183 3147 3238 alii
3191 3197 3289 3253 pro
3316 3198 3417 3240 suo
3451 3198 3608 3246 more
3633 3198 3728 3239 va-

412 3281 724 3350 tvrannidis
765 3294 1081 3350 oppressum
1128 3277 1254 3333 licet
1301 3275 1682 3338 innocentem,
1737 3281 1794 3328 ut
1820 3272 1907 3327 die
1954 3273 2024 3327 I3

414 3349 759 3449 Sieptembris
789 3349 916 3427 anni
941 3372 1069 3437 415,
1093 3370 1250 3440 jussu
1275 3366 1465 3422 Marini
1496 3365 1708 3422 comitis
1733 3368 1822 3436 qui
1853 3365 2022 3420 Ilcra-

415 3474 658 3528 clianum
699 3469 751 3522 in
797 3465 978 3521 Africa
1023 3463 1426 3526 debellaverat,
1471 3457 1646 3530 capite
1694 3459 2024 3527 plecteretur

420 3565 742 3621 effecerunt.
775 3559 910 3613 Ilinc
946 3555 1289 3611 occasionem
1323 3559 1608 3622 coeperunt
1641 3550 1920 3621 jactitandi
1952 3552 2027 3606 ir-

421 3657 585 3712 ritum
619 3666 742 3708 esse
766 3649 1026 3721 judicium
1058 3664 1088 3701 a
1121 3645 1436 3702 Marcellino
1475 3645 1638 3698 latum
1673 3662 1685 3697 :
1726 3644 1868 3714 quod
1900 3659 2022 3698 cum

421 3745 784 3804 intellexisset
812 3741 1115 3808 Honorius,
1145 3737 1554 3794 severissimam
1601 3737 1654 3790 in
1708 3751 1804 3792 eos
1847 3737 2021 3806 legem

425 3839 549 3895 tulit
579 3837 670 3892 die
707 3834 779 3888 22
825 3833 970 3889 Junii
1021 3831 1148 3886 anni
1197 3828 1334 3896 414,
1389 3838 1444 3883 et
1491 3828 1591 3882 alia
1623 3827 1740 3897 lege
1783 3827 1907 3882 data
1955 3828 2026 3884 50

425 3929 654 4000 Augusti
674 3929 798 3982 anni
818 3924 925 3982 415
944 3968 958 3994 ,
987 3925 1176 3981 statuit
1202 3937 1266 3978 ea
1290 3937 1410 3992 qua:
1435 3935 1463 3974 a
1496 3921 1830 3989 Marcellino,
1862 3936 2023 3991 quem

429 4019 721 4093 spectabilis
776 4017 1023 4074 memoria
1079 4017 1244 4069 virum
1291 4013 1567 4084 appellat,
1611 4013 1664 4068 in
1711 4013 2022 4069 Donatistas

427 4123 582 4186 gesta
603 4120 760 4168 erant
789 4121 845 4166 et
873 4111 927 4165 in
954 4109 1167 4180 publica
1209 4115 1558 4163 monumenta
1602 4106 1856 4162 translata
1879 4147 1894 4172 ,
1929 4105 2023 4160 fir-

429 4210 672 4267 mitatem
706 4214 1016 4277 perpetuam
1049 4203 1268 4259 habere.

499 4302 620 4357 Non
650 4300 844 4356 melius
891 4297 1184 4354 Donatistis
1209 4297 1374 4351 cessit
1420 4295 1721 4364 importuna
1751 4293 1890 4362 apud
1922 4292 2029 4348 Bo-

432 4395 688 4451 nifacium
733 4392 984 4450 comitem
1018 4387 1412 4460 interpellatio,
1446 4389 1534 4458 qui
1564 4387 1778 4456 rejectis
1809 4387 2030 4441 menda-

433 4489 775 4545 cissimorum
807 4486 1088 4541 hominum
1129 4481 1416 4538 calumniis
1465 4480 1751 4551 Augustini
1799 4479 2028 4535 consilia

2129 3271 2213 3332 rio
2241 3270 2431 3324 mortis
2458 3286 2666 3342 genere
2695 3284 2926 3330 mortem
2978 3276 3082 3331 sibi
3110 3277 3527 3347 conciscebant,
3557 3288 3613 3333 ut
3639 3292 3738 3349 pro

2128 3362 2456 3434 martyribus
2487 3364 2840 3432 haberentur.
2875 3368 3126 3424 Nonnulli
3155 3369 3208 3423 in
3236 3371 3535 3426 catholicos
3561 3359 3736 3426 irrue-

2127 3454 2261 3510 bant
2286 3463 2341 3509 et
2369 3469 2434 3508 ex
2465 3454 2532 3511 iis
2559 3458 2826 3527 plurimos
2857 3461 2978 3516 neci
3005 3461 3327 3516 tradebant:
3360 3462 3490 3518 dum
3536 3479 3567 3519 e
3596 3479 3731 3520 con—

2130 3558 2211 3603 tra
2243 3546 2495 3604 catholici
2527 3551 2801 3607 antistites
2829 3552 3060 3610 sollicite
3084 3553 3276 3609 mortis
3319 3569 3535 3625 pinnam
3565 3570 3596 3609 a
3624 3557 3732 3612 Do-

2129 3641 2450 3696 natistarum
2483 3644 2663 3713 capite
2691 3644 3059 3716 depulsarcnt.

2203 3731 2285 3786 De
2314 3731 2610 3788 Gaudentio
2634 3735 3149 3810 Tliamugadensi.-—
3169 3740 3302 3798 Cum
3329 3743 3594 3800 malorum
3627 3744 3731 3800 hu-

2123 3825 2432 3897 juscemodi
2459 3826 2567 3880 dux
2595 3836 2651 3883 et
2678 3829 2761 3884 fax
2792 3842 2936 3887 esset
2963 3831 3297 3891 Gaudentius
3317 3835 3733 3908 Thamugaden-

2128 3921 2226 3988 sis,
2264 3936 2402 3976 unus
2441 3937 2471 3976 e
2501 3932 2709 3993 septem
2749 3927 3025 3982 actoribus
3057 3929 3454 3986 Donatistarum
3486 3933 3540 3988 in
3566 3932 3734 3988 colla‘

2132 4015 2308 4081 tione,
2363 4013 2511 4069 dedit
2555 4015 2622 4071 ad
2671 4017 2822 4073 illum
2871 4020 3085 4077 litteras
3118 4022 3386 4079 Dulcitius
3437 4024 3733 4080 exhortans

2129 4125 2254 4166 eum
2311 4109 2378 4164 ad
2409 4109 2668 4166 unitatem
2701 4113 3025 4170 catholicam
3075 4125 3132 4172 et
3180 4116 3501 4173 dissuadens
3550 4109 3734 4173 incen-

2131 4204 2279 4259 dium
2307 4219 2414 4273 quo
2445 4218 2504 4258 se
2525 4219 2589 4259 ac
2618 4219 2747 4261 suos
2789 4221 2911 4261 cum
2956 4207 3072 4277 ipsa
3126 4208 3370 4264 Ecclesia
3410 4223 3734 4268 consumere

2131 4296 2438 4352 minabatur
2468 4311 2480 4346 :
2507 4296 2715 4352 addens
2745 4296 2906 4352 etiam
2957 4308 3016 4353 ut
3045 4299 3089 4353 si
3125 4313 3186 4354 se
3212 4300 3388 4369 justas
3439 4310 3731 4373 putarent,

2132 4391 2382 4460 fugerent
2413 4389 2588 4458 potius
2615 4390 2911 4446 secundum
2942 4402 3272 4462 praeceptum
3292 4393 3504 4450 Domini
3531 4394 3736 4451 Christi

2135 4498 2295 4555 quam
2327 4497 2386 4536 se
2415 4482 2663 4538 nefandis
2692 4483 2906 4554 ignibus
2950 4495 3384 4543 concremarent.
3433 4487 3736 4558 Respondit

435 4583 789 4658 praetulitsibi
819 4582 1130 4653 praescripta
1163 4583 1214 4635 in
1243 4580 1444 4636 eximio
1472 4578 1566 4632 illo
1598 4577 1736 4633 libro
1764 4593 1858 4632 seu
1889 4577 2030 4646 epis-
2057 4591 2110 4650 1)
2137 4575 2475 4632 Gaudentius
2505 4575 2713 4631 duabus
2743 4575 2936 4633 litteris
2957 4620 2970 4644 ,
3003 4577 3250 4633 breviore
3273 4593 3378 4636 una
3398 4622 3414 4647 ,
3447 4582 3736 4636 festinante

438 4679 548 4735 tola
571 4691 690 4748 qua:
712 4685 795 4732 est
819 4676 888 4731 de
916 4673 1272 4729 Correctione
1300 4671 1722 4726 Donatistarum.

509 4771 668 4826 Gesta
689 4770 958 4841 Augustini
986 4785 1101 4822 cum
1137 4767 1458 4822 Enterito.-—
1478 4765 1636 4823 Anno
1680 4766 1808 4832 M8,
1864 4765 2033 4836 prima

441 4865 594 4930 Maii,
625 4862 946 4919 universalis
975 4859 1193 4916 concilii
1236 4859 1672 4929 Carthaginensis
1701 4857 1889 4914 Patres
1940 4858 2032 4914 de-

441 4971 588 5017 creta
640 4958 927 5014 condidere
955 4958 1026 5012 ad
1059 4953 1448 5025 extinguendas
1496 4954 1811 5009 Donatiancc
1865 4963 2031 5019 secta:

441 5055 724 5124 reliquias.
757 5052 939 5108 Mense
964 5064 1096 5105 vero
1123 5048 1410 5119 septembri
1452 5046 1731 5118 proximo,
1775 5062 1898 5102 cum
1925 5046 2034 5101 Au-
2059 5088 2064 5092 .

442 5148 691 5222 gustinus
720 5144 856 5216 apud
887 5143 1080 5199 Juliam
1103 5141 1403 5196 Caesaream
1434 5151 1742 5196 versaretur
1765 5155 1885 5195 cum
1921 5138 2038 5209 qui-

445 5241 670 5299 busdam
711 5241 964 5310 collegis,
1002 5237 1236 5292 occurrit
1269 5237 1403 5291 forte
1454 5237 1504 5290 in
1548 5235 1846 5290 Emeritum
1879 5235 2038 5304 hujus

448 5337 600 5390 urbis
628 5335 937 5406 episcupum
960 5347 1024 5387 ex
1059 5339 1208 5399 parte
1236 5323 1462 5395 Donati,
1490 5330 1578 5400 qui
1612 5344 1750 5383 unus
1777 5327 1949 5382 fuerat
1971 5343 2036 5382 ex

447 5428 721 5484 actoribus
749 5424 1090 5489 collationis,
1122 5437 1280 5492 quem
1329 5436 1449 5476 cum
1500 5421 1566 5475 ad
1596 5420 1895 5476 Ecclesiam
1946 5419 2042 5474 ad-

447 5522 724 5585 duxisset,
759 5535 878 5573 cum
905 5533 971 5573 eo
997 5525 1311 5572 concertare
1340 5514 1525 5568 voluit.
1555 5513 1624 5567 At
1671 5511 1944 5568 Emeritus
1974 5527 2041 5567 ne

449 5617 656 5675 tnutire
685 5614 898 5684 quidem
929 5620 1020 5667 aut
1060 5611 1274 5666 hiscere
1306 5622 1468 5662 ausus
1495 5617 1576 5662 est
1597 5649 1611 5673 ,
1656 5617 1711 5662 et
1757 5606 2042 5676 Augustini

449 5723 763 5767 sermonem
815 5704 1079 5776 patienter
1129 5712 1313 5758 contra
1363 5715 1492 5756 suos
1540 5699 1764 5754 audivit.
1818 5697 2040 5752 Librum

455 5803 624 5879 paulo
653 5810 780 5858 ante
803 5800 1063 5858 adversus
1107 5799 1248 5855 hunc
1275 5795 1574 5854 Emeritam
1603 5795 1890 5865 scripserat
1913 5851 1916 5854 ,
1937 5793 2044 5848 Au-

2139 4680 2198 4725 ut
2222 4670 2437 4726 aiebant
2461 4671 2730 4739 perlatore
2750 4712 2766 4738 ,
2796 4671 2898 4726 alia
2930 4671 3140 4742 prolixa
3160 4714 3174 4738 ,
3205 4675 3357 4741 quasi
3405 4675 3617 4744 plenius
3647 4674 3731 4729 di-

2135 4764 2496 4835 ligentiusque
2563 4764 2921 4834 respondens.
2976 4764 3237 4820 Dulcitius
3287 4765 3475 4821 ambas
3531 4774 3589 4820 ut
3642 4781 3737 4823 eas

2138 4859 2427 4917 Gaudentii
2474 4861 2733 4932 epistolas
2763 4859 3091 4915 existimavit
3130 4857 3196 4912 ad
3228 4873 3351 4914 eum
3377 4872 3497 4914 esse
3521 4859 3739 4915 mittem

2142 4952 2239 5007 das
2270 4953 2549 5008 refelleret
2570 4996 2583 5018 ,
2613 4952 2879 5021 simulque
2910 4967 3034 5008 eum
3069 4965 3167 5021 per
3195 4950 3406 5007 litteras
3434 4953 3738 5020 consuluit,

2143 5045 2414 5114 quodnam
2443 5030 2864 5100 istis‘ahaereticis
2902 5059 3221 5116 responsum
3277 5046 3392 5102 dari
3442 5057 3737 5118 oporteret.

2143 5139 2464 5208 Augustinus
2493 5139 2679 5192 ambas
2729 5138 3015 5193 Gattdcntii
3062 5138 3316 5206 epistolas
3345 5155 3456 5194 uno
3487 5140 3627 5196 libro
3653 5155 3740 5196 red

2144 5231 2387 5301 darguit,
2419 5231 2510 5300 qui
2561 5246 2682 5285 cum
2735 5231 2785 5282 in
2836 5229 3077 5300 ejusdem
3131 5233 3464 5299 pervenisset
3511 5247 3739 5302 manus,

2145 5323 2428 5392 rescripsit
2450 5322 2539 5378 ille
2568 5323 2712 5394 quod
2735 5323 2782 5376 ci
2815 5326 2986 5378 visura
3011 5332 3127 5388 est;
3171 5323 3266 5379 sed
3293 5325 3622 5396 Augustinus
3665 5341 3745 5382 re-

2146 5418 2493 5489 sponsionem
2525 5417 2640 5488 ejus
2673 5420 2998 5486 cnntempsit
3037 5433 3134 5474 nec
3165 5416 3379 5488 dignam
3423 5419 3745 5474 refutatione

2143 5512 2425 5584 judicavit.
2452 5511 2531 5566 Ad
2559 5513 2884 5582 postulatum
2915 5528 3042 5570 vero
3071 5515 3282 5570 Dulcitii
3305 5515 3586 5585 respondit
3615 5516 3745 5568 isto‘

2149 5621 2267 5662 rum
2299 5603 2562 5660 insaniam
2589 5619 2698 5662 non
2727 5606 2925 5662 debere
2953 5608 3169 5664 obstare
3200 5607 3488 5675 quominus
3521 5605 3585 5660 ad
3617 5606 3745 5659 uni-

2152 5706 2314 5754 tatem
2347 5696 2645 5752 faciendam
2669 5698 3001 5756 allaboraret
3028 5709 3082 5756 et
3113 5697 3377 5768 Principis
3399 5697 3547 5765 leges
3587 5711 3750 5753 exse-

2153 5791 2359 5850 cutioni
2386 5789 2756 5850 demandaret.
