  <div class='ocr_page' id='page_1' title='image "/cluster/home/n/w/nwhite01/storage/ocr_20150623/11/hvd.32044096580402/429.png"; bbox 0 0 4206 6170; ppageno 0'>
   <div class='ocr_carea' id='block_1_1' title="bbox 501 247 609 303">
    <p class='ocr_par' dir='ltr' id='par_1_1' title="bbox 501 247 609 303">
     <span class='ocr_line' id='line_1_1' title="bbox 501 247 609 303; baseline 0.009 -1"><span class='ocrx_word' id='word_1_1' title='bbox 501 247 609 303; x_wconf 66' lang='grc'><strong>825</strong></span> 
     </span>
    </p>
   </div>
   <div class='ocr_carea' id='block_1_2' title="bbox 1889 245 2419 309">
    <p class='ocr_par' dir='ltr' id='par_1_2' title="bbox 1889 245 2419 309">
     <span class='ocr_line' id='line_1_2' title="bbox 1889 245 2419 309; baseline 0.009 -6"><span class='ocrx_word' id='word_1_2' title='bbox 1889 245 2419 309; x_wconf 74' lang='lat' dir='ltr'><strong>[’ROLECOMENA.</strong></span> 
     </span>
    </p>
   </div>
   <div class='ocr_carea' id='block_1_3' title="bbox 3698 251 3807 308">
    <p class='ocr_par' dir='ltr' id='par_1_3' title="bbox 3698 251 3807 308">
     <span class='ocr_line' id='line_1_3' title="bbox 3698 251 3807 308; baseline 0.018 -2"><span class='ocrx_word' id='word_1_3' title='bbox 3698 251 3807 308; x_wconf 64' lang='grc' dir='ltr'><strong>ευ</strong></span> 
     </span>
    </p>
   </div>
   <div class='ocr_carea' id='block_1_4' title="bbox 578 360 3809 437">
    <p class='ocr_par' dir='ltr' id='par_1_4' title="bbox 578 360 3809 437">
     <span class='ocr_line' id='line_1_4' title="bbox 578 360 3809 437; baseline 0.003 -20"><span class='ocrx_word' id='word_1_4' title='bbox 578 361 687 418; x_wconf 81' lang='lat' dir='ltr'><strong>Lea:</strong></span> <span class='ocrx_word' id='word_1_5' title='bbox 708 360 986 421; x_wconf 70' lang='lat' dir='ltr'><strong>Theodosii</strong></span> <span class='ocrx_word' id='word_1_6' title='bbox 1005 362 1239 418; x_wconf 79' lang='lat' dir='ltr'><strong>Juniorts</strong></span> <span class='ocrx_word' id='word_1_7' title='bbox 1261 365 1316 417; x_wconf 83' lang='lat' dir='ltr'><strong>in</strong></span> <span class='ocrx_word' id='word_1_8' title='bbox 1358 362 1753 420; x_wconf 59' lang='lat' dir='ltr'><strong>Donatistan—</strong></span> <span class='ocrx_word' id='word_1_9' title='bbox 1776 363 1993 421; x_wconf 67' lang='lat' dir='ltr'><strong>Eaedem</strong></span> <span class='ocrx_word' id='word_1_10' title='bbox 2027 365 2102 419; x_wconf 75' lang='lat' dir='ltr'><strong>ie-</strong></span> <span class='ocrx_word' id='word_1_11' title='bbox 2127 367 2183 426; x_wconf 80' lang='grc' dir='ltr'><strong>Α</strong></span> <span class='ocrx_word' id='word_1_12' title='bbox 2206 366 2380 431; x_wconf 89' lang='lat' dir='ltr'><strong>uicus,</strong></span> <span class='ocrx_word' id='word_1_13' title='bbox 2405 364 2849 437; x_wconf 85' lang='lat' dir='ltr'><strong>Carthagineusis</strong></span> <span class='ocrx_word' id='word_1_14' title='bbox 2869 366 3178 437; x_wconf 84' lang='lat' dir='ltr'><strong>episcopus,</strong></span> <span class='ocrx_word' id='word_1_15' title='bbox 3229 367 3377 424; x_wconf 89' lang='lat' dir='ltr'><strong>omni</strong></span> <span class='ocrx_word' id='word_1_16' title='bbox 3419 380 3549 424; x_wconf 88' lang='lat' dir='ltr'><strong>cura</strong></span> <span class='ocrx_word' id='word_1_17' title='bbox 3601 369 3809 427; x_wconf 88' lang='lat' dir='ltr'><strong>incum-</strong></span> 
     </span>
    </p>
   </div>
   <div class='ocr_carea' id='block_1_5' title="bbox 500 456 2107 530">
    <p class='ocr_par' dir='ltr' id='par_1_5' title="bbox 500 456 2107 530">
     <span class='ocr_line' id='line_1_5' title="bbox 500 456 2107 530; baseline 0.001 -18"><span class='ocrx_word' id='word_1_18' title='bbox 500 469 601 525; x_wconf 78' lang='lat' dir='ltr'><strong>ges</strong></span> <span class='ocrx_word' id='word_1_19' title='bbox 628 472 657 511; x_wconf 91' lang='lat' dir='ltr'><strong>a</strong></span> <span class='ocrx_word' id='word_1_20' title='bbox 684 456 995 513; x_wconf 84' lang='lat' dir='ltr'><strong>Theodosio</strong></span> <span class='ocrx_word' id='word_1_21' title='bbox 1040 456 1263 514; x_wconf 88' lang='lat' dir='ltr'><strong>.luniore</strong></span> <span class='ocrx_word' id='word_1_22' title='bbox 1311 469 1583 515; x_wconf 73' lang='lat' dir='ltr'><strong>renovatae</strong></span> <span class='ocrx_word' id='word_1_23' title='bbox 1629 468 1787 524; x_wconf 89' lang='lat' dir='ltr'><strong>sunt,</strong></span> <span class='ocrx_word' id='word_1_24' title='bbox 1833 461 1949 530; x_wconf 85' lang='lat' dir='ltr'><strong>lege</strong></span> <span class='ocrx_word' id='word_1_25' title='bbox 1977 459 2107 515; x_wconf 81' lang='lat' dir='ltr'><strong>data</strong></span> 
     </span>
    </p>
   </div>
   <div class='ocr_carea' id='block_1_6' title="bbox 501 548 2102 623">
    <p class='ocr_par' dir='ltr' id='par_1_6' title="bbox 501 548 2102 623">
     <span class='ocr_line' id='line_1_6' title="bbox 501 548 2102 623; baseline 0.002 -18"><span class='ocrx_word' id='word_1_26' title='bbox 501 548 574 606; x_wconf 74' lang='lat'><strong>30</strong></span> <span class='ocrx_word' id='word_1_27' title='bbox 600 549 720 604; x_wconf 87' lang='lat' dir='ltr'><strong>Maii</strong></span> <span class='ocrx_word' id='word_1_28' title='bbox 749 565 892 607; x_wconf 91' lang='lat' dir='ltr'><strong>anno</strong></span> <span class='ocrx_word' id='word_1_29' title='bbox 911 549 1017 605; x_wconf 69' lang='grc'><strong>428</strong></span> <span class='ocrx_word' id='word_1_30' title='bbox 1036 593 1053 619; x_wconf 83' lang='grc'><em>,</em></span> <span class='ocrx_word' id='word_1_31' title='bbox 1082 551 1187 613; x_wconf 84' lang='lat' dir='ltr'><strong>sed</strong></span> <span class='ocrx_word' id='word_1_32' title='bbox 1203 552 1363 621; x_wconf 88' lang='lat' dir='ltr'><strong>paulo</strong></span> <span class='ocrx_word' id='word_1_33' title='bbox 1385 563 1507 623; x_wconf 88' lang='lat' dir='ltr'><strong>post</strong></span> <span class='ocrx_word' id='word_1_34' title='bbox 1526 552 1926 609; x_wconf 78' lang='lat' dir='ltr'><strong>Donatistarum</strong></span> <span class='ocrx_word' id='word_1_35' title='bbox 1954 561 2102 609; x_wconf 88' lang='lat' dir='ltr'><strong>secta</strong></span> 
     </span>
    </p>
   </div>
   <div class='ocr_carea' id='block_1_7' title="bbox 505 641 2105 717">
    <p class='ocr_par' dir='ltr' id='par_1_7' title="bbox 505 641 2105 717">
     <span class='ocr_line' id='line_1_7' title="bbox 505 641 2105 717; baseline 0.003 -20"><span class='ocrx_word' id='word_1_36' title='bbox 505 641 872 698; x_wconf 81' lang='lat' dir='ltr'><strong>Vandalorum</strong></span> <span class='ocrx_word' id='word_1_37' title='bbox 901 644 1204 714; x_wconf 88' lang='lat' dir='ltr'><strong>irruptione</strong></span> <span class='ocrx_word' id='word_1_38' title='bbox 1245 660 1274 698; x_wconf 88' lang='lat' dir='ltr'><strong>a</strong></span> <span class='ocrx_word' id='word_1_39' title='bbox 1301 645 1512 717; x_wconf 73' lang='lat' dir='ltr'><strong>legibus</strong></span> <span class='ocrx_word' id='word_1_40' title='bbox 1556 647 1940 715; x_wconf 78' lang='lat' dir='ltr'><strong>imperatorum</strong></span> <span class='ocrx_word' id='word_1_41' title='bbox 1990 655 2105 701; x_wconf 88' lang='lat' dir='ltr'><strong>tuta</strong></span> 
     </span>
    </p>
   </div>
   <div class='ocr_carea' id='block_1_8' title="bbox 500 732 2105 808">
    <p class='ocr_par' dir='ltr' id='par_1_8' title="bbox 500 732 2105 808">
     <span class='ocr_line' id='line_1_8' title="bbox 500 732 2105 808; baseline 0.003 -20"><span class='ocrx_word' id='word_1_42' title='bbox 500 732 621 788; x_wconf 81' lang='lat' dir='ltr'><strong>fuit.</strong></span> <span class='ocrx_word' id='word_1_43' title='bbox 654 732 940 789; x_wconf 89' lang='lat' dir='ltr'><strong>Nonnullis</strong></span> <span class='ocrx_word' id='word_1_44' title='bbox 958 736 1131 790; x_wconf 80' lang='lat' dir='ltr'><strong>etiam</strong></span> <span class='ocrx_word' id='word_1_45' title='bbox 1160 751 1224 791; x_wconf 83' lang='lat' dir='ltr'><strong>ex</strong></span> <span class='ocrx_word' id='word_1_46' title='bbox 1259 738 1325 793; x_wconf 87' lang='lat' dir='ltr'><strong>iis</strong></span> <span class='ocrx_word' id='word_1_47' title='bbox 1355 741 1444 808; x_wconf 88' lang='lat' dir='ltr'><strong>qui</strong></span> <span class='ocrx_word' id='word_1_48' title='bbox 1474 753 1532 793; x_wconf 89' lang='lat' dir='ltr'><strong>se</strong></span> <span class='ocrx_word' id='word_1_49' title='bbox 1562 738 1886 795; x_wconf 81' lang='lat' dir='ltr'><strong>Arianorum</strong></span> <span class='ocrx_word' id='word_1_50' title='bbox 1914 738 2105 795; x_wconf 90' lang='lat' dir='ltr'><strong>adver-</strong></span> 
     </span>
    </p>
   </div>
   <div class='ocr_carea' id='block_1_9' title="bbox 502 826 2100 899">
    <p class='ocr_par' dir='ltr' id='par_1_9' title="bbox 502 826 2100 899">
     <span class='ocr_line' id='line_1_9' title="bbox 502 826 2100 899; baseline 0.003 -20"><span class='ocrx_word' id='word_1_51' title='bbox 502 826 676 879; x_wconf 88' lang='lat' dir='ltr'><strong>sarios</strong></span> <span class='ocrx_word' id='word_1_52' title='bbox 717 842 824 880; x_wconf 93' lang='lat' dir='ltr'><strong>non</strong></span> <span class='ocrx_word' id='word_1_53' title='bbox 860 841 980 882; x_wconf 85' lang='lat' dir='ltr'><strong>esse</strong></span> <span class='ocrx_word' id='word_1_54' title='bbox 1014 828 1318 899; x_wconf 84' lang='lat' dir='ltr'><strong>llngebant,</strong></span> <span class='ocrx_word' id='word_1_55' title='bbox 1350 829 1578 885; x_wconf 81' lang='lat' dir='ltr'><strong>Vandali</strong></span> <span class='ocrx_word' id='word_1_56' title='bbox 1611 830 1808 885; x_wconf 81' lang='lat' dir='ltr'><strong>favisse</strong></span> <span class='ocrx_word' id='word_1_57' title='bbox 1830 831 2100 886; x_wconf 84' lang='lat' dir='ltr'><strong>videntur.</strong></span> 
     </span>
    </p>
   </div>
   <div class='ocr_carea' id='block_1_10' title="bbox 506 916 2105 991">
    <p class='ocr_par' dir='ltr' id='par_1_10' title="bbox 506 916 2105 991">
     <span class='ocr_line' id='line_1_10' title="bbox 506 916 2105 991; baseline 0.004 -20"><span class='ocrx_word' id='word_1_58' title='bbox 506 916 869 974; x_wconf 85' lang='lat' dir='ltr'><strong>Nihilominus</strong></span> <span class='ocrx_word' id='word_1_59' title='bbox 899 920 1146 975; x_wconf 81' lang='lat' dir='ltr'><strong>eamdem</strong></span> <span class='ocrx_word' id='word_1_60' title='bbox 1181 921 1425 991; x_wconf 86' lang='lat' dir='ltr'><strong>plerique</strong></span> <span class='ocrx_word' id='word_1_61' title='bbox 1480 938 1669 977; x_wconf 88' lang='lat' dir='ltr'><strong>eorum</strong></span> <span class='ocrx_word' id='word_1_62' title='bbox 1723 938 1786 978; x_wconf 86' lang='lat' dir='ltr'><strong>ac</strong></span> <span class='ocrx_word' id='word_1_63' title='bbox 1839 921 2105 979; x_wconf 70' lang='lat' dir='ltr'><strong>Catholici</strong></span> 
     </span>
    </p>
   </div>
   <div class='ocr_carea' id='block_1_11' title="bbox 510 1011 2105 1085">
    <p class='ocr_par' dir='ltr' id='par_1_11' title="bbox 510 1011 2105 1085">
     <span class='ocr_line' id='line_1_11' title="bbox 510 1011 2105 1085; baseline 0.005 -22"><span class='ocrx_word' id='word_1_64' title='bbox 510 1020 714 1065; x_wconf 83' lang='lat' dir='ltr'><strong>sortem</strong></span> <span class='ocrx_word' id='word_1_65' title='bbox 746 1011 1031 1067; x_wconf 91' lang='lat' dir='ltr'><strong>subierunt</strong></span> <span class='ocrx_word' id='word_1_66' title='bbox 1072 1022 1126 1067; x_wconf 89' lang='lat' dir='ltr'><strong>et</strong></span> <span class='ocrx_word' id='word_1_67' title='bbox 1171 1016 1272 1067; x_wconf 87' lang='lat' dir='ltr'><strong>sub</strong></span> <span class='ocrx_word' id='word_1_68' title='bbox 1302 1013 1627 1069; x_wconf 83' lang='lat' dir='ltr'><strong>Arianorum</strong></span> <span class='ocrx_word' id='word_1_69' title='bbox 1665 1015 1796 1085; x_wconf 84' lang='lat' dir='ltr'><strong>jugo</strong></span> <span class='ocrx_word' id='word_1_70' title='bbox 1852 1017 2105 1071; x_wconf 85' lang='lat' dir='ltr'><strong>miseram</strong></span> 
     </span>
    </p>
   </div>
   <div class='ocr_carea' id='block_1_12' title="bbox 505 1102 2107 1179">
    <p class='ocr_par' dir='ltr' id='par_1_12' title="bbox 505 1102 2107 1179">
     <span class='ocr_line' id='line_1_12' title="bbox 505 1102 2107 1179; baseline 0.006 -25"><span class='ocrx_word' id='word_1_71' title='bbox 505 1102 669 1157; x_wconf 88' lang='lat' dir='ltr'><strong>vitam</strong></span> <span class='ocrx_word' id='word_1_72' title='bbox 700 1111 939 1160; x_wconf 84' lang='lat' dir='ltr'><strong>traxere.</strong></span> <span class='ocrx_word' id='word_1_73' title='bbox 972 1103 1132 1160; x_wconf 85' lang='lat' dir='ltr'><strong>Certe</strong></span> <span class='ocrx_word' id='word_1_74' title='bbox 1157 1104 1497 1162; x_wconf 89' lang='lat' dir='ltr'><strong>Fastidiosus</strong></span> <span class='ocrx_word' id='word_1_75' title='bbox 1539 1108 1828 1179; x_wconf 88' lang='lat' dir='ltr'><strong>episcopus</strong></span> <span class='ocrx_word' id='word_1_76' title='bbox 1872 1110 2107 1164; x_wconf 87' lang='lat' dir='ltr'><strong>Arianus</strong></span> 
     </span>
    </p>
   </div>
   <div class='ocr_carea' id='block_1_13' title="bbox 505 1194 2125 1270">
    <p class='ocr_par' dir='ltr' id='par_1_13' title="bbox 505 1194 2125 1270">
     <span class='ocr_line' id='line_1_13' title="bbox 505 1194 2125 1270; baseline 0.004 -22"><span class='ocrx_word' id='word_1_77' title='bbox 505 1194 659 1263; x_wconf 86' lang='lat' dir='ltr'><strong>cujus</strong></span> <span class='ocrx_word' id='word_1_78' title='bbox 688 1196 850 1250; x_wconf 75' lang='lat' dir='ltr'><strong>verba</strong></span> <span class='ocrx_word' id='word_1_79' title='bbox 881 1199 1192 1252; x_wconf 76' lang='lat' dir='ltr'><strong>referuntur</strong></span> <span class='ocrx_word' id='word_1_80' title='bbox 1213 1213 1241 1250; x_wconf 84' lang='lat' dir='ltr'><strong>a</strong></span> <span class='ocrx_word' id='word_1_81' title='bbox 1272 1197 1588 1269; x_wconf 86' lang='lat' dir='ltr'><strong>Fulgentio,</strong></span> <span class='ocrx_word' id='word_1_82' title='bbox 1619 1200 1923 1255; x_wconf 87' lang='lat' dir='ltr'><strong>l)0untistas</strong></span> <span class='ocrx_word' id='word_1_83' title='bbox 1952 1214 2125 1270; x_wconf 65' lang='lat' dir='ltr'><strong>atque.</strong></span> 
     </span>
    </p>
   </div>
   <div class='ocr_carea' id='block_1_14' title="bbox 509 1283 1253 1357">
    <p class='ocr_par' dir='ltr' id='par_1_14' title="bbox 509 1283 1253 1357">
     <span class='ocr_line' id='line_1_14' title="bbox 509 1283 1253 1357; baseline 0.005 -21"><span class='ocrx_word' id='word_1_84' title='bbox 509 1283 911 1357; x_wconf 56' lang='lat' dir='ltr'><strong>anatholicos</strong></span> <span class='ocrx_word' id='word_1_85' title='bbox 936 1288 1253 1343; x_wconf 83' lang='lat' dir='ltr'><strong>insectatur.</strong></span> 
     </span>
    </p>
   </div>
   <div class='ocr_carea' id='block_1_15' title="bbox 587 1378 2161 1453">
    <p class='ocr_par' dir='ltr' id='par_1_15' title="bbox 587 1378 2161 1453">
     <span class='ocr_line' id='line_1_15' title="bbox 587 1378 2161 1453; baseline 0.003 -20"><span class='ocrx_word' id='word_1_86' title='bbox 587 1378 837 1450; x_wconf 79' lang='lat' dir='ltr'><strong>Reliquio:</strong></span> <span class='ocrx_word' id='word_1_87' title='bbox 870 1379 1263 1435; x_wconf 79' lang='lat' dir='ltr'><strong>Donatistarum</strong></span> <span class='ocrx_word' id='word_1_88' title='bbox 1292 1382 1361 1435; x_wconf 83' lang='lat' dir='ltr'><strong>ad</strong></span> <span class='ocrx_word' id='word_1_89' title='bbox 1398 1393 1595 1437; x_wconf 71' lang='lat' dir='ltr'><strong>sextum</strong></span> <span class='ocrx_word' id='word_1_90' title='bbox 1642 1400 1800 1453; x_wconf 84' lang='lat' dir='ltr'><strong>usque</strong></span> <span class='ocrx_word' id='word_1_91' title='bbox 1838 1385 2105 1438; x_wconf 78' lang='lat' dir='ltr'><strong>swculum.</strong></span> <span class='ocrx_word' id='word_1_92' title='bbox 2158 1430 2161 1433; x_wconf 42' lang='grc' dir='ltr'><em>ι</em></span> 
     </span>
    </p>
   </div>
   <div class='ocr_carea' id='block_1_16' title="bbox 509 1470 2111 1540">
    <p class='ocr_par' dir='ltr' id='par_1_16' title="bbox 509 1470 2111 1540">
     <span class='ocr_line' id='line_1_16' title="bbox 509 1470 2111 1540; baseline 0.003 -15"><span class='ocrx_word' id='word_1_93' title='bbox 509 1470 997 1540; x_wconf 80' lang='lat' dir='ltr'><strong>~—Superl‘ueruut</strong></span> <span class='ocrx_word' id='word_1_94' title='bbox 1033 1483 1209 1528; x_wconf 89' lang='lat' dir='ltr'><strong>tamen</strong></span> <span class='ocrx_word' id='word_1_95' title='bbox 1256 1472 1559 1530; x_wconf 84' lang='lat' dir='ltr'><strong>diutissime</strong></span> <span class='ocrx_word' id='word_1_96' title='bbox 1608 1476 1659 1528; x_wconf 93' lang='lat' dir='ltr'><strong>in</strong></span> <span class='ocrx_word' id='word_1_97' title='bbox 1708 1476 1894 1530; x_wconf 82' lang='lat' dir='ltr'><strong>Africa</strong></span> <span class='ocrx_word' id='word_1_98' title='bbox 1939 1476 2111 1530; x_wconf 82' lang='lat' dir='ltr'><strong>schis-</strong></span> 
     </span>
    </p>
   </div>
   <div class='ocr_carea' id='block_1_17' title="bbox 510 1546 2108 1637">
    <p class='ocr_par' dir='ltr' id='par_1_17' title="bbox 510 1546 2108 1637">
     <span class='ocr_line' id='line_1_17' title="bbox 510 1546 2108 1637; baseline 0.003 -22"><span class='ocrx_word' id='word_1_99' title='bbox 510 1561 669 1615; x_wconf 80' lang='lat' dir='ltr'><strong>matis</strong></span> <span class='ocrx_word' id='word_1_100' title='bbox 712 1560 870 1630; x_wconf 80' lang='lat' dir='ltr'><strong>hujus</strong></span> <span class='ocrx_word' id='word_1_101' title='bbox 899 1546 1144 1632; x_wconf 84' lang='lat' dir='ltr'><strong>quamvis</strong></span> <span class='ocrx_word' id='word_1_102' title='bbox 1186 1564 1492 1635; x_wconf 84' lang='lat' dir='ltr'><strong>languentis</strong></span> <span class='ocrx_word' id='word_1_103' title='bbox 1519 1576 1573 1621; x_wconf 89' lang='lat' dir='ltr'><strong>et</strong></span> <span class='ocrx_word' id='word_1_104' title='bbox 1618 1566 1785 1621; x_wconf 87' lang='lat' dir='ltr'><strong>attriti</strong></span> <span class='ocrx_word' id='word_1_105' title='bbox 1830 1567 2108 1637; x_wconf 68' lang='lat' dir='ltr'><strong>l‘CliQﬂiiC,</strong></span> 
     </span>
    </p>
   </div>
   <div class='ocr_carea' id='block_1_18' title="bbox 511 1656 2105 1731">
    <p class='ocr_par' dir='ltr' id='par_1_18' title="bbox 511 1656 2105 1731">
     <span class='ocr_line' id='line_1_18' title="bbox 511 1656 2105 1731; baseline 0.004 -21"><span class='ocrx_word' id='word_1_106' title='bbox 511 1665 570 1710; x_wconf 91' lang='lat' dir='ltr'><strong>ut</strong></span> <span class='ocrx_word' id='word_1_107' title='bbox 598 1672 662 1710; x_wconf 83' lang='lat' dir='ltr'><strong>ex</strong></span> <span class='ocrx_word' id='word_1_108' title='bbox 693 1656 937 1725; x_wconf 79' lang='lat' dir='ltr'><strong>epistolis</strong></span> <span class='ocrx_word' id='word_1_109' title='bbox 963 1657 1209 1728; x_wconf 81' lang='lat' dir='ltr'><strong>Gregorii</strong></span> <span class='ocrx_word' id='word_1_110' title='bbox 1244 1659 1415 1728; x_wconf 81' lang='lat' dir='ltr'><strong>Magni</strong></span> <span class='ocrx_word' id='word_1_111' title='bbox 1439 1659 1505 1714; x_wconf 91' lang='lat' dir='ltr'><strong>ad</strong></span> <span class='ocrx_word' id='word_1_112' title='bbox 1538 1659 1702 1715; x_wconf 80' lang='lat' dir='ltr'><strong>Afros</strong></span> <span class='ocrx_word' id='word_1_113' title='bbox 1728 1661 1869 1715; x_wconf 85' lang='lat' dir='ltr'><strong>datis</strong></span> <span class='ocrx_word' id='word_1_114' title='bbox 1899 1661 2105 1731; x_wconf 88' lang='lat' dir='ltr'><strong>liquet,</strong></span> 
     </span>
    </p>
   </div>
   <div class='ocr_carea' id='block_1_19' title="bbox 514 1747 2117 1821">
    <p class='ocr_par' dir='ltr' id='par_1_19' title="bbox 514 1747 2117 1821">
     <span class='ocr_line' id='line_1_19' title="bbox 514 1747 2117 1821; baseline 0.004 -18"><span class='ocrx_word' id='word_1_115' title='bbox 514 1763 585 1803; x_wconf 79' lang='lat' dir='ltr'><strong>ex</strong></span> <span class='ocrx_word' id='word_1_116' title='bbox 614 1747 809 1817; x_wconf 84' lang='lat' dir='ltr'><strong>quibus</strong></span> <span class='ocrx_word' id='word_1_117' title='bbox 835 1750 1183 1821; x_wconf 83' lang='lat' dir='ltr'><strong>intelligimus</strong></span> <span class='ocrx_word' id='word_1_118' title='bbox 1215 1767 1323 1807; x_wconf 89' lang='lat' dir='ltr'><strong>non</strong></span> <span class='ocrx_word' id='word_1_119' title='bbox 1350 1767 1548 1820; x_wconf 87' lang='lat' dir='ltr'><strong>paucos</strong></span> <span class='ocrx_word' id='word_1_120' title='bbox 1578 1756 1631 1808; x_wconf 87' lang='lat' dir='ltr'><strong>itt</strong></span> <span class='ocrx_word' id='word_1_121' title='bbox 1662 1754 1836 1809; x_wconf 81' lang='lat' dir='ltr'><strong>Africa</strong></span> <span class='ocrx_word' id='word_1_122' title='bbox 1866 1756 2117 1811; x_wconf 83' lang='lat' dir='ltr'><strong>Donatis-</strong></span> 
     </span>
    </p>
   </div>
   <div class='ocr_carea' id='block_1_20' title="bbox 2208 456 3806 534">
    <p class='ocr_par' dir='ltr' id='par_1_20' title="bbox 2208 456 3806 534">
     <span class='ocr_line' id='line_1_20' title="bbox 2208 456 3806 534; baseline 0.005 -22"><span class='ocrx_word' id='word_1_123' title='bbox 2208 456 2338 513; x_wconf 84' lang='lat' dir='ltr'><strong>bens</strong></span> <span class='ocrx_word' id='word_1_124' title='bbox 2382 468 2439 512; x_wconf 93' lang='lat' dir='ltr'><strong>ut</strong></span> <span class='ocrx_word' id='word_1_125' title='bbox 2489 456 2798 515; x_wconf 76' lang='lat' dir='ltr'><strong>Africanam</strong></span> <span class='ocrx_word' id='word_1_126' title='bbox 2828 459 3124 515; x_wconf 85' lang='lat' dir='ltr'><strong>Ecclesiam</strong></span> <span class='ocrx_word' id='word_1_127' title='bbox 3152 461 3221 515; x_wconf 91' lang='lat' dir='ltr'><strong>ab</strong></span> <span class='ocrx_word' id='word_1_128' title='bbox 3248 459 3351 516; x_wconf 85' lang='lat' dir='ltr'><strong>hac</strong></span> <span class='ocrx_word' id='word_1_129' title='bbox 3377 460 3500 518; x_wconf 87' lang='lat' dir='ltr'><strong>labe</strong></span> <span class='ocrx_word' id='word_1_130' title='bbox 3530 473 3806 534; x_wconf 78' lang='lat' dir='ltr'><strong>purgaret.</strong></span> 
     </span>
    </p>
   </div>
   <div class='ocr_carea' id='block_1_21' title="bbox 2210 551 3810 629">
    <p class='ocr_par' dir='ltr' id='par_1_21' title="bbox 2210 551 3810 629">
     <span class='ocr_line' id='line_1_21' title="bbox 2210 551 3810 629; baseline 0.007 -23"><span class='ocrx_word' id='word_1_131' title='bbox 2210 551 2480 606; x_wconf 84' lang='lat' dir='ltr'><strong>Adversus</strong></span> <span class='ocrx_word' id='word_1_132' title='bbox 2526 567 2620 608; x_wconf 84' lang='lat' dir='ltr'><strong>cos</strong></span> <span class='ocrx_word' id='word_1_133' title='bbox 2663 562 2774 607; x_wconf 91' lang='lat' dir='ltr'><strong>tum</strong></span> <span class='ocrx_word' id='word_1_134' title='bbox 2822 553 3082 624; x_wconf 87' lang='lat' dir='ltr'><strong>temporis</strong></span> <span class='ocrx_word' id='word_1_135' title='bbox 3112 569 3143 609; x_wconf 89' lang='lat' dir='ltr'><strong>a</strong></span> <span class='ocrx_word' id='word_1_136' title='bbox 3190 555 3451 611; x_wconf 84' lang='lat' dir='ltr'><strong>Mauricio</strong></span> <span class='ocrx_word' id='word_1_137' title='bbox 3483 557 3810 629; x_wconf 84' lang='lat' dir='ltr'><strong>imperatore</strong></span> 
     </span>
    </p>
   </div>
   <div class='ocr_carea' id='block_1_22' title="bbox 2209 644 3806 718">
    <p class='ocr_par' dir='ltr' id='par_1_22' title="bbox 2209 644 3806 718">
     <span class='ocr_line' id='line_1_22' title="bbox 2209 644 3806 718; baseline 0.005 -20"><span class='ocrx_word' id='word_1_138' title='bbox 2209 645 2376 699; x_wconf 89' lang='lat' dir='ltr'><strong>missa</strong></span> <span class='ocrx_word' id='word_1_139' title='bbox 2405 653 2530 699; x_wconf 91' lang='lat' dir='ltr'><strong>sunt</strong></span> <span class='ocrx_word' id='word_1_140' title='bbox 2560 645 2857 713; x_wconf 84' lang='lat' dir='ltr'><strong>rescripta;</strong></span> <span class='ocrx_word' id='word_1_141' title='bbox 2908 644 3005 702; x_wconf 87' lang='lat' dir='ltr'><strong>sed</strong></span> <span class='ocrx_word' id='word_1_142' title='bbox 3054 645 3340 718; x_wconf 80' lang='lat' dir='ltr'><strong>conquesti</strong></span> <span class='ocrx_word' id='word_1_143' title='bbox 3388 659 3514 703; x_wconf 87' lang='lat' dir='ltr'><strong>sunt</strong></span> <span class='ocrx_word' id='word_1_144' title='bbox 3567 649 3806 706; x_wconf 82' lang='lat' dir='ltr'><strong>Africani</strong></span> 
     </span>
    </p>
   </div>
   <div class='ocr_carea' id='block_1_23' title="bbox 2208 736 3812 807">
    <p class='ocr_par' dir='ltr' id='par_1_23' title="bbox 2208 736 3812 807">
     <span class='ocr_line' id='line_1_23' title="bbox 2208 736 3812 807; baseline 0.004 -16"><span class='ocrx_word' id='word_1_145' title='bbox 2208 736 2447 806; x_wconf 86' lang='lat' dir='ltr'><strong>episcopi</strong></span> <span class='ocrx_word' id='word_1_146' title='bbox 2491 751 2552 791; x_wconf 88' lang='lat' dir='ltr'><strong>ea</strong></span> <span class='ocrx_word' id='word_1_147' title='bbox 2600 738 2935 793; x_wconf 79' lang='lat' dir='ltr'><strong>exsecutioni</strong></span> <span class='ocrx_word' id='word_1_148' title='bbox 2968 751 3076 793; x_wconf 92' lang='lat' dir='ltr'><strong>non</strong></span> <span class='ocrx_word' id='word_1_149' title='bbox 3108 738 3446 794; x_wconf 82' lang='lat' dir='ltr'><strong>demandari.</strong></span> <span class='ocrx_word' id='word_1_150' title='bbox 3495 742 3610 807; x_wconf 81' lang='lat' dir='ltr'><strong>Qua</strong></span> <span class='ocrx_word' id='word_1_151' title='bbox 3637 742 3706 797; x_wconf 89' lang='lat' dir='ltr'><strong>de</strong></span> <span class='ocrx_word' id='word_1_152' title='bbox 3753 759 3812 799; x_wconf 91' lang='lat' dir='ltr'><strong>re</strong></span> 
     </span>
    </p>
   </div>
   <div class='ocr_carea' id='block_1_24' title="bbox 2211 831 3812 894">
    <p class='ocr_par' dir='ltr' id='par_1_24' title="bbox 2211 831 3812 894">
     <span class='ocr_line' id='line_1_24' title="bbox 2211 831 3812 894; baseline 0.006 -9"><span class='ocrx_word' id='word_1_153' title='bbox 2211 832 2389 885; x_wconf 90' lang='lat' dir='ltr'><strong>missis</strong></span> <span class='ocrx_word' id='word_1_154' title='bbox 2421 831 2797 887; x_wconf 80' lang='lat' dir='ltr'><strong>Africanorum</strong></span> <span class='ocrx_word' id='word_1_155' title='bbox 2846 832 2913 886; x_wconf 89' lang='lat' dir='ltr'><strong>ad</strong></span> <span class='ocrx_word' id='word_1_156' title='bbox 2943 848 3065 885; x_wconf 88' lang='lat' dir='ltr'><strong>eum</strong></span> <span class='ocrx_word' id='word_1_157' title='bbox 3115 833 3314 888; x_wconf 87' lang='lat' dir='ltr'><strong>litteris</strong></span> <span class='ocrx_word' id='word_1_158' title='bbox 3361 835 3651 890; x_wconf 87' lang='lat' dir='ltr'><strong>certiorem</strong></span> <span class='ocrx_word' id='word_1_159' title='bbox 3683 835 3812 894; x_wconf 82' lang='lat' dir='ltr'><strong>fecit</strong></span> 
     </span>
    </p>
   </div>
   <div class='ocr_carea' id='block_1_25' title="bbox 2209 923 3811 995">
    <p class='ocr_par' dir='ltr' id='par_1_25' title="bbox 2209 923 3811 995">
     <span class='ocr_line' id='line_1_25' title="bbox 2209 923 3811 995; baseline 0.003 -15"><span class='ocrx_word' id='word_1_160' title='bbox 2209 923 2505 995; x_wconf 81' lang='lat' dir='ltr'><strong>Gregorius</strong></span> <span class='ocrx_word' id='word_1_161' title='bbox 2535 925 2920 992; x_wconf 85' lang='lat' dir='ltr'><strong>imperatorem</strong></span> <span class='ocrx_word' id='word_1_162' title='bbox 2944 965 2959 990; x_wconf 96' lang='lat'><strong>,</strong></span> <span class='ocrx_word' id='word_1_163' title='bbox 2988 924 3306 995; x_wconf 79' lang='lat' dir='ltr'><strong>rogavitque</strong></span> <span class='ocrx_word' id='word_1_164' title='bbox 3336 934 3396 979; x_wconf 91' lang='lat' dir='ltr'><strong>ut</strong></span> <span class='ocrx_word' id='word_1_165' title='bbox 3422 941 3610 983; x_wconf 80' lang='lat' dir='ltr'><strong>severe</strong></span> <span class='ocrx_word' id='word_1_166' title='bbox 3634 930 3686 982; x_wconf 92' lang='lat' dir='ltr'><strong>in</strong></span> <span class='ocrx_word' id='word_1_167' title='bbox 3715 945 3811 985; x_wconf 86' lang='lat' dir='ltr'><strong>eos</strong></span> 
     </span>
    </p>
   </div>
   <div class='ocr_carea' id='block_1_26' title="bbox 2210 1017 3811 1091">
    <p class='ocr_par' dir='ltr' id='par_1_26' title="bbox 2210 1017 3811 1091">
     <span class='ocr_line' id='line_1_26' title="bbox 2210 1017 3811 1091; baseline 0.003 -17"><span class='ocrx_word' id='word_1_168' title='bbox 2210 1019 2753 1074; x_wconf 79' lang='lat' dir='ltr'><strong>animadverteretur.</strong></span> <span class='ocrx_word' id='word_1_169' title='bbox 2831 1017 2950 1087; x_wconf 90' lang='lat' dir='ltr'><strong>Ipse</strong></span> <span class='ocrx_word' id='word_1_170' title='bbox 3010 1033 3142 1072; x_wconf 82' lang='lat' dir='ltr'><strong>vero</strong></span> <span class='ocrx_word' id='word_1_171' title='bbox 3196 1020 3468 1091; x_wconf 81' lang='lat' dir='ltr'><strong>episcOpis</strong></span> <span class='ocrx_word' id='word_1_172' title='bbox 3538 1020 3811 1079; x_wconf 81' lang='lat' dir='ltr'><strong>Africanis</strong></span> 
     </span>
    </p>
   </div>
   <div class='ocr_carea' id='block_1_27' title="bbox 2210 1114 3805 1185">
    <p class='ocr_par' dir='ltr' id='par_1_27' title="bbox 2210 1114 3805 1185">
     <span class='ocr_line' id='line_1_27' title="bbox 2210 1114 3805 1185; baseline 0.004 -18"><span class='ocrx_word' id='word_1_173' title='bbox 2210 1115 2427 1185; x_wconf 91' lang='lat' dir='ltr'><strong>scripsit</strong></span> <span class='ocrx_word' id='word_1_174' title='bbox 2450 1114 2756 1170; x_wconf 82' lang='lat' dir='ltr'><strong>Donatistas</strong></span> <span class='ocrx_word' id='word_1_175' title='bbox 2779 1116 3066 1185; x_wconf 84' lang='lat' dir='ltr'><strong>episcopos</strong></span> <span class='ocrx_word' id='word_1_176' title='bbox 3092 1117 3181 1185; x_wconf 86' lang='lat' dir='ltr'><strong>qui</strong></span> <span class='ocrx_word' id='word_1_177' title='bbox 3202 1116 3268 1170; x_wconf 87' lang='lat' dir='ltr'><strong>ad</strong></span> <span class='ocrx_word' id='word_1_178' title='bbox 3313 1116 3612 1173; x_wconf 83' lang='lat' dir='ltr'><strong>Ecclesiam</strong></span> <span class='ocrx_word' id='word_1_179' title='bbox 3641 1132 3805 1173; x_wconf 87' lang='lat' dir='ltr'><strong>acce-</strong></span> 
     </span>
    </p>
   </div>
   <div class='ocr_carea' id='block_1_28' title="bbox 2212 1205 3814 1278">
    <p class='ocr_par' dir='ltr' id='par_1_28' title="bbox 2212 1205 3814 1278">
     <span class='ocr_line' id='line_1_28' title="bbox 2212 1205 3814 1278; baseline 0.004 -18"><span class='ocrx_word' id='word_1_180' title='bbox 2212 1205 2411 1261; x_wconf 78' lang='lat' dir='ltr'><strong>debant</strong></span> <span class='ocrx_word' id='word_1_181' title='bbox 2439 1221 2500 1262; x_wconf 87' lang='lat' dir='ltr'><strong>ea</strong></span> <span class='ocrx_word' id='word_1_182' title='bbox 2524 1207 2641 1277; x_wconf 86' lang='lat' dir='ltr'><strong>lege</strong></span> <span class='ocrx_word' id='word_1_183' title='bbox 2668 1206 3012 1277; x_wconf 77' lang='lat' dir='ltr'><strong>recipiendos</strong></span> <span class='ocrx_word' id='word_1_184' title='bbox 3030 1250 3045 1273; x_wconf 95' lang='lat'><strong>,</strong></span> <span class='ocrx_word' id='word_1_185' title='bbox 3071 1223 3138 1262; x_wconf 90' lang='lat' dir='ltr'><strong>ne</strong></span> <span class='ocrx_word' id='word_1_186' title='bbox 3166 1216 3375 1278; x_wconf 84' lang='lat' dir='ltr'><strong>pateret</strong></span> <span class='ocrx_word' id='word_1_187' title='bbox 3401 1210 3479 1265; x_wconf 89' lang='lat' dir='ltr'><strong>eis</strong></span> <span class='ocrx_word' id='word_1_188' title='bbox 3504 1209 3571 1266; x_wconf 89' lang='lat' dir='ltr'><strong>ad</strong></span> <span class='ocrx_word' id='word_1_189' title='bbox 3600 1210 3814 1267; x_wconf 89' lang='lat' dir='ltr'><strong>Prima-</strong></span> 
     </span>
    </p>
   </div>
   <div class='ocr_carea' id='block_1_29' title="bbox 2213 1297 2550 1353">
    <p class='ocr_par' dir='ltr' id='par_1_29' title="bbox 2213 1297 2550 1353">
     <span class='ocr_line' id='line_1_29' title="bbox 2213 1297 2550 1353; baseline -0.003 -1"><span class='ocrx_word' id='word_1_190' title='bbox 2213 1305 2324 1352; x_wconf 92' lang='lat' dir='ltr'><strong>tum</strong></span> <span class='ocrx_word' id='word_1_191' title='bbox 2353 1297 2550 1353; x_wconf 89' lang='lat' dir='ltr'><strong>aditus.</strong></span> 
     </span>
    </p>
   </div>
   <div class='ocr_carea' id='block_1_30' title="bbox 2285 1389 3820 1463">
    <p class='ocr_par' dir='ltr' id='par_1_30' title="bbox 2285 1389 3820 1463">
     <span class='ocr_line' id='line_1_30' title="bbox 2285 1389 3820 1463; baseline 0.005 -20"><span class='ocrx_word' id='word_1_192' title='bbox 2285 1389 2362 1444; x_wconf 88' lang='lat' dir='ltr'><strong>Ita</strong></span> <span class='ocrx_word' id='word_1_193' title='bbox 2385 1406 2480 1460; x_wconf 85' lang='lat' dir='ltr'><strong>per</strong></span> <span class='ocrx_word' id='word_1_194' title='bbox 2510 1400 2592 1446; x_wconf 85' lang='lat' dir='ltr'><strong>ter</strong></span> <span class='ocrx_word' id='word_1_195' title='bbox 2617 1399 2834 1447; x_wconf 87' lang='lat' dir='ltr'><strong>centum</strong></span> <span class='ocrx_word' id='word_1_196' title='bbox 2865 1406 3038 1446; x_wconf 90' lang='lat' dir='ltr'><strong>annos</strong></span> <span class='ocrx_word' id='word_1_197' title='bbox 3067 1402 3118 1447; x_wconf 90' lang='lat' dir='ltr'><strong>et</strong></span> <span class='ocrx_word' id='word_1_198' title='bbox 3153 1393 3392 1463; x_wconf 86' lang='lat' dir='ltr'><strong>amplius</strong></span> <span class='ocrx_word' id='word_1_199' title='bbox 3420 1397 3471 1449; x_wconf 91' lang='lat' dir='ltr'><strong>in</strong></span> <span class='ocrx_word' id='word_1_200' title='bbox 3498 1394 3680 1450; x_wconf 79' lang='lat' dir='ltr'><strong>Africa</strong></span> <span class='ocrx_word' id='word_1_201' title='bbox 3717 1394 3820 1450; x_wconf 86' lang='lat' dir='ltr'><strong>du-</strong></span> 
     </span>
    </p>
   </div>
   <div class='ocr_carea' id='block_1_31' title="bbox 2214 1480 3812 1553">
    <p class='ocr_par' dir='ltr' id='par_1_31' title="bbox 2214 1480 3812 1553">
     <span class='ocr_line' id='line_1_31' title="bbox 2214 1480 3812 1553; baseline 0.003 -18"><span class='ocrx_word' id='word_1_202' title='bbox 2214 1480 2354 1536; x_wconf 89' lang='lat' dir='ltr'><strong>ravit</strong></span> <span class='ocrx_word' id='word_1_203' title='bbox 2384 1480 2516 1535; x_wconf 92' lang='lat' dir='ltr'><strong>illud</strong></span> <span class='ocrx_word' id='word_1_204' title='bbox 2542 1483 2801 1544; x_wconf 84' lang='lat' dir='ltr'><strong>schisma,</strong></span> <span class='ocrx_word' id='word_1_205' title='bbox 2829 1482 2972 1553; x_wconf 90' lang='lat' dir='ltr'><strong>quod</strong></span> <span class='ocrx_word' id='word_1_206' title='bbox 3005 1481 3239 1537; x_wconf 78' lang='lat' dir='ltr'><strong>inl‘ausm</strong></span> <span class='ocrx_word' id='word_1_207' title='bbox 3262 1492 3508 1553; x_wconf 82' lang='lat' dir='ltr'><strong>tempore</strong></span> <span class='ocrx_word' id='word_1_208' title='bbox 3536 1500 3598 1540; x_wconf 87' lang='lat' dir='ltr'><strong>ac</strong></span> <span class='ocrx_word' id='word_1_209' title='bbox 3625 1487 3812 1540; x_wconf 88' lang='lat' dir='ltr'><strong>omine</strong></span> 
     </span>
    </p>
   </div>
   <div class='ocr_carea' id='block_1_32' title="bbox 2214 1574 3813 1644">
    <p class='ocr_par' dir='ltr' id='par_1_32' title="bbox 2214 1574 3813 1644">
     <span class='ocr_line' id='line_1_32' title="bbox 2214 1574 3813 1644; baseline 0.003 -16"><span class='ocrx_word' id='word_1_210' title='bbox 2214 1582 2428 1638; x_wconf 86' lang='lat' dir='ltr'><strong>ortum;</strong></span> <span class='ocrx_word' id='word_1_211' title='bbox 2457 1575 2560 1628; x_wconf 89' lang='lat' dir='ltr'><strong>sub</strong></span> <span class='ocrx_word' id='word_1_212' title='bbox 2583 1575 2943 1629; x_wconf 88' lang='lat' dir='ltr'><strong>Constantino</strong></span> <span class='ocrx_word' id='word_1_213' title='bbox 2971 1590 3144 1644; x_wconf 88' lang='lat' dir='ltr'><strong>neque</strong></span> <span class='ocrx_word' id='word_1_214' title='bbox 3166 1574 3389 1644; x_wconf 89' lang='lat' dir='ltr'><strong>judiciis</strong></span> <span class='ocrx_word' id='word_1_215' title='bbox 3415 1576 3813 1632; x_wconf 76' lang='lat' dir='ltr'><strong>EcclesiaSticis</strong></span> 
     </span>
    </p>
   </div>
   <div class='ocr_carea' id='block_1_33' title="bbox 2217 1664 3821 1736">
    <p class='ocr_par' dir='ltr' id='par_1_33' title="bbox 2217 1664 3821 1736">
     <span class='ocr_line' id='line_1_33' title="bbox 2217 1664 3821 1736; baseline 0.002 -16"><span class='ocrx_word' id='word_1_216' title='bbox 2217 1681 2394 1736; x_wconf 81' lang='lat' dir='ltr'><strong>neque</strong></span> <span class='ocrx_word' id='word_1_217' title='bbox 2415 1664 2666 1721; x_wconf 76' lang='lat' dir='ltr'><strong>civilibus</strong></span> <span class='ocrx_word' id='word_1_218' title='bbox 2693 1666 2942 1735; x_wconf 78' lang='lat' dir='ltr'><strong>extingui</strong></span> <span class='ocrx_word' id='word_1_219' title='bbox 2988 1667 3202 1735; x_wconf 86' lang='lat' dir='ltr'><strong>potuit;</strong></span> <span class='ocrx_word' id='word_1_220' title='bbox 3252 1667 3356 1720; x_wconf 89' lang='lat' dir='ltr'><strong>sub</strong></span> <span class='ocrx_word' id='word_1_221' title='bbox 3393 1667 3685 1723; x_wconf 90' lang='lat' dir='ltr'><strong>Constante</strong></span> <span class='ocrx_word' id='word_1_222' title='bbox 3713 1669 3821 1723; x_wconf 83' lang='lat' dir='ltr'><strong>im-</strong></span> 
     </span>
    </p>
   </div>
   <div class='ocr_carea' id='block_1_34' title="bbox 2222 1760 3818 1830">
    <p class='ocr_par' dir='ltr' id='par_1_34' title="bbox 2222 1760 3818 1830">
     <span class='ocr_line' id='line_1_34' title="bbox 2222 1760 3818 1830; baseline 0.003 -17"><span class='ocrx_word' id='word_1_223' title='bbox 2222 1768 2473 1828; x_wconf 91' lang='lat' dir='ltr'><strong>peratore</strong></span> <span class='ocrx_word' id='word_1_224' title='bbox 2500 1773 2875 1829; x_wconf 80' lang='lat' dir='ltr'><strong>compressum</strong></span> <span class='ocrx_word' id='word_1_225' title='bbox 2897 1801 2911 1825; x_wconf 93' lang='lat'><strong>,</strong></span> <span class='ocrx_word' id='word_1_226' title='bbox 2936 1760 3001 1814; x_wconf 88' lang='lat' dir='ltr'><strong>ad</strong></span> <span class='ocrx_word' id='word_1_227' title='bbox 3031 1768 3242 1830; x_wconf 88' lang='lat' dir='ltr'><strong>tempus</strong></span> <span class='ocrx_word' id='word_1_228' title='bbox 3268 1761 3367 1815; x_wconf 91' lang='lat' dir='ltr'><strong>sub</strong></span> <span class='ocrx_word' id='word_1_229' title='bbox 3393 1760 3608 1816; x_wconf 84' lang='lat' dir='ltr'><strong>Juliano</strong></span> <span class='ocrx_word' id='word_1_230' title='bbox 3635 1777 3818 1817; x_wconf 84' lang='lat' dir='ltr'><strong>recru-</strong></span> 
     </span>
    </p>
   </div>
   <div class='ocr_carea' id='block_1_35' title="bbox 491 1840 3818 1923">
    <p class='ocr_par' dir='ltr' id='par_1_35' title="bbox 491 1840 3818 1923">
     <span class='ocr_line' id='line_1_35' title="bbox 491 1840 3818 1923; baseline 0.004 -27"><span class='ocrx_word' id='word_1_231' title='bbox 491 1851 596 1921; x_wconf 11' lang='lat' dir='ltr'><strong>xtas</strong></span> <span class='ocrx_word' id='word_1_232' title='bbox 628 1840 795 1898; x_wconf 77' lang='lat' dir='ltr'><strong>fuisse</strong></span> <span class='ocrx_word' id='word_1_233' title='bbox 824 1858 1122 1913; x_wconf 87' lang='lat' dir='ltr'><strong>eorumque</strong></span> <span class='ocrx_word' id='word_1_234' title='bbox 1169 1861 1453 1901; x_wconf 90' lang='lat' dir='ltr'><strong>numerum</strong></span> <span class='ocrx_word' id='word_1_235' title='bbox 1488 1847 1589 1900; x_wconf 88' lang='lat' dir='ltr'><strong>hoc</strong></span> <span class='ocrx_word' id='word_1_236' title='bbox 1634 1848 1750 1917; x_wconf 90' lang='lat' dir='ltr'><strong>ipso</strong></span> <span class='ocrx_word' id='word_1_237' title='bbox 1776 1857 2018 1917; x_wconf 86' lang='lat' dir='ltr'><strong>tempore</strong></span> <span class='ocrx_word' id='word_1_238' title='bbox 2050 1849 2114 1904; x_wconf 89' lang='lat' dir='ltr'><strong>li-</strong></span> <span class='ocrx_word' id='word_1_239' title='bbox 2144 1853 2192 1914; x_wconf 88' lang='lat' dir='ltr'><strong>B</strong></span> <span class='ocrx_word' id='word_1_240' title='bbox 2220 1852 2367 1915; x_wconf 89' lang='lat' dir='ltr'><strong>duit,</strong></span> <span class='ocrx_word' id='word_1_241' title='bbox 2398 1860 2453 1906; x_wconf 89' lang='lat' dir='ltr'><strong>et</strong></span> <span class='ocrx_word' id='word_1_242' title='bbox 2480 1866 2574 1921; x_wconf 88' lang='lat' dir='ltr'><strong>per</strong></span> <span class='ocrx_word' id='word_1_243' title='bbox 2616 1852 2817 1905; x_wconf 91' lang='lat' dir='ltr'><strong>multos</strong></span> <span class='ocrx_word' id='word_1_244' title='bbox 2847 1865 3017 1905; x_wconf 88' lang='lat' dir='ltr'><strong>annos</strong></span> <span class='ocrx_word' id='word_1_245' title='bbox 3066 1866 3314 1921; x_wconf 87' lang='lat' dir='ltr'><strong>magnam</strong></span> <span class='ocrx_word' id='word_1_246' title='bbox 3364 1851 3563 1907; x_wconf 74' lang='lat' dir='ltr'><strong>Africa:</strong></span> <span class='ocrx_word' id='word_1_247' title='bbox 3609 1864 3818 1923; x_wconf 89' lang='lat' dir='ltr'><strong>partem</strong></span> 
     </span>
    </p>
   </div>
   <div class='ocr_carea' id='block_1_36' title="bbox 511 1934 2113 2009">
    <p class='ocr_par' dir='ltr' id='par_1_36' title="bbox 511 1934 2113 2009">
     <span class='ocr_line' id='line_1_36' title="bbox 511 1934 2113 2009; baseline 0.005 -21"><span class='ocrx_word' id='word_1_248' title='bbox 511 1943 600 1988; x_wconf 85' lang='lat' dir='ltr'><strong>cet</strong></span> <span class='ocrx_word' id='word_1_249' title='bbox 642 1950 670 1987; x_wconf 89' lang='lat' dir='ltr'><strong>a</strong></span> <span class='ocrx_word' id='word_1_250' title='bbox 716 1934 998 1991; x_wconf 85' lang='lat' dir='ltr'><strong>Geunadio</strong></span> <span class='ocrx_word' id='word_1_251' title='bbox 1031 1937 1274 1992; x_wconf 83' lang='lat' dir='ltr'><strong>Exarcha</strong></span> <span class='ocrx_word' id='word_1_252' title='bbox 1320 1950 1797 2008; x_wconf 85' lang='lat' dir='ltr'><strong>compescerentur</strong></span> <span class='ocrx_word' id='word_1_253' title='bbox 1839 1942 2113 2009; x_wconf 85' lang='lat' dir='ltr'><strong>crevisse,</strong></span> 
     </span>
    </p>
   </div>
   <div class='ocr_carea' id='block_1_37' title="bbox 511 2027 2116 2106">
    <p class='ocr_par' dir='ltr' id='par_1_37' title="bbox 511 2027 2116 2106">
     <span class='ocr_line' id='line_1_37' title="bbox 511 2027 2116 2106; baseline 0.007 -25"><span class='ocrx_word' id='word_1_254' title='bbox 511 2027 702 2098; x_wconf 85' lang='lat' dir='ltr'><strong>plures</strong></span> <span class='ocrx_word' id='word_1_255' title='bbox 732 2029 800 2083; x_wconf 91' lang='lat' dir='ltr'><strong>ab</strong></span> <span class='ocrx_word' id='word_1_256' title='bbox 822 2033 899 2084; x_wconf 89' lang='lat' dir='ltr'><strong>eis</strong></span> <span class='ocrx_word' id='word_1_257' title='bbox 931 2031 985 2088; x_wconf 91' lang='lat' dir='ltr'><strong>in</strong></span> <span class='ocrx_word' id='word_1_258' title='bbox 1016 2047 1169 2087; x_wconf 79' lang='lat' dir='ltr'><strong>suam</strong></span> <span class='ocrx_word' id='word_1_259' title='bbox 1200 2044 1405 2089; x_wconf 80' lang='lat' dir='ltr'><strong>sectam</strong></span> <span class='ocrx_word' id='word_1_260' title='bbox 1430 2033 1693 2091; x_wconf 87' lang='lat' dir='ltr'><strong>adductos</strong></span> <span class='ocrx_word' id='word_1_261' title='bbox 1720 2047 1772 2092; x_wconf 92' lang='lat' dir='ltr'><strong>et</strong></span> <span class='ocrx_word' id='word_1_262' title='bbox 1814 2037 2116 2106; x_wconf 87' lang='lat' dir='ltr'><strong>rebaptiza-</strong></span> 
     </span>
    </p>
   </div>
   <div class='ocr_carea' id='block_1_38' title="bbox 517 2122 2115 2199">
    <p class='ocr_par' dir='ltr' id='par_1_38' title="bbox 517 2122 2115 2199">
     <span class='ocr_line' id='line_1_38' title="bbox 517 2122 2115 2199; baseline 0.008 -27"><span class='ocrx_word' id='word_1_263' title='bbox 517 2130 601 2174; x_wconf 88' lang='lat' dir='ltr'><strong>tos</strong></span> <span class='ocrx_word' id='word_1_264' title='bbox 623 2161 637 2185; x_wconf 91' lang='lat'><strong>,</strong></span> <span class='ocrx_word' id='word_1_265' title='bbox 667 2122 931 2190; x_wconf 86' lang='lat' dir='ltr'><strong>quosdam</strong></span> <span class='ocrx_word' id='word_1_266' title='bbox 963 2124 1125 2179; x_wconf 86' lang='lat' dir='ltr'><strong>etiam</strong></span> <span class='ocrx_word' id='word_1_267' title='bbox 1165 2124 1479 2182; x_wconf 85' lang='lat' dir='ltr'><strong>Catholicos</strong></span> <span class='ocrx_word' id='word_1_268' title='bbox 1528 2128 1815 2199; x_wconf 87' lang='lat' dir='ltr'><strong>episcopos</strong></span> <span class='ocrx_word' id='word_1_269' title='bbox 1863 2131 2019 2187; x_wconf 88' lang='lat' dir='ltr'><strong>abiis</strong></span> <span class='ocrx_word' id='word_1_270' title='bbox 2048 2145 2115 2186; x_wconf 74' lang='lat' dir='ltr'><strong>ex</strong></span> 
     </span>
    </p>
   </div>
   <div class='ocr_carea' id='block_1_39' title="bbox 518 2213 2118 2295">
    <p class='ocr_par' dir='ltr' id='par_1_39' title="bbox 518 2213 2118 2295">
     <span class='ocr_line' id='line_1_39' title="bbox 518 2213 2118 2295; baseline 0.008 -27"><span class='ocrx_word' id='word_1_271' title='bbox 518 2213 769 2269; x_wconf 88' lang='lat' dir='ltr'><strong>ecclesiis</strong></span> <span class='ocrx_word' id='word_1_272' title='bbox 809 2215 935 2271; x_wconf 90' lang='lat' dir='ltr'><strong>suis.</strong></span> <span class='ocrx_word' id='word_1_273' title='bbox 956 2218 1162 2295; x_wconf 80' lang='lat' dir='ltr'><strong>pulsos.</strong></span> <span class='ocrx_word' id='word_1_274' title='bbox 1190 2219 1288 2274; x_wconf 92' lang='lat' dir='ltr'><strong>Cui</strong></span> <span class='ocrx_word' id='word_1_275' title='bbox 1321 2220 1466 2275; x_wconf 90' lang='lat' dir='ltr'><strong>malo</strong></span> <span class='ocrx_word' id='word_1_276' title='bbox 1491 2230 1550 2275; x_wconf 91' lang='lat' dir='ltr'><strong>ut</strong></span> <span class='ocrx_word' id='word_1_277' title='bbox 1573 2222 1884 2278; x_wconf 87' lang='lat' dir='ltr'><strong>mederetur</strong></span> <span class='ocrx_word' id='word_1_278' title='bbox 1914 2222 2118 2295; x_wconf 84' lang='lat' dir='ltr'><strong>Grego-</strong></span> 
     </span>
    </p>
   </div>
   <div class='ocr_carea' id='block_1_40' title="bbox 520 2290 2115 2386">
    <p class='ocr_par' dir='ltr' id='par_1_40' title="bbox 520 2290 2115 2386">
     <span class='ocr_line' id='line_1_40' title="bbox 520 2290 2115 2386; baseline 0.008 -25"><span class='ocrx_word' id='word_1_279' title='bbox 520 2307 633 2362; x_wconf 89' lang='lat' dir='ltr'><strong>rius</strong></span> <span class='ocrx_word' id='word_1_280' title='bbox 653 2349 668 2374; x_wconf 96' lang='lat'><strong>,</strong></span> <span class='ocrx_word' id='word_1_281' title='bbox 693 2308 856 2378; x_wconf 84' lang='lat' dir='ltr'><strong>jussit</strong></span> <span class='ocrx_word' id='word_1_282' title='bbox 885 2290 1153 2382; x_wconf 76' lang='lat' dir='ltr'><strong>synodum</strong></span> <span class='ocrx_word' id='word_1_283' title='bbox 1182 2313 1505 2386; x_wconf 88' lang='lat' dir='ltr'><strong>congregari</strong></span> <span class='ocrx_word' id='word_1_284' title='bbox 1530 2329 1691 2385; x_wconf 80' lang='lat' dir='ltr'><strong>quam</strong></span> <span class='ocrx_word' id='word_1_285' title='bbox 1724 2316 1912 2373; x_wconf 88' lang='lat' dir='ltr'><strong>habuit</strong></span> <span class='ocrx_word' id='word_1_286' title='bbox 1936 2290 2115 2373; x_wconf 79' lang='lat' dir='ltr'><strong>Domi-</strong></span> 
     </span>
    </p>
   </div>
   <div class='ocr_carea' id='block_1_41' title="bbox 514 2458 897 2478">
    <p class='ocr_par' dir='ltr' id='par_1_41' title="bbox 514 2458 897 2478">
     <span class='ocr_line' id='line_1_41' title="bbox 514 2458 897 2478; baseline 0 0"><span class='ocrx_word' id='word_1_287' title='bbox 514 2458 897 2478; x_wconf 64' lang='lat'><strong>——_.—-</strong></span> 
     </span>
    </p>
   </div>
   <div class='ocr_carea' id='block_1_42' title="bbox 2225 1942 3825 2016">
    <p class='ocr_par' dir='ltr' id='par_1_42' title="bbox 2225 1942 3825 2016">
     <span class='ocr_line' id='line_1_42' title="bbox 2225 1942 3825 2016; baseline 0.003 -20"><span class='ocrx_word' id='word_1_288' title='bbox 2225 1944 2506 2011; x_wconf 82' lang='lat' dir='ltr'><strong>implerit;</strong></span> <span class='ocrx_word' id='word_1_289' title='bbox 2548 1942 2721 1998; x_wconf 89' lang='lat' dir='ltr'><strong>donec</strong></span> <span class='ocrx_word' id='word_1_290' title='bbox 2750 1943 3000 2012; x_wconf 85' lang='lat' dir='ltr'><strong>scriptis,</strong></span> <span class='ocrx_word' id='word_1_291' title='bbox 3030 1942 3490 2013; x_wconf 84' lang='lat' dir='ltr'><strong>disputationibus</strong></span> <span class='ocrx_word' id='word_1_292' title='bbox 3533 1955 3587 1998; x_wconf 89' lang='lat' dir='ltr'><strong>et</strong></span> <span class='ocrx_word' id='word_1_293' title='bbox 3613 1946 3825 2016; x_wconf 82' lang='lat' dir='ltr'><strong>legibus</strong></span> 
     </span>
    </p>
   </div>
   <div class='ocr_carea' id='block_1_43' title="bbox 2227 2035 3821 2105">
    <p class='ocr_par' dir='ltr' id='par_1_43' title="bbox 2227 2035 3821 2105">
     <span class='ocr_line' id='line_1_43' title="bbox 2227 2035 3821 2105; baseline 0.001 -16"><span class='ocrx_word' id='word_1_294' title='bbox 2227 2036 2586 2105; x_wconf 86' lang='lat' dir='ltr'><strong>imperatoriis</strong></span> <span class='ocrx_word' id='word_1_295' title='bbox 2618 2036 2961 2090; x_wconf 89' lang='lat' dir='ltr'><strong>imminutum</strong></span> <span class='ocrx_word' id='word_1_296' title='bbox 2983 2044 3067 2090; x_wconf 90' lang='lat' dir='ltr'><strong>est</strong></span> <span class='ocrx_word' id='word_1_297' title='bbox 3094 2045 3151 2091; x_wconf 91' lang='lat' dir='ltr'><strong>et</strong></span> <span class='ocrx_word' id='word_1_298' title='bbox 3177 2035 3246 2090; x_wconf 89' lang='lat' dir='ltr'><strong>ad</strong></span> <span class='ocrx_word' id='word_1_299' title='bbox 3279 2051 3477 2103; x_wconf 80' lang='lat' dir='ltr'><strong>paucos</strong></span> <span class='ocrx_word' id='word_1_300' title='bbox 3506 2036 3778 2092; x_wconf 85' lang='lat' dir='ltr'><strong>redactum</strong></span> <span class='ocrx_word' id='word_1_301' title='bbox 3803 2079 3821 2101; x_wconf 93' lang='lat'><strong>,</strong></span> 
     </span>
    </p>
   </div>
   <div class='ocr_carea' id='block_1_44' title="bbox 2224 2128 3822 2200">
    <p class='ocr_par' dir='ltr' id='par_1_44' title="bbox 2224 2128 3822 2200">
     <span class='ocr_line' id='line_1_44' title="bbox 2224 2128 3822 2200; baseline 0.002 -17"><span class='ocrx_word' id='word_1_302' title='bbox 2224 2144 2453 2200; x_wconf 90' lang='lat' dir='ltr'><strong>quorum</strong></span> <span class='ocrx_word' id='word_1_303' title='bbox 2476 2129 2722 2185; x_wconf 80' lang='lat' dir='ltr'><strong>infelices</strong></span> <span class='ocrx_word' id='word_1_304' title='bbox 2760 2128 3011 2184; x_wconf 77' lang='lat' dir='ltr'><strong>haeredes</strong></span> <span class='ocrx_word' id='word_1_305' title='bbox 3040 2128 3106 2182; x_wconf 89' lang='lat' dir='ltr'><strong>ad</strong></span> <span class='ocrx_word' id='word_1_306' title='bbox 3156 2138 3367 2184; x_wconf 82' lang='lat' dir='ltr'><strong>sextum</strong></span> <span class='ocrx_word' id='word_1_307' title='bbox 3401 2140 3495 2184; x_wconf 88' lang='lat' dir='ltr'><strong>aut</strong></span> <span class='ocrx_word' id='word_1_308' title='bbox 3533 2129 3822 2199; x_wconf 85' lang='lat' dir='ltr'><strong>septimum</strong></span> 
     </span>
    </p>
   </div>
   <div class='ocr_carea' id='block_1_45' title="bbox 2227 2220 3827 2293">
    <p class='ocr_par' dir='ltr' id='par_1_45' title="bbox 2227 2220 3827 2293">
     <span class='ocr_line' id='line_1_45' title="bbox 2227 2220 3827 2293; baseline 0.001 -17"><span class='ocrx_word' id='word_1_309' title='bbox 2227 2237 2399 2293; x_wconf 91' lang='lat' dir='ltr'><strong>usque</strong></span> <span class='ocrx_word' id='word_1_310' title='bbox 2429 2222 2690 2277; x_wconf 70' lang='lat' dir='ltr'><strong>saeculum</strong></span> <span class='ocrx_word' id='word_1_311' title='bbox 2730 2220 2785 2277; x_wconf 92' lang='lat' dir='ltr'><strong>in</strong></span> <span class='ocrx_word' id='word_1_312' title='bbox 2836 2220 3110 2293; x_wconf 88' lang='lat' dir='ltr'><strong>aliquibus</strong></span> <span class='ocrx_word' id='word_1_313' title='bbox 3153 2220 3352 2277; x_wconf 74' lang='lat' dir='ltr'><strong>Africa:</strong></span> <span class='ocrx_word' id='word_1_314' title='bbox 3391 2221 3602 2293; x_wconf 80' lang='lat' dir='ltr'><strong>angulis</strong></span> <span class='ocrx_word' id='word_1_315' title='bbox 3646 2221 3827 2278; x_wconf 85' lang='lat' dir='ltr'><strong>latita-</strong></span> 
     </span>
    </p>
   </div>
   <div class='ocr_carea' id='block_1_46' title="bbox 2228 2322 2372 2371">
    <p class='ocr_par' dir='ltr' id='par_1_46' title="bbox 2228 2322 2372 2371">
     <span class='ocr_line' id='line_1_46' title="bbox 2228 2322 2372 2371; baseline -0.007 -2"><span class='ocrx_word' id='word_1_316' title='bbox 2228 2322 2372 2371; x_wconf 81' lang='lat' dir='ltr'><strong>runt.</strong></span> 
     </span>
    </p>
   </div>
   <div class='ocr_carea' id='block_1_47' title="bbox 970 2582 3283 2739">
    <p class='ocr_par' dir='ltr' id='par_1_47' title="bbox 970 2582 3283 2739">
     <span class='ocr_line' id='line_1_47' title="bbox 970 2582 3283 2739; baseline 0.001 -8"><span class='ocrx_word' id='word_1_317' title='bbox 970 2633 1077 2706; x_wconf 75' lang='lat'><strong>23</strong></span> <span class='ocrx_word' id='word_1_318' title='bbox 1153 2582 2516 2736; x_wconf 79' lang='lat' dir='ltr'><strong>GEOGRAPHIA</strong></span> <span class='ocrx_word' id='word_1_319' title='bbox 2617 2588 3283 2739; x_wconf 81' lang='lat' dir='ltr'><strong>SACRA</strong></span> 
     </span>
    </p>
   </div>
   <div class='ocr_carea' id='block_1_48' title="bbox 1875 2823 2491 2930">
    <p class='ocr_par' dir='ltr' id='par_1_48' title="bbox 1875 2823 2491 2930">
     <span class='ocr_line' id='line_1_48' title="bbox 1875 2823 2491 2930; baseline 0.002 -4"><span class='ocrx_word' id='word_1_320' title='bbox 1875 2823 2491 2930; x_wconf 60' lang='lat' dir='ltr'><strong>AFRICIE</strong></span> 
     </span>
    </p>
   </div>
   <div class='ocr_carea' id='block_1_49' title="bbox 976 2996 3539 3090">
    <p class='ocr_par' dir='ltr' id='par_1_49' title="bbox 976 2996 3539 3090">
     <span class='ocr_line' id='line_1_49' title="bbox 976 2996 3539 3090; baseline 0.003 -31"><span class='ocrx_word' id='word_1_321' title='bbox 976 2997 1123 3060; x_wconf 86' lang='lat' dir='ltr'><strong>SEU</strong></span> <span class='ocrx_word' id='word_1_322' title='bbox 1164 2996 1505 3059; x_wconf 84' lang='lat' dir='ltr'><strong>NOTITIA</strong></span> <span class='ocrx_word' id='word_1_323' title='bbox 1546 2996 1874 3060; x_wconf 87' lang='lat' dir='ltr'><strong>OMNIUM</strong></span> <span class='ocrx_word' id='word_1_324' title='bbox 1918 2999 2531 3090; x_wconf 78' lang='lat' dir='ltr'><strong>EPISCOPATUUM</strong></span> <span class='ocrx_word' id='word_1_325' title='bbox 2573 3002 2986 3067; x_wconf 74' lang='lat' dir='ltr'><strong>ECCLESl/E</strong></span> <span class='ocrx_word' id='word_1_326' title='bbox 3033 3004 3467 3068; x_wconf 65' lang='lat' dir='ltr'><strong>AFRICANJE</strong></span> <span class='ocrx_word' id='word_1_327' title='bbox 3528 3008 3539 3013; x_wconf 51' lang='grc'><strong>⁴</strong></span> 
     </span>
    </p>
   </div>
   <div class='ocr_carea' id='block_1_50' title="bbox 520 3166 2138 3250">
    <p class='ocr_par' dir='ltr' id='par_1_50' title="bbox 520 3185 2138 3247">
     <span class='ocr_line' id='line_1_50' title="bbox 520 3185 2138 3247; baseline 0.001 -16"><span class='ocrx_word' id='word_1_328' title='bbox 520 3189 607 3231; x_wconf 72' lang='lat' dir='ltr'><strong>EX</strong></span> <span class='ocrx_word' id='word_1_329' title='bbox 651 3185 1048 3231; x_wconf 76' lang='lat' dir='ltr'><strong>COLLATIONE</strong></span> <span class='ocrx_word' id='word_1_330' title='bbox 1092 3187 1608 3231; x_wconf 76' lang='lat' dir='ltr'><strong>CARTHAGINENS]</strong></span> <span class='ocrx_word' id='word_1_331' title='bbox 1639 3217 1656 3247; x_wconf 83' lang='lat'><strong>,</strong></span> <span class='ocrx_word' id='word_1_332' title='bbox 1703 3188 1962 3234; x_wconf 78' lang='grc' dir='ltr'><strong>ΝΟἹΊΤΙΔ</strong></span> <span class='ocrx_word' id='word_1_333' title='bbox 2014 3190 2138 3233; x_wconf 73' lang='grc' dir='ltr'><strong>ΕΡῙΕ</strong></span> 
     </span>
    </p>
   </div>
   <div class='ocr_carea' id='block_1_51' title="bbox 2221 3166 3827 3250">
    <p class='ocr_par' dir='ltr' id='par_1_51' title="bbox 2221 3166 3827 3250">
     <span class='ocr_line' id='line_1_51' title="bbox 2221 3166 3827 3250; baseline 0.004 -18"><span class='ocrx_word' id='word_1_334' title='bbox 2221 3190 2457 3235; x_wconf 71' lang='grc' dir='ltr'><strong>ηιοιιυΜ</strong></span> <span class='ocrx_word' id='word_1_335' title='bbox 2517 3191 2767 3235; x_wconf 62' lang='grc' dir='ltr'><strong>Αιτιιιοω</strong></span> <span class='ocrx_word' id='word_1_336' title='bbox 2812 3166 2930 3234; x_wconf 68' lang='lat' dir='ltr'><strong>sint</strong></span> <span class='ocrx_word' id='word_1_337' title='bbox 2974 3192 3305 3250; x_wconf 66' lang='lat' dir='ltr'><strong>Housman</strong></span> <span class='ocrx_word' id='word_1_338' title='bbox 3332 3221 3349 3249; x_wconf 91' lang='lat'><strong>,</strong></span> <span class='ocrx_word' id='word_1_339' title='bbox 3408 3194 3493 3236; x_wconf 72' lang='lat' dir='ltr'><strong>ex</strong></span> <span class='ocrx_word' id='word_1_340' title='bbox 3536 3193 3827 3239; x_wconf 69' lang='lat' dir='ltr'><strong>concute</strong></span> 
     </span>
    </p>
   </div>
   <div class='ocr_carea' id='block_1_52' title="bbox 520 3282 3704 3358">
    <p class='ocr_par' dir='ltr' id='par_1_52' title="bbox 520 3282 3704 3358">
     <span class='ocr_line' id='line_1_52' title="bbox 520 3282 3704 3358; baseline 0.003 -29"><span class='ocrx_word' id='word_1_341' title='bbox 520 3282 585 3350; x_wconf 55' lang='grc' dir='ltr'><strong>ξας</strong></span> <span class='ocrx_word' id='word_1_342' title='bbox 659 3286 1177 3330; x_wconf 69' lang='lat' dir='ltr'><strong>CARTHAGINENSI</strong></span> <span class='ocrx_word' id='word_1_343' title='bbox 1222 3288 1341 3331; x_wconf 80' lang='lat' dir='ltr'><strong>SUB</strong></span> <span class='ocrx_word' id='word_1_344' title='bbox 1384 3287 1727 3343; x_wconf 73' lang='lat' dir='ltr'><strong>CYPBIANO,</strong></span> <span class='ocrx_word' id='word_1_345' title='bbox 1776 3289 2069 3343; x_wconf 78' lang='lat' dir='ltr'><strong>ALHSQUE</strong></span> <span class='ocrx_word' id='word_1_346' title='bbox 2115 3289 2425 3335; x_wconf 79' lang='lat' dir='ltr'><strong>CONCILIIS</strong></span> <span class='ocrx_word' id='word_1_347' title='bbox 2471 3291 2608 3333; x_wconf 78' lang='lat' dir='ltr'><strong>TUM</strong></span> <span class='ocrx_word' id='word_1_348' title='bbox 2652 3289 3015 3349; x_wconf 71' lang='grc' dir='ltr'><strong>ΑΕιιιαΔΝιε,</strong></span> <span class='ocrx_word' id='word_1_349' title='bbox 3062 3293 3198 3337; x_wconf 74' lang='lat' dir='ltr'><strong>TUM</strong></span> <span class='ocrx_word' id='word_1_350' title='bbox 3233 3292 3704 3358; x_wconf 74' lang='lat' dir='ltr'><strong>GENEBALIBUS,</strong></span> 
     </span>
    </p>
   </div>
   <div class='ocr_carea' id='block_1_53' title="bbox 1328 3390 3027 3440">
    <p class='ocr_par' dir='ltr' id='par_1_53' title="bbox 1328 3390 3027 3440">
     <span class='ocr_line' id='line_1_53' title="bbox 1328 3390 3027 3440; baseline 0.004 -7"><span class='ocrx_word' id='word_1_351' title='bbox 1328 3390 1403 3434; x_wconf 78' lang='lat' dir='ltr'><strong>AC</strong></span> <span class='ocrx_word' id='word_1_352' title='bbox 1444 3392 1866 3439; x_wconf 77' lang='lat' dir='ltr'><strong>MONUMENTIS</strong></span> <span class='ocrx_word' id='word_1_353' title='bbox 1913 3395 2129 3440; x_wconf 73' lang='lat' dir='ltr'><strong>SACBIS</strong></span> <span class='ocrx_word' id='word_1_354' title='bbox 2186 3395 2267 3438; x_wconf 82' lang='lat' dir='ltr'><strong>ET</strong></span> <span class='ocrx_word' id='word_1_355' title='bbox 2309 3394 2620 3439; x_wconf 79' lang='lat' dir='ltr'><strong>PROFANIS</strong></span> <span class='ocrx_word' id='word_1_356' title='bbox 2668 3395 3027 3439; x_wconf 70' lang='lat' dir='ltr'><strong>EXCERPTA.</strong></span> 
     </span>
    </p>
   </div>
   <div class='ocr_carea' id='block_1_54' title="bbox 1812 3514 2569 3549">
    <p class='ocr_par' dir='ltr' id='par_1_54' title="bbox 1812 3514 2569 3549">
     <span class='ocr_line' id='line_1_54' title="bbox 1812 3514 2569 3549; baseline 0.003 -7"><span class='ocrx_word' id='word_1_357' title='bbox 1812 3514 2569 3549; x_wconf 41' lang='lat' dir='ltr'><strong>ﬂ</strong></span> 
     </span>
    </p>
   </div>
   <div class='ocr_carea' id='block_1_55' title="bbox 593 3598 3830 3689">
    <p class='ocr_par' dir='ltr' id='par_1_55' title="bbox 593 3598 3830 3689">
     <span class='ocr_line' id='line_1_55' title="bbox 593 3598 3830 3689; baseline 0.002 -19"><span class='ocrx_word' id='word_1_358' title='bbox 593 3616 789 3689; x_wconf 69' lang='lat' dir='ltr'><strong>Africa</strong></span> <span class='ocrx_word' id='word_1_359' title='bbox 817 3612 1118 3684; x_wconf 78' lang='lat' dir='ltr'><strong>descriptio.</strong></span> <span class='ocrx_word' id='word_1_360' title='bbox 1145 3638 1217 3649; x_wconf 90' lang='lat'><strong>-—</strong></span> <span class='ocrx_word' id='word_1_361' title='bbox 1242 3606 1440 3662; x_wconf 61' lang='lat' dir='ltr'><strong>Africae</strong></span> <span class='ocrx_word' id='word_1_362' title='bbox 1462 3616 1657 3657; x_wconf 90' lang='lat' dir='ltr'><strong>nomen</strong></span> <span class='ocrx_word' id='word_1_363' title='bbox 1693 3598 1976 3669; x_wconf 85' lang='lat' dir='ltr'><strong>tripliciter</strong></span> <span class='ocrx_word' id='word_1_364' title='bbox 1997 3599 2127 3653; x_wconf 87' lang='lat' dir='ltr'><strong>olim</strong></span> <span class='ocrx_word' id='word_1_365' title='bbox 2156 3604 2200 3666; x_wconf 86' lang='lat' dir='ltr'><strong>C</strong></span> <span class='ocrx_word' id='word_1_366' title='bbox 2235 3601 2466 3659; x_wconf 89' lang='lat' dir='ltr'><strong>Plinium</strong></span> <span class='ocrx_word' id='word_1_367' title='bbox 2493 3617 2621 3663; x_wconf 81' lang='lat' dir='ltr'><strong>sunt</strong></span> <span class='ocrx_word' id='word_1_368' title='bbox 2641 3610 2806 3667; x_wconf 90' lang='lat' dir='ltr'><strong>millia</strong></span> <span class='ocrx_word' id='word_1_369' title='bbox 2837 3630 3089 3685; x_wconf 84' lang='lat' dir='ltr'><strong>passuum</strong></span> <span class='ocrx_word' id='word_1_370' title='bbox 3115 3633 3217 3674; x_wconf 78' lang='lat' dir='ltr'><strong>ucx</strong></span> <span class='ocrx_word' id='word_1_371' title='bbox 3250 3619 3549 3675; x_wconf 85' lang='lat' dir='ltr'><strong>secundum</strong></span> <span class='ocrx_word' id='word_1_372' title='bbox 3572 3619 3830 3677; x_wconf 82' lang='lat' dir='ltr'><strong>Antonini</strong></span> 
     </span>
    </p>
   </div>
   <div class='ocr_carea' id='block_1_56' title="bbox 522 3689 2127 3775">
    <p class='ocr_par' dir='ltr' id='par_1_56' title="bbox 522 3689 2127 3775">
     <span class='ocr_line' id='line_1_56' title="bbox 522 3689 2127 3775; baseline -0.013 -9"><span class='ocrx_word' id='word_1_373' title='bbox 522 3718 582 3767; x_wconf 89' lang='lat' dir='ltr'><strong>et</strong></span> <span class='ocrx_word' id='word_1_374' title='bbox 609 3690 752 3763; x_wconf 78' lang='lat' dir='ltr'><strong>nunc</strong></span> <span class='ocrx_word' id='word_1_375' title='bbox 795 3712 1076 3775; x_wconf 88' lang='lat' dir='ltr'><strong>acceptum</strong></span> <span class='ocrx_word' id='word_1_376' title='bbox 1099 3701 1347 3772; x_wconf 88' lang='lat' dir='ltr'><strong>legimus.</strong></span> <span class='ocrx_word' id='word_1_377' title='bbox 1389 3696 1631 3751; x_wconf 90' lang='lat' dir='ltr'><strong>Primum</strong></span> <span class='ocrx_word' id='word_1_378' title='bbox 1662 3706 1758 3763; x_wconf 85' lang='lat' dir='ltr'><strong>pro</strong></span> <span class='ocrx_word' id='word_1_379' title='bbox 1797 3689 1952 3745; x_wconf 84' lang='lat' dir='ltr'><strong>tertia</strong></span> <span class='ocrx_word' id='word_1_380' title='bbox 1978 3689 2127 3745; x_wconf 86' lang='lat' dir='ltr'><strong>orbis</strong></span> 
     </span>
    </p>
   </div>
   <div class='ocr_carea' id='block_1_57' title="bbox 524 3783 2127 3872">
    <p class='ocr_par' dir='ltr' id='par_1_57' title="bbox 524 3783 2127 3872">
     <span class='ocr_line' id='line_1_57' title="bbox 524 3783 2127 3872; baseline -0.011 -18"><span class='ocrx_word' id='word_1_381' title='bbox 524 3810 702 3872; x_wconf 87' lang='lat' dir='ltr'><strong>parte,</strong></span> <span class='ocrx_word' id='word_1_382' title='bbox 726 3814 845 3868; x_wconf 70' lang='lat' dir='ltr'><strong>qua:</strong></span> <span class='ocrx_word' id='word_1_383' title='bbox 872 3796 941 3851; x_wconf 91' lang='lat' dir='ltr'><strong>ab</strong></span> <span class='ocrx_word' id='word_1_384' title='bbox 970 3794 1099 3851; x_wconf 85' lang='lat' dir='ltr'><strong>Asia</strong></span> <span class='ocrx_word' id='word_1_385' title='bbox 1121 3834 1135 3855; x_wconf 91' lang='lat'><strong>,</strong></span> <span class='ocrx_word' id='word_1_386' title='bbox 1166 3790 1371 3846; x_wconf 83' lang='lat' dir='ltr'><strong>Isthmo</strong></span> <span class='ocrx_word' id='word_1_387' title='bbox 1394 3788 1477 3842; x_wconf 88' lang='lat' dir='ltr'><strong>vcl</strong></span> <span class='ocrx_word' id='word_1_388' title='bbox 1525 3785 1629 3840; x_wconf 83' lang='lat' dir='ltr'><strong>Nili</strong></span> <span class='ocrx_word' id='word_1_389' title='bbox 1664 3785 1814 3838; x_wconf 83' lang='lat' dir='ltr'><strong>ostiis</strong></span> <span class='ocrx_word' id='word_1_390' title='bbox 1855 3783 2127 3838; x_wconf 85' lang='lat' dir='ltr'><strong>distermi-</strong></span> 
     </span>
    </p>
   </div>
   <div class='ocr_carea' id='block_1_58' title="bbox 525 3879 2124 3959">
    <p class='ocr_par' dir='ltr' id='par_1_58' title="bbox 525 3879 2124 3959">
     <span class='ocr_line' id='line_1_58' title="bbox 525 3879 2124 3959; baseline -0.013 -8"><span class='ocrx_word' id='word_1_391' title='bbox 525 3904 706 3958; x_wconf 86' lang='lat' dir='ltr'><strong>natur,</strong></span> <span class='ocrx_word' id='word_1_392' title='bbox 732 3900 787 3948; x_wconf 86' lang='lat' dir='ltr'><strong>et</strong></span> <span class='ocrx_word' id='word_1_393' title='bbox 817 3891 1174 3959; x_wconf 87' lang='lat' dir='ltr'><strong>uudequaque</strong></span> <span class='ocrx_word' id='word_1_394' title='bbox 1203 3884 1336 3940; x_wconf 89' lang='lat' dir='ltr'><strong>mari</strong></span> <span class='ocrx_word' id='word_1_395' title='bbox 1361 3882 1615 3938; x_wconf 89' lang='lat' dir='ltr'><strong>ambitur.</strong></span> <span class='ocrx_word' id='word_1_396' title='bbox 1639 3880 1756 3948; x_wconf 84' lang='lat' dir='ltr'><strong>Quo</strong></span> <span class='ocrx_word' id='word_1_397' title='bbox 1778 3879 1830 3933; x_wconf 92' lang='lat' dir='ltr'><strong>iu</strong></span> <span class='ocrx_word' id='word_1_398' title='bbox 1860 3886 2124 3933; x_wconf 89' lang='lat' dir='ltr'><strong>terrarum</strong></span> 
     </span>
    </p>
   </div>
   <div class='ocr_carea' id='block_1_59' title="bbox 524 3973 2125 4053">
    <p class='ocr_par' dir='ltr' id='par_1_59' title="bbox 524 3973 2125 4053">
     <span class='ocr_line' id='line_1_59' title="bbox 524 3973 2125 4053; baseline -0.014 -7"><span class='ocrx_word' id='word_1_399' title='bbox 524 3999 703 4045; x_wconf 85' lang='lat' dir='ltr'><strong>tractu</strong></span> <span class='ocrx_word' id='word_1_400' title='bbox 734 4003 839 4041; x_wconf 90' lang='lat' dir='ltr'><strong>non</strong></span> <span class='ocrx_word' id='word_1_401' title='bbox 871 3984 1031 4039; x_wconf 90' lang='lat' dir='ltr'><strong>modo</strong></span> <span class='ocrx_word' id='word_1_402' title='bbox 1052 3980 1345 4053; x_wconf 77' lang='lat' dir='ltr'><strong>provincia:</strong></span> <span class='ocrx_word' id='word_1_403' title='bbox 1394 3993 1515 4048; x_wconf 68' lang='lat' dir='ltr'><strong>qua:</strong></span> <span class='ocrx_word' id='word_1_404' title='bbox 1569 3977 1700 4030; x_wconf 91' lang='lat' dir='ltr'><strong>mari</strong></span> <span class='ocrx_word' id='word_1_405' title='bbox 1733 3973 2125 4028; x_wconf 88' lang='lat' dir='ltr'><strong>Mediterraueo</strong></span> 
     </span>
    </p>
   </div>
   <div class='ocr_carea' id='block_1_60' title="bbox 526 4068 2126 4148">
    <p class='ocr_par' dir='ltr' id='par_1_60' title="bbox 526 4068 2126 4148">
     <span class='ocr_line' id='line_1_60' title="bbox 526 4068 2126 4148; baseline -0.01 -11"><span class='ocrx_word' id='word_1_406' title='bbox 526 4083 804 4138; x_wconf 88' lang='lat' dir='ltr'><strong>alluuntttr</strong></span> <span class='ocrx_word' id='word_1_407' title='bbox 832 4122 848 4148; x_wconf 93' lang='lat'><strong>,</strong></span> <span class='ocrx_word' id='word_1_408' title='bbox 876 4077 1196 4136; x_wconf 80' lang='lat' dir='ltr'><strong>Mauritania</strong></span> <span class='ocrx_word' id='word_1_409' title='bbox 1254 4073 1483 4135; x_wconf 85' lang='lat' dir='ltr'><strong>scilicet,</strong></span> <span class='ocrx_word' id='word_1_410' title='bbox 1523 4070 1813 4139; x_wconf 79' lang='lat' dir='ltr'><strong>Zeugitaua</strong></span> <span class='ocrx_word' id='word_1_411' title='bbox 1845 4068 2126 4137; x_wconf 80' lang='lat' dir='ltr'><strong>provincia</strong></span> 
     </span>
    </p>
   </div>
   <div class='ocr_carea' id='block_1_61' title="bbox 523 4158 2127 4245">
    <p class='ocr_par' dir='ltr' id='par_1_61' title="bbox 523 4158 2127 4245">
     <span class='ocr_line' id='line_1_61' title="bbox 523 4158 2127 4245; baseline -0.011 -14"><span class='ocrx_word' id='word_1_412' title='bbox 523 4176 681 4245; x_wconf 90' lang='lat' dir='ltr'><strong>cujus</strong></span> <span class='ocrx_word' id='word_1_413' title='bbox 707 4182 870 4243; x_wconf 84' lang='lat' dir='ltr'><strong>caput</strong></span> <span class='ocrx_word' id='word_1_414' title='bbox 895 4168 1192 4238; x_wconf 81' lang='lat' dir='ltr'><strong>Carthago,</strong></span> <span class='ocrx_word' id='word_1_415' title='bbox 1226 4165 1388 4237; x_wconf 87' lang='lat' dir='ltr'><strong>Libya</strong></span> <span class='ocrx_word' id='word_1_416' title='bbox 1417 4207 1432 4230; x_wconf 91' lang='lat'><strong>,</strong></span> <span class='ocrx_word' id='word_1_417' title='bbox 1466 4173 1520 4218; x_wconf 90' lang='lat' dir='ltr'><strong>et</strong></span> <span class='ocrx_word' id='word_1_418' title='bbox 1566 4162 1835 4233; x_wconf 62' lang='lat' dir='ltr'><strong>)Egyptus</strong></span> <span class='ocrx_word' id='word_1_419' title='bbox 1881 4179 1895 4214; x_wconf 89' lang='lat'>:</span> <span class='ocrx_word' id='word_1_420' title='bbox 1949 4158 2044 4213; x_wconf 87' lang='lat' dir='ltr'><strong>sed</strong></span> <span class='ocrx_word' id='word_1_421' title='bbox 2071 4167 2127 4213; x_wconf 89' lang='lat' dir='ltr'><strong>et</strong></span> 
     </span>
    </p>
   </div>
   <div class='ocr_carea' id='block_1_62' title="bbox 524 4251 2128 4328">
    <p class='ocr_par' dir='ltr' id='par_1_62' title="bbox 524 4251 2128 4328">
     <span class='ocr_line' id='line_1_62' title="bbox 524 4251 2128 4328; baseline -0.014 -5"><span class='ocrx_word' id='word_1_422' title='bbox 524 4266 785 4323; x_wconf 85' lang='lat' dir='ltr'><strong>interiora</strong></span> <span class='ocrx_word' id='word_1_423' title='bbox 820 4274 1087 4319; x_wconf 81' lang='lat' dir='ltr'><strong>terrarum</strong></span> <span class='ocrx_word' id='word_1_424' title='bbox 1115 4259 1366 4328; x_wconf 85' lang='lat' dir='ltr'><strong>Antiquis</strong></span> <span class='ocrx_word' id='word_1_425' title='bbox 1398 4258 1481 4310; x_wconf 76' lang='lat' dir='ltr'><strong>vis</strong></span> <span class='ocrx_word' id='word_1_426' title='bbox 1518 4266 1640 4311; x_wconf 88' lang='lat' dir='ltr'><strong>uota</strong></span> <span class='ocrx_word' id='word_1_427' title='bbox 1668 4295 1684 4321; x_wconf 94' lang='lat'><strong>,</strong></span> <span class='ocrx_word' id='word_1_428' title='bbox 1716 4251 2009 4321; x_wconf 63' lang='lat' dir='ltr'><strong>Ethiopia:</strong></span> <span class='ocrx_word' id='word_1_429' title='bbox 2031 4266 2128 4320; x_wconf 84' lang='lat' dir='ltr'><strong>ap-</strong></span> 
     </span>
    </p>
   </div>
   <div class='ocr_carea' id='block_1_63' title="bbox 523 4345 2124 4431">
    <p class='ocr_par' dir='ltr' id='par_1_63' title="bbox 523 4345 2124 4431">
     <span class='ocr_line' id='line_1_63' title="bbox 523 4345 2124 4431; baseline -0.012 -16"><span class='ocrx_word' id='word_1_430' title='bbox 523 4361 816 4431; x_wconf 86' lang='lat' dir='ltr'><strong>pellatione</strong></span> <span class='ocrx_word' id='word_1_431' title='bbox 848 4356 1130 4426; x_wconf 85' lang='lat' dir='ltr'><strong>designata</strong></span> <span class='ocrx_word' id='word_1_432' title='bbox 1158 4350 1528 4405; x_wconf 85' lang='lat' dir='ltr'><strong>continentur.</strong></span> <span class='ocrx_word' id='word_1_433' title='bbox 1561 4345 1712 4402; x_wconf 89' lang='lat' dir='ltr'><strong>llaud</strong></span> <span class='ocrx_word' id='word_1_434' title='bbox 1742 4355 1849 4400; x_wconf 89' lang='lat' dir='ltr'><strong>tam</strong></span> <span class='ocrx_word' id='word_1_435' title='bbox 1888 4345 1995 4400; x_wconf 90' lang='lat' dir='ltr'><strong>late</strong></span> <span class='ocrx_word' id='word_1_436' title='bbox 2029 4358 2124 4412; x_wconf 88' lang='lat' dir='ltr'><strong>pa-</strong></span> 
     </span>
    </p>
   </div>
   <div class='ocr_carea' id='block_1_64' title="bbox 521 4438 2127 4521">
    <p class='ocr_par' dir='ltr' id='par_1_64' title="bbox 521 4438 2127 4521">
     <span class='ocr_line' id='line_1_64' title="bbox 521 4438 2127 4521; baseline -0.009 -13"><span class='ocrx_word' id='word_1_437' title='bbox 521 4460 603 4509; x_wconf 95' lang='lat' dir='ltr'><strong>tet</strong></span> <span class='ocrx_word' id='word_1_438' title='bbox 629 4452 806 4506; x_wconf 86' lang='lat' dir='ltr'><strong>altera</strong></span> <span class='ocrx_word' id='word_1_439' title='bbox 857 4449 1049 4521; x_wconf 75' lang='lat' dir='ltr'><strong>Africa:</strong></span> <span class='ocrx_word' id='word_1_440' title='bbox 1089 4446 1331 4515; x_wconf 88' lang='lat' dir='ltr'><strong>acceptio</strong></span> <span class='ocrx_word' id='word_1_441' title='bbox 1364 4486 1379 4510; x_wconf 92' lang='lat'><strong>,</strong></span> <span class='ocrx_word' id='word_1_442' title='bbox 1408 4444 1559 4513; x_wconf 78' lang='lat' dir='ltr'><strong>juxta</strong></span> <span class='ocrx_word' id='word_1_443' title='bbox 1590 4456 1748 4513; x_wconf 90' lang='lat' dir='ltr'><strong>quam</strong></span> <span class='ocrx_word' id='word_1_444' title='bbox 1808 4455 1913 4495; x_wconf 93' lang='lat' dir='ltr'><strong>non</strong></span> <span class='ocrx_word' id='word_1_445' title='bbox 1963 4438 2127 4495; x_wconf 91' lang='lat' dir='ltr'><strong>modo</strong></span> 
     </span>
    </p>
   </div>
   <div class='ocr_carea' id='block_1_65' title="bbox 522 4533 2122 4612">
    <p class='ocr_par' dir='ltr' id='par_1_65' title="bbox 522 4533 2122 4612">
     <span class='ocr_line' id='line_1_65' title="bbox 522 4533 2122 4612; baseline -0.009 -14"><span class='ocrx_word' id='word_1_446' title='bbox 522 4542 797 4612; x_wconf 62' lang='lat' dir='ltr'><strong>IEtbiopia</strong></span> <span class='ocrx_word' id='word_1_447' title='bbox 822 4540 890 4595; x_wconf 90' lang='lat' dir='ltr'><strong>ab</strong></span> <span class='ocrx_word' id='word_1_448' title='bbox 904 4538 1084 4595; x_wconf 81' lang='lat' dir='ltr'><strong>Africa</strong></span> <span class='ocrx_word' id='word_1_449' title='bbox 1115 4538 1434 4604; x_wconf 86' lang='lat' dir='ltr'><strong>secernitur,</strong></span> <span class='ocrx_word' id='word_1_450' title='bbox 1463 4534 1559 4589; x_wconf 87' lang='lat' dir='ltr'><strong>sed</strong></span> <span class='ocrx_word' id='word_1_451' title='bbox 1584 4546 1631 4588; x_wconf 87' lang='lat' dir='ltr'><strong>et</strong></span> <span class='ocrx_word' id='word_1_452' title='bbox 1661 4534 1774 4587; x_wconf 65' lang='lat' dir='ltr'><strong>haec</strong></span> <span class='ocrx_word' id='word_1_453' title='bbox 1798 4533 2122 4603; x_wconf 87' lang='lat' dir='ltr'><strong>peculiarem</strong></span> 
     </span>
    </p>
   </div>
   <div class='ocr_carea' id='block_1_66' title="bbox 522 4624 2125 4701">
    <p class='ocr_par' dir='ltr' id='par_1_66' title="bbox 522 4624 2125 4701">
     <span class='ocr_line' id='line_1_66' title="bbox 522 4624 2125 4701; baseline -0.009 -8"><span class='ocrx_word' id='word_1_454' title='bbox 522 4635 824 4701; x_wconf 59' lang='lat' dir='ltr'><strong>dioecesim,</strong></span> <span class='ocrx_word' id='word_1_455' title='bbox 849 4641 906 4688; x_wconf 89' lang='lat' dir='ltr'><strong>ut</strong></span> <span class='ocrx_word' id='word_1_456' title='bbox 934 4633 1088 4688; x_wconf 90' lang='lat' dir='ltr'><strong>aiunt</strong></span> <span class='ocrx_word' id='word_1_457' title='bbox 1116 4672 1132 4698; x_wconf 92' lang='lat'><strong>,</strong></span> <span class='ocrx_word' id='word_1_458' title='bbox 1158 4630 1441 4688; x_wconf 90' lang='lat' dir='ltr'><strong>constituit</strong></span> <span class='ocrx_word' id='word_1_459' title='bbox 1466 4668 1482 4693; x_wconf 91' lang='lat'><strong>,</strong></span> <span class='ocrx_word' id='word_1_460' title='bbox 1513 4628 1583 4682; x_wconf 88' lang='lat' dir='ltr'><strong>ab</strong></span> <span class='ocrx_word' id='word_1_461' title='bbox 1612 4626 1847 4697; x_wconf 70' lang='lat' dir='ltr'><strong>Aigypto</strong></span> <span class='ocrx_word' id='word_1_462' title='bbox 1900 4624 2125 4679; x_wconf 88' lang='lat' dir='ltr'><strong>distinc-</strong></span> 
     </span>
    </p>
   </div>
   <div class='ocr_carea' id='block_1_67' title="bbox 522 4716 2121 4795">
    <p class='ocr_par' dir='ltr' id='par_1_67' title="bbox 522 4716 2121 4795">
     <span class='ocr_line' id='line_1_67' title="bbox 522 4716 2121 4795; baseline -0.009 -12"><span class='ocrx_word' id='word_1_463' title='bbox 522 4736 654 4795; x_wconf 88' lang='lat' dir='ltr'><strong>tam,</strong></span> <span class='ocrx_word' id='word_1_464' title='bbox 684 4734 739 4782; x_wconf 91' lang='lat' dir='ltr'><strong>et</strong></span> <span class='ocrx_word' id='word_1_465' title='bbox 773 4726 840 4781; x_wconf 86' lang='lat' dir='ltr'><strong>ab</strong></span> <span class='ocrx_word' id='word_1_466' title='bbox 881 4724 1098 4781; x_wconf 87' lang='lat' dir='ltr'><strong>Oceano</strong></span> <span class='ocrx_word' id='word_1_467' title='bbox 1124 4765 1139 4787; x_wconf 93' lang='lat'><strong>,</strong></span> <span class='ocrx_word' id='word_1_468' title='bbox 1182 4722 1394 4777; x_wconf 89' lang='lat' dir='ltr'><strong>scilicet</strong></span> <span class='ocrx_word' id='word_1_469' title='bbox 1436 4718 1708 4773; x_wconf 88' lang='lat' dir='ltr'><strong>Atlantico</strong></span> <span class='ocrx_word' id='word_1_470' title='bbox 1753 4718 1817 4770; x_wconf 89' lang='lat' dir='ltr'><strong>ad</strong></span> <span class='ocrx_word' id='word_1_471' title='bbox 1875 4716 2121 4769; x_wconf 90' lang='lat' dir='ltr'><strong>intimum</strong></span> 
     </span>
    </p>
   </div>
   <div class='ocr_carea' id='block_1_68' title="bbox 520 4808 2123 4892">
    <p class='ocr_par' dir='ltr' id='par_1_68' title="bbox 520 4808 2123 4892">
     <span class='ocr_line' id='line_1_68' title="bbox 520 4808 2123 4892; baseline -0.01 -13"><span class='ocrx_word' id='word_1_472' title='bbox 520 4822 742 4890; x_wconf 86' lang='lat' dir='ltr'><strong>majoris</strong></span> <span class='ocrx_word' id='word_1_473' title='bbox 781 4820 960 4892; x_wconf 84' lang='lat' dir='ltr'><strong>Syrtis</strong></span> <span class='ocrx_word' id='word_1_474' title='bbox 1009 4817 1187 4872; x_wconf 82' lang='lat' dir='ltr'><strong>sinum</strong></span> <span class='ocrx_word' id='word_1_475' title='bbox 1222 4811 1564 4882; x_wconf 71' lang='lat' dir='ltr'><strong>protenditur</strong></span> <span class='ocrx_word' id='word_1_476' title='bbox 1598 4828 1611 4864; x_wconf 90' lang='lat'><strong>:</strong></span> <span class='ocrx_word' id='word_1_477' title='bbox 1647 4825 1767 4880; x_wconf 70' lang='lat' dir='ltr'><strong>quae</strong></span> <span class='ocrx_word' id='word_1_478' title='bbox 1821 4808 2123 4876; x_wconf 78' lang='lat' dir='ltr'><strong>provincias</strong></span> 
     </span>
    </p>
   </div>
   <div class='ocr_carea' id='block_1_69' title="bbox 518 4904 2120 4978">
    <p class='ocr_par' dir='ltr' id='par_1_69' title="bbox 518 4904 2120 4978">
     <span class='ocr_line' id='line_1_69' title="bbox 518 4904 2120 4978; baseline -0.008 -7"><span class='ocrx_word' id='word_1_479' title='bbox 518 4914 915 4977; x_wconf 83' lang='lat' dir='ltr'><strong>Mauritaniam,</strong></span> <span class='ocrx_word' id='word_1_480' title='bbox 934 4909 1259 4975; x_wconf 84' lang='lat' dir='ltr'><strong>Numidiam,</strong></span> <span class='ocrx_word' id='word_1_481' title='bbox 1285 4904 1671 4978; x_wconf 72' lang='lat' dir='ltr'><strong>Tripolitanum</strong></span> <span class='ocrx_word' id='word_1_482' title='bbox 1695 4915 1747 4960; x_wconf 88' lang='lat' dir='ltr'><strong>et</strong></span> <span class='ocrx_word' id='word_1_483' title='bbox 1774 4904 2120 4974; x_wconf 79' lang='lat' dir='ltr'><strong>Zeugitauam</strong></span> 
     </span>
    </p>
   </div>
   <div class='ocr_carea' id='block_1_70' title="bbox 2232 3694 3832 3778">
    <p class='ocr_par' dir='ltr' id='par_1_70' title="bbox 2232 3694 3832 3778">
     <span class='ocr_line' id='line_1_70' title="bbox 2232 3694 3832 3778; baseline 0.011 -29"><span class='ocrx_word' id='word_1_484' title='bbox 2232 3694 2573 3754; x_wconf 86' lang='lat' dir='ltr'><strong>ltiuerarium</strong></span> <span class='ocrx_word' id='word_1_485' title='bbox 2608 3717 2911 3761; x_wconf 74' lang='lat' dir='ltr'><strong>uccccxxxr</strong></span> <span class='ocrx_word' id='word_1_486' title='bbox 2936 3726 2947 3760; x_wconf 93' lang='lat'>:</span> <span class='ocrx_word' id='word_1_487' title='bbox 2978 3708 3061 3763; x_wconf 92' lang='lat' dir='ltr'><strong>sin</strong></span> <span class='ocrx_word' id='word_1_488' title='bbox 3090 3719 3269 3766; x_wconf 90' lang='lat' dir='ltr'><strong>autem</strong></span> <span class='ocrx_word' id='word_1_489' title='bbox 3305 3712 3406 3766; x_wconf 78' lang='lat' dir='ltr'><strong>soli</strong></span> <span class='ocrx_word' id='word_1_490' title='bbox 3433 3755 3449 3777; x_wconf 97' lang='lat'><strong>,</strong></span> <span class='ocrx_word' id='word_1_491' title='bbox 3479 3711 3583 3767; x_wconf 89' lang='lat' dir='ltr'><strong>hoc</strong></span> <span class='ocrx_word' id='word_1_492' title='bbox 3610 3724 3725 3778; x_wconf 85' lang='lat' dir='ltr'><strong>est,</strong></span> <span class='ocrx_word' id='word_1_493' title='bbox 3755 3715 3832 3769; x_wconf 87' lang='lat' dir='ltr'><strong>si-</strong></span> 
     </span>
    </p>
   </div>
   <div class='ocr_carea' id='block_1_71' title="bbox 2231 3793 3827 3869">
    <p class='ocr_par' dir='ltr' id='par_1_71' title="bbox 2231 3793 3827 3869">
     <span class='ocr_line' id='line_1_71' title="bbox 2231 3793 3827 3869; baseline 0.014 -30"><span class='ocrx_word' id='word_1_494' title='bbox 2231 3801 2398 3842; x_wconf 89' lang='lat' dir='ltr'><strong>nuum</strong></span> <span class='ocrx_word' id='word_1_495' title='bbox 2420 3798 2475 3845; x_wconf 86' lang='lat' dir='ltr'><strong>et</strong></span> <span class='ocrx_word' id='word_1_496' title='bbox 2501 3793 2858 3851; x_wconf 82' lang='lat' dir='ltr'><strong>amfractuum</strong></span> <span class='ocrx_word' id='word_1_497' title='bbox 2886 3794 3080 3855; x_wconf 83' lang='lat' dir='ltr'><strong>littoris</strong></span> <span class='ocrx_word' id='word_1_498' title='bbox 3098 3803 3237 3855; x_wconf 85' lang='lat' dir='ltr'><strong>ratio</strong></span> <span class='ocrx_word' id='word_1_499' title='bbox 3265 3818 3371 3857; x_wconf 91' lang='lat' dir='ltr'><strong>non</strong></span> <span class='ocrx_word' id='word_1_500' title='bbox 3400 3803 3698 3869; x_wconf 88' lang='lat' dir='ltr'><strong>habeatur;</strong></span> <span class='ocrx_word' id='word_1_501' title='bbox 3730 3807 3827 3860; x_wconf 85' lang='lat' dir='ltr'><strong>sed</strong></span> 
     </span>
    </p>
   </div>
   <div class='ocr_carea' id='block_1_72' title="bbox 2231 3886 3828 3966">
    <p class='ocr_par' dir='ltr' id='par_1_72' title="bbox 2231 3886 3828 3966">
     <span class='ocr_line' id='line_1_72' title="bbox 2231 3886 3828 3966; baseline 0.013 -33"><span class='ocrx_word' id='word_1_502' title='bbox 2231 3887 2436 3937; x_wconf 83' lang='lat' dir='ltr'><strong>tantum</strong></span> <span class='ocrx_word' id='word_1_503' title='bbox 2466 3886 2614 3952; x_wconf 78' lang='lat' dir='ltr'><strong>eteli,</strong></span> <span class='ocrx_word' id='word_1_504' title='bbox 2644 3887 2746 3944; x_wconf 91' lang='lat' dir='ltr'><strong>hoc</strong></span> <span class='ocrx_word' id='word_1_505' title='bbox 2772 3900 2875 3956; x_wconf 85' lang='lat' dir='ltr'><strong>est,</strong></span> <span class='ocrx_word' id='word_1_506' title='bbox 2907 3894 2952 3947; x_wconf 89' lang='lat' dir='ltr'><strong>si</strong></span> <span class='ocrx_word' id='word_1_507' title='bbox 2980 3893 3119 3949; x_wconf 88' lang='lat' dir='ltr'><strong>linea</strong></span> <span class='ocrx_word' id='word_1_508' title='bbox 3159 3903 3302 3950; x_wconf 86' lang='lat' dir='ltr'><strong>recta</strong></span> <span class='ocrx_word' id='word_1_509' title='bbox 3327 3896 3555 3952; x_wconf 88' lang='lat' dir='ltr'><strong>ducatur</strong></span> <span class='ocrx_word' id='word_1_510' title='bbox 3578 3941 3593 3966; x_wconf 89' lang='lat'><strong>,</strong></span> <span class='ocrx_word' id='word_1_511' title='bbox 3628 3914 3657 3950; x_wconf 87' lang='lat' dir='ltr'><strong>a</strong></span> <span class='ocrx_word' id='word_1_512' title='bbox 3681 3898 3828 3953; x_wconf 85' lang='lat' dir='ltr'><strong>Coti-</strong></span> 
     </span>
    </p>
   </div>
   <div class='ocr_carea' id='block_1_73' title="bbox 2231 3972 3824 4061">
    <p class='ocr_par' dir='ltr' id='par_1_73' title="bbox 2231 3972 3824 4061">
     <span class='ocr_line' id='line_1_73' title="bbox 2231 3972 3824 4061; baseline 0.011 -33"><span class='ocrx_word' id='word_1_513' title='bbox 2231 3972 2330 4028; x_wconf 81' lang='lat' dir='ltr'><strong>bus</strong></span> <span class='ocrx_word' id='word_1_514' title='bbox 2356 3974 2422 4030; x_wconf 85' lang='lat' dir='ltr'><strong>ad</strong></span> <span class='ocrx_word' id='word_1_515' title='bbox 2447 3976 2691 4049; x_wconf 63' lang='lat' dir='ltr'><strong>Mercurii</strong></span> <span class='ocrx_word' id='word_1_516' title='bbox 2717 3982 3152 4042; x_wconf 85' lang='lat' dir='ltr'><strong>Promontorium</strong></span> <span class='ocrx_word' id='word_1_517' title='bbox 3185 3990 3350 4044; x_wconf 86' lang='lat' dir='ltr'><strong>millia</strong></span> <span class='ocrx_word' id='word_1_518' title='bbox 3386 4006 3604 4061; x_wconf 90' lang='lat' dir='ltr'><strong>passum</strong></span> <span class='ocrx_word' id='word_1_519' title='bbox 3656 4008 3824 4048; x_wconf 68' lang='lat' dir='ltr'><strong>lxxx.</strong></span> 
     </span>
    </p>
   </div>
   <div class='ocr_carea' id='block_1_74' title="bbox 2229 4064 3827 4153">
    <p class='ocr_par' dir='ltr' id='par_1_74' title="bbox 2229 4064 3827 4153">
     <span class='ocr_line' id='line_1_74' title="bbox 2229 4064 3827 4153; baseline 0.013 -33"><span class='ocrx_word' id='word_1_520' title='bbox 2229 4064 2275 4120; x_wconf 87' lang='lat' dir='ltr'><strong>A</strong></span> <span class='ocrx_word' id='word_1_521' title='bbox 2301 4067 2550 4125; x_wconf 89' lang='lat' dir='ltr'><strong>Mercurii</strong></span> <span class='ocrx_word' id='word_1_522' title='bbox 2575 4071 2957 4131; x_wconf 88' lang='lat' dir='ltr'><strong>Promontorio</strong></span> <span class='ocrx_word' id='word_1_523' title='bbox 2990 4080 3058 4133; x_wconf 88' lang='lat' dir='ltr'><strong>ad</strong></span> <span class='ocrx_word' id='word_1_524' title='bbox 3091 4080 3266 4153; x_wconf 88' lang='lat' dir='ltr'><strong>Syrtis</strong></span> <span class='ocrx_word' id='word_1_525' title='bbox 3302 4084 3529 4141; x_wconf 88' lang='lat' dir='ltr'><strong>minoris</strong></span> <span class='ocrx_word' id='word_1_526' title='bbox 3559 4087 3827 4142; x_wconf 84' lang='lat' dir='ltr'><strong>internum</strong></span> 
     </span>
    </p>
   </div>
   <div class='ocr_carea' id='block_1_75' title="bbox 2232 4159 3827 4245">
    <p class='ocr_par' dir='ltr' id='par_1_75' title="bbox 2232 4159 3827 4245">
     <span class='ocr_line' id='line_1_75' title="bbox 2232 4159 3827 4245; baseline 0.015 -34"><span class='ocrx_word' id='word_1_527' title='bbox 2232 4159 2369 4213; x_wconf 87' lang='lat' dir='ltr'><strong>latus</strong></span> <span class='ocrx_word' id='word_1_528' title='bbox 2391 4166 2691 4232; x_wconf 81' lang='lat' dir='ltr'><strong>expositum</strong></span> <span class='ocrx_word' id='word_1_529' title='bbox 2719 4167 2926 4225; x_wconf 88' lang='lat' dir='ltr'><strong>Orienti</strong></span> <span class='ocrx_word' id='word_1_530' title='bbox 2961 4212 2976 4237; x_wconf 90' lang='lat'><strong>,</strong></span> <span class='ocrx_word' id='word_1_531' title='bbox 3030 4172 3260 4245; x_wconf 87' lang='lat' dir='ltr'><strong>Polybio</strong></span> <span class='ocrx_word' id='word_1_532' title='bbox 3290 4216 3306 4240; x_wconf 95' lang='lat'><strong>,</strong></span> <span class='ocrx_word' id='word_1_533' title='bbox 3339 4175 3516 4232; x_wconf 89' lang='lat' dir='ltr'><strong>Plinio</strong></span> <span class='ocrx_word' id='word_1_534' title='bbox 3562 4188 3619 4233; x_wconf 90' lang='lat' dir='ltr'><strong>ct</strong></span> <span class='ocrx_word' id='word_1_535' title='bbox 3656 4178 3827 4234; x_wconf 80' lang='lat' dir='ltr'><strong>Anto-</strong></span> 
     </span>
    </p>
   </div>
   <div class='ocr_carea' id='block_1_76' title="bbox 2231 4250 3827 4334">
    <p class='ocr_par' dir='ltr' id='par_1_76' title="bbox 2231 4250 3827 4334">
     <span class='ocr_line' id='line_1_76' title="bbox 2231 4250 3827 4334; baseline 0.01 -27"><span class='ocrx_word' id='word_1_536' title='bbox 2231 4250 2359 4307; x_wconf 85' lang='lat' dir='ltr'><strong>hino</strong></span> <span class='ocrx_word' id='word_1_537' title='bbox 2411 4264 2534 4309; x_wconf 91' lang='lat' dir='ltr'><strong>sunt</strong></span> <span class='ocrx_word' id='word_1_538' title='bbox 2571 4271 2667 4314; x_wconf 82' lang='lat' dir='ltr'><strong>ccc</strong></span> <span class='ocrx_word' id='word_1_539' title='bbox 2715 4260 2877 4315; x_wconf 89' lang='lat' dir='ltr'><strong>millia</strong></span> <span class='ocrx_word' id='word_1_540' title='bbox 2923 4278 3209 4331; x_wconf 86' lang='lat' dir='ltr'><strong>passuum.</strong></span> <span class='ocrx_word' id='word_1_541' title='bbox 3239 4281 3269 4319; x_wconf 90' lang='lat' dir='ltr'><strong>a</strong></span> <span class='ocrx_word' id='word_1_542' title='bbox 3301 4282 3408 4334; x_wconf 89' lang='lat' dir='ltr'><strong>quo</strong></span> <span class='ocrx_word' id='word_1_543' title='bbox 3453 4284 3557 4323; x_wconf 89' lang='lat' dir='ltr'><strong>non</strong></span> <span class='ocrx_word' id='word_1_544' title='bbox 3601 4272 3827 4325; x_wconf 89' lang='lat' dir='ltr'><strong>multum</strong></span> 
     </span>
    </p>
   </div>
   <div class='ocr_carea' id='block_1_77' title="bbox 2229 4342 3829 4434">
    <p class='ocr_par' dir='ltr' id='par_1_77' title="bbox 2229 4342 3829 4434">
     <span class='ocr_line' id='line_1_77' title="bbox 2229 4342 3829 4434; baseline 0.011 -37"><span class='ocrx_word' id='word_1_545' title='bbox 2229 4342 2429 4400; x_wconf 86' lang='lat' dir='ltr'><strong>distant</strong></span> <span class='ocrx_word' id='word_1_546' title='bbox 2452 4357 2652 4404; x_wconf 73' lang='lat' dir='ltr'><strong>nostra:</strong></span> <span class='ocrx_word' id='word_1_547' title='bbox 2683 4355 2944 4407; x_wconf 79' lang='lat' dir='ltr'><strong>rationes.</strong></span> <span class='ocrx_word' id='word_1_548' title='bbox 2979 4353 3149 4426; x_wconf 80' lang='lat' dir='ltr'><strong>Regio</strong></span> <span class='ocrx_word' id='word_1_549' title='bbox 3173 4372 3293 4426; x_wconf 75' lang='lat' dir='ltr'><strong>qua:</strong></span> <span class='ocrx_word' id='word_1_550' title='bbox 3314 4358 3458 4412; x_wconf 85' lang='lat' dir='ltr'><strong>inter</strong></span> <span class='ocrx_word' id='word_1_551' title='bbox 3477 4359 3617 4415; x_wconf 88' lang='lat' dir='ltr'><strong>duas</strong></span> <span class='ocrx_word' id='word_1_552' title='bbox 3643 4361 3829 4434; x_wconf 78' lang='lat' dir='ltr'><strong>Syrtes</strong></span> 
     </span>
    </p>
   </div>
   <div class='ocr_carea' id='block_1_78' title="bbox 2230 4433 3824 4514">
    <p class='ocr_par' dir='ltr' id='par_1_78' title="bbox 2230 4433 3824 4514">
     <span class='ocr_line' id='line_1_78' title="bbox 2230 4433 3824 4514; baseline 0.013 -27"><span class='ocrx_word' id='word_1_553' title='bbox 2230 4433 2515 4505; x_wconf 83' lang='lat' dir='ltr'><strong>interjacet</strong></span> <span class='ocrx_word' id='word_1_554' title='bbox 2538 4455 2692 4495; x_wconf 85' lang='lat' dir='ltr'><strong>versa</strong></span> <span class='ocrx_word' id='word_1_555' title='bbox 2724 4445 2776 4497; x_wconf 91' lang='lat' dir='ltr'><strong>in</strong></span> <span class='ocrx_word' id='word_1_556' title='bbox 2808 4443 3246 4514; x_wconf 89' lang='lat' dir='ltr'><strong>Septentrionem</strong></span> <span class='ocrx_word' id='word_1_557' title='bbox 3273 4489 3289 4514; x_wconf 92' lang='lat'><strong>,</strong></span> <span class='ocrx_word' id='word_1_558' title='bbox 3320 4450 3498 4507; x_wconf 85' lang='lat' dir='ltr'><strong>Plinio</strong></span> <span class='ocrx_word' id='word_1_559' title='bbox 3528 4468 3629 4508; x_wconf 82' lang='lat' dir='ltr'><strong>cet.</strong></span> <span class='ocrx_word' id='word_1_560' title='bbox 3660 4454 3824 4509; x_wconf 84' lang='lat' dir='ltr'><strong>millia</strong></span> 
     </span>
    </p>
   </div>
   <div class='ocr_carea' id='block_1_79' title="bbox 2231 4531 3828 4608">
    <p class='ocr_par' dir='ltr' id='par_1_79' title="bbox 2231 4531 3828 4608">
     <span class='ocr_line' id='line_1_79' title="bbox 2231 4531 3828 4608; baseline 0.012 -28"><span class='ocrx_word' id='word_1_561' title='bbox 2231 4543 2467 4596; x_wconf 88' lang='lat' dir='ltr'><strong>passmn,</strong></span> <span class='ocrx_word' id='word_1_562' title='bbox 2523 4531 2792 4589; x_wconf 77' lang='lat' dir='ltr'><strong>Antonino</strong></span> <span class='ocrx_word' id='word_1_563' title='bbox 2821 4538 3255 4593; x_wconf 79' lang='lat' dir='ltr'><strong>cccuxx.mille</strong></span> <span class='ocrx_word' id='word_1_564' title='bbox 3306 4555 3583 4608; x_wconf 85' lang='lat' dir='ltr'><strong>passuum,</strong></span> <span class='ocrx_word' id='word_1_565' title='bbox 3636 4559 3828 4600; x_wconf 87' lang='lat' dir='ltr'><strong>secun-</strong></span> 
     </span>
    </p>
   </div>
   <div class='ocr_carea' id='block_1_80' title="bbox 2227 4619 3826 4704">
    <p class='ocr_par' dir='ltr' id='par_1_80' title="bbox 2227 4619 3826 4704">
     <span class='ocr_line' id='line_1_80' title="bbox 2227 4619 3826 4704; baseline 0.013 -32"><span class='ocrx_word' id='word_1_566' title='bbox 2227 4619 2353 4674; x_wconf 89' lang='lat' dir='ltr'><strong>dum</strong></span> <span class='ocrx_word' id='word_1_567' title='bbox 2380 4639 2477 4675; x_wconf 87' lang='lat' dir='ltr'><strong>nos</strong></span> <span class='ocrx_word' id='word_1_568' title='bbox 2505 4639 2641 4680; x_wconf 73' lang='lat' dir='ltr'><strong>ccm.</strong></span> <span class='ocrx_word' id='word_1_569' title='bbox 2663 4626 2809 4681; x_wconf 90' lang='lat' dir='ltr'><strong>mille</strong></span> <span class='ocrx_word' id='word_1_570' title='bbox 2832 4642 3110 4696; x_wconf 90' lang='lat' dir='ltr'><strong>passuum.</strong></span> <span class='ocrx_word' id='word_1_571' title='bbox 3143 4629 3319 4703; x_wconf 86' lang='lat' dir='ltr'><strong>Syrtis</strong></span> <span class='ocrx_word' id='word_1_572' title='bbox 3347 4635 3541 4704; x_wconf 87' lang='lat' dir='ltr'><strong>major,</strong></span> <span class='ocrx_word' id='word_1_573' title='bbox 3575 4636 3623 4691; x_wconf 87' lang='lat' dir='ltr'><strong>si</strong></span> <span class='ocrx_word' id='word_1_574' title='bbox 3655 4636 3826 4692; x_wconf 81' lang='lat' dir='ltr'><strong>Plinio</strong></span> 
     </span>
    </p>
   </div>
   <div class='ocr_carea' id='block_1_81' title="bbox 2229 4710 3823 4795">
    <p class='ocr_par' dir='ltr' id='par_1_81' title="bbox 2229 4710 3823 4795">
     <span class='ocr_line' id='line_1_81' title="bbox 2229 4710 3823 4795; baseline 0.012 -29"><span class='ocrx_word' id='word_1_575' title='bbox 2229 4710 2650 4780; x_wconf 83' lang='lat' dir='ltr'><strong>ﬁdes,circuitus</strong></span> <span class='ocrx_word' id='word_1_576' title='bbox 2667 4730 2747 4773; x_wconf 90' lang='lat' dir='ltr'><strong>est</strong></span> <span class='ocrx_word' id='word_1_577' title='bbox 2768 4734 2947 4776; x_wconf 80' lang='lat' dir='ltr'><strong>ncxxv</strong></span> <span class='ocrx_word' id='word_1_578' title='bbox 2976 4722 3141 4777; x_wconf 88' lang='lat' dir='ltr'><strong>millia</strong></span> <span class='ocrx_word' id='word_1_579' title='bbox 3167 4728 3628 4795; x_wconf 84' lang='lat' dir='ltr'><strong>passuum,aditus</strong></span> <span class='ocrx_word' id='word_1_580' title='bbox 3641 4738 3823 4784; x_wconf 84' lang='lat' dir='ltr'><strong>autem</strong></span> 
     </span>
    </p>
   </div>
   <div class='ocr_carea' id='block_1_82' title="bbox 2226 4808 3824 4877">
    <p class='ocr_par' dir='ltr' id='par_1_82' title="bbox 2226 4808 3824 4877">
     <span class='ocr_line' id='line_1_82' title="bbox 2226 4808 3824 4877; baseline 0.011 -17"><span class='ocrx_word' id='word_1_581' title='bbox 2226 4820 2395 4861; x_wconf 78' lang='lat' dir='ltr'><strong>cccxv</strong></span> <span class='ocrx_word' id='word_1_582' title='bbox 2419 4850 2433 4874; x_wconf 94' lang='lat'><strong>,</strong></span> <span class='ocrx_word' id='word_1_583' title='bbox 2461 4809 2717 4865; x_wconf 87' lang='lat' dir='ltr'><strong>circuitus</strong></span> <span class='ocrx_word' id='word_1_584' title='bbox 2766 4827 2949 4869; x_wconf 68' lang='lat' dir='ltr'><strong>ccccn.</strong></span> <span class='ocrx_word' id='word_1_585' title='bbox 2986 4808 3296 4873; x_wconf 76' lang='lat' dir='ltr'><strong>Secundum</strong></span> <span class='ocrx_word' id='word_1_586' title='bbox 3329 4834 3428 4874; x_wconf 87' lang='lat' dir='ltr'><strong>nos</strong></span> <span class='ocrx_word' id='word_1_587' title='bbox 3480 4821 3662 4877; x_wconf 87' lang='lat' dir='ltr'><strong>aditus</strong></span> <span class='ocrx_word' id='word_1_588' title='bbox 3717 4838 3824 4877; x_wconf 89' lang='lat' dir='ltr'><strong>non</strong></span> 
     </span>
    </p>
   </div>
   <div class='ocr_carea' id='block_1_83' title="bbox 2228 4898 3823 4972">
    <p class='ocr_par' dir='ltr' id='par_1_83' title="bbox 2228 4898 3823 4972">
     <span class='ocr_line' id='line_1_83' title="bbox 2228 4898 3823 4972; baseline 0.012 -21"><span class='ocrx_word' id='word_1_589' title='bbox 2228 4898 2347 4968; x_wconf 88' lang='lat' dir='ltr'><strong>plus</strong></span> <span class='ocrx_word' id='word_1_590' title='bbox 2369 4916 2527 4969; x_wconf 84' lang='lat' dir='ltr'><strong>quam</strong></span> <span class='ocrx_word' id='word_1_591' title='bbox 2557 4916 2654 4957; x_wconf 81' lang='lat' dir='ltr'><strong>CCL</strong></span> <span class='ocrx_word' id='word_1_592' title='bbox 2689 4903 2849 4959; x_wconf 72' lang='lat' dir='ltr'><strong>millia</strong></span> <span class='ocrx_word' id='word_1_593' title='bbox 2884 4922 3160 4972; x_wconf 89' lang='lat' dir='ltr'><strong>passuum.</strong></span> <span class='ocrx_word' id='word_1_594' title='bbox 3186 4907 3230 4962; x_wconf 86' lang='lat' dir='ltr'><strong>A</strong></span> <span class='ocrx_word' id='word_1_595' title='bbox 3249 4908 3635 4969; x_wconf 88' lang='lat' dir='ltr'><strong>Promontorio</strong></span> <span class='ocrx_word' id='word_1_596' title='bbox 3654 4914 3721 4969; x_wconf 86' lang='lat' dir='ltr'><strong>ad</strong></span> <span class='ocrx_word' id='word_1_597' title='bbox 3749 4915 3823 4969; x_wconf 86' lang='lat' dir='ltr'><strong>si-</strong></span> 
     </span>
    </p>
   </div>
   <div class='ocr_carea' id='block_1_84' title="bbox 516 4991 3825 5075">
    <p class='ocr_par' dir='ltr' id='par_1_84' title="bbox 516 4991 3825 5075">
     <span class='ocr_line' id='line_1_84' title="bbox 516 4991 3825 5075; baseline 0 -14"><span class='ocrx_word' id='word_1_598' title='bbox 516 5008 783 5066; x_wconf 88' lang='lat' dir='ltr'><strong>coutiuet.</strong></span> <span class='ocrx_word' id='word_1_599' title='bbox 810 5006 936 5060; x_wconf 75' lang='lat' dir='ltr'><strong>Haec</strong></span> <span class='ocrx_word' id='word_1_600' title='bbox 967 5011 1145 5075; x_wconf 72' lang='lat' dir='ltr'><strong>autem</strong></span> <span class='ocrx_word' id='word_1_601' title='bbox 1180 5000 1365 5054; x_wconf 88' lang='lat' dir='ltr'><strong>ultima</strong></span> <span class='ocrx_word' id='word_1_602' title='bbox 1396 4998 1668 5069; x_wconf 78' lang='lat' dir='ltr'><strong>provincia</strong></span> <span class='ocrx_word' id='word_1_603' title='bbox 1694 4997 2117 5067; x_wconf 85' lang='lat' dir='ltr'><strong>proconsularis,</strong></span> <span class='ocrx_word' id='word_1_604' title='bbox 2145 4993 2201 5053; x_wconf 92' lang='lat' dir='ltr'><strong>D</strong></span> <span class='ocrx_word' id='word_1_605' title='bbox 2229 5006 2325 5045; x_wconf 87' lang='lat' dir='ltr'><strong>utts</strong></span> <span class='ocrx_word' id='word_1_606' title='bbox 2364 4991 2551 5046; x_wconf 88' lang='lat' dir='ltr'><strong>intima</strong></span> <span class='ocrx_word' id='word_1_607' title='bbox 2591 5009 2689 5051; x_wconf 79' lang='lat' dir='ltr'><strong>ccx</strong></span> <span class='ocrx_word' id='word_1_608' title='bbox 2719 4997 2884 5051; x_wconf 89' lang='lat' dir='ltr'><strong>millia</strong></span> <span class='ocrx_word' id='word_1_609' title='bbox 2915 5013 3192 5067; x_wconf 89' lang='lat' dir='ltr'><strong>passuum.</strong></span> <span class='ocrx_word' id='word_1_610' title='bbox 3225 5000 3306 5056; x_wconf 88' lang='lat' dir='ltr'><strong>lbi</strong></span> <span class='ocrx_word' id='word_1_611' title='bbox 3333 5014 3456 5057; x_wconf 90' lang='lat' dir='ltr'><strong>sunt</strong></span> <span class='ocrx_word' id='word_1_612' title='bbox 3489 5002 3825 5063; x_wconf 66' lang='lat' dir='ltr'><strong>Arte&#39;Phile-</strong></span> 
     </span>
    </p>
   </div>
   <div class='ocr_carea' id='block_1_85' title="bbox 517 5091 2121 5173">
    <p class='ocr_par' dir='ltr' id='par_1_85' title="bbox 517 5091 2121 5173">
     <span class='ocr_line' id='line_1_85' title="bbox 517 5091 2121 5173; baseline -0.009 -18"><span class='ocrx_word' id='word_1_613' title='bbox 517 5101 711 5173; x_wconf 70' lang='lat' dir='ltr'><strong>Africaz</strong></span> <span class='ocrx_word' id='word_1_614' title='bbox 743 5097 963 5152; x_wconf 89' lang='lat' dir='ltr'><strong>nomine</strong></span> <span class='ocrx_word' id='word_1_615' title='bbox 991 5094 1211 5165; x_wconf 86' lang='lat' dir='ltr'><strong>proprie</strong></span> <span class='ocrx_word' id='word_1_616' title='bbox 1232 5091 1493 5156; x_wconf 86' lang='lat' dir='ltr'><strong>donatur,</strong></span> <span class='ocrx_word' id='word_1_617' title='bbox 1523 5106 1643 5162; x_wconf 68' lang='lat' dir='ltr'><strong>quae</strong></span> <span class='ocrx_word' id='word_1_618' title='bbox 1675 5093 1830 5145; x_wconf 83' lang='lat' dir='ltr'><strong>tertia</strong></span> <span class='ocrx_word' id='word_1_619' title='bbox 1877 5098 1962 5145; x_wconf 70' lang='lat' dir='ltr'><strong>est</strong></span> <span class='ocrx_word' id='word_1_620' title='bbox 1987 5132 2000 5154; x_wconf 95' lang='lat'><strong>,</strong></span> <span class='ocrx_word' id='word_1_621' title='bbox 2031 5105 2121 5144; x_wconf 77' lang='lat' dir='ltr'><strong>ea-</strong></span> 
     </span>
    </p>
   </div>
   <div class='ocr_carea' id='block_1_86' title="bbox 516 5182 2116 5265">
    <p class='ocr_par' dir='ltr' id='par_1_86' title="bbox 516 5182 2116 5265">
     <span class='ocr_line' id='line_1_86' title="bbox 516 5182 2116 5265; baseline -0.004 -23"><span class='ocrx_word' id='word_1_622' title='bbox 516 5208 625 5265; x_wconf 86' lang='lat' dir='ltr'><strong>que</strong></span> <span class='ocrx_word' id='word_1_623' title='bbox 653 5187 994 5244; x_wconf 81' lang='lat' dir='ltr'><strong>strictissima</strong></span> <span class='ocrx_word' id='word_1_624' title='bbox 1024 5185 1182 5256; x_wconf 89' lang='lat' dir='ltr'><strong>hujus</strong></span> <span class='ocrx_word' id='word_1_625' title='bbox 1205 5186 1353 5240; x_wconf 87' lang='lat' dir='ltr'><strong>vocis</strong></span> <span class='ocrx_word' id='word_1_626' title='bbox 1382 5186 1650 5254; x_wconf 89' lang='lat' dir='ltr'><strong>acceptio.</strong></span> <span class='ocrx_word' id='word_1_627' title='bbox 1694 5182 1876 5240; x_wconf 83' lang='lat' dir='ltr'><strong>Al‘rica</strong></span> <span class='ocrx_word' id='word_1_628' title='bbox 1921 5197 2116 5237; x_wconf 83' lang='lat' dir='ltr'><strong>secun-</strong></span> 
     </span>
    </p>
   </div>
   <div class='ocr_carea' id='block_1_87' title="bbox 517 5276 2118 5348">
    <p class='ocr_par' dir='ltr' id='par_1_87' title="bbox 517 5276 2118 5348">
     <span class='ocr_line' id='line_1_87' title="bbox 517 5276 2118 5348; baseline -0.004 -10"><span class='ocrx_word' id='word_1_629' title='bbox 517 5285 647 5339; x_wconf 90' lang='lat' dir='ltr'><strong>dum</strong></span> <span class='ocrx_word' id='word_1_630' title='bbox 694 5279 925 5335; x_wconf 88' lang='lat' dir='ltr'><strong>mediam</strong></span> <span class='ocrx_word' id='word_1_631' title='bbox 978 5280 1123 5334; x_wconf 87' lang='lat' dir='ltr'><strong>illam</strong></span> <span class='ocrx_word' id='word_1_632' title='bbox 1173 5278 1547 5348; x_wconf 88' lang='lat' dir='ltr'><strong>acceptionem</strong></span> <span class='ocrx_word' id='word_1_633' title='bbox 1598 5277 1666 5333; x_wconf 88' lang='lat' dir='ltr'><strong>ab</strong></span> <span class='ocrx_word' id='word_1_634' title='bbox 1713 5276 2006 5333; x_wconf 81' lang='lat' dir='ltr'><strong>Occidente</strong></span> <span class='ocrx_word' id='word_1_635' title='bbox 2062 5284 2118 5332; x_wconf 87' lang='lat' dir='ltr'><strong>et</strong></span> 
     </span>
    </p>
   </div>
   <div class='ocr_carea' id='block_1_88' title="bbox 515 5368 2112 5442">
    <p class='ocr_par' dir='ltr' id='par_1_88' title="bbox 515 5368 2112 5442">
     <span class='ocr_line' id='line_1_88' title="bbox 515 5368 2112 5442; baseline -0.004 -13"><span class='ocrx_word' id='word_1_636' title='bbox 515 5371 897 5442; x_wconf 88' lang='lat' dir='ltr'><strong>Septentrioue</strong></span> <span class='ocrx_word' id='word_1_637' title='bbox 927 5371 1166 5425; x_wconf 89' lang='lat' dir='ltr'><strong>littorum</strong></span> <span class='ocrx_word' id='word_1_638' title='bbox 1198 5369 1418 5440; x_wconf 84' lang='lat' dir='ltr'><strong>obliquo</strong></span> <span class='ocrx_word' id='word_1_639' title='bbox 1448 5369 1623 5439; x_wconf 90' lang='lat' dir='ltr'><strong>spatio</strong></span> <span class='ocrx_word' id='word_1_640' title='bbox 1671 5369 1806 5423; x_wconf 89' lang='lat' dir='ltr'><strong>mari</strong></span> <span class='ocrx_word' id='word_1_641' title='bbox 1849 5368 2069 5422; x_wconf 87' lang='lat' dir='ltr'><strong>alluitur</strong></span> <span class='ocrx_word' id='word_1_642' title='bbox 2094 5409 2112 5434; x_wconf 95' lang='lat'><strong>,</strong></span> 
     </span>
    </p>
   </div>
   <div class='ocr_carea' id='block_1_89' title="bbox 515 5459 2113 5538">
    <p class='ocr_par' dir='ltr' id='par_1_89' title="bbox 515 5459 2113 5538">
     <span class='ocr_line' id='line_1_89' title="bbox 515 5459 2113 5538; baseline -0.004 -18"><span class='ocrx_word' id='word_1_643' title='bbox 515 5474 768 5538; x_wconf 82' lang='lat' dir='ltr'><strong>patetque</strong></span> <span class='ocrx_word' id='word_1_644' title='bbox 799 5463 852 5518; x_wconf 90' lang='lat' dir='ltr'><strong>in</strong></span> <span class='ocrx_word' id='word_1_645' title='bbox 882 5462 1272 5533; x_wconf 88' lang='lat' dir='ltr'><strong>longitudinem</strong></span> <span class='ocrx_word' id='word_1_646' title='bbox 1312 5462 1455 5517; x_wconf 87' lang='lat' dir='ltr'><strong>latus</strong></span> <span class='ocrx_word' id='word_1_647' title='bbox 1483 5460 1604 5531; x_wconf 84' lang='lat' dir='ltr'><strong>ejus</strong></span> <span class='ocrx_word' id='word_1_648' title='bbox 1649 5459 1995 5516; x_wconf 92' lang='lat' dir='ltr'><strong>Occidentale</strong></span> <span class='ocrx_word' id='word_1_649' title='bbox 2045 5461 2113 5514; x_wconf 87' lang='lat' dir='ltr'><strong>ab</strong></span> 
     </span>
    </p>
   </div>
   <div class='ocr_carea' id='block_1_90' title="bbox 512 5550 2111 5622">
    <p class='ocr_par' dir='ltr' id='par_1_90' title="bbox 512 5550 2111 5622">
     <span class='ocr_line' id='line_1_90' title="bbox 512 5550 2111 5622; baseline -0.006 -7"><span class='ocrx_word' id='word_1_650' title='bbox 512 5558 733 5615; x_wconf 83' lang='lat' dir='ltr'><strong>Atlante</strong></span> <span class='ocrx_word' id='word_1_651' title='bbox 782 5556 849 5611; x_wconf 88' lang='lat' dir='ltr'><strong>ad</strong></span> <span class='ocrx_word' id='word_1_652' title='bbox 887 5554 1050 5611; x_wconf 84' lang='lat' dir='ltr'><strong>Cutes</strong></span> <span class='ocrx_word' id='word_1_653' title='bbox 1102 5554 1538 5609; x_wconf 90' lang='lat' dir='ltr'><strong>Promontorium</strong></span> <span class='ocrx_word' id='word_1_654' title='bbox 1582 5552 1735 5622; x_wconf 78' lang='lat' dir='ltr'><strong>juxta</strong></span> <span class='ocrx_word' id='word_1_655' title='bbox 1793 5550 1989 5607; x_wconf 83' lang='lat' dir='ltr'><strong>fretum</strong></span> <span class='ocrx_word' id='word_1_656' title='bbox 2039 5567 2111 5606; x_wconf 73' lang='lat' dir='ltr'><strong>nu</strong></span> 
     </span>
    </p>
   </div>
   <div class='ocr_carea' id='block_1_91' title="bbox 512 5643 2111 5724">
    <p class='ocr_par' dir='ltr' id='par_1_91' title="bbox 512 5643 2111 5724">
     <span class='ocr_line' id='line_1_91' title="bbox 512 5643 2111 5724; baseline -0.003 -20"><span class='ocrx_word' id='word_1_657' title='bbox 512 5666 791 5724; x_wconf 85' lang='lat' dir='ltr'><strong>passuum.</strong></span> <span class='ocrx_word' id='word_1_658' title='bbox 820 5648 950 5704; x_wconf 89' lang='lat' dir='ltr'><strong>lude</strong></span> <span class='ocrx_word' id='word_1_659' title='bbox 988 5663 1018 5702; x_wconf 89' lang='lat' dir='ltr'><strong>a</strong></span> <span class='ocrx_word' id='word_1_660' title='bbox 1066 5656 1218 5717; x_wconf 90' lang='lat' dir='ltr'><strong>parte</strong></span> <span class='ocrx_word' id='word_1_661' title='bbox 1273 5645 1692 5713; x_wconf 77' lang='lat' dir='ltr'><strong>Septentrionali</strong></span> <span class='ocrx_word' id='word_1_662' title='bbox 1744 5644 1811 5700; x_wconf 89' lang='lat' dir='ltr'><strong>ab</strong></span> <span class='ocrx_word' id='word_1_663' title='bbox 1864 5643 2111 5700; x_wconf 85' lang='lat' dir='ltr'><strong>Herculei</strong></span> 
     </span>
    </p>
   </div>
   <div class='ocr_carea' id='block_1_92' title="bbox 510 5736 2106 5827">
    <p class='ocr_par' dir='ltr' id='par_1_92' title="bbox 510 5736 2106 5827">
     <span class='ocr_line' id='line_1_92' title="bbox 510 5736 2106 5827; baseline -0.003 -28"><span class='ocrx_word' id='word_1_664' title='bbox 510 5743 638 5802; x_wconf 78' lang='lat' dir='ltr'><strong>freti</strong></span> <span class='ocrx_word' id='word_1_665' title='bbox 690 5742 846 5802; x_wconf 87' lang='lat' dir='ltr'><strong>ostiis</strong></span> <span class='ocrx_word' id='word_1_666' title='bbox 905 5742 972 5799; x_wconf 88' lang='lat' dir='ltr'><strong>ad</strong></span> <span class='ocrx_word' id='word_1_667' title='bbox 1019 5740 1271 5799; x_wconf 86' lang='lat' dir='ltr'><strong>Mercurii</strong></span> <span class='ocrx_word' id='word_1_668' title='bbox 1324 5738 1761 5796; x_wconf 87' lang='lat' dir='ltr'><strong>Promontorium</strong></span> <span class='ocrx_word' id='word_1_669' title='bbox 1806 5736 2106 5827; x_wconf 76' lang='lat' dir='ltr'><strong>secundum</strong></span> 
     </span>
    </p>
   </div>
   <div class='ocr_carea' id='block_1_93' title="bbox 2225 5086 3826 5157">
    <p class='ocr_par' dir='ltr' id='par_1_93' title="bbox 2225 5086 3826 5157">
     <span class='ocr_line' id='line_1_93' title="bbox 2225 5086 3826 5157; baseline 0.012 -20"><span class='ocrx_word' id='word_1_670' title='bbox 2225 5098 2417 5139; x_wconf 91' lang='lat' dir='ltr'><strong>norum</strong></span> <span class='ocrx_word' id='word_1_671' title='bbox 2445 5086 2534 5155; x_wconf 90' lang='lat' dir='ltr'><strong>qui</strong></span> <span class='ocrx_word' id='word_1_672' title='bbox 2585 5098 2862 5145; x_wconf 80' lang='lat' dir='ltr'><strong>extremus</strong></span> <span class='ocrx_word' id='word_1_673' title='bbox 2905 5102 2990 5146; x_wconf 89' lang='lat' dir='ltr'><strong>est</strong></span> <span class='ocrx_word' id='word_1_674' title='bbox 3023 5092 3222 5148; x_wconf 67' lang='lat' dir='ltr'><strong>Africae</strong></span> <span class='ocrx_word' id='word_1_675' title='bbox 3267 5095 3442 5152; x_wconf 89' lang='lat' dir='ltr'><strong>limes.</strong></span> <span class='ocrx_word' id='word_1_676' title='bbox 3494 5096 3580 5152; x_wconf 85' lang='lat' dir='ltr'><strong>Ab</strong></span> <span class='ocrx_word' id='word_1_677' title='bbox 3624 5100 3826 5157; x_wconf 82' lang='lat' dir='ltr'><strong>Austro</strong></span> 
     </span>
    </p>
   </div>
   <div class='ocr_carea' id='block_1_94' title="bbox 2221 5174 3825 5262">
    <p class='ocr_par' dir='ltr' id='par_1_94' title="bbox 2221 5174 3825 5262">
     <span class='ocr_line' id='line_1_94' title="bbox 2221 5174 3825 5262; baseline 0.011 -32"><span class='ocrx_word' id='word_1_678' title='bbox 2221 5174 2401 5233; x_wconf 79' lang='lat' dir='ltr'><strong>Africa</strong></span> <span class='ocrx_word' id='word_1_679' title='bbox 2427 5180 2702 5237; x_wconf 85' lang='lat' dir='ltr'><strong>montibus</strong></span> <span class='ocrx_word' id='word_1_680' title='bbox 2724 5190 2782 5237; x_wconf 93' lang='lat' dir='ltr'><strong>et</strong></span> <span class='ocrx_word' id='word_1_681' title='bbox 2817 5182 3066 5239; x_wconf 87' lang='lat' dir='ltr'><strong>interiori</strong></span> <span class='ocrx_word' id='word_1_682' title='bbox 3091 5184 3301 5255; x_wconf 85' lang='lat' dir='ltr'><strong>adjacet</strong></span> <span class='ocrx_word' id='word_1_683' title='bbox 3338 5186 3523 5260; x_wconf 73' lang='lat' dir='ltr'><strong>Libya:</strong></span> <span class='ocrx_word' id='word_1_684' title='bbox 3553 5230 3571 5255; x_wconf 90' lang='lat'><strong>,</strong></span> <span class='ocrx_word' id='word_1_685' title='bbox 3611 5205 3676 5247; x_wconf 87' lang='lat' dir='ltr'><strong>ac</strong></span> <span class='ocrx_word' id='word_1_686' title='bbox 3705 5191 3825 5262; x_wconf 86' lang='lat' dir='ltr'><strong>plus</strong></span> 
     </span>
    </p>
   </div>
   <div class='ocr_carea' id='block_1_95' title="bbox 2222 5270 3824 5346">
    <p class='ocr_par' dir='ltr' id='par_1_95' title="bbox 2222 5270 3824 5346">
     <span class='ocr_line' id='line_1_95' title="bbox 2222 5270 3824 5346; baseline 0.009 -22"><span class='ocrx_word' id='word_1_687' title='bbox 2222 5270 2305 5327; x_wconf 88' lang='lat' dir='ltr'><strong>vel</strong></span> <span class='ocrx_word' id='word_1_688' title='bbox 2334 5272 2513 5326; x_wconf 89' lang='lat' dir='ltr'><strong>minus</strong></span> <span class='ocrx_word' id='word_1_689' title='bbox 2545 5272 2652 5328; x_wconf 82' lang='lat' dir='ltr'><strong>late</strong></span> <span class='ocrx_word' id='word_1_690' title='bbox 2674 5281 2845 5344; x_wconf 90' lang='lat' dir='ltr'><strong>patet,</strong></span> <span class='ocrx_word' id='word_1_691' title='bbox 2875 5289 2985 5345; x_wconf 88' lang='lat' dir='ltr'><strong>quo</strong></span> <span class='ocrx_word' id='word_1_692' title='bbox 3013 5277 3180 5346; x_wconf 83' lang='lat' dir='ltr'><strong>magis</strong></span> <span class='ocrx_word' id='word_1_693' title='bbox 3224 5279 3308 5332; x_wconf 82' lang='lat' dir='ltr'><strong>vel</strong></span> <span class='ocrx_word' id='word_1_694' title='bbox 3345 5281 3524 5336; x_wconf 90' lang='lat' dir='ltr'><strong>minus</strong></span> <span class='ocrx_word' id='word_1_695' title='bbox 3569 5282 3625 5337; x_wconf 91' lang='lat' dir='ltr'><strong>in</strong></span> <span class='ocrx_word' id='word_1_696' title='bbox 3672 5298 3824 5340; x_wconf 83' lang='lat' dir='ltr'><strong>mare</strong></span> 
     </span>
    </p>
   </div>
   <div class='ocr_carea' id='block_1_96' title="bbox 2226 5365 3823 5446">
    <p class='ocr_par' dir='ltr' id='par_1_96' title="bbox 2226 5365 3823 5446">
     <span class='ocr_line' id='line_1_96' title="bbox 2226 5365 3823 5446; baseline 0.01 -29"><span class='ocrx_word' id='word_1_697' title='bbox 2226 5372 2385 5418; x_wconf 69' lang='lat' dir='ltr'><strong>terra:</strong></span> <span class='ocrx_word' id='word_1_698' title='bbox 2409 5367 2735 5434; x_wconf 87' lang='lat' dir='ltr'><strong>prominent.</strong></span> <span class='ocrx_word' id='word_1_699' title='bbox 2767 5365 2893 5421; x_wconf 73' lang='lat' dir='ltr'><strong>Hnrc</strong></span> <span class='ocrx_word' id='word_1_700' title='bbox 2920 5368 3102 5423; x_wconf 83' lang='lat' dir='ltr'><strong>omnia</strong></span> <span class='ocrx_word' id='word_1_701' title='bbox 3134 5369 3187 5422; x_wconf 90' lang='lat' dir='ltr'><strong>in</strong></span> <span class='ocrx_word' id='word_1_702' title='bbox 3218 5369 3418 5424; x_wconf 83' lang='lat' dir='ltr'><strong>Tabula</strong></span> <span class='ocrx_word' id='word_1_703' title='bbox 3443 5372 3823 5446; x_wconf 69' lang='lat' dir='ltr'><strong>Geographie:</strong></span> 
     </span>
    </p>
   </div>
   <div class='ocr_carea' id='block_1_97' title="bbox 2225 5455 2549 5512">
    <p class='ocr_par' dir='ltr' id='par_1_97' title="bbox 2225 5455 2549 5512">
     <span class='ocr_line' id='line_1_97' title="bbox 2225 5455 2549 5512; baseline 0.003 -4"><span class='ocrx_word' id='word_1_704' title='bbox 2225 5455 2409 5512; x_wconf 87' lang='lat' dir='ltr'><strong>videre</strong></span> <span class='ocrx_word' id='word_1_705' title='bbox 2446 5465 2549 5511; x_wconf 88' lang='lat' dir='ltr'><strong>est.</strong></span> 
     </span>
    </p>
   </div>
   <div class='ocr_carea' id='block_1_98' title="bbox 2299 5548 3826 5618">
    <p class='ocr_par' dir='ltr' id='par_1_98' title="bbox 2299 5548 3826 5618">
     <span class='ocr_line' id='line_1_98' title="bbox 2299 5548 3826 5618; baseline 0.009 -17"><span class='ocrx_word' id='word_1_706' title='bbox 2299 5548 2486 5618; x_wconf 68' lang='grc' dir='ltr'><strong>ΑῙήεω</strong></span> <span class='ocrx_word' id='word_1_707' title='bbox 2510 5548 2712 5602; x_wconf 84' lang='lat' dir='ltr'><strong>divisio.</strong></span> <span class='ocrx_word' id='word_1_708' title='bbox 2759 5578 2829 5589; x_wconf 89' lang='lat'><strong><em>—</em></strong></span> <span class='ocrx_word' id='word_1_709' title='bbox 2857 5548 3121 5606; x_wconf 87' lang='lat' dir='ltr'><strong>Dividitur</strong></span> <span class='ocrx_word' id='word_1_710' title='bbox 3149 5560 3329 5608; x_wconf 89' lang='lat' dir='ltr'><strong>autem</strong></span> <span class='ocrx_word' id='word_1_711' title='bbox 3355 5551 3539 5610; x_wconf 82' lang='lat' dir='ltr'><strong>Africa</strong></span> <span class='ocrx_word' id='word_1_712' title='bbox 3578 5571 3608 5609; x_wconf 89' lang='lat' dir='ltr'><strong>a</strong></span> <span class='ocrx_word' id='word_1_713' title='bbox 3643 5556 3826 5614; x_wconf 85' lang='lat' dir='ltr'><strong>Plinio</strong></span> 
     </span>
    </p>
   </div>
   <div class='ocr_carea' id='block_1_99' title="bbox 2220 5641 3823 5725">
    <p class='ocr_par' dir='ltr' id='par_1_99' title="bbox 2220 5641 3823 5722">
     <span class='ocr_line' id='line_1_99' title="bbox 2220 5641 3823 5722; baseline 0.006 -25"><span class='ocrx_word' id='word_1_714' title='bbox 2220 5641 2272 5697; x_wconf 92' lang='lat' dir='ltr'><strong>iu</strong></span> <span class='ocrx_word' id='word_1_715' title='bbox 2306 5643 2653 5698; x_wconf 85' lang='lat' dir='ltr'><strong>Mauritanias</strong></span> <span class='ocrx_word' id='word_1_716' title='bbox 2691 5644 2826 5699; x_wconf 89' lang='lat' dir='ltr'><strong>duas</strong></span> <span class='ocrx_word' id='word_1_717' title='bbox 2868 5643 3263 5715; x_wconf 76' lang='lat' dir='ltr'><strong>(Tingitanum,</strong></span> <span class='ocrx_word' id='word_1_718' title='bbox 3314 5659 3371 5703; x_wconf 86' lang='lat' dir='ltr'><strong>et</strong></span> <span class='ocrx_word' id='word_1_719' title='bbox 3398 5645 3823 5722; x_wconf 61' lang='lat' dir='ltr'><strong>Ca&#39;sarienscm)</strong></span> 
     </span>
    </p>
   </div>
   <div class='ocr_carea' id='block_1_100' title="bbox 2220 5735 3825 5815">
    <p class='ocr_par' dir='ltr' id='par_1_100' title="bbox 2220 5735 3825 5815">
     <span class='ocr_line' id='line_1_100' title="bbox 2220 5735 3825 5815; baseline 0.003 -24"><span class='ocrx_word' id='word_1_720' title='bbox 2220 5735 2526 5791; x_wconf 74' lang='lat' dir='ltr'><strong>Numidiam</strong></span> <span class='ocrx_word' id='word_1_721' title='bbox 2558 5747 2611 5793; x_wconf 87' lang='lat' dir='ltr'><strong>ct</strong></span> <span class='ocrx_word' id='word_1_722' title='bbox 2636 5735 2983 5808; x_wconf 75' lang='lat' dir='ltr'><strong>Zeugitattatu</strong></span> <span class='ocrx_word' id='word_1_723' title='bbox 3012 5752 3133 5807; x_wconf 71' lang='lat' dir='ltr'><strong>qua:</strong></span> <span class='ocrx_word' id='word_1_724' title='bbox 3158 5738 3343 5797; x_wconf 79' lang='lat' dir='ltr'><strong>Africa</strong></span> <span class='ocrx_word' id='word_1_725' title='bbox 3376 5743 3590 5813; x_wconf 79' lang='lat' dir='ltr'><strong>proprie</strong></span> <span class='ocrx_word' id='word_1_726' title='bbox 3615 5743 3825 5815; x_wconf 69' lang='lat' dir='ltr'><strong>dicitur</strong></span> 
     </span>
    </p>
   </div>
  </div>
