4206 6170
442 241 553 300 διεδ
1570 234 1619 290 G
1632 230 2039 289 EOGRAPHIA
2082 231 2318 289 SACRA
2367 232 2693 291 AFRICE.
3781 281 3889 341 826

444 374 511 415 ac
538 360 591 416 in
630 358 760 467 duas
794 357 1134 467 distribuitur
1164 401 1180 426 ,
1214 373 1450 467 quarum
1503 352 1860 467 liuidiffilur
1882 353 2063 467 Pili“
2097 359 2150 414 Α
2179 368 2309 422 qu“!
2333 353 2680 462 deinceps}
2718 354 3011 467 Numidia
3058 376 3252 437 avulsa
3283 390 3618 455 provinciam
3649 401 3882 467 peculia-

442 467 577 547 eena
606 494 621 520 ,
652 452 809 508 altera
850 452 1204 522 Tripolitana.
1259 451 1320 507 In
1369 448 1553 506 veteri
1606 446 1817 547 Notitia
1871 443 2073 547 africa:
2182 457 2309 499 rem
2363 449 2672 547 constituit
2695 493 2732 547 Δ,
2794 452 3047 520 alteram
3093 466 3261 530 fuisse
3287 443 3339 533 ’θ

441 543 736 602 Constantii
765 544 1102 638 imperatoris
1130 587 1144 609 ,
1182 552 1245 599 ut
1264 544 1469 600 ferunt.
1497 537 1858 638 temporibus
1889 536 2029 591 facta
2057 577 2077 638 ἶ
2182 541 2642 638 censeantlsw
2695 543 2776 597 in
2809 554 3060 611 concilio
3101 536 3515 638 Carthaginensi

444 639 528 694 sic
578 632 895 691 describitur
934 645 987 691 et
1028 635 1297 691 dividitur
1350 636 1575 691 Africa:
1644 629 1955 700 Vergentem
2005 628 2077 683 ad
2183 625 2435 723 diserte
2486 632 2944 709 distinguuntur
2980 619 3855 723 Numidia:ﬁguleV-a'Ma'uritanii;

442 730 618 784 Austri
648 737 831 783 terram
860 728 1080 783 invenies
1116 741 1314 784 terram
1356 724 1768 788 Mauritaniam,
1799 724 1951 791 cujus
1982 723 2077 776 Ito-
2182 717 2474 777 Sitifensi
2499 735 2552 781 et
2574 725 2952 793 Caesariensi.

442 821 608 875 ptines
641 820 841 875 barbari
872 829 1118 892 quantum
1154 822 1228 876 ad
1273 822 1435 876 vitam
1459 829 1513 874 et
1564 831 1736 869 mores
1772 857 1789 882 ,
1826 815 2083 869 Romanis
2207 838 2212 842 ~
2269 808 2459 908 Circa
2489 829 2735 891 tempora
2767 823 3059 890 Theodosii
3087 838 3418 908 imperatoris
3445 845 3622 901 Africa
3653 848 3704 901 in
3732 862 3830 903 εει

445 925 610 971 tamen
643 911 1193 969 subditi.....’Ea:inde
1236 923 1358 987 post
1388 908 1780 967 Mauritaniam
1819 906 2085 961 Numidia
2187 911 2286 957 est
2314 901 2506 966 divisa
2538 915 2881 985 provincias,
2916 938 3036 991 qu:e
3057 942 3086 979 a
3116 901 3279 983 sexto
3302 932 3441 987 Rufo
3465 974 3479 997 ,
3507 944 3559 989 et
3593 936 3645 989 in
3672 901 3822 990 Noti;

445 1005 800 1078 provincia....
852 1004 1095 1060 Proxima
1122 1007 1246 1060 huic
1282 1004 1572 1075 provincia;-
1603 1001 1807 1072 Africa:
1842 1000 1987 1071 regio
2030 1000 2085 1054 in
2190 997 2270 1053 tia
2307 997 2531 1073 imperii
2557 1021 2973 1080 enumerantur,
2998 1027 3228 1087 suntque
3255 1020 3434 1076 Africa
3456 1026 3640 1078 stricte
3654 1041 3810 1080 sum-

445 1102 675 1158 onntilnts
696 1101 837 1156 dives
857 1101 1095 1155 occurrit.
1146 1099 1311 1171 Apud
1334 1098 1704 1155 Ptolemaeum
1733 1110 1802 1151 ac
1844 1095 2085 1166 Pompo-
2186 1099 2304 1164 pta.
2340 1096 2464 1152 sive
2510 1103 2931 1168 proconsularis
2958 1110 3271 1175 provincia,
3316 1112 3563 1167 Numidia
3586 1154 3600 1176 ,
3633 1115 3801 1184 Byza-

443 1196 595 1252 niutn
622 1193 812 1251 Metam
844 1192 1019 1249 Africa
1046 1207 1268 1263 quoque
1319 1191 1593 1249 dividitur
1618 1188 1672 1242 in
1717 1196 1833 1245 tres
1866 1199 2079 1245 tantum
2183 1186 2356 1253 cium,
2389 1188 2642 1261 Tripolis,
2676 1193 2993 1266 Mauritania
3027 1196 3300 1254 Sitifensis
3332 1243 3347 1266 ,
3381 1213 3434 1256 et
3478 1202 3794 1257 Mauritania

451 1299 653 1363 partes,
700 1288 1098 1354 Mauritaniam,
1145 1287 1458 1343 Numidiam
1501 1292 1567 1340 et
1596 1282 1841 1340 Africam
1882 1286 2077 1342 stricte
2179 1278 2559 1340 Caesariensis.
2595 1264 2884 1358 Tingitana
2916 1305 3043 1345 vero
3071 1291 3140 1345 ab
3165 1264 3346 1348 Africa
3383 1295 3568 1349 avulsa
3599 1294 3793 1364 Hispa-

446 1392 715 1453 sumptam
750 1423 766 1448 ,
792 1381 889 1437 sub
940 1396 1045 1452 qua
1098 1378 1658 1452 comprehenduntur
1702 1378 1984 1451 Byzacena
2017 1387 2073 1434 et

444 1474 782 1547 Tripolitana
795 1516 808 1531 .

523 1568 651 1624 llaec
674 1583 888 1640 quoque
922 1568 1022 1624 fuit
1068 1566 1448 1638 antiquissima
1496 1565 1771 1621 Ecclesia:
1798 1565 2068 1623 Africana:

448 1663 668 1728 divisio,
704 1673 761 1718 ut
790 1664 940 1719 testis
964 1670 1048 1718 est
1093 1661 1248 1717 omni
1279 1659 1607 1729 exceptione
1655 1660 1834 1729 major
1863 1661 1923 1715 D.
1952 1659 2064 1732 Cy-

2178 1378 2283 1433 niae
2311 1379 2570 1435 attributa
2605 1391 2708 1436 est.
2738 1384 2990 1438 Eamdem
3031 1384 3352 1441 divisionem
3383 1387 3784 1456 provinciarum

2171 1476 2229 1524 et
2259 1468 2487 1525 formam
2514 1471 2687 1527 indttit
2719 1474 3092 1529 Ecclesiastica
3138 1477 3369 1533 πολιτεία
3394 1518 3411 1542 ,
3441 1487 3500 1532 ut
3529 1492 3596 1532 ex
3648 1492 3783 1532 con-

2171 1562 2311 1617 ciliis
2331 1578 2397 1619 ex
2427 1565 2696 1620 universis
2738 1565 2935 1622 Africae
2968 1568 3265 1635 provinciis
3308 1569 3650 1641 congregatis
3686 1585 3784 1623 no-

2172 1663 2283 1707 tum
2317 1665 2418 1716 est.
2452 1655 2504 1709 in
2534 1657 2735 1724 quibus
2760 1673 2854 1713 sex
2881 1658 2987 1713 illas
3024 1659 3319 1725 provincias
3364 1669 3776 1717 enumerantur.

447 1759 674 1831 primus
693 1758 748 1812 in
788 1757 1015 1827 epistola
1044 1756 1176 1812 edit,
1220 1754 1401 1810 Oxon,
1430 1754 1500 1809 ιε
1531 1795 1547 1819 ,
1577 1752 1644 1807 ad
1694 1755 2010 1809 Cornelium
2043 1794 2057 1816 ,
2094 1770 2138 1830 Β
2166 1746 2305 1803 Stlttt
2326 1751 2413 1819 qui
2436 1748 2750 1805 Sitifensem
2777 1752 3112 1821 provinciam
3141 1754 3458 1811 existiment
3501 1771 3609 1810 non
3651 1763 3779 1816 ante

452 1850 547 1905 ubi
590 1848 792 1904 limites
819 1858 875 1904 et
905 1859 1082 1919 partes
1112 1846 1388 1903 Africanae
1424 1845 1683 1900 Ecclesiae
1733 1847 1811 1900 sic
1850 1846 2060 1901 de~cri~

451 1941 572 1997 bit:
596 1940 703 1997 Sed
726 1941 969 2011 quoniam
993 1941 1148 1995 latius
1176 1940 1297 2007 fusa
1328 1947 1400 1991 est
1429 1946 1605 1991 nostra
1638 1939 1902 2005 provincia
1925 1954 1944 1992 :
1966 1939 2061 1991 Ita-

447 2033 528 2088 bet
550 2033 689 2088 enim
733 2030 1037 2086 Numidiam
1082 2041 1132 2085 et
1174 2029 1527 2085 Mauritanius
1556 2028 1689 2083 duas
1722 2031 2054 2085 coherentes.

448 2124 507 2180 ln
529 2124 771 2181 concilio
798 2123 1218 2193 Carthaginensi
1254 2123 1323 2177 de
1347 2120 1634 2176 iteratione
1677 2121 1926 2192 baptismi
1956 2124 2058 2179 sub

448 2218 646 2274 eodem
671 2217 944 2290 Cypriano
968 2217 1170 2281 habito,
1196 2233 1311 2270 cum
1339 2217 1392 2269 in
1427 2232 1587 2269 unum
1613 2215 1914 2287 Carthagini
1930 2234 2057 2272 con-

450 2312 706 2366 venissent
728 2308 840 2382 24
861 2309 1102 2381 Episcopi
1122 2309 1338 2376 plurimi
1358 2325 1419 2362 ea:
1437 2307 1697 2373 provincia
1720 2310 1912 2378 Africa,
1943 2309 2059 2363 Nn-

451 2403 636 2467 midia,
668 2402 991 2457 Mauritania
1010 2418 1029 2455 :
1063 2401 1258 2473 quibus
1277 2399 1616 2468 constatjam
1650 2411 1759 2455 tttm
1787 2401 2056 2472 Ecclesias

454 2497 679 2552 istarum
739 2495 1135 2565 provinciarum
1202 2510 1368 2549 unutn
1423 2508 1621 2563 corpus
1688 2493 2052 2551 Ecclesiarum

451 2587 804 2643 constituisse
827 2597 879 2643 et
914 2587 968 2641 in
1012 2598 1247 2658 quatuor
1304 2585 1607 2656 provincias
1648 2585 2057 2642 Ecclesiasticas

454 2678 620 2735 fuisse
648 2688 764 2735 tum
787 2678 1009 2734 divisas.

524 2772 672 2827 Nihil
707 2780 803 2827 aut
846 2787 1035 2842 parum
1076 2771 1293 2828 videtur
1333 2770 1670 2827 Constantini
1714 2769 2057 2841 imperatoris

455 2861 793 2933 temporibus
825 2862 875 2916 in
899 2876 961 2916 ea
992 2861 1259 2916 divisione
1291 2861 1486 2916 Africa:
1517 2862 1897 2926 immutatum;
1928 2877 2052 2916 nam

456 2953 503 3009 is
531 2954 582 3008 in
609 2953 847 3024 epistola
879 2953 944 3008 ad
974 2951 1324 3008 Caecilianum
1370 2952 1886 3023 Cattltagineusem,
1931 2967 2054 3024 qua:

453 3047 687 3101 refertur
716 3045 787 3100 ab
820 3044 1055 3099 Eusebio
1100 3045 1136 3099 Ι.
1175 3062 1206 3099 x
1238 3045 1374 3100 Hist.
1427 3044 1600 3107 Eccl.,
1631 3059 1680 3098 c.
1716 3045 1749 3100 6
1775 3087 1789 3109 ,
1820 3054 2054 3116 quatuor

2164 1858 2364 1897 annum
2417 1844 2540 1911 M9,
2587 1845 2727 1899 inter
2757 1846 3168 1902 Ecclesiasticas
3220 1847 3419 1904 Africa
3471 1848 3779 1918 provincias

2164 1935 2342 1990 locum
2388 1936 2714 2005 peculiarem
2746 1937 3048 1991 obtinuisse
3077 1945 3134 1992 et
3154 1937 3449 1995 Primatem
3479 1938 3738 1994 habuisse
3758 1977 3774 2001 ,

2164 2027 2327 2098 idque
2370 2043 2436 2082 ex
2488 2043 2699 2083 canone
2738 2030 2802 2084 l7
2852 2029 3072 2093 concilii
3122 2028 3574 2102 Carthaginensis
3618 2028 3777 2099 hujus

2162 2120 2309 2175 anni.
2344 2118 2452 2175 Sed
2481 2119 2532 2173 hi
2564 2119 2764 2189 oppido
2807 2120 3088 2176 falluntur.
3129 2120 3263 2175 Nam
3297 2122 3352 2177 in
3374 2119 3610 2177 concilio
3638 2117 3774 2175 Car-

2163 2213 2465 2282 thaginiensi
2494 2214 2618 2267 anni
2663 2214 2769 2270 397
2798 2255 2812 2280 ,
2860 2214 3019 2285 legati
3074 2213 3412 2271 Mauritania:
3462 2213 3771 2280 Sitifensis,

2161 2308 2457 2378 provinciae
2502 2323 2614 2362 suae
2661 2310 2879 2363 nomine
2943 2308 3201 2378 leguntur
3248 2307 3631 2380 Carthaginem
3675 2323 3774 2363 ve-

2159 2401 2307 2454 nisse
2357 2399 2421 2454 ad
2475 2400 2765 2455 concilium
2810 2408 2865 2452 et
2916 2401 3098 2453 omnia
3152 2402 3428 2469 postulata
3474 2400 3770 2456 detulisse:

2159 2491 2302 2560 quod
2333 2492 2464 2545 solis
2513 2494 2806 2560 provinciis
2851 2505 2970 2560 qna:
3018 2492 3227 2560 primas
3270 2492 3430 2548 sedes
3489 2491 3764 2547 habebant

2158 2583 2375 2647 licebat,
2410 2594 2466 2637 ut
2486 2593 2783 2638 constatex
2815 2598 3025 2637 canone
3056 2584 3124 2638 l8
3154 2582 3294 2640 Cod.
3330 2584 3499 2640 Afric.
3546 2583 3605 2639 lu
3651 2584 3770 2654 cpi-

2156 2677 2295 2734 stola
2323 2677 2604 2749 Augustini
2646 2678 2710 2731 ad
2756 2677 3093 2733 Victorinum
3120 2720 3135 2743 ,
3166 2694 3290 2748 quae
3318 2686 3460 2734 nunc
3497 2676 3589 2744 59,
3628 2692 3773 2733 anno

2155 2768 2260 2826 ιω
2315 2770 2536 2840 scripta,
2561 2771 2763 2825 diserte
2807 2770 3039 2825 habetur
3089 2787 3198 2825 non
3255 2779 3464 2827 tantum
3491 2772 3627 2826 duas
3648 2786 3773 2827 esse

2159 2862 2527 2927 Mauritanias,
2557 2863 2651 2917 sed
2675 2872 2960 2930 utramque
2991 2877 3151 2916 suum
3196 2861 3399 2919 habere
3432 2863 3724 2918 Primatem
3753 2880 3768 2917 :

2157 2956 2304 3028 Legi,
2330 2957 2520 3027 inquit,
2544 2957 2599 3011 in
2623 2958 2801 3011 eadem
2827 2956 3128 3010 tractatoria
3150 2957 3306 3010 etiam
3335 2957 3403 3009 ad
3431 2955 3773 3011 Mauritanias

2156 3066 2264 3105 esse
2288 3051 2556 3118 scriptum,
2586 3065 2714 3119 quas
2737 3048 3031 3115 provincias
3054 3049 3250 3103 scimus
3270 3048 3462 3102 habere
3488 3046 3765 3103 Primam.

453 3137 584 3192 item
615 3136 920 3205 provincias
952 3134 1150 3190 Africa:
1184 3145 1470 3191 enumerat
1513 3136 1595 3190 his
1620 3137 1828 3191 verbis:
1877 3138 2055 3204 Quan-
2081 3159 2124 3219 ρ
2157 3142 2315 3197 Anno
2336 3140 2443 3197 409.
2483 3141 2722 3196 Nicetius
2742 3140 3040 3207 Sitifensis,
3070 3142 3162 3210 qui
3189 3142 3424 3195 concilio
3456 3142 3770 3197 Milevitano

453 3228 726 3298 doquidem
756 3228 947 3297 placuit
972 3228 1116 3281 nobis
1143 3239 1198 3281 ut
1225 3245 1315 3299 per
1340 3244 1514 3282 omnes
1534 3229 1821 3296 provincias
1843 3230 2048 3298 Africis,

455 3318 742 3384 Numidiae,
774 3328 821 3373 et
849 3319 1113 3383 utrins«,-ue
1136 3318 1488 3374 Mauritaniae.
1522 3319 1881 3375 Nihilominus
1911 3321 2051 3375 idem

452 3412 508 3469 in
531 3412 758 3481 epistola
782 3411 848 3466 ad
872 3410 1007 3465 Abla
1020 3412 1164 3465 vium
1200 3412 1269 3466 de
1305 3410 1608 3468 Arelatensi
1638 3411 1899 3478 concilio,
1931 3410 2051 3467 Tri-

455 3505 746 3575 politanam
777 3503 929 3559 addit
954 3502 1309 3573 provinciam,
1338 3514 1394 3559 et
1413 3503 1691 3559 Nnmidias
1732 3504 1922 3574 plurali
1954 3521 2053 3559 nu-

452 3614 604 3655 mero
630 3598 899 3661 enuntiat,
934 3597 1160 3652 Ablavio
1190 3597 1477 3669 injnngens
1495 3608 1550 3651 ut
1579 3595 1907 3652 Caecilianum
1933 3614 2051 3652 cum

450 3691 704 3760 aliquibus
719 3705 782 3743 ex
804 3689 885 3744 his
909 3705 1038 3758 quas
1060 3688 1172 3759 ipse
1186 3689 1454 3762 delegerit,
1487 3689 1638 3744 sedet
1660 3690 1723 3742 de
1746 3688 2047 3762 Byzacium,

453 3782 828 3852 Tripolitanae.
875 3781 1245 3836 Numidiarum
1291 3794 1337 3836 et
1382 3782 1817 3836 Mauritaniarum
1847 3783 2050 3852 provin-

449 3875 545 3931 ciis
569 3876 799 3946 singulos
832 3891 1060 3945 quosque
1088 3891 1203 3927 cum
1233 3876 1490 3945 aliquibus
1521 3892 1584 3929 ea:
1607 3876 1717 3929 suis
1741 3891 1867 3946 quos
1898 3886 2049 3944 puta-

448 3971 611 4023 ver-nt
632 3968 893 4041 eligendos
939 3967 1197 4022 Arelatem
1240 3970 1430 4023 mittat.
1460 3967 1895 4037 lbiTripolitana
1936 3978 2050 4023 sta-

447 4061 524 4116 tui
547 4061 759 4116 videtur
779 4068 1055 4131 tamquam
1100 4059 1297 4115 Africa:
1321 4062 1593 4132 provincia
1621 4076 1648 4113 a
1678 4072 1910 4132 quatuor
1929 4061 2046 4117 aliis

438 4153 553 4224 jam
583 4163 692 4209 tum
715 4153 987 4208 distincta.
1038 4152 1190 4208 Licet
1242 4156 1420 4209 autem
1450 4152 1821 4209 Numitliarum
1876 4154 1962 4208 hic
1990 4162 2047 4209 et

445 4246 572 4301 alibi
604 4246 656 4301 in
705 4246 897 4316 plurali
950 4246 1043 4300 liat
1071 4246 1273 4301 mentio
1309 4287 1326 4314 ,
1378 4262 1483 4301 non
1540 4257 1818 4316 pr0pterea
1867 4257 2042 4301 tamen

445 4339 864 4395 existimandum
893 4347 978 4393 est
1016 4339 1152 4395 duas
1182 4338 1348 4394 fuisse
1399 4339 1703 4409 provincias
1730 4338 1992 4394 Numidiae
2025 4382 2041 4406 ,

443 4446 541 4488 seu
565 4434 775 4500 civiles,
803 4447 900 4488 seu
926 4432 1348 4489 Ecclesiasticas.
1383 4433 1516 4488 Nam
1547 4449 1579 4488 e
1604 4435 1815 4489 duabus
1858 4432 2043 4489 Numi-

2158 3233 2419 3300 interfuit,
2452 3243 2678 3289 vocatur
2705 3234 3010 3301 Episcopus
3042 3233 3235 3301 prima:
3263 3233 3411 3288 sedis
3433 3235 3767 3289 Mauritania:

2157 3326 2449 3383 Sitifensis.
2503 3326 2662 3381 Anno
2705 3325 2812 3381 405
2842 3366 2857 3390 ,
2895 3324 3168 3379 anianns
3197 3334 3255 3379 ct
3293 3325 3594 3380 Macrianus
3639 3326 3769 3382 Sitiv

2155 3419 2324 3474 fensis
2375 3418 2668 3488 provincia:
2713 3416 2994 3487 Episcopi.
3041 3418 3315 3487 legatione
3368 3417 3663 3487 funguntur
3708 3419 3761 3474 in

2153 3508 2388 3565 concilio
2434 3507 2873 3580 Carthagineusi.
2906 3511 3063 3562 Auno
3094 3508 3194 3563 $07
3227 3547 3240 3573 ,
3297 3510 3590 3579 separatim
3632 3527 3768 3566 cnu-

2152 3612 2432 3659 merantur
2463 3602 2753 3659 Sitifenses
2782 3602 3027 3672 episcopi
3059 3610 3117 3656 ut
3151 3603 3444 3668 provincias
3473 3619 3502 3657 a
3549 3605 3764 3660 caeteris

2153 3692 2403 3752 diversae.
2428 3694 2588 3751 Anno
2609 3697 2741 3759 All,
2768 3696 2820 3749 in
2852 3695 3144 3750 collatione
3175 3692 3583 3766 Carthaginensi
3612 3710 3763 3750 seor-

2151 3788 2251 3842 sim
2279 3797 2669 3843 enumerantur
2715 3802 2811 3841 sex
2845 3786 3138 3855 provincia:
3170 3828 3185 3851 ,
3238 3796 3292 3840 et
3324 3786 3468 3843 inter
3496 3801 3589 3842 eas
3633 3786 3762 3843 Siti-
3808 3768 3820 3782 ’

2151 3877 2348 3933 fensis:
2394 3876 2597 3933 Prmto
2647 3886 2765 3933 sunt
2796 3877 3021 3931 universi
3066 3877 3129 3932 de
3152 3876 3389 3932 omnibus
3413 3878 3608 3932 scilicet
3638 3894 3759 3947 pro-

2148 3971 2327 4025 vinciis
2356 3969 2641 4039 Africanis,
2666 3971 2722 4025 id
2742 3980 2836 4031 est,
2869 3970 2941 4023 de.
2962 3971 3224 4039 provincia
3258 3969 3661 4038 Proconsulari,
3693 3972 3758 4025 de

2148 4064 2412 4133 provincia
2434 4061 2741 4132 Byzacensi,
2778 4064 2841 4115 de
2873 4060 3144 4128 Numidia,
3177 4063 3239 4115 de
3270 4061 3603 4117 Mauritaniis
3625 4062 3753 4118 Siti-

2148 4159 2279 4227 fensi
2323 4166 2368 4210 et
2415 4153 2723 4212 Caesariensi
2769 4166 2813 4209 et
2860 4156 2924 4209 de
2972 4154 3289 4224 'l'ripolitana
3340 4156 3621 4220 provincia.
3682 4154 3750 4208 Et

2146 4263 2265 4317 cap.
2296 4249 2365 4301 72
2408 4249 2533 4303 coll.
2563 4248 2820 4315 Carthag.
2873 4248 2977 4301 dici
3012 4262 3027 4300 ι
3058 4265 3068 4298 :
3105 4248 3165 4300 Si
3208 4247 3272 4300 de
3299 4262 3511 4300 numero
3544 4246 3748 4300 dubita-

2146 4353 2250 4403 tur,
2283 4352 2403 4395 eant
2432 4341 2777 4409 provinciales
2804 4343 2871 4391 ad
2906 4339 3120 4392 Mauros
3143 4380 3156 4400 ,
3186 4350 3301 4391 eant
3330 4339 3398 4391 ad
3451 4338 3705 4393 Numidas
3728 4380 3745 4396 .

2144 4443 2264 4487 eant
2284 4434 2353 4486 ad
2378 4431 2675 4503 Byzucenos
2695 4473 2711 4498 ,
2745 4443 2867 4487 eant
2886 4448 3086 4500 quoque
3130 4434 3199 4484 ad
3226 4430 3601 4501 Tripolitanos,
3632 4443 3751 4486 eant
3787 4418 3797 4437 ’

445 4526 550 4582 diis
576 4543 679 4583 una
706 4542 924 4598 semper
943 4528 1139 4583 coaluit
1161 4527 1456 4599 provincia,
1482 4542 1600 4598 quae
1623 4542 1780 4581 unam
1807 4534 2040 4581 tantum-
2068 4544 2120 4604 ι)
2144 4528 2212 4582 ad
2242 4525 2531 4581 Provinciae
2552 4524 2967 4603 Proconmlaris.
2992 4523 3150 4578 Anno
3173 4524 3303 4589 iis,
3339 4524 3498 4595 legati
3536 4524 3750 4594 eligun-

444 4618 605 4672 modo
630 4618 967 4688 Metmpolim
995 4621 1181 4674 urbem
1232 4631 1286 4675 et
1316 4635 1478 4674 unum
1542 4618 1831 4673 Primatem
1876 4619 2038 4674 habe-

445 4712 559 4773 bat.
585 4721 642 4766 ut
671 4722 888 4767 constat
916 4727 983 4768 ex
1028 4713 1262 4768 concilio
1291 4714 1600 4770 Milevitana
1650 4714 1776 4768 anni
1800 4714 1906 4769 402
1933 4756 1948 4780 ,
1982 4714 2036 4769 in

443 4817 555 4873 quo
578 4804 830 4857 statuitur
857 4812 917 4857 ut
954 4803 1201 4859 Archivus
1248 4803 1515 4861 Numidica
1563 4815 1612 4860 et
1650 4805 1792 4876 apud
1817 4808 2037 4878 primam

442 4898 614 4952 sedem
652 4898 716 4952 sit
744 4907 793 4952 et
813 4899 867 4952 in
897 4896 1172 4968 Metropoli
1199 4941 1215 4965 ,
1246 4899 1303 4952 id
1327 4908 1403 4953 est
1431 4939 1447 4961 ,
1479 4897 1838 4954 Constantina.
1898 4899 2038 4956 Ecce

442 5006 608 5047 unam
654 4992 989 5063 Metropolim
1019 5001 1073 5046 et
1103 5009 1266 5047 unum
1320 4992 1610 5047 Primatem
1657 4994 1821 5048 t0tius
1848 4992 2037 5048 Numi-

441 5084 569 5139 dia'.
605 5082 670 5138 Et
699 5099 766 5139 ne
791 5085 912 5155 quis
958 5078 1100 5139 dicat
1125 5083 1195 5139 de
1224 5099 1327 5138 una
1384 5094 1588 5139 tantum
1639 5083 1890 5140 Numidia
1948 5084 2037 5141 hic

442 5178 529 5248 agi
556 5196 571 5229 :
603 5179 653 5232 in
682 5177 918 5233 concilio
941 5177 1349 5249 Carthagineusi
1380 5179 1505 5233 anni
1535 5178 1679 5233 597:
1724 5175 2039 5235 Crescentia-

439 5291 540 5331 nus
567 5275 766 5331 dicitur
791 5275 971 5345 prima
997 5274 1130 5328 sedis
1178 5271 1549 5327 Numidiarum
1610 5270 1933 5341 Episcopus:
1982 5275 2035 5329 in

437 5366 633 5424 Graeco
662 5371 872 5442 πρώτης
897 5365 1144 5444 καθέδρας
1166 5374 1267 5423 τῶν
1288 5364 1381 5421 δύο
1405 5363 1707 5437 Νουμιδιῶν.
1738 5364 1798 5418 8.
1827 5363 2037 5436 Augus-

440 5463 589 5517 tinus
614 5477 702 5529 ep.
736 5476 823 5514 le
877 5459 944 5514 ad
979 5459 1308 5515 Victorinum
1362 5473 1528 5529 agens
1571 5459 1640 5513 de
1685 5461 2032 5514 contentione

436 5570 561 5625 qua:
586 5560 705 5607 erat
728 5551 866 5604 inter
884 5551 1022 5605 duos
1045 5550 1330 5621 episcopos
1354 5552 1497 5606 circa
1527 5549 1818 5606 Primatum
1846 5548 2033 5604 Numi-

436 5646 566 5708 ἀίω,
596 5656 787 5697 omnes
831 5642 1110 5711 episcopos
1162 5641 1426 5697 Numidiae
1477 5642 1566 5696 uni
1620 5643 1860 5712 paruisse
1916 5640 2032 5695 Pri-

436 5735 573 5791 mali
601 5732 876 5807 supponit.
928 5732 1066 5792 Sunt
1098 5734 1189 5803 qui
1239 5732 1552 5790 Sitifensem
1603 5733 1977 5789 Mauritaniam
2009 5770 2027 5800 ,

2144 4630 2231 4677 tur
2255 4636 2319 4677 ex
2354 4620 2452 4675 hac
2473 4619 2745 4689 provincia
2776 4620 2863 4687 qni
2887 4616 3201 4687 Carthagini
3227 4617 3606 4672 demorentur.
3634 4615 3745 4670 De-

2142 4730 2288 4769 mnm
2314 4716 2465 4771 initio
2490 4714 2707 4770 concilii
2750 4713 2875 4767 anni
2908 4711 3034 4776 H9,
3071 4713 3228 4779 legati
3279 4708 3618 4765 Sitifensinm
3649 4724 3747 4765 no.

2141 4808 2285 4864 mine
2314 4818 2608 4878 prtesentes
2635 4807 2835 4863 adsunt
2882 4805 3111 4861 concilio
3140 4814 3429 4876 antequam
3458 4819 3633 4859 canon
3670 4804 3736 4860 i7

2140 4899 2331 4957 fuisset
2358 4910 2634 4957 exnratus.
2681 4900 2820 4955 Nihil
2853 4914 2982 4969 ergo
3013 4898 3296 4952 absurdius
3334 4911 3494 4966 quam
3528 4898 3736 4967 ﬁngere

2140 5003 2252 5048 tum
2277 4997 2505 5064 primum
2538 4996 2592 5049 in
2622 5000 2723 5048 hoc
2751 4995 2980 5049 concilio
3007 4992 3379 5047 Mauritaniam
3404 4990 3739 5060 Sitifensem,

2141 5088 2411 5147 diversam
2467 5103 2497 5141 a
2540 5086 2865 5143 Caesariensi
2918 5086 3249 5157 provinciam
3302 5085 3735 5143 Ecclesiasticam

2140 5182 2510 5238 constituisse.
2541 5181 2694 5249 Quod
2727 5188 2936 5250 spectat
2964 5179 3029 5234 ad
3076 5195 3336 5237 canonem
3364 5181 3450 5247 li,
3497 5180 3741 5236 conciliis

2136 5273 2582 5344 Carthagitteusis
2614 5276 2738 5329 anui
2767 5273 2895 5339 M9,
2941 5275 2991 5327 itt
3020 5274 3206 5329 codice
3235 5290 3500 5331 canonum
3552 5274 3741 5329 Eccle-

2139 5366 2236 5422 siae
2258 5365 2527 5422 Africana:
2558 5369 2638 5421 sic
2667 5365 2925 5422 habetur:
2972 5365 3179 5421 Plautii
3214 5378 3269 5421 nt
3306 5367 3623 5421 Mauritania
3653 5366 3742 5420 Si-

2138 5459 2360 5530 tifensis,
2390 5468 2446 5514 ut
2476 5460 2779 5529 postulavit,
2821 5458 3102 5513 Primatem
3123 5459 3399 5528 provincia:
3427 5456 3690 5510 Numidia:
3722 5498 3736 5521 ,

2138 5567 2202 5606 ea:
2228 5554 2375 5624 cujus
2405 5563 2536 5607 ctztu
2578 5564 2877 5622 separatur,
2908 5560 2966 5604 ut
2990 5567 3139 5603 suum
3182 5548 3362 5602 habeat
3411 5546 3689 5599 Primutem
3718 5564 3737 5600 .°

2135 5659 2285 5713 quem
2309 5643 2739 5699 consentientibus
2770 5643 3003 5698 omnibus
3028 5640 3332 5711 primatibus
3354 5639 3738 5707 provinciarum

2136 5735 2538 5806 Africanarum,
2568 5746 2615 5790 et
2645 5736 2879 5790 ontuibtts
2929 5732 3190 5799 episcopis
3217 5768 3234 5796 ,
3287 5738 3497 5797 propter
3523 5729 3729 5799 (origin.
