4206 6170
499 291 602 347 827

1827 362 1832 365 _
1885 275 2413 337 PROLEGOMENA.

3695 284 3794 339 828

499 412 742 482 quitatem
771 409 952 465 habere
975 407 1224 479 permissa
1267 413 1362 459 est.
1393 403 1471 459 ita
1523 403 1698 459 lectus
1738 399 1839 455 iste
1874 409 2046 452 canon
2072 437 2086 461 ,
2118 396 2172 458 Α
2197 408 2397 465 mates,
2430 408 2487 453 ut
2531 413 2676 471 sape
2706 400 2906 469 sapius
2937 407 3197 454 vocantur
3227 399 3278 454 in
3316 398 3562 454 conciliis
3594 398 3798 455 Africa-

504 500 814 557 Sitifensem
848 498 1180 570 provinciam
1212 496 1451 552 Primate
1471 509 1572 549 suo
1598 491 1894 564 spoliaret,
1945 501 2098 544 eam-

506 609 610 665 que
633 591 853 648 Primati
882 590 1144 646 Numidia:
1181 589 1474 659 subjicerct
1507 627 1522 654 ,
1579 583 1721 656 quod
1769 597 1798 636 a
1830 577 2102 637 Sitifensis

506 686 795 757 provinciae
827 684 1016 752 legatis
1042 684 1392 753 postulatum,
1413 689 1503 734 aut
1532 694 1563 732 a
1589 675 1796 749 synodo
1823 673 2102 728 decretum

504 793 627 834 esse
656 793 814 832 nemo
865 776 1082 832 dixerit.
1141 776 1311 830 Aliter
1345 787 1505 843 porro
1546 772 1744 842 legitur
1782 769 1886 822 iste
1930 779 2103 820 canon

511 871 562 924 in
587 869 796 924 duobus
828 869 1214 935 manuscriptis
1245 869 1296 921 in
1322 866 1461 920 hanc
1498 862 1856 919 sententiam:
1887 858 1966 913 De
1996 859 2105 928 pri-

509 973 646 1017 matu
673 961 1007 1016 Mauritania:
1041 961 1329 1032 Sitifensis.
1361 959 1645 1012 Primatem
1674 971 1790 1010 vero
1839 952 2105 1024 proprium

504 1073 617 1110 cum
647 1055 982 1110 Mauritania:
1010 1054 1272 1121 Sitifensis
1315 1051 1542 1122 episcopi
1587 1047 1924 1118 postularent,
1960 1058 2108 1097 omne

503 1151 778 1205 concilium
805 1151 1160 1221 episcoporum
1182 1145 1481 1209 Numidia,
1528 1139 1952 1198 consentientibus
1997 1153 2106 1190 om-

505 1245 652 1298 nibus
691 1243 997 1314 primatibus
1026 1242 1104 1296 vel
1143 1241 1390 1295 universis
1438 1237 1691 1307 episc0pis
1731 1233 2108 1304 provinciarum

506 1337 897 1408 Africanarum,
927 1344 1132 1406 propter
1164 1335 1303 1405 longi
1341 1332 1541 1386 itineris
1591 1330 1884 1393 novitatem,
1915 1327 2108 1394 prima-

507 1440 606 1484 tem
646 1429 832 1482 Itabere
860 1430 1107 1498 permissa
1147 1436 1239 1481 est.
1262 1425 1390 1479 Cum
1439 1423 1656 1478 consilio
1691 1418 2110 1490 Curthaginensis

507 1521 758 1576 Ecclesiae
783 1524 977 1591 factum
999 1531 1090 1574 est.
1143 1518 1346 1573 Eodem
1401 1516 1560 1570 modo
1613 1512 1920 1570 Ferrandus
1969 1511 2110 1564 hunc

505 1631 769 1672 canonem
812 1615 957 1685 legit,
995 1616 1067 1669 ita
1095 1615 1252 1684 hujus
1277 1613 1552 1668 decrctttm
1582 1622 1858 1678 exponens
1882 1606 1932 1659 in
1978 1605 2104 1658 bre-

505 1709 742 1763 viatione
795 1709 1074 1762 Canonum
1105 1721 1156 1760 c.
1202 1707 1320 1760 82:
1384 1703 1452 1758 Ut
1505 1702 1788 1756 Primatem
1842 1696 2110 1769 prOprium

2204 492 2310 556 nis,
2342 492 2711 563 Metropoleon
2744 493 2962 548 nomine
2989 493 3379 562 Metropolihus
3407 492 3659 548 civilibus
3688 509 3801 549 scr-

2203 592 2349 637 vato.
2382 584 2518 641 Hinc
2547 584 2812 642 Primates
2838 601 2943 641 non
2970 599 3184 654 semper
3209 584 3450 656 ejusdem
3497 585 3642 640 sedis
3685 587 3801 656 epi-

2204 679 2630 746 scoposfuisse
2683 680 3086 749 comperimus,
3143 679 3238 735 sed
3291 678 3650 735 diversarum.
3717 680 3806 736 Sic

2206 770 2475 826 Numidim
2491 772 2938 842 Metropolitanus
2961 773 3212 846 Cypriani
3234 783 3474 843 tempore
3498 775 3806 830 eratNova-

2211 875 2296 920 tus
2321 865 2805 935 Thamugadensis,
2841 876 2899 920 ut
2925 875 3136 921 constat
3167 881 3228 920 ex
3264 867 3495 922 concilio
3522 865 3800 938 Cypriani,

2209 967 2367 1020 Anno
2389 966 2516 1028 505,
2537 965 2818 1020 Secundus
2835 965 3160 1034 Tigisitanus
3181 979 3244 1018 ex
3262 962 3475 1031 Optato.
3497 965 3654 1020 Auno
3675 967 3802 1032 395,

2211 1056 2465 1126 Megalius
2495 1056 2834 1112 Calamensis
2864 1073 2930 1112 ex
2962 1057 3280 1125 Augustino.
3307 1061 3466 1111 Anno
3495 1057 3618 1119 597.
3646 1055 3804 1112 Cres-

2211 1151 2494 1206 centianus
2520 1151 2743 1205 alterius
2769 1150 2914 1206 sedis
2935 1151 3220 1219 episcopus
3240 1165 3306 1204 ex
3329 1149 3557 1205 concilio
3580 1148 3803 1205 Cartha-

2211 1244 2440 1315 ginensi.
2477 1244 2633 1298 Anno
2661 1243 2762 1298 Mli
2802 1251 2857 1297 et
2883 1242 3018 1305 40?...
3053 1241 3356 1310 Xantippus
3385 1241 3705 1312 Tagosensis
3731 1257 3799 1297 ex

2213 1337 2530 1406 Augustino.
2567 1341 2724 1390 Anno
2749 1337 2876 1398 Ml.
2911 1337 3165 1392 Silvanus
3207 1337 3574 1392 Summitantts
3600 1353 3664 1392 ex
3694 1337 3804 1392 cel-

2215 1429 2415 1484 latione
2458 1429 2889 1499 Carthaginensi.
2941 1429 3098 1483 Auno
3127 1427 3265 1494 418,
3299 1428 3612 1484 Valentinus
3643 1429 3804 1484 Vaia-

2216 1523 2418 1577 neusis.
2473 1519 2631 1576 Anno
2667 1523 2803 1587 484,
2839 1521 2986 1576 Felix
3031 1522 3408 1576 Berceritanus
3453 1538 3514 1576 ex
3563 1523 3807 1592 catalogo

2215 1615 2591 1684 episc0porum
2624 1614 3026 1669 Catholicorum
3058 1613 3250 1669 Africa:
3283 1617 3383 1669 sub
3407 1615 3690 1670 Hunerico.
3727 1616 3807 1671 Si-

2218 1708 2417 1762 militer
2440 1707 2731 1778 Byzacena:
2755 1708 3044 1776 provincize
3065 1708 3272 1762 Primus
3297 1719 3536 1777 tempore
3559 1709 3806 1780 Cypriani

509 1800 827 1854 Mauritania
876 1799 1140 1870 Sitifensis
1195 1796 1398 1850 habent.
1455 1794 1559 1848 Sed
1605 1796 1676 1847 ηδ
1728 1787 2110 1858 ίηῑθιιίὲξθηάυε
2141 1795 2188 1855 Β
2217 1800 2542 1870 Polycarpus
2590 1799 2995 1854 Adrumetinus.
3049 1798 3202 1854 Circa
3239 1809 3478 1870 tempora
3509 1801 3811 1856 collationis

508 1903 590 1948 est
621 1894 723 1949 iste
751 1909 946 1958 canon,
981 1907 1086 1946 non
1110 1890 1263 1961 quasi
1297 1899 1405 1944 tum
1428 1889 1658 1958 primum
1691 1885 1981 1940 l’rimatem
2007 1881 2104 1934 ha-

510 1988 687 2043 buerit
719 1987 992 2057 provincia
1031 1985 1303 2042 Sitifensis
1327 2025 1344 2049 ,
1376 1998 1498 2037 cum
1531 1979 1858 2035 contrarium
1895 1991 1958 2030 ex
1997 1974 2110 2029 dic-

511 2082 577 2134 tis
601 2089 787 2150 aperte
807 2091 1052 2144 constet;
1099 2079 1193 2132 sed
1239 2077 1343 2131 hoc
1389 2090 1550 2130 sensu
1595 2072 1738 2143 quod
1785 2079 1896 2124 tum
1949 2067 2113 2122 fuerit

511 2173 890 2228 conﬁrmatum
921 2172 1022 2243 ipsi
1049 2172 1188 2226 istud
1212 2171 1350 2241 juris
1395 2166 1617 2223 concilii
1645 2165 1866 2220 decreto
1891 2203 1906 2229 ,
1951 2161 2114 2230 idque

515 2264 982 2320 consentientibus
1027 2263 1298 2335 episcopis
1341 2259 1604 2316 Numidia:
1649 2257 1737 2328 qui
1785 2254 1892 2309 huc
1941 2267 2113 2321 usque

518 2358 971 2413 reclamaverunt.
999 2356 1136 2410 Hinc
1164 2355 1305 2410 forte
1335 2355 1385 2408 in
1413 2351 1637 2422 epistola
1661 2348 1883 2405 concilii
1915 2346 2114 2401 Gabar-

519 2449 796 2516 sussilani,
857 2449 1000 2518 quod
1042 2463 1187 2502 anno
1216 2448 1320 2502 393
1371 2461 1401 2500 a
1434 2443 1728 2499 Donatistis
1777 2439 2116 2495 celebratum

513 2552 618 2608 est,
635 2542 795 2596 unius
815 2551 1018 2596 tantum
1041 2539 1374 2594 Mauritania:
1401 2539 1457 2591 fit
1487 2535 1712 2600 mentio,
1740 2535 1842 2587 ita:
1877 2530 2115 2587 Sanctis-

513 2635 656 2688 simis
683 2633 933 2704 fratribus
986 2641 1136 2698 atque
1163 2631 1371 2701 collegis
1394 2645 1483 2699 per
1505 2629 1797 2683 universam
1838 2623 2071 2694 Africam
2094 2663 2111 2689 ,

513 2727 606 2780 hoc
637 2736 708 2779 est
741 2725 1058 2796 provinciam
1087 2722 1524 2776 Proconsularem
1543 2761 1556 2785 ,
1590 2718 1922 2781 Numidiam,
1955 2714 2113 2768 Mau-

516 2819 778 2881 ritaniam,
812 2816 1195 2887 Bysacenamet
1213 2813 1467 2884 Tripolim
1501 2812 1809 2870 constitutis.
1853 2808 1984 2873 Sed,
2030 2808 2106 2861 uti

508 2913 620 2980 jam
648 2910 995 2964 observatum
1023 2923 1053 2962 a
1097 2907 1252 2962 nobis
1299 2917 1404 2973 est,
1429 2903 1658 2959 concilio
1709 2900 2113 2955 Catholicorum

513 3005 789 3066 auni597.
833 3017 897 3057 ac
945 3002 1158 3057 caeteris
1201 2999 1459 3068 deinceps
1510 2997 1800 3052 adfuerunt
1844 2992 2115 3048 Sitifensis

513 3097 848 3154 Mauritania:
878 3095 1062 3166 Legati
1090 3105 1361 3164 tamquam
1406 3090 1702 3161 provincia:
1749 3087 2018 3143 Africana:
2049 3085 2116 3139 ab

2216 1889 2655 1960 Carthaginensis
2701 1890 2964 1944 Mizonius
2991 1891 3268 1945 Zellensis.
3303 1892 3462 1946 Anno
3494 1892 3616 1954 M7,
3650 1891 3812 1946 Lato-

2215 1984 2355 2037 mins
2383 1982 2698 2036 'l‘cuitanus.
2733 1985 2892 2037 Anno
2935 1984 3062 2048 418,
3099 1983 3429 2037 Donatianus
3455 1982 3806 2052 Teleptensis.

2216 2077 2483 2146 Tempore
2514 2077 2771 2131 llunerici
2812 2076 3237 2131 Nobasinnensis
3282 2077 3586 2147 episcopus.
3623 2077 3812 2130 Mauri-

2218 2169 2378 2223 tania:
2407 2167 2757 2222 Cmsariensis
2784 2167 2992 2222 Primas
3020 2169 3072 2222 in
3095 2167 3382 2223 collatione
3402 2168 3808 2237 Carthaginensi

2216 2272 2300 2318 est
2343 2261 2604 2316 Martinus
2637 2260 2986 2315 Tahorensis.
3037 2259 3096 2314 In
3150 2261 3394 2330 catalogo
3437 2259 3808 2330 episcoporum

2215 2353 2411 2408 Africa:
2441 2353 2543 2408 sub
2577 2353 2844 2407 llunerico
2873 2351 3131 2408 Glorinus
3153 2353 3460 2408 Juncensis.
3485 2351 3814 2408 Mauritanim

2217 2446 2490 2503 Sitifensis
2553 2461 2699 2500 anno
2750 2444 2859 2500 402
2931 2445 3172 2500 Nicetius
3226 2445 3585 2516 Metropoleos
3642 2448 3814 2502 civilis

2217 2543 2537 2612 episc0pus,
2573 2540 2667 2594 sed
2715 2541 2766 2594 in
2810 2540 3103 2594 collatione
3136 2539 3369 2593 Novatus
3403 2540 3643 2611 ejusdem
3672 2541 3813 2596 sedis

2217 2636 2503 2705 episcopus
2535 2635 2735 2690 nullam
2767 2635 2928 2690 habet
2969 2635 3379 2705 prmrogalivam
3403 2675 3418 2700 ,
3450 2645 3504 2690 et
3525 2651 3664 2690 anno
3689 2636 3809 2700 408.

2216 2727 2426 2796 legatus
2452 2735 2534 2781 est
2563 2727 2782 2782 nomine
2810 2725 3100 2796 provincia:
3126 2741 3269 2792 sum,
3301 2742 3406 2781 non
3431 2729 3587 2798 igitur
3618 2744 3813 2798 prases

2218 2820 2433 2875 concilii
2463 2831 2515 2872 et
2546 2818 2772 2872 Primos.
2802 2818 2872 2872 At
2908 2827 3151 2888 tempore
3195 2818 3448 2874 Huneriei
3483 2821 3686 2874 Primas
3728 2827 3811 2874 cst

2220 2913 2466 2966 Bullinus
2498 2911 2973 2966 Tamallumensis.
3014 2912 3092 2966 Ex
3134 2912 3330 2982 quibus
3356 2912 3572 2969 abunde
3607 2922 3816 2968 constat

2222 3004 2518 3060 Primatum
2541 3019 2634 3057 seu
2661 3003 3114 3072 Mctropoliticum
3130 3003 3220 3074 jus
3242 3005 3292 3058 in
3315 3003 3494 3060 Africa
3524 3021 3628 3059 non
3655 3005 3815 3059 fuisse

2220 3114 2490 3154 annexum
2523 3097 2806 3167 Metmpoli
2835 3098 2978 3152 civili
3004 3138 3018 3159 ,
3066 3098 3159 3154 sed
3207 3098 3512 3168 antiquitati
3544 3099 3814 3169 epismpi,

512 3192 631 3246 aliis
652 3191 904 3255 diversae,
929 3205 1195 3260 suumque
1226 3188 1519 3242 Primaleln
1576 3183 1847 3239 habentis.
1897 3181 2071 3250 Quam
2140 3188 2185 3252 C
2218 3202 2272 3247 et
2296 3194 2374 3247 sic
2400 3191 2741 3262 Metropolim
2770 3172 3197 3248 ecclesiasticam
3227 3191 3396 3248 fuisse
3425 3193 3609 3248 sedem
3640 3192 3818 3246 senio-

513 3303 673 3357 quam
704 3297 882 3342 autem
921 3286 1202 3356 Tingitana
1240 3283 1510 3353 Hispania:
1548 3281 1687 3336 foret
1717 3279 2000 3342 attributa,
2028 3285 2110 3330 at-

513 3393 620 3449 que
649 3380 790 3434 inter
823 3379 1128 3448 provincias
1153 3375 1351 3431 Africa:
1373 3391 1479 3430 non
1508 3373 1741 3442 amplius
1769 3377 2106 3433 numeretur,

515 3472 570 3525 in
601 3471 718 3524 istis
745 3469 994 3524 conciliis
1039 3478 1278 3524 attamen
1328 3467 1488 3536 hujus
1521 3463 1816 3534 provincia:
1875 3462 2115 3530 episcopi

515 3568 939 3622 accensebantur
967 3567 1241 3636 episcOpis
1259 3563 1594 3619 Mauritania:
1632 3559 1984 3615 Cmsariensis
2010 3601 2024 3622 ,
2059 3569 2116 3614 ut

513 3669 810 3715 constatex
843 3659 1037 3714 Notitia
1066 3659 1458 3728 Episcoporum
1488 3653 1687 3710 Africa:
1718 3654 1817 3709 sub
1851 3653 2116 3708 Hunerico

513 3753 756 3822 digesta,
811 3752 994 3822 inqua
1038 3752 1338 3822 Tingitana:
1387 3749 1678 3819 provincia:
1719 3746 1963 3816 episcopi
2010 3746 2112 3801 sub

514 3845 834 3901 C:esarieusi
879 3847 1195 3900 Mauritania
1227 3855 1603 3900 recensentur.
1657 3843 1795 3898 Hinc
1820 3841 2118 3897 verisimile

517 3937 943 4008 estTingitanas
975 3938 1234 3994 ecclesias
1279 3952 1496 4006 semper
1525 3935 1592 3989 ad
1635 3936 1941 3990 Africanam
1997 3949 2120 4003 per-

519 4029 747 4085 tinuisse
791 4030 976 4084 :unde
1032 4031 1084 4085 in
1139 4029 1370 4099 epistola
1428 4027 1608 4084 Siricii
1641 4027 1706 4080 ad
1763 4025 2118 4082 Himmerium

516 4124 977 4179 Tarraconensem
1012 4166 1027 4190 ,
1083 4123 1465 4194 Hispaniarum
1535 4121 1830 4192 provincia:
1883 4119 2120 4188 quinque

515 4225 725 4271 tantum
758 4226 1180 4273 enumerantur:
1216 4215 1642 4271 Tarraconensis
1665 4255 1682 4282 ,
1731 4212 2120 4280 Carthaginen-

515 4309 611 4372 sis,
647 4309 870 4375 Bzetica,
898 4309 1198 4374 Lusitania,
1231 4311 1337 4382 25
1369 4319 1421 4363 et
1447 4308 1708 4375 Gallecia,
1746 4323 1844 4363 nec
1865 4306 1971 4360 ulla
1996 4305 2123 4360 Tin-

513 4401 710 4470 gitana:
743 4405 799 4454 fit
829 4402 1053 4456 mentio.
1100 4402 1327 4456 Demum
1351 4400 1686 4457 Justinianns
1716 4402 2009 4470 imperator
2032 4412 2120 4452 re-

517 4501 774 4561 cuperata
802 4492 982 4558 Africa
1017 4507 1159 4548 anno
1204 4509 1328 4548 terte
1384 4494 1624 4564 vulgaris
1664 4492 1769 4547 554
1799 4533 1815 4558 ,
1847 4489 2120 4546 Constitu-

519 4587 667 4642 tione
693 4601 811 4650 sua,
845 4601 964 4655 qua:
992 4597 1171 4650 exstat
1201 4589 1254 4642 in
1280 4588 1466 4644 codice
1486 4588 1682 4648 lustit.,
1709 4586 1812 4656 leg.
1843 4585 1867 4639 l
1899 4585 1978 4639 tit.
2011 4583 2080 4637 27
2107 4623 2122 4649 ,

516 4685 657 4737 hanc
686 4683 960 4752 regionem
1003 4683 1056 4737 in
1110 4683 1397 4752 pristinum
1451 4691 1653 4736 statum
1685 4678 1921 4733 restituit
1964 4684 2021 4732 et
2065 4677 2121 4730 in

515 4790 608 4830 sex
635 4775 902 4831 dimceses
923 4775 1156 4846 partitus
1187 4786 1291 4839 est,
1328 4773 1688 4844 Tingitanum,
1714 4767 2121 4838 Carthaginem,

517 4867 834 4938 Byzacium,
869 4869 1158 4939 Tripolim,
1201 4866 1530 4932 Numidiam,
1559 4859 1969 4927 Mauritaniam,
2003 4859 2124 4930 qui-

523 4961 624 5016 bus
653 4960 960 5015 Sardiuiam
986 4961 1204 5031 adjecit.
1620 4963 1626 4969 '

589 5051 668 5106 De
692 5051 1006 5107 Primatibus
1025 5052 1234 5120 Africae.
1262 5079 1329 5089 -—-
1351 5049 1648 5120 Unicuique
1672 5047 1971 5121 provincia:
1993 5063 2128 5104 suus

511 5157 628 5202 erat
661 5147 712 5200 in
751 5145 931 5201 Africa
958 5146 1200 5204 Primas,
1235 5159 1419 5199 verum
1467 5159 1571 5198 non
1615 5152 1672 5198 ut
1717 5143 1768 5198 in
1814 5143 1934 5198 aliis
1975 5142 2126 5198 orbis

511 5241 759 5312 partibus
793 5239 1193 5294 Ecclesiastica:
1237 5238 1561 5308 Metropoles
1601 5238 1992 5308 Metropolibus
2031 5253 2126 5291 ur-

518 5334 674 5388 bibus
717 5333 892 5386 affixa:
921 5341 1107 5398 erant,
1141 5330 1239 5386 sed
1274 5332 1382 5386 illic
1422 5341 1531 5386 tota
1583 5329 1983 5400 MetrOpolitani
2013 5329 2131 5399 epi-

515 5428 667 5496 scopi
697 5427 990 5480 auctoritas
1004 5426 1204 5481 seniori
1231 5427 1490 5497 episcopo
1517 5427 1808 5496 provincia:
1839 5425 2127 5479 defereba-

512 5531 623 5587 tur,
667 5522 710 5575 si
762 5521 1246 5590 Carthaginiensem
1294 5521 1477 5575 sedem
1525 5519 1797 5590 excipias,
1849 5534 1970 5588 qua:
2019 5532 2128 5570 non

515 5623 725 5669 tantum
784 5616 1078 5685 provincia:
1149 5615 1555 5684 proconsularis
1607 5625 1752 5668 certa
1813 5611 2129 5681 Metropolis

523 5717 671 5772 erat,
708 5709 802 5764 sed
831 5721 886 5770 et
932 5709 1096 5766 totius
1123 5711 1323 5767 Africae
1352 5708 1717 5768 Occidentalis
1743 5719 1922 5777 caput.
1954 5709 2131 5777 Atque

554 5797 680 5859 hinc
714 5818 819 5863 non
851 5805 1172 5866 dicebantur
1195 5807 1354 5880 vulgo
1395 5805 1794 5878 Metropolitum
1817 5849 1831 5877 ,
1886 5803 1984 5864 sed
2013 5802 2130 5859 Pri-

2217 3299 2293 3339 rts
2320 3299 2580 3353 episcopi.

2293 3377 2529 3446 ldipsum
2574 3392 2678 3430 non
2730 3375 2961 3431 obscure
3010 3383 3237 3430 testatur
3282 3375 3650 3446 Augustinus,
3696 3391 3817 3430 cum

2218 3472 2410 3539 quaerit
2449 3486 2480 3525 a
2523 3469 2812 3524 Profuturo
2841 3470 3000 3537 epist.
3032 3485 3212 3534 cxux,
3255 3485 3398 3522 nunc
3429 3485 3668 3534 χιιι-ιιι,
3699 3471 3818 3538 quis

2218 3564 2426 3635 Megalii
2457 3563 2793 3619 Calamensis
2823 3564 2872 3616 in
2905 3563 3145 3618 Primatu
3177 3578 3462 3619 successor
3492 3564 3818 3619 sit.Succcs-

2219 3676 2385 3712 sarem
2421 3657 2682 3712 Primatus
2712 3661 2825 3730 ejus
2855 3674 3004 3712 nosse
3027 3659 3345 3720 ralumus,el
3365 3673 3453 3727 ep.
3480 3673 3656 3721 cem,
3679 3671 3826 3711 nunc

2220 3768 2406 3808 ccxcrx
2437 3751 2503 3823 (si
2549 3761 2726 3806 tamen
2754 3751 2871 3822 cjus
2901 3762 2985 3806 est
3016 3752 3132 3807 hasc
3180 3752 3411 3820 epistola
3453 3767 3613 3822 quam
3666 3751 3826 3806 multi

2220 3845 2413 3900 eruditi
2460 3845 2511 3897 in
2562 3843 2783 3899 dubium
2813 3844 3092 3915 revocant)
3122 3844 3397 3901 scribitad
3420 3845 3766 3900 leeslinum
3805 3885 3824 3913 ,

2220 3937 2408 3992 Prisco
2438 3935 2730 4006 provincia:
2761 3937 3115 3992 Casariensis
3155 3937 3408 4005 episcopo
3451 3937 3826 4005 episcopatum

2221 4044 2344 4083 esse
2375 4030 2644 4090 relictum.
2678 4044 2739 4084 ca
2783 4038 2960 4083 tamen
2989 4027 3338 4094 conditione,
3372 4039 3428 4082 ut
3459 4029 3558 4098 ipsi
3588 4045 3693 4082 non
3724 4043 3829 4099 pa-

2223 4132 2361 4176 teret
2386 4121 2563 4175 aditus
2589 4120 2655 4174 ad
2689 4121 2982 4175 l’rimatum
3031 4122 3166 4174 sicut
3195 4122 3412 4175 caeteris
3438 4139 3451 4173 :
3484 4119 3715 4187 Clamet,
3743 4123 3833 4175 in-

2223 4215 2358 4286 quit,
2392 4213 2626 4279 Priscus,
2659 4215 2936 4286 provinciat
2963 4212 3290 4269 Cwsariensis
3320 4215 3612 4286 episcopus,
3643 4226 3731 4268 aut
3760 4216 3835 4270 ad

2227 4307 2521 4361 Primatum
2565 4308 2710 4361 locus
2750 4308 2881 4360 sicut
2926 4307 3124 4361 ueteris
3153 4315 3200 4360 et
3242 4307 3370 4360 mihi
3409 4317 3580 4378 patere
3618 4307 3833 4370 debuit,

2225 4411 2312 4455 aut
2344 4399 2695 4469 Episwpatus
2722 4400 2850 4453 mihi
2875 4415 3138 4454 remanere
3170 4415 3271 4454 non
3302 4399 3496 4455 debuit.
3525 4400 3678 4454 Unde
3711 4400 3836 4455 luce

2227 4493 2429 4547 clarius
2457 4491 2683 4547 infertur
2711 4491 3006 4546 Primatum
3039 4492 3290 4547 omnibus
3319 4491 3589 4547 Africanis
3617 4491 3837 4560 episco~

2155 4583 2205 4644 ι)
2232 4587 2313 4656 pis
2345 4587 2615 4656 patuisse,
2665 4600 2767 4639 nec
2815 4583 3099 4651 Metmpoli
3127 4584 3270 4640 civili
3308 4599 3575 4640 annexum
3624 4583 3834 4649 fuisse,

2225 4681 2657 4751 quandoquidem
2686 4679 3042 4735 Caesariensis
3073 4680 3327 4744 antistes,
3352 4681 3440 4749 qui
3465 4679 3836 4748 Metropoleos

2227 4776 2402 4830 civilis
2431 4776 2719 4845 episcopus
2762 4783 2910 4840 erat,
2946 4790 3054 4829 non
3086 4775 3324 4843 privatur
3361 4775 3481 4844 jure
3517 4773 3807 4845 Metropoli
3830 4805 3842 4814 -

2229 4871 2334 4925 tico
2366 4870 2780 4936 Ecclesiastico,
2814 4871 2908 4926 sed
2953 4871 3129 4924 aditus
3174 4871 3221 4924 ei
3255 4869 3318 4922 ad
3345 4870 3433 4937 jus
3475 4868 3845 4938 Metropoliti—

2227 4979 2348 5018 cum
2380 4964 2772 5019 intercluditur.
2806 4963 3046 5030 Epistola
3069 4979 3265 5029 ccxvn,
3295 4979 3414 5032 qua:
3437 4977 3581 5018 nunc
3603 4973 3686 5018 est
3707 4979 3838 5027 ιιι,

2227 5067 2450 5112 excusat
2477 5073 2536 5112 se
2565 5057 2929 5128 Augustinus,
2969 5058 3110 5128 quod
3152 5057 3218 5110 ad
3249 5057 3535 5111 concilium
3563 5055 3847 5113 Numidia!

2229 5161 2451 5207 vocatus
2500 5167 2528 5205 a
2562 5151 2859 5216 Victorino,
2907 5167 3015 5206 non
3065 5151 3306 5217 venerit,
3356 5166 3422 5206 eo
3470 5151 3614 5221 quod
3662 5166 3844 5206 senex

2231 5245 2536 5314 Xautippus
2566 5245 2921 5316 Tagosensis,
2966 5244 3172 5300 rectius
3199 5243 3560 5314 Tagorcnsis,
3621 5243 3842 5297 Prima-

2232 5348 2344 5394 tum
2378 5339 2477 5394 sibi
2510 5338 2841 5404 vindicaret;
2879 5338 3103 5410 proinde
3133 5349 3183 5393 et
3209 5338 3296 5408 jus
3335 5338 3670 5393 convocandi
3702 5353 3848 5390 con-

2229 5431 2362 5486 cilii.
2396 5430 2547 5497 Quod
2571 5432 2612 5484 si
2643 5428 3032 5499 Metropolitica
3051 5430 3172 5500 jura
3197 5428 3314 5483 urbi
3339 5429 3567 5483 fuissent
3589 5443 3844 5492 annexa,

2230 5525 2300 5579 de
2327 5525 2566 5579 Primatu
2597 5523 2738 5577 nulla
2764 5524 3027 5592 potuisset
3058 5523 3197 5578 inter
3225 5523 3510 5592 episcopos
3538 5537 3661 5577 esse
3684 5521 3846 5575 dift‘s-

2231 5617 2426 5680 cultas,
2450 5630 2572 5670 cum
2607 5614 2949 5670 manifestum
2979 5614 3140 5677 foret,
3169 5629 3289 5683 qua:
3316 5615 3447 5668 urbs
3477 5624 3621 5668 esset
3643 5613 3856 5668 Numi-

2230 5709 2335 5764 dia:
2369 5707 2696 5776 Metropolis.
2731 5705 2802 5763 Ut
2829 5718 3004 5761 autem
3050 5707 3250 5777 liquido
3289 5715 3500 5761 constet
3527 5705 3856 5762 contentio-

2239 5817 2363 5858 nem
2391 5808 2595 5858 tantum
2624 5799 2792 5857 fuisse
2811 5801 2878 5857 de
2899 5799 3218 5871 antiquitate
3242 5799 3504 5872 episcopi,
3528 5813 3632 5854 non
3655 5807 3864 5859 autem
