4206 6170
387 222 498 280 829
1588 216 2033 281 GEOGRAPIIIA
2077 222 2310 283 SACRA
2349 225 2655 283 AFBlC/E.

3690 216 3792 311 sco

279 380 283 384 .
384 339 452 393 de
482 336 967 435 urbisAdignitate,
1003 333 1452 435 consultanda-est
1470 333 1711 435 concilii
1732 333 2028 435 bidevitani
2061 340 2110 398 Α
2142 340 2462 435 cmterisqne
2487 339 2578 412 qui
2603 341 2988 435 antiquiores
3013 365 3170 413 erant
3197 401 3211 427 ,
3239 365 3592 434 prmpositum
3622 386 3635 421 ε
3671 370 3799 435 θνα»

382 432 507 487 anni
558 427 678 486 409
712 430 1000 497 definitio,
1042 429 1129 483 cui
1180 429 1295 497 ipse
1321 427 1638 495 Xantippus
1680 426 1866 482 aderat
1904 426 2001 482 Pri

2136 449 2251 499 res,
2289 432 2494 505 inquit,
2543 442 2597 489 et
2630 433 2773 488 aliis
2826 440 3093 517 injuriosa
3132 463 3203 507 est
3231 426 3383 516 satis:
3419 469 3465 513 et
3505 461 3635 514 mihi
3660 426 3789 516 inni-

2133 526 2285 581 diosa
2305 545 2324 582 :
2353 528 2513 600 idque
2544 528 2900 590 luculenter
2937 546 3283 605 confirmatur
3328 552 3441 625 26
3464 568 3527 609 ex
3557 568 3677 609 can.
3708 556 3777 612 ὅθ
3836 554 3867 577 ⁸

2131 619 2351 673 concilii
2377 619 2618 675 Africani
2668 634 2861 690 supra
2890 633 3078 691 relato.

2203 708 2636 784 Carthaginiensis
2690 713 2967 778 Antistitis
2992 734 3361 801 prterogativse.
3392 762 3464 776 --
3501 734 3770 791 Cmterum

2130 800 2200 856 ab
2231 801 2333 858 bac
2374 804 2492 874 lege
2520 818 2756 875 semper
2788 800 3620 894 excipiendusCarthaginiensis
3658 836 3767 880 sn-

2130 898 2307 963 tistes,
2335 901 2425 970 qui
2459 902 2735 957 universa
2766 905 2972 962 Africa:
2998 910 3204 968 Primus
3228 924 3427 973 eratet
3453 919 3759 986 Exarchns,

2128 1005 2248 1057 seu,
2282 1000 2342 1046 ut
2379 993 2447 1047 ita
2501 994 2719 1065 loquar,
2759 997 3097 1060 Patriarcba.
3144 1006 3244 1060 Diu
3285 1017 3417 1065 ante
3466 1012 3785 1081 ipsummet.

2128 1084 2458 1159 Cyprianum
2492 1091 2824 1161 Agrippinus
2864 1094 2966 1152 hoc
3006 1098 3130 1166 jure
3175 1102 3477 1170 fruebatur,
3522 1109 3569 1163 is
3606 1109 3751 1162 enim

2128 1179 2459 1249 aCypriano
2503 1183 2838 1253 reliquorum
2887 1190 3270 1260 episcoporum
3329 1211 3538 1265 prteses
3586 1199 3753 1257 fuisse

2128 1270 2437 1326 insinuatur
2465 1291 2479 1327 ε
2515 1274 2665 1342 Quod
2692 1279 2922 1347 quidem,
2952 1282 3147 1352 inquit,
3177 1300 3292 1341 cum
3320 1291 3525 1345 cwteris
3552 1293 3750 1363 episco-

2129 1366 2208 1438 pis
2237 1366 2323 1436 qui
2347 1366 2443 1422 illo
2477 1377 2703 1440 tempore
2722 1372 2776 1426 in
2797 1376 3062 1444 provincia
3087 1379 3269 1449 Africa
3290 1392 3336 1435 et
3364 1382 3623 1439 Numidia
3645 1385 3746 1441 Ec-

2129 1459 2338 1514 clesium
2370 1459 2462 1513 Dei
2486 1462 2863 1534 gubernabant,
2894 1472 3091 1522 statuit.

383 534 558 583 matus
585 523 875 580 Numidia:
913 524 1039 596 jure
1084 521 1308 587 fruens,
1344 532 1403 578 ut
1431 519 1628 576 videre
1653 530 1738 576 est
1780 535 1900 576 can.
1952 522 2025 580 55

381 617 590 677 concilii
642 616 819 688 vulgo
864 614 1126 672 Africani.
1178 613 1308 669 llaec
1355 623 1550 669 autem
1597 610 1843 668 deﬁnitio
1870 612 2023 683 ejus-

381 710 524 769 modi
551 718 665 775 est,
704 725 833 780 cap.
867 709 979 765 56:
1016 706 1228 763 Placuit
1254 716 1311 760 ut
1338 708 1650 776 quicumque
1688 707 1929 776 deinceps
1957 709 2023 763 ab

383 802 633 876 episwpis
672 803 992 857 ordinantur
1015 817 1108 872 per
1139 800 1441 869 prouincias
1471 799 1754 871 Africanas
1772 842 1786 863 ,
1821 800 2045 863 litteras,

386 898 639 966 accipiant
671 895 743 950 ab
774 893 1157 949 ordinatoribus
1180 892 1294 947 suis
1318 908 1478 946 manu
1499 907 1679 945 eorum
1698 893 2023 963 conscriptas

389 991 706 1047 continentes
750 989 1011 1042 consulem
1055 996 1103 1042 et
1133 986 1306 1049 diem,
1358 994 1416 1039 ut
1459 984 1607 1039 nulla
1649 985 1923 1038 altercatio
1959 985 2026 1039 de

391 1082 760 1158 posterioribus
806 1083 885 1136 rel
923 1060 1264 1134 anterioribus
1296 1078 1524 1131 oriatur.
1560 1077 1641 1129 Ex
1690 1074 1775 1129 his
1815 1074 2022 1131 intelli-

389 1194 515 1251 gere
544 1185 627 1232 est
670 1185 844 1231 totam
875 1176 1013 1229 inter
1043 1175 1335 1243 episcopos
1364 1170 1654 1226 Africanos
1693 1168 2020 1239 dignitatem

388 1275 456 1328 ab
487 1269 816 1342 antiquitate
861 1270 1201 1338 episcopatus
1246 1264 1431 1319 fuisse
1472 1263 1808 1332 repetitam;
1846 1264 2023 1318 nulla-

388 1373 545 1420 tenus
573 1370 759 1418 autem
788 1361 856 1415 ab
878 1359 1027 1415 urbis
1050 1357 1427 1429 magnitudine
1451 1366 1541 1410 aut
1562 1353 1865 1425 dignitate.
1891 1354 2028 1426 Spe-

388 1459 573 1514 ciatitn
600 1471 735 1511 vero
770 1455 841 1510 de
878 1452 1125 1509 Numidia
1157 1452 1303 1507 idem
1336 1458 1552 1506 constat
1603 1463 1676 1505 ex
1711 1462 1929 1506 canone
1954 1451 2025 1507 55

308 1544 313 1549 ”
390 1554 443 1608 in
465 1566 573 1623 quo
600 1559 868 1606 statutum
899 1557 1015 1616 est,
1044 1557 1100 1602 ut
1130 1546 1429 1611 matricula,
1454 1555 1502 1601 et
1528 1544 1793 1599 Archivus
1827 1545 2024 1601 Numi-
2197 1551 2435 1607 Maxima
2463 1567 2677 1624 quoque
2703 1556 2863 1625 hujus
2900 1560 3049 1616 sedis
3092 1561 3380 1635 privilegia
3425 1576 3482 1622 et
3522 1569 3643 1638 jura
3688 1559 3762 1628 in.

391 1644 492 1697 dia:
518 1644 661 1715 apud
689 1643 912 1713 primam
938 1642 1110 1696 sedem
1149 1639 1245 1702 sit,
1291 1647 1342 1692 et
1378 1639 1433 1690 in
1464 1637 1777 1707 Metropoli,
1816 1639 1875 1692 id
1910 1648 2014 1702 est,
2124 1646 2370 1715 epistolis
2405 1647 2659 1719 Cypriani
2690 1651 2947 1708 elucent:
2981 1654 3061 1710 sic
3096 1670 3184 1727 ep.
3211 1673 3338 1725 xu,
3374 1637 3549 1716 totam
3590 1660 3719 1719 Afri-

392 1736 756 1790 Constantina.
788 1734 927 1787 Ecce
949 1741 1194 1803 apertam
1218 1729 1624 1784 distinctionem
1647 1729 2017 1803 Metropolens
2043 1736 2095 1796 Β
2124 1756 2241 1794 cam
2272 1742 2604 1812 provinciam
2634 1758 2783 1799 suam
2807 1756 2967 1802 vocat
2998 1765 3011 1801 :
3042 1749 3326 1819 Quoniam,
3358 1755 3557 1824 inquit,
3583 1759 3743 1815 latius

391 1826 650 1891 civilis,et
668 1824 1106 1880 Ecclesiasticaaz
1134 1829 1421 1892 propterea
1444 1828 1631 1875 auctor
1648 1821 1787 1877 Vita:
1809 1823 2017 1879 8.ιΙ·ἰιί-
2118 1831 2241 1901 fusa
2281 1841 2359 1887 est
2387 1844 2563 1889 nostra
2609 1838 2904 1905 provincia,
2949 1840 3100 1894 habet
3151 1821 3463 1901 Numidiam
3510 1857 3557 1904 et
3605 1852 3742 1905 duas

390 1920 583 1991 gentii,
616 1935 668 1973 c.
697 1917 791 1981 29,
824 1917 979 1971 testis
1004 1926 1106 1982 est,
1144 1913 1489 1984 Fulgentium
1523 1913 1574 1966 in
1604 1915 1838 1970 concilio
1872 1916 2009 1972 Jun-
2119 1922 2468 1979 Mauritanias
2492 1925 2591 1979 sibi
2618 1929 2953 1984 collati-entes.
2980 1930 3118 1986 Hinc
3144 1946 3209 1987 ex
3238 1935 3515 1993 universis
3540 1939 3738 1996 Africa;

389 2012 567 2079 censi,
596 2009 979 2078 Quodvultdeo
1025 2009 1077 2063 in
1106 2006 1456 2062 contentione
1492 2005 1560 2061 de
1598 2006 1836 2063 Pritnatn
1868 2025 2001 2080 pra!-

2122 2016 2418 2085 provincils
2447 2018 2774 2085 consulitur,
2806 2031 2861 2076 et
2890 2023 3187 2091 respondet
3210 2028 3382 2084 veluti
3407 2033 3735 2102 praecipuam

391 2105 586 2171 latum,
616 2106 708 2173 jus
732 2118 890 2159 suum
924 2102 1003 2156 illi
1045 2111 1237 2171 postea
1262 2099 1518 2166 cessisse,
1546 2115 1653 2169 quo
1683 2103 1854 2159 relato
1882 2106 2010 2159 sub-
2113 2107 2493 2163 auctoritatem
2524 2108 2750 2175 habens,
2781 2119 2842 2165 ut
2867 2112 3054 2170 videre
3073 2124 3157 2171 est
3179 2131 3266 2188 ep.
3291 2134 3413 2190 ms,
3446 2099 3721 2193 niptxx,

393 2197 476 2253 dit
516 2205 713 2265 auctor
755 2196 897 2251 iste:
934 2193 1035 2250 Ubi
1066 2202 1188 2248 sunt
1215 2208 1353 2246 nunc
1398 2191 1480 2245 illi
1524 2191 1704 2261 quibus
1749 2196 2008 2250 eminendi
2114 2215 2260 2266 uxr,
2295 2216 2472 2256 Lxxm
2503 2212 2558 2256 et
2588 2205 2889 2271 praesertim
2922 2221 3043 2260 va.

394 2305 549 2360 super
579 2299 792 2343 clatet-os
831 2288 1166 2342 dominentur
1205 2283 1454 2351 affectus,
1488 2285 1575 2354 qui
1616 2301 1670 2339 se
1714 2288 1864 2340 etiam
1901 2290 2007 2343 suis
2182 2291 2311 2346 Post
2342 2291 2461 2347 haec
2486 2300 2732 2362 tempora
2767 2294 2858 2349 illa
2898 2295 3343 2368 Carthaginensls
3372 2306 3613 2377 episcopi
3642 2307 3729 2362 di-

397 2384 656 2456 priorilnts
681 2391 1018 2453 anteponunt,
1051 2380 1281 2435 indebita
1312 2378 1413 2432 sibi
1442 2377 1705 2449 privilegia
1738 2382 2007 2435 vindican-
2109 2383 2289 2454 gnitas
2319 2400 2424 2439 non
2459 2384 2765 2452 imminuta,
2795 2397 2856 2441 ut
2880 2388 3068 2445 videre
3094 2399 3177 2446 est
3213 2408 3285 2448 ex
3317 2400 3577 2455 omnibus
3600 2415 3731 2457 con-

394 2479 512 2547 tes.’
542 2477 680 2532 Ecce
708 2479 881 2531 beatus
914 2475 1230 2547 Fuigentius
1264 2489 1357 2527 nec
1404 2473 1678 2541 primatum
1714 2488 1861 2544 quem
1901 2491 2006 2530 nte-

394 2545 502 2627 τάξι
522 2613 536 2635 ,
567 2570 844 2641 defendere
869 2545 1052 2625 uoluit.
1082 2570 1355 2623 Primatus
1396 2581 1524 2637 ergo
1555 2566 1694 2636 apud
1724 2567 2005 2624 Africanos

395 2665 685 2735 episcopos
707 2664 878 2734 ipsius
900 2661 1174 2734 Fnlgentii
1205 2669 1454 2730 tempore
1480 2659 1747 2729 prioribus
1771 2660 2004 2716 debeba-

397 2767 505 2824 tur,
539 2772 639 2814 nec
669 2757 767 2812 ulli
810 2757 926 2811 sedi
965 2769 1212 2811 annexus
1242 2761 1381 2809 erat.
1434 2754 1654 2808 Domum
1684 2753 1872 2810 Victor
1896 2755 2005 2810 Tn-
2043 2749 2047 2752 ’

393 2851 656 2906 nonensis
668 2850 721 2904 in
733 2850 995 2905 cltronico
1007 2849 1172 2904 refert
1189 2846 1396 2911 Boetio,
1414 2846 1697 2917 Byzaceno
1709 2845 1962 2903 defuncto
1982 2891 1997 2915 ,

396 2943 723 2999 Primasium
753 2943 1171 2997 Adrumetinum
1200 2938 1536 2995 damnationi
1559 2933 1721 2994 trium
1747 2940 2004 3009 capitulo-

393 3051 515 3091 rum
540 3035 888 3090 consensisse
916 3045 972 3088 nt
999 3034 1267 3104 primatus
1290 3032 1418 3103 jure
1438 3031 1734 3108 frueretur.
1768 3030 1865 3087 ilic
1885 3048 2003 3087 mos

2109 2475 2247 2530 ciliis
2279 2474 2546 2531 Africanis
2570 2516 2584 2543 ,
2629 2492 2754 2546 quae
2795 2478 2863 2532 ad
2915 2478 3077 2548 hujus
3115 2482 3361 2559 episcopi
3410 2502 3603 2545 nutum
3633 2492 3730 2549 lie-

2108 2569 2260 2635 bant,
2292 2579 2347 2625 et
2370 2569 2570 2639 quibus
2598 2571 2707 2636 ille,
2741 2571 2870 2627 licet
2887 2574 3100 2629 caeteris
3122 2575 3337 2647 jnnior,
3374 2576 3726 2654 pnes'idehat,

2108 2674 2171 2715 ac
2196 2660 2438 2715 omnium
2471 2676 2589 2731 quae
2614 2664 2963 2747 gerebantur,
2997 2675 3190 2722 auctor
3216 2677 3275 2724 et
3299 2686 3461 2743 caput
3487 2686 3606 2732 erat
3632 2695 3644 2731 :
3677 2679 3723 2733 si

2107 2768 2229 2822 quae
2255 2752 2558 2809 scribendae
2587 2764 2745 2809 erant
2772 2758 3018 2826 epistola:
3044 2773 3074 2812 a
3103 2763 3388 2833 conciliis,
3419 2781 3513 2823 eas
3553 2769 3727 2825 dicta-

2106 2845 2235 2911 bat;
2289 2845 2356 2900 iis
2402 2848 2645 2902 omnium
2693 2852 2915 2906 nomine
2963 2853 3390 2916 snbscribebat:
3443 2862 3510 2915 ad
3564 2863 3726 2933 hujus

2105 2937 2268 2991 etiam
2295 2938 2587 2993 concilium
2617 2954 2685 2995 ex
2724 2941 2975 2997 omnibus
3004 2944 3203 3001 Africae
3232 2951 3535 3019 provinciis
3557 2962 3616 3009 et
3634 2970 3725 3026 sy-

2108 3030 2267 3084 nodis
2292 3033 2701 3099 provocabatnr,
2744 3044 2802 3089 ut
2841 3039 3043 3104 regula}
3077 3038 3483 3099 Eeclesiasticae
3510 3060 3607 3116 per
3642 3058 3723 3103 to-

395 3132 450 3185 in
478 3128 662 3184 Africa
697 3129 995 3196 permansit
1032 3141 1203 3197 usque
1233 3125 1300 3179 ad
1348 3134 1588 3196 tempora
1617 3125 1859 3196 Gregorii
1889 3127 1999 3181 Ma.
2024 3119 2069 3181 C
2107 3131 2214 3176 tam
2240 3122 2476 3178 Africam
2504 3125 2940 3192 observarentur,
2971 3139 3135 3199 utque
3170 3130 3307 3187 ﬁdes
3347 3134 3555 3191 illibata
3595 3153 3716 3193 ser-

394 3224 507 3294 gni.
540 3222 674 3278 Nam
705 3223 749 3277 is
778 3222 873 3276 lib.
892 3237 933 3288 ι,
964 3222 1127 3292 epist.
1159 3234 1320 3285 Lxxv,
1346 3220 1412 3273 ad
1433 3220 1717 3290 cpiscOpos
1736 3219 1997 3276 Numiditc

393 3315 581 3369 statuit
610 3332 623 3369 :
657 3311 726 3368 Ut
761 3313 974 3367 illorum
1003 3298 1334 3367 consuetudo
1359 3311 1423 3364 de
1464 3311 1769 3381 primatibus
1810 3313 1999 3366 consti-

395 3405 629 3471 tuendis,
661 3405 957 3468 ueterisque
996 3403 1239 3476 capitulis
1268 3405 1479 3457 immota
1506 3412 1741 3469 maneat,
1775 3405 1996 3472 exceptis

395 3500 477 3552 Iris
502 3499 589 3569 qui
620 3514 687 3553 ea
710 3496 997 3553 Donatistis
1022 3498 1091 3551 ad
1120 3499 1475 3568 episcopatum
1506 3496 1836 3567 perveniunt,
1868 3512 1994 3567 quos

394 3590 604 3660 provehi
626 3591 697 3643 ad
721 3591 972 3661 primatus
1009 3589 1308 3661 dignitatem
1346 3590 1502 3644 etiam
1544 3604 1660 3643 cum
1688 3588 1814 3642 ordo
1839 3590 1984 3644 cleri-

393 3699 574 3738 corum
602 3700 686 3738 eos
725 3685 793 3736 ad
820 3684 987 3737 locum
1027 3684 1260 3738 eumdem
1289 3682 1523 3755 deferat,
1566 3682 1728 3737 modis
1756 3683 1993 3737 omnibus

392 3774 646 3848 prohibet.
673 3775 838 3845 Igitur
864 3786 967 3831 tem
978 3790 1106 3845 pore
1126 3774 1371 3845 Gregorii
1403 3761 1546 3830 inter
1571 3773 1855 3830 Africanos
1876 3777 1994 3832 Pri-

390 3877 570 3922 matus
594 3881 701 3922 non
730 3875 849 3923 erat
877 3867 1097 3922 sedibus
1127 3880 1404 3934 annexus,
1434 3868 1528 3923 sed
1560 3884 1627 3922 eo
1657 3868 1991 3939 antiquiores

391 3972 589 4014 omnes
613 3960 853 4030 episcopi
881 3959 1352 4014 indiscriminatim
1378 3959 1723 4027 fruebantur,
1749 3961 1991 4033 exceptis

390 4050 458 4104 iis
505 4048 594 4121 qui
623 4049 838 4107 fuerant
868 4050 1143 4118 haeretici,
1188 4066 1327 4122 quos
1360 4052 1428 4107 ab
1459 4050 1562 4107 hoc
1587 4051 1710 4121 jure
1739 4054 1991 4110 excidere

386 4143 506 4197 vult
523 4141 860 4214 Gregorius:
892 4144 1348 4214 quemadmodum
1375 4145 1504 4200 olim
1526 4146 1829 4217 Augustino
1851 4156 1992 4204 teste

387 4236 458 4291 ab
486 4250 553 4290 eo
580 4235 861 4292 exciderat
887 4234 1125 4293 Priscus.
1732 4280 1743 4292 .

461 4328 604 4397 Quin
627 4330 789 4385 etiam
829 4330 883 4384 in
911 4330 1193 4385 Provincia
1222 4331 1590 4397 proconsulari
1620 4346 1864 4387 summus
1892 4332 1988 4388 ho-

387 4434 493 4477 nos
518 4420 815 4476 babcbatnr
838 4422 1126 4491 antiquiori
1157 4422 1445 4494 episcopo,
1477 4422 1605 4478 licet
1628 4438 1750 4478 eum
1782 4440 1985 4494 prznce-

2102 3224 2336 3279 varetur,
2363 3215 2678 3286 iuvigilabat
2703 3235 2716 3271 :
2740 3218 2887 3274 diem
2905 3220 3128 3276 Pascha:
3150 3224 3422 3279 universis
3442 3226 3715 3285 Africanis

2099 3309 2215 3380 ipse
2243 3309 2544 3373 nuntiabat,
2579 3320 2638 3365 ut
2665 3320 2880 3367 constat
2908 3327 2971 3369 ex
3006 3328 3214 3370 canone
3243 3316 3307 3371 51
3339 3319 3547 3375 codicis
3570 3320 3716 3377 Alri-

2098 3403 2221 3457 cani
2251 3420 2264 3455 :
2299 3417 2408 3456 uno
2433 3405 2619 3467 verbo,
2650 3419 2838 3460 curam
2884 3421 2949 3462 ac
2992 3407 3416 3465 sollicitudinem
3466 3416 3709 3470 omnium

2099 3495 2462 3550 Ecclesiarum
2494 3495 2871 3552 Africanarum
2913 3501 3031 3568 ipse
3068 3500 3314 3570 gerebat.
3347 3502 3504 3559 Unde
3531 3506 3710 3561 Aure-

2099 3588 2204 3642 lius
2234 3588 2519 3658 cpiscopus
2548 3600 2668 3644 can.
2702 3589 2775 3645 55
2801 3589 2925 3645 eod.
2958 3590 3127 3646 Afric.
3166 3593 3272 3660 ait,
3328 3611 3384 3649 se
3425 3598 3707 3652 multarunt

2098 3678 2479 3746 Ecclesiarum,
2510 3691 2561 3735 et
2587 3683 2998 3737 ordi‘nandorum
3023 3700 3203 3739 curam
3233 3689 3604 3746 sustinere.....
3642 3691 3709 3746 Et

2097 3783 2306 3845 postea,
2341 3784 2637 3847 cunctarum
2660 3792 2714 3830 se
2737 3776 3111 3843 Ecclesiarum,
3139 3778 3437 3849 dignatione
3458 3781 3576 3848 Dei,
3601 3785 3709 3837 sol.

2100 3867 2416 3922 licitudinem
2433 3870 2703 3935 sustlnere;
2729 3879 3062 3941 quapropter
3079 3872 3396 3928 conceditur
3410 3875 3459 3928 ei
3480 3874 3674 3929 ibidem
3687 3916 3701 3938 ,

2096 3968 2153 4015 ut
2183 3961 2316 4015 unde
2344 3962 2523 4028 uellet,
2557 3971 2602 4016 et
2642 3962 2704 4017 de
2729 3966 2879 4036 cujus
2921 3965 3129 4018 nomine
3166 3964 3347 4034 fuisset
3386 3976 3696 4034 conventus,

2097 4070 2190 4127 pro
2226 4055 2487 4124 desiderio
2517 4061 2762 4131 cujusque
2792 4057 3035 4113 Ecclesia:
3077 4058 3338 4113 ordinaret
3378 4061 3694 4131 episcopum.

2093 4148 2234 4205 Hinc
2263 4149 2550 4205 tenebatur
2582 4150 2886 4219 provincias
2917 4165 3107 4205 omnes
3132 4149 3329 4205 Africae
3355 4150 3606 4215 visitare,
3642 4160 3703 4206 ut

2094 4241 2412 4311 intelligitur
2456 4257 2519 4297 ex
2566 4255 2776 4298 canone
2820 4243 3033 4298 concilii
3087 4242 3526 4314 Carthaginiensis
3569 4244 3707 4299 anni

2094 4333 2221 4401 397,
2253 4333 2307 4387 in
2357 4333 2481 4389 eod.
2521 4332 2800 4399 Canopum
2850 4332 3109 4390 Ecclesiae
3156 4335 3460 4401 Ali-icante,
3504 4351 3553 4394 c.
3603 4337 3695 4404 5'2,

2096 4426 2184 4481 ubi
2216 4424 2518 4482 Honoratus
2544 4438 2591 4482 et
2621 4426 2857 4484 Urbanus
2892 4428 3075 4500 Legati
3113 4430 3403 4500 provinciae
3437 4430 3696 4487 Maurita-

388 4516 547 4572 deret
572 4513 1014 4587 Carthaginensis
1034 4519 1324 4590 episcopus
1349 4520 1513 4574 totius
1537 4517 1735 4574 Africa!
1762 4520 1981 4589 primas.
2012 4511 2067 4572 D
2092 4519 2197 4575 nia:
2222 4518 2493 4576 Sitifensis
2524 4523 2674 4577 aiunt
2715 4524 2769 4576 in
2815 4523 3035 4577 concilio
3087 4522 3412 4595 Hipponensi
3453 4528 3701 4581 constitu-

386 4610 481 4666 Sic
506 4610 561 4664 in
588 4611 819 4666 concilio
836 4609 1245 4683 Carthagincnsi
1280 4627 1344 4681 ιι,
1376 4610 1557 4666 Victor
1586 4610 1947 4667 Abderitanus
1966 4656 1980 4681 ,

387 4716 441 4760 et
468 4704 522 4758 in
549 4705 710 4759 tertio
735 4704 978 4774 ejusdem
1009 4706 1246 4759 nominis
1280 4705 1567 4775 episcopus
1595 4703 1982 4775 Pupianensis,

384 4799 623 4863 caeteris,
653 4808 882 4869 excepto
908 4798 1353 4871 Carthaginensi,
1378 4799 1746 4871 praeferuntur
1777 4820 1790 4855 :
1824 4808 1877 4855 et
1917 4802 1986 4857 de

386 4893 492 4947 hoc
516 4891 731 4948 Victore
759 4891 875 4947 lima
894 4893 968 4947 ait
1012 4892 1331 4964 Epigonius,
1359 4908 1408 4949 c.
1438 4894 1508 4949 54
1529 4892 1651 4948 cod.
1679 4908 1800 4949 can.
1829 4893 1979 4949 Eccl.

382 4983 553 5039 Afric.
586 5002 598 5038 :
630 4984 807 5041 ditata
831 4995 994 5056 pater,
1024 4995 1074 5040 et
1093 4989 1204 5056 ipsa
1229 4989 1548 5056 promotione
1566 4988 1981 5061 antiquissimus,

380 5078 461 5131 vir
490 5078 782 5146 laudabilis,
817 5082 977 5150 frater
1002 5088 1048 5134 et
1076 5080 1269 5151 collega
1299 5090 1474 5135 noster
1509 5078 1681 5136 Victor
1714 5083 1822 5137 uult
1849 5083 1985 5137 hanc

383 5170 678 5234 petitionem
698 5173 985 5243 generalem
1012 5172 1244 5226 omnibus
1270 5173 1417 5243 effici.

458 5258 576 5315 Uno
600 5262 766 5318 verbo
787 5261 843 5318 in
868 5261 1045 5317 Africa
1077 5271 1186 5318 tum
1221 5263 1413 5329 honor,
1438 5270 1550 5320 tum
1578 5265 1836 5335 dignitas,
1866 5276 1978 5323 tum

380 5351 549 5407 etiam
570 5351 693 5423 jura
715 5363 771 5411 et
792 5353 1069 5425 privilegia
1091 5354 1468 5424 episcoporum
1493 5355 1866 5413 tribuebantur
1883 5375 1983 5415 an-

383 5445 619 5514 tiquitati
662 5447 1031 5518 episcopatus,
1064 5464 1171 5504 non
1217 5459 1397 5504 autem
1442 5450 1698 5506 Ecclesia:
1727 5452 1813 5507 cui
1852 5466 1984 5524 prm-

380 5544 541 5594 erant
569 5537 836 5608 dignitati.
878 5540 934 5616 id
961 5548 1176 5596 constat
1201 5556 1269 5597 es
1316 5541 1508 5611 dictis,
1544 5546 1815 5616 pra‘cipue
1852 5558 1985 5603 vero

379 5648 451 5689 es
481 5631 711 5702 epistola
737 5632 1019 5703 Augustini
1050 5635 1140 5701 59,
1183 5636 1237 5691 in
1266 5650 1370 5708 qua
1403 5638 1649 5709 queritur
1674 5652 1735 5696 se
1766 5641 1985 5696 tertium

380 5725 757 5794 nominatum,
809 5730 898 5803 qui
953 5728 1098 5787 haud
1130 5730 1201 5787 ita
1252 5730 1461 5802 pridem
1507 5734 1795 5806 episcopus
1845 5740 1978 5803 erat,

2092 4624 2200 4669 tum
2228 4630 2337 4669 esse.
2362 4615 2593 4687 singulas
2619 4616 2907 4685 prouincias
2934 4623 3157 4687 tempore
3181 4616 3390 4669 concilii
3411 4617 3697 4672 visitandos

2090 4721 2198 4761 esse
2221 4722 2241 4760 ε
2270 4714 2323 4762 et
2352 4718 2545 4779 rogant
2570 4709 2847 4763 Aurelium
2879 4717 2935 4762 ut
2969 4708 3210 4779 dignetur
3240 4709 3393 4761 etiam
3421 4707 3516 4763 hoc
3560 4724 3699 4765 anno
3794 4707 3815 4714 ’

2090 4799 2170 4851 vel
2195 4799 2301 4854 alio
2335 4799 2705 4855 Mauritaniam
2739 4800 3053 4870 provinciam
3079 4800 3305 4854 visitare.
3353 4800 3561 4867 Quibus
3588 4803 3699 4857 Ana

2087 4892 2255 4950 relius
2287 4894 2565 4964 respondit
2596 4910 2609 4947 :
2640 4892 2783 4947 Tunc
2812 4894 2877 4949 de
2902 4893 3167 4965 provincia
3202 4893 3541 4960 Mauritania,
3573 4910 3698 4969 pro—

2090 4996 2264 5058 pterea
2284 4988 2419 5053 quod
2440 4989 2493 5042 in
2517 4988 2703 5056 ﬁnibus
2724 4988 2915 5056 Africae
2939 4988 3109 5061 posita
3126 4988 3215 5055 sit,
3238 4987 3369 5042 nihil
3388 4992 3659 5046 statuimus
3677 5031 3692 5057 ,

2087 5078 2341 5150 siquidem
2376 5080 2557 5134 vicina:
2596 5090 2713 5133 sunt
2756 5079 3040 5145 barbarico,
3074 5080 3163 5133 sed
3196 5089 3401 5148 prcestet
3457 5080 3596 5136 Deus
3634 5090 3692 5135 ut

2087 5191 2150 5230 ex
2171 5174 2455 5229 abundanti
2478 5191 2579 5229 non
2599 5174 2897 5248 pollicentes
2917 5175 3087 5230 venire
3108 5176 3361 5246 possimus
3382 5178 3451 5230 ad
3472 5176 3693 5231 uestram

2089 5269 2425 5341 provinciam.
2474 5267 2712 5341 Cogitare
2750 5270 2886 5323 enim
2928 5268 3156 5338 debetis,
3190 5271 3409 5342 fratres,
3439 5271 3559 5339 quia
3596 5271 3696 5327 hoc

2087 5361 2207 5427 sibi,
2239 5370 2286 5416 et
2311 5359 2642 5433 Tripolitani,
2670 5374 2717 5417 et
2745 5363 3049 5437 Arzugitani
3076 5366 3263 5434 fratres
3292 5372 3571 5434 potuerunt
3587 5367 3698 5420 exio

2088 5471 2221 5527 gere,
2257 5454 2303 5509 si
2330 5455 2463 5508 ratio
2494 5464 2771 5525 pateretur.

2162 5547 2257 5603 Hie
2288 5547 2518 5603 fortasse
2542 5548 2698 5605 alicui
2726 5548 2906 5605 veniet
2936 5551 2989 5605 in
3018 5561 3253 5607 mentem
3284 5549 3401 5607 haec.
3437 5549 3694 5619 quaestio,

2089 5649 2268 5696 utrum
2298 5641 2489 5698 melius
2514 5646 2571 5699 et
2596 5642 3013 5700 conveniendus
3037 5642 3428 5713 Metropolitica
3455 5640 3702 5714 dignitas

2090 5736 2418 5811 antiquitati,
2451 5737 2762 5812 quam.urbi
2789 5735 2950 5792 fuerit
2980 5733 3161 5801 afﬁxa,
3193 5734 3259 5790 de
3282 5749 3386 5807 qua
3410 5731 3549 5805 quid
3579 5749 3709 5797 seu.
