4206 6170
500 282 603 351 8M

1849 284 2381 345 PBOLEGOMENA.

3693 294 3799 350 83?.

450 466 467 479 ο
500 403 664 471 tiam,
707 401 798 459 hic
846 402 976 458 mihi
1018 399 1230 458 videtur
1274 399 1648 471 aperiendum.
1679 401 1890 459 Censeo
1933 417 2093 473 ergo.
2125 404 2176 464 A
2272 404 2620 463 MAUBI‘I'ANIA
2649 421 2934 463 sxrrrntvsts
2986 404 3148 463 habet
3186 404 3255 463 ab
3284 414 3407 463 ortu
3454 405 3657 463 lineam
3705 407 3804 463 du-

500 497 656 553 salvo
683 496 914 553 aliorum
941 494 1167 566 judicio,
1191 494 1350 567 longe
1369 495 1541 551 satius
1566 510 1689 552 esse
1710 505 1768 551 ut
1788 496 2098 567 Metropoli-

440 604 465 629 ι
504 589 613 649 tica
637 590 871 662 dignitas
898 589 1018 644 urbi
1056 604 1268 645 annexa
1297 590 1369 645 sit
1395 605 1556 662 quam
1592 592 1894 663 antiquitati
1919 607 2099 648 sacer-

501 683 637 739 dotii
656 693 684 737 ':
713 698 836 738 cum
867 687 1013 739 enim
1040 681 1200 738 alicui
1228 683 1348 739 sedi
1377 683 1541 739 afﬁxa
1563 694 1669 749 est,
1698 685 1744 740 is
1763 685 1828 741 ad
1855 701 1974 742 eam
2000 685 2098 742 eli-

499 775 644 846 gitur
668 774 761 845 qui
806 774 935 830 huic
962 775 1212 847 dignitati
1254 776 1585 831 sustinenda:
1622 791 1721 846 par
1745 792 1865 833 esse
1906 782 2094 849 possit.

499 868 571 928 At
594 868 687 925 ubi
715 867 783 924 ad
830 883 1023 924 omnes
1069 868 1268 938 passim
1313 869 1647 939 antiquitatis
1683 870 1804 940 jure
1832 869 2094 937 defertur,

499 969 629 1017 tunc
649 959 715 1016 ad
738 959 919 1017 minus
944 960 1171 1016 idoneos
1201 960 1485 1031 pervenire
1510 970 1706 1031 potest.
1733 962 2096 1033 Praeterquam

497 1053 643 1125 quod
670 1063 926 1110 senectus
966 1054 1144 1109 minus
1172 1065 1293 1124 apta
1325 1062 1410 1110 est
1436 1055 1675 1110 ferendis
1706 1055 2013 1123 laboribus,
2044 1065 2099 1111 et

499 1150 596 1207 illo
625 1158 774 1206 caret
802 1148 968 1204 animi
996 1164 1061 1204 ac
1085 1149 1333 1219 corporis
1358 1149 1546 1220 vigore
1573 1149 1666 1221 qui
1698 1152 1748 1204 in
1782 1150 2098 1220 Metropoli-

498 1251 628 1300 tano
660 1242 896 1298 maxime
935 1242 1300 1298 desideratur.
1332 1241 1517 1313 Itaque
1546 1242 1843 1312 prudenter
1879 1243 2101 1298 omnino

499 1335 820 1407 Gregorius,
850 1335 945 1390 lib.
972 1351 1011 1401 ι,
1042 1336 1199 1405 epist.
1237 1352 1411 1401 Lxxu,
1443 1337 1633 1391 scribit
1667 1335 1732 1391 ad
1763 1335 2098 1392 Gennadium

499 1429 792 1487 Patricium
814 1439 870 1486 et
896 1430 1200 1485 Exarcltum
1224 1429 1442 1491 Africae,
1473 1439 1532 1485 ut
1560 1428 1844 1484 Concilium
1872 1427 2105 1483 Catholi—

501 1540 677 1578 corum
702 1523 1016 1591 admoneat,
1044 1533 1101 1578 ut
1131 1525 1399 1594 primatem
1419 1540 1523 1579 non
1552 1541 1616 1579 ea:
1640 1526 1820 1579 ordine
1840 1525 1942 1579 loci
1964 1534 2104 1595 post-

499 1616 687 1687 positis
724 1616 840 1671 bitte
865 1616 1058 1671 meritis
1086 1616 1266 1687 faciat.
1312 1615 1567 1683 Quoniam
1611 1617 1752 1688 apud
1791 1615 1959 1670 Deum
2001 1632 2109 1672 non

500 1707 694 1781 gradus
717 1708 1021 1781 elegantior,
1050 1709 1140 1763 sed
1160 1711 1274 1764 vim
1296 1711 1524 1766 melioris
1544 1712 1678 1765 actio
1699 1711 2104 1780 comprobatur:

2199 507 2341 555 ctam
2360 501 2428 559 ab
2446 502 2727 573 Ampsagae
2746 501 2980 557 ﬂuminis
3004 502 3156 557 ostiis
3185 516 3372 558 versus
3398 501 3677 558 Meridiem
3705 517 3800 559 us-

2200 608 2306 665 que
2330 595 2396 649 ad
2420 594 2805 650 Maximianum
2835 594 3113 665 oppidum.

2271 681 2497 753 Adjacet
2523 684 2590 739 ad
2619 683 2968 740 Occidentem
3001 683 3241 740 Sitifensi
3270 685 3658 753 CESARIENSIS,
3683 703 3804 757 qute

2201 789 2230 829 a
2262 775 2546 846 Tingitana
2596 777 2819 833 ﬂumine
2866 777 3032 833 Malva
3061 778 3409 849 distinguitur
3438 799 3451 834 :
3496 796 3524 833 a
3554 780 3803 837 Sitifensi

2200 867 2342 922 linea
2385 869 2542 924 ducta
2574 885 2602 923 a
2638 871 3008 940 promontorio
3052 870 3384 926 Occidentali
3423 870 3686 928 Numidici
3730 874 3807 929 si-

2204 975 2336 1028 nus,
2372 962 2461 1015 ubi
2493 963 2594 1015 sita
2640 972 2725 1018 est
2756 962 2884 1018 urbs
2911 962 3090 1019 Vabar
3119 980 3285 1032 usque
3310 964 3378 1019 ad
3409 965 3665 1034 oppidum
3695 966 3807 1021 Tu-

2201 1052 2375 1108 bunas
2399 1052 2617 1122 oblique
2645 1052 2700 1107 in
2730 1053 3008 1109 Orientem
3034 1056 3099 1109 ad
3124 1052 3324 1109 ﬂumen
3352 1055 3487 1111 Uzar
3514 1071 3680 1127 prope
3701 1055 3809 1111 Za-

2203 1144 2379 1198 ratlta.
2411 1141 2683 1199 Sitifensis
2721 1154 2882 1214 caput
2925 1153 3008 1200 est
3050 1145 3175 1201 urbs
3205 1145 3406 1213 Sitiﬁs,
3449 1148 3807 1205 Caesariensis

2203 1231 2346 1287 Julia
2377 1232 2644 1289 Caesarea.

2280 1326 2637 1382 MAURITANLE
2695 1343 2999 1384 Tinctum;
3061 1328 3295 1397 limites,
3345 1331 3413 1386 ab
3453 1340 3573 1387 ortu
3629 1332 3807 1388 Malva

2208 1417 2402 1472 llutius
2429 1437 2441 1472 :
2483 1419 2551 1472 ab
2578 1433 2771 1475 occasu
2800 1436 2945 1476 mare
2965 1420 3291 1477 Atlanticum
3324 1441 3337 1476 :
3370 1438 3399 1477 a
3426 1424 3811 1493 Septentrione

2210 1509 2403 1563 fretum
2433 1510 2754 1566 llerculcutn
2797 1519 2853 1567 et
2879 1529 3030 1568 mare
3060 1515 3513 1571 Mediterraneum
3545 1535 3557 1570 :
3588 1532 3616 1569 a
3646 1516 3812 1572 Meri-

2209 1602 2297 1660 die
2343 1614 2557 1660 moutes
2598 1605 2876 1662 Atlantici.
2908 1606 3096 1679 Tingis
3143 1608 3303 1679 hujus
3348 1610 3636 1679 provincia:
3680 1610 3813 1666 urbs

2212 1711 2502 1767 prarcnpua.

499 1799 613 1871 ipse
637 1816 754 1855 vero
784 1799 994 1855 Primus
1018 1815 1121 1856 non
1147 1803 1362 1874 passim,
1389 1803 1521 1857 sicut
1544 1804 1703 1858 moris
1722 1814 1796 1857 est
1822 1819 1913 1873 per
1932 1804 2101 1870 uillas,

2286 1788 2571 1845 Multitudo
2613 1791 3008 1863 episcopatuunt
3055 1794 3107 1848 in
3147 1794 3350 1866 Africa.
3388 1824 3460 1836 -—
3502 1795 3668 1850 Totus
3716 1794 3815 1851 ille

502 1892 594 1946 sed
621 1892 675 1946 in
705 1909 813 1946 una
843 1893 1003 1960 juxta
1050 1909 1226 1947 eorum
1271 1894 1566 1948 electionem
1614 1895 1814 1948 civitate
1859 1894 2100 1949 resideat.

505 1984 653 2041 Idem
700 1998 878 2042 tamen
924 1986 1192 2043 Africanis
1237 1989 1399 2057 epist.
1443 2004 1609 2053 Lxxv,
1651 1991 2102 2057 consuetudinem,

482 2084 623 2148 'qua:
648 2078 778 2132 nihil
808 2087 984 2133 contra
1012 2079 1166 2149 ﬁdem
1210 2078 1533 2135 Catholicam
1564 2097 1814 2153 usurpare
1845 2083 2107 2154 dignoscio

508 2176 617 2236 tur,
652 2169 916 2223 immotam
960 2187 1260 2241 permanere
1288 2172 1542 2240 concedit,
1572 2174 1677 2228 sive
1718 2175 1781 2228 de
1808 2174 2110 2246 primatibus

506 2263 898 2329 constituendis,
928 2271 1034 2319 etc.

584 2354 653 2410 Ut
698 2364 757 2410 ut
800 2356 893 2423 sit,
942 2355 1223 2413 fruebatur
1244 2357 1691 2431 Carthaginensis
1724 2362 1951 2417 antistes
2004 2377 2110 2416 nou

513 2458 721 2504 tantum
764 2449 990 2505 honoris
1016 2451 1113 2507 sed
1139 2458 1197 2507 et
1223 2452 1500 2522 dignitatis
1529 2467 1593 2508 ac
1617 2456 1952 2511 auctoritatis
1973 2470 2110 2526 prte-

513 2541 755 2611 rogativa
784 2542 835 2595 in
867 2544 1146 2598 universas
1171 2542 1368 2600 Africae
1391 2545 1720 2613 provincias,
1747 2560 1812 2602 ac
1832 2548 2112 2618 speciatim

518 2636 722 2705 primas
749 2644 865 2690 erat
891 2637 1184 2705 provincia:
1215 2638 1636 2705 proconsularis,
1667 2654 1788 2709 quae
1817 2641 1958 2696 inter
1983 2641 2117 2696 alias

517 2728 688 2797 prima
730 2728 1076 2784 censebatur.
1128 2729 1255 2784 llaec
1303 2730 1441 2785 inter
1483 2733 1788 2801 provincias
1834 2732 2119 2790 Africanas

518 2819 692 2875 media
721 2820 991 2875 clauditur
1017 2820 1086 2876 ab
1098 2820 1724 2893 OrtuetSeptentrionej
1746 2826 1898 2896 elago
1911 2824 2116 2882 Africo.

517 2913 602 2968 Ab
641 2911 935 2969 Occidente
973 2913 1232 2969 dividitur
1276 2930 1306 2969 a
1357 2914 1613 2971 Numidia
1660 2917 1796 2972 linea
1845 2919 2005 2973 ducta
2053 2920 2122 2974 ab

515 3006 671 3061 ostiis
696 3007 975 3063 Rubricati
1015 3007 1254 3064 ﬂuminis
1282 3009 1347 3063 ad
1381 3010 1619 3077 Mustim,
1655 3011 1743 3065 ubi
1774 3010 1994 3066 ﬂuvium
2022 3012 2124 3068 Ba—

519 3099 741 3169 gradam
768 3100 1018 3172 attingit,
1065 3111 1121 3158 et
1165 3101 1292 3157 inde
1333 3112 1483 3157 retro
1535 3118 1725 3159 versus
1772 3103 2121 3162 Occidentem

2211 1892 2414 1938 tractus
2438 1894 2493 1939 et
2521 1893 2808 1956 antequam
2843 1886 3099 1941 Romanis
3142 1897 3391 1957 pareret,
3424 1898 3477 1942 et
3511 1899 3691 1958 postea
3729 1888 3817 1943 in-

2210 1992 2466 2032 numeros
2514 1977 2627 2033 fere
2669 1978 2873 2034 incolas
2923 1978 3131 2034 habuit.
3184 1979 3240 2033 lu
3284 1995 3353 2035 eo
3392 1981 3671 2045 civitates,
3716 1995 3817 2049 op-

2212 2068 2375 2139 pida,
2423 2068 2750 2139 municipia,
2802 2069 3065 2137 castella,
3117 2070 3261 2136 vici,
3319 2081 3430 2126 tum
3480 2071 3813 2143 indigetum,

2214 2170 2324 2216 tum
2374 2161 2691 2216 colonorum
2745 2162 2796 2216 in
2849 2176 3044 2232 magno
3092 2178 3318 2220 numero
3363 2163 3549 2226 fuere,
3593 2172 3647 2219 et
3697 2172 3807 2218 tam

2213 2254 2315 2308 soli
2348 2254 2627 2309 fertilitate
2667 2269 2733 2309 ac
2774 2255 2982 2324 frugum
3022 2256 3269 2313 ubertate
3301 2272 3461 2327 quam
3494 2265 3811 2313 mercatura!

2219 2345 2324 2416 27
2363 2346 2692 2401 commercio
2726 2346 2992 2415 praedives
3025 2346 3222 2402 extitit.
3263 2346 3399 2403 Hinc
3436 2357 3581 2403 tanta
3622 2344 3810 2403 Chris-

2218 2442 2490 2497 tianorum
2520 2445 2571 2498 in
2602 2444 2685 2499 his
2729 2444 2863 2499 locis
2903 2444 3223 2513 multitudo,
3264 2446 3333 2502 ad
3376 2461 3513 2518 quos
3547 2446 3819 2518 regendos

2221 2532 2472 2604 Episcopi
2519 2535 2733 2605 plurimi
2785 2547 2911 2591 sunt
2956 2537 3255 2606 Constituti,
3294 2547 3351 2594 et
3394 2538 3614 2610 quidem
3658 2540 3820 2610 longe

2221 2627 2407 2697 plures
2434 2642 2498 2683 ac
2538 2627 2934 2699 frequentiores
2996 2646 3157 2700 quam
3207 2633 3258 2687 in
3310 2632 3646 2703 quibuslibet
3691 2634 3818 2689 aliis

2220 2722 2371 2777 orbis
2396 2721 2688 2779 Christiani
2721 2725 2982 2794 partibus.
3032 2724 3165 2780 Nam
3216 2726 3270 2782 in
3327 2725 3451 2793 bis,
3494 2728 3731 2805 episcopi
3764 2730 3818 2784 in

2222 2814 2430 2886 magnis
2474 2824 2677 2870 tantum
2722 2817 2943 2873 urbibus
2973 2819 3228 2873 constitui
3255 2828 3674 2886 consueverant,
3704 2837 3818 2876 non

2223 2917 2402 2964 autem
2458 2910 2512 2963 in
2554 2910 2685 2965 vicis
2730 2921 2823 2965 aut
2854 2912 2998 2967 villis
3035 2922 3092 2968 et
3133 2912 3187 2967 in
3220 2913 3449 2970 modicis
3477 2916 3820 2983 civitatibus,

2224 3002 2370 3072 quod
2419 3004 2636 3059 concilii
2678 3004 2969 3060 Laudiceni
3015 3021 3225 3063 canone
3265 3007 3358 3072 57,
3391 3019 3447 3064 et
3488 3009 3827 3066 Sardiceusis

2226 3108 2433 3150 canone
2456 3097 2510 3160 7,
2533 3106 2750 3152 cautum
2776 3107 2882 3154 est.
2905 3099 2975 3154 At
3006 3100 3091 3155 lex
3122 3100 3222 3155 ista
3255 3102 3306 3155 in
3337 3100 3522 3157 Africa
3549 3118 3655 3158 non
3678 3103 3823 3159 obti-

519 3190 680 3247 ducta
711 3192 780 3248 ad
810 3192 1165 3262 Narragaram
1188 3235 1202 3259 ,
1234 3205 1398 3264 atque
1444 3194 1570 3250 hinc
1600 3195 1668 3250 ad
1709 3199 2084 3255 Ammederam
2106 3243 2120 3265 ,
2151 3191 2197 3253 C
2231 3190 2366 3256 nuit,
2402 3190 2490 3245 ubi
2541 3207 2647 3246 non
2682 3200 2887 3248 tantum
2926 3193 2979 3247 in
3029 3194 3236 3264 magnis
3264 3195 3597 3263 civitatibus,
3627 3197 3725 3252 sed
3770 3198 3825 3252 in

498 3285 613 3340 ~ubi
643 3301 860 3341 rursum
886 3286 1185 3357 Bagradam
1220 3285 1440 3343 ﬂuvium
1465 3288 1681 3359 attingit
1707 3303 1759 3344 et
1786 3300 1935 3346 secat
1955 3307 2126 3361 usque

521 3376 589 3430 ad
618 3375 861 3446 Capsam
882 3378 1138 3448 oppidum
1186 3378 1452 3434 Numidiae
1489 3395 1679 3435 versus
1708 3381 2002 3438 Meridiem.
2043 3384 2127 3439 Ab

522 3466 744 3524 Oriente
765 3477 822 3524 et
840 3469 1071 3525 Meridie
1100 3486 1129 3524 a
1158 3471 1435 3542 Byzacena
1470 3482 1754 3539 separatur
1784 3473 1924 3528 linea
1965 3476 2125 3531 ducta

524 3561 595 3616 ab
636 3559 788 3617 Uzita
832 3578 1002 3634 usque
1039 3563 1108 3618 ad
1153 3557 1377 3620 ﬂuvium
1425 3565 1747 3634 Bagradam.
1791 3567 1916 3623 Tria
1968 3570 2129 3625 habet

526 3650 926 3721 Promontoria,
952 3652 1255 3710 Candidum
1273 3696 1289 3722 ,
1318 3655 1583 3727 Apollinis
1619 3658 1911 3715 adversum
1941 3660 2126 3717 Sardi-

530 3742 656 3810 nim,
680 3751 737 3800 et
763 3745 1012 3801 Mercurii
1036 3746 1323 3801 adversum
1346 3746 1564 3813 Siciliae,
1590 3763 1711 3820 qum
1730 3750 1784 3805 in
1812 3753 1977 3807 altum
2008 3768 2132 3824 pro-

527 3839 801 3893 currentia
830 3837 970 3894 duos
999 3838 1239 3895 efﬁciunt
1265 3841 1437 3895 sinus.

599 3928 858 3997 Nonnus,
876 3930 1229 3988 Numidarum
1251 3933 1378 3987 olim
1402 3948 1647 4004 regnum,
1671 3934 1967 3992 Masinissae
1984 3938 2127 3994 clara

531 4020 786 4090 nomine,
826 4022 1170 4094 Metagunitis
1201 4032 1344 4079 terra
1373 4039 1403 4077 a
1450 4023 1655 4080 Graecis
1691 4026 1989 4095 appellata,
2020 4027 2132 4083 Nu—

532 4117 695 4174 midae
722 4132 850 4173 vero
875 4133 973 4175 seu
999 4117 1269 4173 Nomades
1294 4133 1323 4172 a
1369 4118 1741 4188 permutandis
1771 4120 1980 4188 pabulis
2023 4120 2132 4175 Ma—

530 4210 673 4281 palia
699 4225 831 4277 sua,
863 4212 969 4269 hoc
998 4223 1114 4276 est,
1143 4211 1336 4266 domos
1368 4212 1623 4282 plaustris
1665 4212 2128 4270 circumferentes.

532 4302 617 4359 Ab
642 4302 863 4360 Oriente
892 4304 1105 4375 adjacet
1128 4304 1418 4375 provincia:
1440 4305 1830 4376 proconsulari,
1859 4320 1891 4361 a
1915 4322 2016 4379 qua
2044 4322 2135 4362 su-

533 4398 719 4468 perius
767 4397 1035 4467 descripta
1082 4398 1222 4452 linea
1265 4396 1636 4473 distinguitur.
1668 4400 1712 4454 A
1755 4398 2134 4467 Septentrione

536 4490 671 4544 mari
709 4489 949 4545 alluitur.
982 4489 1065 4546 Ab
1094 4490 1386 4547 Occidente
1430 4493 1747 4547 terminatur
1788 4492 1930 4548 linea
1973 4493 2130 4548 ducta

2230 3281 2442 3335 cunctis
2473 3284 2688 3352 Oppidis
2715 3299 2778 3338 ac
2814 3299 3220 3356 nonnumquam
3252 3288 3302 3342 in
3333 3288 3466 3343 vicis
3493 3297 3546 3342 et
3583 3290 3831 3345 castellis

2229 3371 2461 3427 ordinati
2502 3373 2751 3442 leguntur
2787 3375 3027 3446 episcopi
3072 3397 3085 3432 :
3123 3393 3284 3449 quam
3316 3379 3707 3450 episcopalium
3738 3396 3827 3437 se-

2230 3462 2377 3518 dium
2408 3464 2807 3522 multitudinem
2847 3467 2954 3538 jam
2991 3483 3022 3522 a
3070 3470 3260 3538 primis
3290 3470 3659 3527 Ecclesiarum
3684 3472 3833 3528 Afri-

2230 3573 2486 3615 canarum
2520 3560 2686 3615 initiis
2721 3569 2965 3616 exortam
2992 3564 3143 3617 auxit
3169 3561 3575 3619 Catholicornm
3616 3580 3682 3621 ac
3726 3566 3834 3621 Do-

2231 3656 2549 3708 natistarum
2571 3654 2866 3708 aemulatio.
2892 3653 3039 3710 Sane
3065 3671 3189 3711 cum
3208 3657 3258 3711 in
3280 3657 3573 3713 collatione
3601 3659 3836 3713 Cartha-

2228 3745 2437 3817 giueusi
2467 3745 2575 3801 diei
2606 3747 2657 3809 l,
2683 3761 2802 3817 cap.
2837 3745 2964 3815 l8l,
2988 3747 3213 3821 Alypius
3240 3749 3504 3806 Ecclesia:
3532 3749 3833 3807 Catholica:

2239 3840 2526 3908 episcopus
2554 3838 2923 3894 admonuisset
2946 3842 3234 3896 nonnullos
3255 3857 3319 3895 ex
3342 3844 3613 3912 episc0pis
3643 3843 3831 3898 Dona-

2231 3929 2370 3983 tistis
2407 3930 2461 3983 in
2502 3930 2638 3984 villis
2670 3941 2715 3984 et
2741 3932 2797 3983 in
2848 3931 3027 4000 fundis
3078 3948 3188 3987 esse
3230 3934 3500 4004 episcopos
3539 3936 3833 4003 ordinatos,

2232 4021 2409 4074 nonin
2428 4020 2683 4090 aliquibus
2704 4022 3019 4088 civitatibus,
3055 4026 3281 4093 regessit
3310 4024 3416 4082 hoc
3442 4027 3616 4095 ipsum
3649 4027 3700 4081 in
3728 4026 3837 4082 Cn-

2235 4112 2466 4168 tholicos
2492 4113 2786 4170 Petilianus
2819 4115 3098 4170 Donatista
3136 4097 3389 4188 inquiens
3424 4138 3439 4172 :
3478 4119 3567 4174 Sic
3593 4120 3745 4174 etiam
3776 4131 3837 4174 tu

2232 4206 2420 4260 multos
2453 4206 2603 4261 habes
2655 4224 2746 4278 per
2796 4224 2971 4263 omnes
3011 4226 3164 4280 agros
3211 4212 3492 4279 dispersos.
3537 4211 3606 4266 Et
3641 4212 3694 4267 in
3731 4214 3841 4269 hac

2234 4297 2529 4353 collatione
2571 4297 2885 4368 frequenter
2915 4300 3167 4370 utrinque
3192 4302 3463 4373 objectum
3498 4314 3579 4359 est
3603 4302 3841 4375 Episco-

2235 4403 2333 4459 pos
2361 4389 2429 4446 (le
2466 4405 2606 4447 novo
2640 4391 2690 4445 in
2725 4391 2909 4446 multis
2940 4391 3072 4447 locis
3097 4392 3167 4448 ab
3194 4404 3420 4465 utraque
3451 4406 3600 4466 parte
3625 4396 3841 4451 consti-

2238 4490 2401 4548 tutos,
2436 4493 2493 4538 ut
2523 4499 2748 4539 numero
2773 4484 3439 4543 vincerent-adversarios.
3470 4488 3589 4558 Ipse
3613 4488 3841 4560 Augus-

536 4582 605 4638 ab
632 4585 919 4652 Ampsagm
947 4582 1093 4639 ﬂuvii
1122 4585 1276 4639 ostiis
1306 4599 1498 4639 versus
1524 4582 1805 4639 meridiem
1852 4599 2023 4655 usque
2066 4584 2133 4638 ad
2160 4572 2215 4632 Β
2239 4576 2384 4631 tinus
2413 4591 2534 4631 cum
2567 4576 2847 4633 dioecesim
2877 4593 3027 4632 suam
3054 4578 3214 4634 nimis
3235 4586 3513 4635 exteltsam
3539 4595 3660 4635 esse
3688 4580 3847 4636 exis-

538 4674 922 4731 Maximiauum
950 4674 1230 4746 oppidum.
1271 4675 1355 4731 Ab
1382 4675 1585 4730 Austro
1612 4673 1776 4730 habet
1801 4673 2023 4746 Libyam
2056 4678 2140 4728 tn-

539 4767 814 4823 teriorem.
867 4767 1037 4838 llujus
1085 4768 1378 4839 provinciae
1427 4766 1738 4837 Metropolis
1776 4765 1953 4820 civilis
1990 4763 2138 4821 Cirta

537 4859 774 4928 colonia,
805 4876 928 4931 quae
955 4860 1311 4917 Constantina
1341 4857 1486 4914 dicta
1516 4867 1599 4913 est
1634 4864 1692 4913 et
1718 4859 2014 4915 etiamnum
2057 4858 2141 4915 di-

538 4952 698 5007 citur.

611 5045 893 5101 BYZACBNA
952 5040 1227 5110 provincia
1292 5040 1595 5111 appellatur
1635 5040 1804 5112 Regio
1846 5040 2140 5098 fertilitatis

539 5137 777 5195 eximite.
808 5135 894 5190 Ab
918 5145 1040 5189 ortu
1084 5133 1246 5189 habet
1274 5132 1495 5189 ﬂuvium
1523 5134 1796 5190 Tritonem
1828 5154 1843 5189 :
1888 5136 1956 5191 ab
1983 5135 2139 5192 Occi-

539 5231 706 5287 dente
742 5227 1049 5285 Nnmidiatn
1075 5226 1223 5297 juxta
1257 5227 1457 5283 lincant
1504 5227 1755 5296 superius
1783 5228 2084 5298 expositam
2116 5243 2133 5284 :

540 5323 612 5376 ab
641 5324 839 5376 Austro
865 5319 1089 5392 Libyam
1135 5318 1472 5376 interiorem.
1509 5319 1677 5391 Hujus
1705 5320 1834 5376 urbs
1866 5322 2134 5392 praecipua

543 5416 923 5473 Adrumetutn.
981 5468 985 5472 .

614 5510 983 5568 Tmrou'rana
1037 5509 1316 5580 provincia
1357 5526 1387 5565 a
1432 5508 1649 5564 “uimine
1675 5507 1898 5563 Tritone
1933 5516 1988 5563 et
2043 5507 2144 5561 mi-

539 5620 676 5662 nore
705 5603 851 5676 Syrti
879 5618 1055 5675 usque
1080 5603 1147 5658 ad
1177 5619 1328 5658 aram
1370 5602 1579 5657 Phileni
1611 5601 1920 5656 extenditur
1949 5616 1962 5654 :
2007 5600 2144 5656 mari

537 5697 764 5755 alluitur
787 5714 818 5755 a
862 5696 1248 5769 Septentrione
1277 5712 1291 5750 :
1324 5694 1393 5749 ab
1420 5693 1629 5751 Occasu
1662 5694 1882 5752 Tritone
1923 5692 2144 5752 ﬂumine

540 5788 725 5844 linitur
753 5806 767 5843 :
799 5806 829 5848 a
858 5788 1090 5851 Meridie
1115 5788 1352 5846 desertis
1379 5785 1620 5858 Libycis.

2240 4666 2477 4733 timaret,
2510 4667 2563 4723 in
2594 4669 2816 4723 castello
2851 4668 3182 4737 Fussalensi,
3235 4675 3377 4742 quod
3401 4672 3472 4728 40
3500 4673 3740 4728 millibus
3764 4676 3849 4732 ab

2242 4761 2491 4834 Hippone
2531 4764 2681 4833 regio
2705 4764 2972 4830 distabat,
3002 4767 3313 4837 episcopum
3344 4768 3702 4824 ordinandum
3734 4786 3847 4826 cu-

2242 4860 2399 4922 ravit.
2434 4868 2491 4913 ut
2519 4859 2672 4915 docet
2703 4875 2792 4930 ep.
2823 4875 3000 4916 ccut.
3046 4860 3151 4916 Sed
3192 4877 3260 4917 ne
3288 4863 3413 4919 inde
3441 4863 3614 4920 turbae
3639 4871 3696 4919 et
3718 4863 3847 4920 dis-

2241 4951 2525 5008 sensiones
2569 4963 2943 5021 nascerentur,
2997 4954 3286 5011 concilium
3331 4957 3758 5021 Cartltaainense
3800 4975 3847 5015 ll

2245 5045 2433 5101 statuit
2452 5062 2572 5101 can.
2603 5047 2638 5103 5
2665 5090 2680 5113 ,
2712 5058 2767 5102 ιιι
2797 5048 3032 5103 dicacem
3070 5064 3184 5119 qua:
3222 5066 3502 5121 numquam
3545 5050 3849 5107 habuerunt

2245 5138 2528 5209 episcopos,
2556 5153 2659 5192 non
2686 5138 2905 5194 habeant
2931 5156 2950 5194 :
2971 5150 3017 5195 et
3046 5139 3140 5194 illa
3171 5142 3400 5196 diccesis
3417 5157 3532 5210 qua
3555 5142 3848 5211 aliquando

2244 5229 2459 5296 habuit,
2487 5230 2672 5285 habeat
2698 5232 3085 5300 proprium.....
3122 5231 3189 5286 Et
3218 5235 3263 5287 si
3290 5233 3558 5289 accedente
3586 5244 3847 5303 tempore.

2244 5334 2498 5378 crescente
2534 5322 2639 5394 ﬁde
2672 5324 2900 5394 populus
2929 5324 3027 5380 Dei
3066 5326 3853 5397 multiplicatusdesideraverit

2250 5416 2520 5485 proprium
2566 5416 2753 5470 habere
2772 5429 3020 5473 rectorem
3042 5460 3058 5484 ,
3101 5422 3213 5492 ejus
3241 5421 3471 5475 videlicet
3501 5421 3761 5475 voluntate
3787 5422 3853 5476 in

2246 5511 2397 5580 cujus
2431 5518 2679 5578 potestate
2705 5519 2780 5564 est
2805 5510 3033 5566 ditccesis
3059 5512 3335 5567 constituta
3352 5524 3369 5577 ,'
3411 5512 3593 5566 habeat
3640 5513 3845 5580 episco

2246 5616 2390 5671 pum.
2417 5598 2533 5655 Non
2557 5609 2701 5656 vetat
2731 5602 2828 5657 ista
2861 5602 2946 5659 lex
2972 5619 3040 5658 ne
3062 5613 3341 5661 crescente
3364 5619 3587 5661 numero
3601 5603 3853 5662 fidelium

2250 5706 2422 5747 novus
2466 5692 2812 5762 episcopatus
2849 5691 3122 5764 erigatur,
3176 5694 3272 5750 sed
3314 5710 3383 5751 ne
3431 5693 3482 5748 id
3519 5692 3614 5748 ﬂat
3644 5696 3858 5751 nisiex

2246 5797 2512 5840 consensu
2557 5792 2612 5836 ct
2661 5784 2937 5841 voluntate
2974 5784 3215 5856 episcopi
3261 5785 3330 5842 ad
3371 5784 3525 5855 cujus
3555 5784 3855 5841 dimcesim
