4206 6170
456 178 579 289 855⁸

457 440 722 495 evehitur.
752 439 808 494 In
840 443 1081 498 concilio
1132 448 1554 524 Cartliagincnsi
1603 464 1732 518 anni
1797 439 1934 537 4'97,
1985 487 2075 526 ca-

456 547 599 587 none
621 532 690 588 5'5
711 530 841 587 Cod.
863 531 1034 590 Alric.
1068 552 1409 613 conquestus
1438 556 1524 604 cst
1555 551 1896 625 Epigonius‘:
1920 530 2076 628 buod

452 624 685 695 quamvis
711 624 885 678 multis
923 625 977 678 in
1026 632 1275 689 conciliis
1300 646 1551 694 statutum
1579 624 1745 712 fuerit
1777 666 1810 703 a
1835 662 1962 707 coetu
1987 671 2073 710 sa-

452 715 722 784 cerdotali,
748 726 801 771 ut
825 715 1000 787 plebes
1025 738 1149 792 qua:
1174 726 1231 780 in
1260 727 1564 809 diwcesibus
1610 737 1680 791 ab
1707 742 1960 815 episcOpis
1987 764 2071 803 re.

451 807 706 877 tinentur,
734 825 849 881 quae
871 812 1150 884 episcopos
1187 835 1464 889 numquam
1510 807 1841 901 habuerunt,
1869 807 2074 893 nonnisi

450 917 570 956 cum
610 906 866 958 voluntate
903 909 1019 979 ejus
1047 910 1289 984 episcopi
1333 932 1364 968 a
1406 932 1507 987 quo
1535 929 1802 994 tenentur,
1834 932 2069 1000 proprios

449 997 704 1069 accipiant
746 1007 964 1054 rectores
1004 1004 1310 1075 episcopos.
1350 1006 1585 1065 Attamen
1630 997 1873 1075 nonnulli
1900 997 2069 1078 domi-

450 1099 578 1143 natu
603 1090 1032 1164 quodamadepto
1065 1100 1482 1156 communionem
1506 1107 1739 1174 fratrum
1767 1114 2064 1183 abhorrent,

451 1181 531 1235 uel
552 1191 701 1251 certe,
735 1200 846 1238 cum
873 1185 1150 1257 depravati
1186 1191 1401 1259 fuerint,
1428 1198 1572 1266 quasi
1603 1200 1664 1254 in
1691 1205 1915 1271 quadam
1949 1226 2065 1265 arce

448 1276 721 1346 tyrannica
748 1276 841 1329 sibi
866 1277 1198 1336 dominatum
1246 1285 1529 1355 uindicant,
1563 1300 1613 1345 et
1652 1299 1839 1353 tumidi
1870 1316 1930 1354 ac
1960 1310 2062 1356 sto-

448 1366 555 1422 lidi
576 1367 814 1421 adversus
841 1370 1148 1441 episcopum
1186 1392 1307 1430 suas
1342 1382 1560 1437 cervices
1588 1388 1819 1459 erigunt,
1843 1393 1921 1447 vel
1939 1410 2062 1449 con-

448 1460 597 1513 viciis
626 1458 723 1514 sibi
749 1461 1115 1519 concinnantes
1147 1466 1380 1540 plebem,
1410 1475 1489 1529 vel
1531 1494 1780 1544 persuasu
1832 1487 2061 1559 maligno

448 1565 495 1610 et
519 1555 703 1610 illicito
738 1561 909 1629 favore
948 1564 1156 1615 eosdem
1195 1566 1373 1621 uolunt
1403 1569 1501 1624 sibi
1528 1574 1781 1632 collocare
1814 1592 2058 1637 rectores.

452 1648 605 1713 Quod
632 1650 832 1719 quidem
870 1651 1071 1722 insigne
1114 1658 1294 1712 mentis
1332 1670 1442 1715 tua:
1470 1672 1701 1722 tenemus
1737 1680 1941 1739 votum,
1975 1674 2058 1728 in-

448 1740 599 1809 quit,
629 1743 787 1809 frater
825 1741 1063 1814 religiose
1093 1745 1293 1817 Aureli,
1326 1753 1421 1816 qui
1446 1756 1559 1808 hac
1584 1771 1721 1823 stupe
1756 1764 2060 1832 oppressisti

454 1847 557 1885 non
583 1834 806 1888 curando
835 1834 959 1888 tales
988 1838 1248 1907 petitores,
1292 1845 1390 1898 sed
1412 1859 1642 1917 propter
1670 1866 1848 1906 eorum
1894 1856 2059 1911 malos

451 1923 737 1993 cogitatus,
776 1935 822 1978 et
855 1942 1009 1996 praue
1052 1932 1354 1988 continuata
1385 1938 1609 1993 consilia
1634 1940 1734 1995 hoc
1759 1945 1909 2010 dico,
1954 1963 2059 2001 non

449 2014 634 2069 debere
677 2025 922 2072 rectorem
959 2021 1191 2093 accipere
1218 2042 1332 2080 eam
1365 2029 1600 2099 plebem,
1631 2049 1748 2103 qua:
1774 2036 1828 2091 in
1850 2038 2059 2095 diwcesi

446 2122 650 2175 semper
690 2108 970 2183 subjacuit,
1002 2129 1093 2167 nec
1139 2132 1383 2188 umquam
1439 2125 1709 2192 proprium
1757 2132 2057 2205 episcopatu:

447 2198 646 2253 habuit.
675 2199 1000 2273 Quapropter
1018 2206 1063 2287 si
1091 2210 1326 2266 universo
1344 2215 1673 2272 sanctissimo
1697 2198 1854 2275 coetui
1887 2224 2058 2295 placet

445 2292 577 2358 hoc,
600 2294 739 2362 quod
759 2278 1054 2364 prosecutui
1085 2316 1197 2354 sum
1220 2342 1234 2369 ,
1277 2306 1628 2375 conﬁrmetur.
1650 2310 1901 2370 Aurelius
1946 2317 2060 2385 epi-

446 2400 638 2455 scopus
679 2386 827 2439 dixit.
874 2386 1109 2459 Fratris,
1139 2404 1184 2447 et
1212 2398 1586 2454 consacerdotis
1619 2405 1785 2459 nostri
1813 2424 2057 2477 prosecu-

447 2479 576 2532 tioni
610 2496 713 2534 non
754 2480 942 2538 obsisto
972 2501 990 2539 :
1015 2488 1103 2540 sed
1132 2488 1229 2542 hoc
1262 2506 1341 2543 me
1362 2501 1411 2546 et
1440 2484 1649 2563 fecisse,
1705 2508 1754 2552 et
1792 2505 2053 2571 facturum

445 2586 556 2624 esse
578 2573 819 2642 proﬁteor
839 2575 979 2630 circa
1001 2594 1084 2631 eos
1108 2596 1252 2644 sane,
1278 2582 1368 2651 qui
1393 2583 1584 2652 fuerint
1613 2591 1918 2658 concordes,
1947 2611 2053 2649 non

442 2662 612 2716 solum
634 2665 773 2719 circa
803 2665 1093 2725 Ecclesium
1114 2671 1589 2745 Carthagiueusem,
1619 2680 1710 2734 sed
1738 2684 1878 2740 circa
1903 2704 2054 2743 omne

441 2757 765 2812 sacerdotale
814 2764 1147 2818 consortium.
1205 2765 1341 2821 Sunt
1368 2768 1503 2822 enim
1547 2769 1782 2845 plerique
1845 2782 2053 2847 conspi-

442 2858 617 2902 rantes
659 2866 774 2904 cum
814 2853 1047 2921 plebibus
1079 2859 1337 2930 propriis,
1383 2876 1511 2932 quas
1542 2862 1830 2937 decipiunt,
1890 2884 1943 2925 ut
1970 2874 2052 2928 tli-

439 2952 581 2996 ctum
607 2952 712 3011 est,
769 2962 944 3001 earum
974 2950 1255 3023 sculpentes
1289 2970 1439 3007 aures
1458 2996 1472 3019 ,
1505 2957 1682 3012 blandi
1709 2963 1779 3015 ad
1803 2967 2023 3022 seducen
2041 3000 2054 3012 -

441 3032 570 3088 dum
586 3076 602 3101 ,
626 3037 819 3092 vitiosa:
841 3039 956 3095 uiue
981 3040 1215 3099 homines
1240 3087 1255 3112 ,
1283 3046 1363 3101 vel
1388 3059 1519 3102 certe
1560 3051 1730 3121 inflati
1749 3097 1762 3119 ,
1797 3066 1847 3110 et
1870 3059 1933 3114 ab
1954 3062 2060 3116 hoc

438 3129 700 3183 consortio
740 3135 998 3201 separati,
1024 3137 1115 3208 qui
1143 3148 1325 3207 putant
1367 3144 1590 3207 propria:
1616 3147 1749 3217 plebi
1781 3151 2044 3209 incuban-

438 3221 587 3289 dum,
627 3232 677 3277 et
704 3240 1085 3299 nonnumquam
1115 3234 1346 3288 conventi
1366 3234 1436 3287 ad
1456 3238 1730 3295 concilium
1753 3247 1924 3303 venire
1953 3249 2045 3304 de-

438 3324 657 3383 trectant
687 3332 823 3371 :sua
866 3322 998 3391 forte
1064 3339 1127 3377 ne
1169 3326 1457 3395 prodantur
1505 3330 1704 3402 ﬂagitia
1746 3347 2041 3396 metuentes.

437 3406 594 3473 Dico,
644 3409 691 3462 si
718 3410 914 3481 placet,
949 3414 1098 3484 circa
1138 3416 1229 3471 hos
1250 3459 1265 3484 ,
1304 3435 1405 3474 non
1432 3429 1628 3477 tantum
1668 3427 1907 3486 dimceses
1942 3449 2045 3489 non

437 3517 551 3555 esse
573 3505 876 3570 servandas,
932 3521 1106 3561 utrum
1143 3520 1190 3562 et
1219 3509 1283 3564 de
1308 3514 1523 3582 propria
1546 3520 1778 3588 ecclesia,
1803 3539 1920 3593 qute
1938 3526 2045 3580 illis

438 3593 577 3648 male
604 3596 809 3665 faverit,
840 3599 1135 3667 omnimodo
1165 3602 1501 3661 adnitendum
1528 3618 1582 3663 ut
1610 3612 1768 3667 etiam
1805 3619 2038 3672 auctori-

436 3694 541 3739 tate
577 3687 785 3757 publica
825 3690 1150 3757 reficiantur,
1185 3705 1336 3766 atque
1379 3700 1443 3753 ab
1492 3701 1620 3769 ipsis
1668 3706 2042 3779 principalibus

435 3778 697 3835 cathedris
726 3796 1099 3840 removeantur.
1136 3785 1349 3859 Oportet
1383 3792 1515 3846 enim
1537 3833 1553 3861 ,
1584 3804 1639 3848 ut
1666 3798 1755 3867 qui
1789 3801 2041 3858 universis

441 3872 723 3942 fratribus,
758 3891 820 3929 ac
846 3886 949 3930 toto
979 3879 1200 3935 concilio
1223 3881 1499 3947 inlueserit.
1562 3904 1663 3942 non
1701 3891 1865 3945 solum
1892 3910 2041 3949 suam

426 3968 555 4038 jure
579 3966 807 4037 integro,
835 3971 927 4024 sed
961 3981 1008 4026 et
1052 3972 1291 4030 diaeceses
1321 3978 1603 4045 possideat.
1656 3983 1723 4037 At
1766 4001 1881 4039 vero
1903 4026 1920 4052 ,
1950 3989 2038 4054 qui

434 4056 638 4111 sibimet
666 4070 849 4129 putant
884 4063 1055 4132 plebes
1080 4083 1201 4121 suas
1236 4070 1480 4140 sufﬁcere,
1508 4077 1737 4143 fraterna
1767 4079 2038 4135 dilectione

436 4159 750 4221 contempta,
783 4171 888 4209 non
919 4165 1116 4211 tantum
1146 4156 1382 4217 diwceses
1411 4166 1668 4233 amittant,
1699 4169 1789 4223 sed
1816 4182 1871 4225 ut
1901 4172 2031 4238 dixi,

433 4246 589 4299 etiam
617 4249 841 4320 propriis
865 4251 1075 4322 publica
1114 4265 1324 4308 careant
1359 4260 1686 4328 auctoritate,
1717 4273 1773 4317 ut
1797 4265 2027 4320 rebelles.

437 4335 737 4396 Honoratus
760 4351 811 4395 et
838 4341 1079 4399 Urbanus
1118 4346 1343 4416 episcOpi
1371 4349 1634 4406 dixerunt.
1662 4352 1881 4409 Summa
1911 4375 2033 4429 pro-

434 4432 562 4486 visio
600 4436 887 4490 sanctitatis
918 4448 1020 4493 tua:
1058 4440 1271 4495 cohazsit
1306 4443 1557 4498 mentibus
1583 4446 1940 4517 singulorum,
1983 4461 2031 4505 et

435 4532 583 4594 puto,
611 4526 836 4581 omnium
859 4533 1189 4601 responsione
1208 4548 1268 4586 ea
1286 4548 1403 4604 qua:
1426 4537 1666 4607 prosequi
1691 4536 1931 4608 dignatus
1951 4559 2024 4610 es,
2054 4554 2109 4615 Ι)
2134 4549 2347 4618 viginti,

435 4615 743 4671 roboranda.
781 4619 1019 4677 Universi
1047 4626 1277 4696 episcopi
1305 4628 1581 4697 dixerunt,
1612 4631 1808 4703 placet,
1841 4635 2027 4704 placet.

435 4707 506 4761 Et
533 4706 725 4763 iterum
759 4711 814 4765 in
842 4712 1031 4768 eodem
1063 4716 1306 4773 Concilio
1334 4734 1456 4776 can.
1483 4717 1553 4778 56
1595 4739 1609 4776 :
1655 4722 1953 4782 Honoratus
1981 4739 2030 4783 et

438 4798 676 4855 Urbanus
701 4805 928 4875 episc0pi
957 4806 1213 4862 dixerunt.
1248 4810 1548 4868 Audiuimus
1575 4817 1943 4886 constitutum,
1974 4831 2030 4875 ut

431 4892 672 4949 diazoeses
697 4912 800 4952 non
826 4910 1121 4954 mereantur
1146 4903 1412 4975 episcopos
1449 4909 1678 4982 accipere
1699 4951 1715 4976 ,
1762 4912 1866 4966 nisi
1908 4930 2031 4969 con-

429 5000 581 5038 sensu
610 4988 740 5058 ejus,
763 4989 856 5044 sub
876 5008 976 5061 quo
998 4995 1201 5063 fuerant
1229 4998 1539 5063 constitutas,
1563 5003 1653 5056 sed
1681 5004 1736 5058 in
1762 5005 2028 5074 provincia

429 5087 606 5137 nostra
634 5098 749 5161 cum
775 5085 937 5154 aliqui
962 5089 1098 5156 forte
1126 5088 1180 5142 in
1211 5089 1443 5158 dioecesi,
1476 5096 1779 5153 concedente
1814 5114 1872 5153 eo
1910 5100 2025 5170 epi-

428 5185 586 5239 scopo
607 5214 621 5237 ,
648 5154 702 5228 in
731 5179 878 5249 cujus
917 5154 1175 5248 potestate
1213 5185 1420 5252 fuerant
1465 5188 1774 5256 constitutae,
1800 5191 2028 5246 ordinati

426 5274 548 5317 sunt
598 5268 858 5339 episcopi,
903 5272 1060 5326 etiam
1099 5272 1335 5329 diteceses
1378 5276 1476 5331 sibi
1522 5278 1815 5351 vindicant,
1848 5282 2020 5339 hocet

424 5356 618 5427 corrigi
642 5360 907 5415 charitatis
944 5372 1121 5418 vestra:
1153 5365 1393 5437 judicio,
1428 5376 1476 5423 et
1502 5369 1721 5426 inhiberi
1750 5372 1813 5426 de
1839 5384 2019 5431 cratera

426 5448 591 5503 debet.
642 5452 927 5523 Epigonius
976 5457 1243 5530 episcopus
1293 5459 1443 5515 dixit.
1493 5461 1727 5535 Singulis
1770 5466 2018 5539 episcopis

423 5554 683 5598 servatum
711 5557 786 5601 est
820 5549 959 5619 quod
1006 5553 1213 5607 decebat
1251 5572 1264 5608 :
1307 5564 1361 5607 ut
1404 5571 1470 5611 ex
1517 5575 1687 5614 massa
1726 5561 2017 5619 dioecesium

422 5635 577 5691 nulla
615 5651 930 5709 carperetur,
976 5653 1029 5697 ut
1070 5647 1337 5715 proprium
1386 5650 1678 5724 episcopum
1731 5653 2016 5725 habuisset,

424 5727 532 5797 nisi
559 5729 668 5796 ipse
695 5748 992 5789 consensum
1036 5736 1349 5796 adhibuisset
1398 5744 1725 5801 cancedeudi.
1781 5746 2018 5817 Suﬁiciat

1621 254 2065 318 GEOGRAPHIA
2106 263 2330 322 SACRA
2367 268 2664 328 ΑιτιὶιοιλΕ.

458 345 764 417 pertinebat
803 346 954 404 locus
988 352 1083 421 qui
1122 356 1195 410 ad
1226 358 1372 414 sedis
1402 362 1731 436 episcopalis
1760 374 2074 445 dignitatem
2103 382 2150 442 Α
2180 382 2316 436 enim

3664 300 3772 358 834

2361 385 2409 438 si
2452 392 2773 457 concesserit,
2805 401 2858 445 ut
2885 395 3067 451 cadent
3099 400 3328 459 diaecesis
3356 410 3606 479 permissa
3647 431 3770 481 pro-

2181 474 2347 541 prium
2377 484 2572 531 tantum
2610 482 2906 555 episcOpum
2938 487 3139 557 habeat,
3162 474 3373 551 steteras
3399 500 3497 556 sibi
3530 520 3633 558 non
3682 509 3796 563 uin-

2177 564 2308 620 dicet
2324 566 2571 625 ‘dimceses
2590 614 2605 637 ,
2636 576 2757 644 quia
2783 591 3027 661 exempta.
3065 584 3130 639 de
3169 591 3312 658 fasce
3339 595 3618 650 multarum
3654 601 3767 656 sola

2174 661 2359 715 meruit
2404 663 2649 722 honorem
2691 672 3011 745 episcopatus
3045 684 3321 754 suscipere.
3369 686 3611 744 Aurelius
3652 697 3766 759 epi-

2172 768 2355 825 scOpus
2375 755 2508 813 dixit
2532 776 2552 814 :
2570 759 2692 818 Non
2723 762 2900 823 dubito
2925 770 3166 827 charitati
3191 785 3369 832 vestris
3392 782 3620 835 omnium
3648 755 3765 855 pla-

2179 859 2313 911 cere,
2364 864 2497 917 eum,
2541 854 2631 920 qui
2676 855 2728 909 in
2771 856 2975 916 dioecesi
3019 867 3326 924 concedente
3364 872 3622 943 episcopo,
3678 880 3768 947 qui

2171 938 2435 992 matricem
2480 946 2660 1010 tenuit,
2705 948 2871 1003 solam
2906 955 3139 1010 eamdem
3184 960 3403 1015 retinere
3451 963 3662 1033 plebem,
3711 967 3768 1022 in

2169 1045 2271 1096 qua
2297 1032 2468 1101 fuerat
2496 1039 2784 1098 ordinatus.
2835 1042 3092 1111 Quoniam
3141 1051 3298 1121 igitur
3343 1056 3583 1112 universa
3621 1060 3763 1116 arbi-

2168 1131 2278 1178 tror
2304 1126 2466 1197 fuisse
2494 1138 2749 1203 tractata,
2782 1137 2827 1191 si
2851 1142 3026 1196 omnia
3051 1160 3166 1199 cum
3194 1149 3368 1204 animo
3393 1162 3558 1208 uestro
3583 1170 3758 1212 conve-

2167 1230 2382 1288 nerunt,
2405 1238 2638 1282 sermone
2664 1240 2830 1285 vestro
2865 1245 3050 1290 cuncta
3076 1238 3335 1296 roborate.
3385 1243 3623 1300 Universi
3657 1250 3767 1319 epi-

2165 1312 2312 1382 scopi
2338 1314 2579 1373 dixerunt
2608 1335 2628 1375 :
2653 1320 2840 1379 Omnia
2880 1327 3028 1384 nobis
3072 1331 3181 1387 haec
3209 1337 3549 1406 placuerunt,
3582 1350 3629 1395 et
3655 1340 3767 1399 Itth

2165 1412 2342 1458 nostra
2381 1408 2755 1483 subscriptione
2801 1417 3123 1485 firmavimus
3146 1466 3163 1491 ,
3228 1436 3277 1480 et
3329 1429 3763 1502 subscripserunt.

2164 1494 2406 1554 Aurelius
2440 1506 2709 1579 episcopus
2748 1509 2995 1570 Ecclesia
3037 1516 3458 1594 Carthaginensis
3508 1494 3625 1582 huic
3669 1529 3762 1584 de-

2163 1598 2298 1643 creto
2320 1598 2575 1663 consensi,
2605 1609 2651 1652 et
2676 1604 2912 1669 prtelecto
2933 1608 3236 1682 subscripsi,
3260 1615 3498 1672 similiter
3522 1629 3568 1673 et
3592 1622 3765 1677 ctcteri

2165 1685 2399 1752 episcopi
2424 1690 2853 1762 subscripserunt.

2089 1782 2138 1842 B
2238 1778 2318 1834 Ex
2352 1780 2510 1839 dictis
2538 1786 2646 1842 duo
2666 1790 3012 1863 colliguntur.
3036 1797 3280 1859 Primum
3331 1804 3383 1860 in
3423 1805 3603 1862 Africa
3650 1810 3768 1879 epi-

2162 1885 2357 1943 scopos
2369 1881 2687 1939 constitutos
2713 1885 2876 1942 fuisse
2902 1905 3009 1945 non
3033 1901 3243 1951 tantum
3267 1898 3318 1953 in
3343 1899 3552 1971 magnis
3578 1901 3771 1960 civita-

2165 1964 2328 2033 tibus,
2354 1971 2449 2027 sed
2480 1972 2532 2028 in
2563 1978 2818 2036 omnibus
2851 1983 3098 2054 oppidis,
3134 1992 3245 2044 imo
3273 2002 3327 2049 et
3362 1995 3417 2049 in
3447 1995 3581 2051 vicis
3606 2006 3769 2069 atque

2164 2061 2422 2119 castellis.
2448 2067 2713 2138 Alterum,
2746 2073 2902 2131 facile
2932 2093 3104 2136 novos
3152 2084 3501 2159 episcopatus
3553 2103 3768 2150 erectos

2163 2151 2216 2207 in
2268 2153 2499 2215 diversis
2544 2161 2678 2219 locis
2719 2180 3003 2226 crescente
3034 2188 3267 2234 numero
3308 2180 3569 2248 ﬁdelium,
3598 2184 3764 2242 modo

2162 2250 2497 2306 consentiret
2538 2256 2825 2329 episcopus
2855 2262 2920 2317 ad
2952 2266 3110 2337 cujus
3136 2269 3419 2330 dimccsiin
3452 2275 3603 2332 locus
3634 2293 3764 2351 per-
3798 2322 3803 2325 -

2163 2338 2388 2395 tinebat.
2414 2343 2550 2401 Hinc
2572 2359 2716 2404 tanta
2748 2354 3134 2427 episcOporum
3161 2366 3213 2419 in
3239 2366 3419 2424 Africa
3445 2338 3758 2429 multitudo.

2163 2430 2230 2485 Et
2255 2433 2471 2502 quidem
2504 2441 2725 2497 secundi
2754 2448 2940 2503 szeculi
2976 2452 3134 2509 initio
3165 2458 3497 2529 Agrippinus
3536 2462 3764 2523 Cartha-

2158 2521 2399 2593 ginensis
2439 2529 2725 2601 episc0pus
2751 2540 3046 2598 concilium
3077 2521 3267 2605 habuit
3296 2521 3605 2626 ilartliagini
3644 2561 3763 2628 ptu-

2157 2616 2407 2671 rimorum
2437 2623 2795 2696 episcOporum
2824 2646 2892 2685 ea:
2916 2634 3105 2706 Africa
3131 2649 3178 2695 et
3216 2640 3469 2700 Numidia
3563 2657 3619 2703 ut
3644 2616 3762 2723 'Cy-

2159 2710 2381 2777 prianus
2429 2713 2483 2769 in
2529 2718 2776 2787 epismlis
2827 2724 2927 2792 71,
2960 2729 3028 2784 ad
3083 2732 3339 2800 Quintum
3366 2747 3420 2793 et
3450 2739 3546 2808 75,
3578 2741 3645 2797 ad
3668 2710 3764 2800 Ju-

2158 2798 2407 2857 baianum
2438 2814 2687 2864 testatur.
2718 2811 3015 2874 Numerum
3052 2837 3158 2879 non
3189 2827 3464 2897 exprimit.
3501 2834 3566 2887 At
3598 2849 3762 2891 sauc-

2159 2901 2244 2947 tus
2274 2893 2607 2965 Augustinus
2625 2901 2719 2958 lib.
2750 2904 2819 2962 de
2843 2911 3007 2967 unico
3028 2893 3304 2985 Baptism-0
3324 2931 3511 2978 contra
3540 2925 3760 2984 Petilia-

2156 2998 2307 3050 num,
2329 2990 2665 3060 septuaginta
2693 2994 3064 3059 fuisseinnuit
3086 3007 3167 3062 liis
3192 3011 3374 3091 verbis
3407 3031 3422 3070 :
3457 3015 3599 3074 Nam
3627 3020 3761 3078 illud

2153 3076 2293 3145 quod
2318 3078 2557 3151 adjungit
2577 3084 2644 3138 de
2665 3089 2909 3163 episcopo
2931 3082 3329 3171 Carthaginensi
3355 3108 3663 3181 Agrippino,
3690 3076 3756 3173 de

2071 3169 2117 3232 ρ
2151 3166 2347 3237 iuclgto
2368 3182 2592 3243 martyre
2612 3173 2875 3247 Cypriane
2893 3224 2910 3247 ,
2942 3186 3010 3241 de
3048 3166 3375 3267 septuaginta
3399 3166 3758 3266 JPrau'cessori-

2124 3256 2248 3311 .bus
2276 3257 2554 3330 Cypriani,
2580 3268 2701 3334 quia
2729 3271 2827 3326 hoc
2859 3256 3180 3345 fecerunt-et
3376 3310 3753 3369 praceperunt.

2149 3348 2263 3404 Sub
2295 3351 2499 3409 Donato
2527 3356 2781 3428 Cypriani
2829 3376 3176 3431 antecessore
3215 3348 3268 3434 in
3315 3348 3753 3451 conciliornona-

2147 3440 2295 3510 ginta
2340 3445 2721 3517 episcOporum
2769 3455 3065 3518 damnatura
3110 3467 3364 3531 Privatus
3412 3440 3753 3544 Gabini;-

2149 3547 2272 3599 nus,
2302 3544 2361 3589 ut
2395 3535 2696 3608 Cyprianus
2731 3550 2882 3605 testis
2911 3564 2996 3609 est
3021 3558 3183 3628 epist.
3214 3564 3306 3621 59.
3340 3535 3752 3647 sumsit};an

2148 3626 2250 3680 tria
2276 3626 2449 3684 habita
2470 3644 2594 3688 sunt
2616 3640 2847 3696 concilia
2876 3626 3167 3709 numerosa
3189 3656 3258 3713 de
3280 3659 3342 3715 ba
3353 3626 3549 3731 ptismo
3562 3626 3753 3731 rluere-

2148 3716 2397 3773 ticorum.
2425 3721 2482 3777 In
2513 3723 2723 3785 duobus
2757 3733 2981 3793 adlucre
3007 3716 3749 3832 septuagiiita'ut

2144 3818 2374 3865 testatur
2397 3828 2487 3884 ep.
2511 3817 2578 3872 ad
2605 3819 2951 3899 Jubaiannm,
2976 3842 3031 3889 et
3058 3834 3111 3891 in
3138 3817 3302 3899 tertio
3332 3817 3649 3913 interfuisse
3670 3859 3748 3917 le-

2140 3912 2337 4017 guptur
2370 3909 2644 3980 octoginta
2675 3929 2885 3987 septem
2911 3964 2926 3988 ,
2961 3936 3163 3995 praeter
3204 3949 3343 4004 quos
3369 3939 3529 4014 longe
3557 3909 3744 4017 plures

2141 3994 2207 4017 η,
2236 3996 2374 4017 μευ,
2514 4002 2527 4014 .
2563 4004 2574 4016 .
2639 4005 2672 4017 ..
2896 4016 2903 4017 κ

2140 3992 2379 4053 abfuisse
2413 4002 2706 4064 verisimile
2740 4022 2848 4066 est.
2872 3992 3103 4077 At'duo
3147 3992 3275 4083 sunt
3306 3992 3657 4096 monulineinta
3709 4060 3742 4102 c

2139 4091 2333 4160 quibus
2361 4109 2618 4156 numerus
2647 4105 3027 4179 episcoporum
3068 4116 3267 4177 Africa:
3302 4138 3456 4184 certo
3494 4135 3611 4189 erui
3640 4151 3741 4206 po-

2139 4189 2239 4206 ιιιηι
2293 4185 2425 4206 Ιὶ-ε-γ
2730 4198 2760 4206 ’⁵
2828 4202 2837 4206 ”
2918 4203 2945 4206 λ

2139 4189 2263 4237 test.
2291 4185 2530 4246 Primum
2555 4205 2635 4249 est
2658 4198 2878 4254 collatio
2906 4203 3380 4284 Carthaginiensis,
3418 4220 3468 4274 in
3499 4238 3603 4293 qua
3636 4185 3740 4283 6a-

2138 4274 2322 4331 tliolici
2353 4278 2434 4334 sic
2473 4297 2664 4341 eorum
2711 4304 2995 4348 numerum
3032 4299 3260 4357 ineunt:
3293 4274 3740 4384 subscripserunt

2135 4367 2391 4425 mandato
2438 4375 2678 4448 episcopi
2718 4381 2937 4441 ducenti
2983 4393 3259 4463 sexaginta
3313 4414 3446 4469 sex,
3507 4367 3739 4469 siderant

2136 4466 2434 4525 prtesentes
2461 4464 2684 4537 viginti;
2716 4471 2908 4530 abesse
2955 4477 3212 4539 dicuntur
3253 4464 3478 4550 contum
3532 4500 3643 4572 28
3680 4513 3736 4560 et

2379 4568 2445 4609 ac
2466 4557 2702 4617 viduata:
2728 4575 2989 4633 praeterea
3019 4571 3278 4635 Ecclesia:
3300 4557 3735 4664 sexagintaqua;

2137 4648 2292 4710 tuor;
2328 4660 2396 4702 ex
2439 4650 2638 4720 quibus
2668 4660 2881 4729 exurgit
2921 4677 3178 4724 numerus
3212 4648 3732 4751 quadringentai-um

2134 4737 2478 4809 septuaginta
2508 4745 2719 4803 sedium
2748 4752 3135 4824 episcopalium
3169 4737 3730 4838 in'Al'ricaTAlteri-itn

2137 4835 2224 4881 est
2249 4832 2436 4887 notitia
2461 4837 2838 4910 episcoporum
2867 4845 3118 4906 Afrorum
3145 4855 3246 4911 sub
3270 4857 3560 4933 lluuerico,
3608 4832 3731 4943 qua:

2135 4933 2384 4978 "umeri"
2440 4930 2729 5004 episcopos
2783 4939 3208 5013 quadringentos
3263 4930 3556 5027 sexaginta
3601 4930 3727 5036 sex,

2135 5014 2391 5036 η..ε.-,--,,
2591 5023 2602 5036 .
2781 5027 2811 5036 η
2902 5030 2936 5036 --
2984 5034 2994 5036 μ

2131 5014 2325 5079 quibus
2347 5017 2392 5071 si
2420 5030 2544 5076 octo
2570 5023 2758 5082 demas
2778 5027 3047 5090 Sardiniae
3075 5014 3586 5113 etiiscopos,catcri
3610 5014 3733 5125 om:

2130 5119 2227 5160 nes
2258 5107 2324 5163 ad
2354 5106 2592 5170 Africam
2622 5118 2919 5186 pertinent.

2199 5197 2327 5253 Post
2378 5215 2758 5274 recuperatam
2799 5226 2830 5266 a
2869 5212 3178 5278 Justiniano
3231 5226 3560 5298 imperatore
3589 5240 3728 5296 Afri-

2126 5302 2268 5355 cam,
2292 5291 2595 5363 Reparatus
2623 5303 2912 5361 concilium
2945 5308 3134 5369 habuit
3169 5291 3477 5381 universale
3505 5325 3724 5397 Africus,

2128 5380 2180 5436 in
2206 5398 2316 5454 quo
2339 5386 2634 5447 adfuerunt
2672 5394 2912 5468 episcopi
2940 5401 3047 5459 217
3067 5445 3083 5473 ,
3113 5410 3258 5478 quod
3296 5380 3617 5486 argumento

2126 5488 2191 5530 ex
2218 5475 2421 5547 ingenti
2452 5479 2551 5537 illo
2573 5485 2987 5558 episcopatuum
3030 5475 3259 5558 nurnero
3280 5545 3294 5569 ,
3322 5475 3524 5565 niultos
3548 5511 3727 5572 adhuc

2125 5584 2191 5623 ex
2219 5569 2324 5626 hoc
2352 5582 2601 5645 tempore
2626 5581 2986 5652 superfuisse.
3008 5589 3066 5645 In
3109 5596 3343 5653 concilio
3368 5600 3725 5664 Lateranensi

2124 5660 2225 5716 sub
2272 5661 2504 5720 Martiae
2551 5670 2798 5741 cpismlte
2845 5682 3118 5749 synodicae
3170 5686 3390 5745 Patrum
3432 5693 3727 5760 provincia:

2128 5761 2542 5823 proconsularis
2560 5766 3008 5862 subscripserunt
3024 5777 3235 5852 epicopi
3255 5780 3325 5837 69
3376 5797 3447 5840 ex
3471 5783 3576 5845 ista
3600 5802 3734 5863 pro-
