4206 6170
538 272 650 330 ὓῦὃ

2030 260 2564 324 PBOLEGOMENA.

3718 262 3863 331 “836.

545 384 715 441 vincia
748 399 764 439 :
792 391 847 441 et
882 384 1285 457 Byzacenorum
1312 381 1556 455 epistolas
1605 379 1882 453 synodica:
1916 378 1987 435 «l6
2021 380 2138 449 epi-
2166 378 2224 441 Α
2248 388 2494 437 nostrum
2546 382 2793 437 numeris
2842 382 3096 439 omnibus
3145 383 3456 441 absolqu
3487 395 3544 441 et
3570 389 3891 445 erroribus.

542 478 713 549 scopi.
744 479 814 534 At
858 478 1049 547 ejectis
1074 492 1143 533 ex
1190 475 1369 532 Africa
1410 476 1674 532 Romanis
1703 490 1800 545 per
1818 474 2143 543 Saracenos,

545 571 856 627 tristissima
895 570 993 626 fuit
1024 569 1286 626 Ecclesiae
1325 568 1597 626 Africana:
1645 569 1834 633 facies.
1881 576 1938 624 et
1987 566 2145 639 pauci

546 659 838 719 admodum
863 663 917 717 in
945 677 1009 718 ea
1041 661 1261 718 fuerunt
1285 662 1564 733 episcOpi;
1588 661 1660 717 ita
1687 668 1747 716 ut
1771 658 2019 731 Gregorii
2054 657 2145 713 Vll

547 767 792 826 tempore
840 756 933 812 vix
974 765 1086 812 tres
1111 756 1365 812 habuerit
1401 757 1715 826 episcopos,
1764 763 1822 809 ut
1861 768 1929 809 ex
1984 752 2147 823 hujus

543 850 791 921 epistolis
827 849 1124 919 colligitur,
1170 849 1474 914 praesertim
1517 849 1555 902 l.
1585 863 1643 903 ιιι
1664 888 1682 915 ,
1710 862 1799 917 ep.
1829 846 1916 917 l9,
1946 846 2148 915 scripta

546 956 689 997 anno
719 940 885 1008 1076,
928 943 1020 996 ubi
1066 942 1144 996 ait
1182 940 1499 1012 pervenisse
1526 939 1593 995 ad
1631 954 1791 994 aures
1816 952 1942 994 suas
1970 954 1985 993 :
2009 937 2148 1007 quod

545 1033 728 1104 Ali-ica
750 1049 866 1105 qua:
894 1049 1018 1103 pars
1041 1034 1224 1088 ntundi
1253 1050 1362 1087 esse
1396 1032 1607 1092 dicitur.
1636 1046 1851 1109 quisque
1875 1032 2030 1084 etiam
2054 1045 2151 1084 att-

549 1126 790 1198 tiquitus,
811 1126 1008 1197 vigente
1022 1124 1091 1179 ibi
1112 1122 1522 1189 Christianitate,
1546 1123 1771 1178 maxime
1793 1122 2150 1194 episcoporum

546 1232 759 1272 numero
786 1216 1079 1288 regebatur,
1114 1216 1183 1271 ad
1211 1226 1411 1273 tantum
1440 1215 1730 1287 periculum
1759 1213 2047 1279 devenerit,
2094 1221 2150 1267 ut

551 1309 605 1363 in
634 1309 927 1365 ordinando
957 1311 1200 1381 episcopo
1230 1319 1329 1365 tres
1372 1326 1475 1363 non
1514 1309 1696 1364 habeat
1720 1308 2008 1378 episcopos.
2040 1306 2147 1362 lbi-

551 1401 673 1458 dem
704 1403 801 1470 ait,
829 1417 888 1458 se
914 1417 1089 1473 nuper
1118 1418 1335 1458 manum
1368 1402 1530 1458 alicui
1566 1402 1913 1472 imposuisse,
1940 1400 2035 1471 qui
2060 1414 2145 1456 se-

546 1495 754 1551 cundus
797 1504 943 1552 esset
980 1497 1297 1567 episcopus;
1328 1504 1530 1552 etcum
1575 1496 1788 1551 tertium
1830 1493 2147 1565 expostula-

545 1597 666 1645 rent
714 1598 772 1644 ιιι
821 1605 919 1661 per
970 1605 1070 1646 eos
1116 1590 1209 1645 alii
1257 1590 1502 1646 ordinari
1555 1599 1813 1659 possent,
1858 1586 2053 1644 scribit
2095 1587 2149 1641 in

544 1696 632 1751 cp.
659 1696 728 1735 xx
747 1723 761 1747 ,
791 1681 859 1736 ad
883 1681 1089 1736 clerum
1121 1690 1174 1737 et
1206 1682 1466 1753 poltulum
1497 1680 1934 1752 Hipponenscm,
1962 1687 2017 1735 et
2036 1694 2147 1743 χιι,

2248 488 2481 529 vacuum
2534 474 2800 529 audemus
2837 474 3131 531 afﬁrmare.
3186 477 3402 533 Scimus
3428 493 3593 549 quam
3621 494 3850 550 pronum

2250 566 2320 620 sit
2348 576 2404 621 et
2432 567 2587 624 facile
2615 568 2669 623 in
2700 566 2787 623 his
2806 568 2972 624 rebus
3001 569 3109 626 labi
3130 608 3145 635 ,
3177 570 3341 626 etiam
3370 572 3850 631 virisdoctissimls

2249 667 2305 714 et
2347 659 2402 714 in
2454 647 2622 716 rebus
2668 660 2981 731 huiusmodi
3009 663 3416 721 versatissimis.
3449 664 3716 737 Exemplo
3750 669 3855 724 erit

2252 750 2350 805 viri
2381 751 2737 808 eruditissimi
2770 753 3035 811 Holstenii
3064 756 3116 810 in
3144 755 3245 812 hoc
3271 759 3493 827 negotio
3517 758 3705 829 lapsus
3726 801 3741 827 ,
3764 761 3857 832 qui

2251 842 2392 899 inter
2421 846 2772 916 episcopatus
2800 846 2999 903 African
3031 858 3285 904 numerat
3317 847 3815 921 Vicumonigratem
3839 870 3856 908 :

2261 935 2448 1003 Vicus,
2483 939 2689 1009 inquit,
2722 938 2941 1011 Nigrae
2961 942 3015 995 in
3048 943 3309 997 territorio
3360 942 3585 1015 Vagensi
3629 944 3855 1000 Vici—ni-

2252 1032 2415 1101 gratis
2440 1031 2710 1104 episcopus
2738 1033 3040 1101 Gennadio;
3066 1035 3145 1090 De
3181 1037 3473 1093 illustribus
3503 1038 3859 1111 Scriptorilnts

2252 1140 2300 1178 c.
2324 1124 2413 1180 75.
2430 1123 2502 1179 At
2519 1124 2608 1180 hic
2638 1126 3063 1198 legiturlegiqne
3088 1128 3255 1184 debet
3295 1146 3310 1184 :
3364 1130 3633 1203 Asclepius
3659 1134 3717 1186 in
3754 1132 3859 1186 Va-

2253 1216 2397 1288 gensi
2431 1217 2557 1285 (seu
2600 1215 2850 1290 Baieusi)
2895 1219 3154 1274 territorio
3197 1221 3295 1275 vici
3326 1236 3427 1275 non
3486 1223 3697 1292 grandis
3724 1220 3859 1293 Epi-

2252 1323 2457 1379 scapus.
2490 1307 2546 1364 Si
2575 1310 2669 1380 qui
2696 1324 2826 1367 mss.
2857 1312 3078 1367 codices
3103 1313 3264 1369 aliter
3289 1313 3544 1379 habeant,
3577 1326 3633 1369 ut
3656 1315 3858 1371 obser-

2258 1406 2381 1466 vat,
2426 1401 2720 1455 mendosos
2760 1416 2885 1457 esse
2910 1418 3076 1458 nemo
3104 1418 3209 1459 non
3243 1404 3407 1459 videt.
3438 1406 3570 1471 Quis
3583 1407 3731 1461 cnim
3762 1422 3861 1462 au-

2255 1489 2391 1545 divit
2428 1480 2741 1562 ltujusmodi
2776 1510 2971 1549 nomen
3020 1495 3383 1568 Vicus-nigras
3405 1497 3430 1549 7
3451 1497 3578 1552 Erat
3600 1498 3856 1569 equidem

2257 1581 2308 1634 in
2350 1583 2528 1637 Africa
2566 1583 2724 1639 sedes
2766 1583 3105 1657 Nigrensium
3137 1591 3429 1657 maiorum;
3466 1589 3561 1645 scd
3605 1589 3858 1645 Vicus-ni-

2256 1688 2378 1742 gras
2410 1683 2713 1729 monstrum
2737 1686 2819 1729 est
2849 1688 2906 1732 et
2932 1677 3276 1748 ﬁgmentum.
3308 1679 3382 1735 Ita
3404 1682 3568 1737 etiam
3600 1681 3859 1737 Duedem-

543 1771 614 1826 ad
644 1769 769 1827 Azir
791 1788 974 1843 regem
1000 1773 1335 1829 Mauritaniae
1356 1816 1370 1841 ,
1400 1773 1741 1831 Servandum
1770 1774 2149 1844 presbyterum
2182 1767 2226 1827 Β
2254 1762 2332 1816 δαί
2361 1763 2593 1833 Posilum
2615 1782 2712 1835 pro
2736 1782 2770 1820 α
2793 1767 3133 1839 δεηεηιεσιὶε,
3163 1782 3222 1827 ιιι
3241 1771 3477 1828 feliciter
3494 1773 3731 1828 restituit
3751 1774 3860 1828 Ba-

546 1866 613 1921 ad
643 1882 703 1924 se
725 1856 802 1923 ex
832 1868 1015 1923 Africa
1038 1870 1264 1923 missum
1296 1868 1362 1924 ad
1389 1884 1579 1925 eorum
1606 1883 1799 1939 preces
1828 1869 2148 1938 episcotium

543 1973 669 2014 esse
694 1969 1098 2015 consecratum.

616 2051 725 2108 Sed
752 2062 811 2107 ut
836 2053 902 2107 ad
936 2052 1115 2108 felicia
1154 2053 1245 2108 illa
1274 2051 1547 2109 Africanas
1591 2052 1851 2109 Ecclesia:
1904 2059 2149 2120 tempora

542 2141 867 2210 redeamus,
915 2160 1016 2200 nos
1065 2160 1132 2201 ex
1179 2145 1458 2203 veteribus
1510 2146 1881 2202 monumentis
1926 2146 2148 2201 nomina

545 2246 902 2292 sexentorom
936 2238 1226 2309 nonaginta
1257 2240 1674 2309 cpiscopatuum
1707 2240 1760 2293 in
1790 2238 1972 2293 Africa
1998 2239 2147 2293 erui-

545 2344 665 2385 mus
691 2348 706 2385 :
737 2332 789 2386 in
826 2333 1107 2401 provincia
1144 2334 1522 2402 proconsulari
1550 2334 1761 2389 scilicet
1787 2333 1912 2400 156,
1942 2333 1995 2388 in
2026 2332 2142 2388 Nu-

543 2421 706 2476 midia
739 2422 874 2490 155,
930 2425 982 2476 in
1023 2423 1302 2495 Byzacena
1335 2425 1463 2491 155,
1504 2425 1559 2479 in
1611 2425 1931 2480 Mauritania
1962 2424 2145 2480 Caesa-

548 2514 713 2569 riensi
752 2526 808 2571 et
853 2515 1141 2586 Tingitana
1178 2516 1439 2573 totidem:
1467 2520 1520 2574 in
1546 2518 1788 2575 Sitifensi
1817 2520 1912 2584 46,
1944 2519 1997 2574 in
2029 2518 2149 2574 Tri-

553 2607 790 2678 politana
815 2609 871 2676 5,
906 2609 1129 2665 incerta:
1154 2610 1449 2681 provincia:
1477 2609 1567 2678 't'8,
1608 2626 1675 2667 ex
1702 2611 1900 2680 quibus
1933 2610 2150 2682 exurgit

543 2716 806 2757 numeros
833 2702 959 2758 690.
998 2702 1152 2759 Sicut
1178 2714 1359 2761 autem
1391 2718 1585 2759 omnes
1612 2704 1957 2773 episcopales
1987 2704 2147 2760 sedes

547 2795 745 2851 Africa:
782 2796 866 2851 bis
894 2797 1281 2867 comprehendi
1329 2796 1604 2853 affirmare
1648 2812 1757 2853 non
1798 2812 2043 2868 possum,
2070 2798 2145 2852 ita

548 2904 650 2946 nec
692 2890 867 2945 ausim
920 2906 1168 2947 asserere
1198 2894 1314 2946 ll$C
1343 2893 1523 2946 omnia
1573 2892 1689 2945 I003
1720 2905 1829 2945 uno
1855 2906 1922 2945 ex
1955 2889 2144 2945 eodem

548 2990 795 3055 tempore
842 2985 1002 3039 simul
1050 2985 1207 3041 sedes
1250 2986 1591 3056 episcoliales
1622 2986 1812 3053 fuisse,
1841 2985 1937 3041 sed
1963 2985 2144 3040 nullus

542 3086 630 3134 cst
655 3094 720 3134 ex
751 3080 817 3134 iis
841 3080 933 3150 qui
964 3095 1073 3135 non
1095 3080 1390 3150 aliquando
1415 3082 1733 3151 episcopum
1776 3080 2054 3148 habuerit,
2086 3088 2146 3135 ut

2254 1855 2450 1923 luzius;
2482 1857 2943 1918 Felicianentensis
2971 1878 3071 1934 pro
3107 1862 3366 1920 Feliciani
3416 1866 3723 1933 Utinm;
3762 1867 3858 1921 Vi-

2254 1950 2419 2005 oeusis
2443 1964 2542 2021 pro
2579 1951 2841 2023 Vinensis,
2889 1963 2947 2012 et
2997 1957 3100 2013 alia
3138 1958 3311 2014 multa
3342 1974 3465 2031 quae
3489 1958 3694 2016 referre
3734 1960 3859 2016 lou-

2251 2060 2379 2116 gutn
2411 2056 2578 2103 esset.

2324 2138 2433 2194 Sed
2463 2148 2752 2211 antequam
2793 2142 3129 2215 singulorum
3155 2145 3571 2218 episcopatuum
3601 2147 3857 2203 notitiam

2251 2231 2626 2304 exhibeamus,
2652 2235 2722 2292 de
2741 2235 3189 2309 Carthaginiensis
3211 2240 3359 2296 urbis
3380 2240 3596 2296 fortuna
3625 2247 3684 2295 et
3716 2241 3854 2306 situ,

2249 2342 2462 2383 necnon
2484 2328 2553 2384 de
2572 2328 2735 2400 hujus
2752 2332 2997 2388 Ecclesia
3028 2342 3085 2388 et
3115 2335 3390 2407 episcopis
3414 2349 3581 2406 pauca
3611 2335 3857 2406 praemit-

2253 2428 2370 2475 tere
2398 2435 2581 2491 opera:
2609 2426 2843 2492 pretium
2871 2439 2994 2481 esse
3011 2425 3292 2483 duximus.

2327 2514 2563 2570 Historia
2585 2516 2731 2572 urbis
2751 2516 3195 2590 Carthagineusis.
3225 2548 3298 2561 -
3317 2519 3635 2588 Caurnaoo,
3658 2520 3711 2576 in
3731 2535 3856 2591 pro-

2251 2609 2429 2662 vincia
2457 2610 2833 2679 proconsulari
2862 2613 3070 2667 notitiae
3093 2629 3244 2669 num.
3263 2615 3288 2669 1
3309 2614 3543 2682 ,Grzecis
3564 2613 3855 2691 Καρχηδὼν

2252 2703 2381 2758 urbs
2408 2705 2723 2771 notissima,
2750 2721 2912 2777 quam
2959 2707 3196 2763 alterum
3254 2717 3377 2778 post
3426 2706 3653 2763 Romam
3702 2709 3856 2763 orbis

2250 2802 2521 2852 terrarum
2549 2798 2715 2854 decus
2737 2799 2979 2869 appellat
3004 2800 3224 2857 Solinus
3242 2799 3575 2873 Polyhistor.
3603 2804 3645 2856 Α
3671 2801 3857 2873 Tyriis

2249 2889 2522 2943 conditam
2554 2906 2678 2946 esse
2706 2893 3043 2947 conveniunt
3067 2907 3278 2960 onmes,
3308 2891 3406 2948 sed
3431 2895 3577 2949 circa
3602 2891 3859 2948 condito-

2248 2994 2371 3033 rum
2404 2995 2601 3037 nomen
2626 2992 2684 3037 et
2708 2993 2923 3053 tempus
2946 3000 3054 3055 quo
3083 2985 3301 3042 condita
3326 2995 3413 3041 est
3442 2988 3652 3042 variant
3676 2986 3857 3057 scrip-

2251 3083 2415 3142 tores,
2444 3086 2503 3130 ut
2532 3076 2772 3133 advertit
2809 3078 3114 3147 Appianus.
3156 3084 3199 3134 Α
3230 3077 3375 3136 Zoro
3402 3090 3460 3136 et
3486 3080 3850 3136 Carchedone

538 3185 607 3227 ex
649 3174 1015 3229 monumentis
1042 3173 1443 3230 Ecclesiasticis
1470 3173 1759 3244 colligitur.
1795 3173 2132 3243 Quamquam
2169 3158 2216 3222 C
2247 3170 2520 3224 conditam
2558 3172 2808 3227 scribunt
2855 3172 3119 3229 Philistus
3160 3174 3303 3244 apud
3353 3174 3674 3243 Eusebium,
3720 3173 3855 3231 Ste-

538 3275 722 3322 autem
753 3268 1137 3337 plerarumque
1181 3252 1392 3324 sedium
1436 3269 1826 3339 episcopalium
1864 3269 2141 3338 provincia

541 3357 759 3414 detecta
783 3360 967 3426 fuerit,
991 3360 1149 3431 longe
1175 3361 1353 3414 minor
1374 3370 1460 3416 est
1488 3376 1748 3415 numerus
1777 3375 1986 3429 earum,
2010 3376 2143 3432 qua-

542 3466 664 3506 rum
695 3461 877 3508 certus
906 3453 1043 3508 situs
1079 3454 1132 3507 in
1165 3454 1371 3510 Tabula
1405 3454 1780 3525 Geographica
1806 3457 1984 3524 potuit
2007 3457 2144 3511 assi-

534 3541 712 3611 gnari.
746 3541 879 3598 Nam
906 3543 1015 3601 257
1044 3544 1421 3598 tantummodo
1467 3546 1715 3601 locorum
1749 3547 2139 3616 episcotialium

539 3634 869 3705 positionem
921 3646 1124 3691 certam
1171 3635 1586 3706 deprehendere
1628 3639 1806 3708 potuit
1837 3648 2027 3694 auctor
2055 3650 2139 3695 ta-

438 3791 459 3797 -
540 3725 683 3782 bula:
704 3727 1055 3796 quantumvis
1080 3743 1245 3799 sagax
1271 3739 1321 3784 et
1357 3730 1407 3783 in
1446 3728 1530 3785 bis
1562 3729 1723 3785 rebus
1749 3743 1994 3786 versatus
2028 3748 2140 3787 :ex

542 3820 610 3874 iis
657 3832 896 3888 exstant,
942 3823 997 3877 in
1042 3823 1420 3879 Proconsulari
1457 3823 1547 3888 52,
1575 3822 1630 3878 in
1670 3824 1921 3880 Numidia
1948 3827 2050 3891 71,
2082 3827 2137 3880 in

539 3911 823 3982 Byzacena
850 3912 958 3980 51,
1000 3914 1055 3969 in
1087 3915 1405 3970 Mauritania
1435 3916 1758 3971 Caesariensi
1791 3919 1881 3983 51,
1917 3917 1970 3971 in
2009 3917 2140 3974 Siti-

537 4004 681 4061 fensi
707 4006 803 4074 46,
836 4006 1189 4077 Tripolitanae
1224 4023 1359 4065 vero
1393 4010 1634 4080 quinque
1660 4009 1822 4065 urbes
1851 4011 2138 4081 episctipa~

537 4098 619 4155 les
648 4108 810 4155 notae.
839 4099 1018 4171 Atque
1053 4109 1111 4154 ut
1137 4100 1312 4156 lector
1345 4102 1529 4157 statim
1557 4101 1843 4172 intelligat,
1897 4117 2018 4172 quae
2045 4118 2133 4158 se-

536 4192 637 4248 des
658 4192 712 4248 in
743 4193 922 4248 tabula
950 4194 1140 4249 locatae
1163 4194 1293 4263 sint,
1318 4210 1397 4250 eae
1418 4194 1742 4250 asteriscum
1774 4196 1971 4251 habent
2000 4211 2136 4266 prae-

538 4284 725 4352 ﬁxum,
755 4302 823 4342 ne
852 4285 1049 4340 frustra
1082 4286 1291 4342 laboret
1319 4288 1371 4342 in
1402 4286 1777 4358 perquirendis
1806 4287 1870 4343 iis
1899 4302 2024 4359 quae
2052 4287 2135 4343 lo-

540 4394 664 4434 cum
686 4394 844 4434 suum
871 4378 925 4433 in
959 4381 1136 4436 tabula
1166 4397 1275 4435 non
1307 4381 1526 4437 habent.

605 4472 878 4529 Caeterum
908 4473 1069 4543 longe
1099 4474 1361 4543 majorem
1397 4490 1563 4546 quam
1600 4476 1633 4529 ii
1664 4476 1754 4545 qui
1779 4486 1904 4530 ante
1939 4488 2039 4530 nos
2068 4489 2131 4530 ea

2249 3260 2461 3327 phauus
2486 3261 2557 3318 de
2584 3263 2829 3329 urbibus,
2860 3275 2916 3318 et
2941 3263 3241 3335 Appianus.
3273 3264 3505 3321 Romani
3530 3275 3588 3323 et
3614 3268 3858 3323 Cartha-

2243 3354 2502 3422 ginenses
2528 3371 2558 3409 a
2589 3356 2796 3412 Didone
2833 3357 3063 3413 muliere
3094 3358 3239 3429 Tyro
3283 3359 3548 3428 profecta.
3580 3357 3688 3414 Alii
3714 3358 3856 3415 Car-

2247 3444 2520 3516 tbaginem
2554 3462 2665 3502 non
2690 3462 2798 3503 uno
2821 3457 3070 3520 tempore
3090 3451 3373 3506 conditam
3397 3452 3749 3507 arbitrantur.
3784 3452 3855 3507 Et

2244 3539 2480 3605 priorem
2494 3540 2709 3609 quidem
2724 3542 2907 3596 sedem
2924 3541 3090 3597 fuisse
3102 3542 3451 3620 ﬁgamque:
3463 3558 3651 3600 eorum
3664 3545 3853 3614 lingua

2242 3628 2416 3685 Busra
2439 3632 2745 3700 dicebatur,
2777 3634 2882 3689 hoc
2908 3644 3014 3700 est,
3047 3651 3164 3690 arx.
3195 3636 3253 3691 ld
3277 3637 3422 3691 enim
3451 3636 3719 3707 signiﬁcat
3742 3652 3851 3692 vox

2243 3720 2346 3777 ista
2375 3724 2517 3793 apud
2546 3724 2835 3781 Phoenices
2863 3735 2920 3781 et
2949 3727 3238 3794 Hebraeos,
3274 3729 3367 3798 qui
3411 3730 3570 3783 unius
3590 3740 3744 3784 erant
3768 3729 3856 3783 la-

2243 3815 2360 3883 bii,
2416 3816 2683 3874 llebraice
2756 3822 2938 3887 mn,
2998 3821 3142 3891 quod
3214 3835 3358 3875 nunc
3426 3822 3854 3891 pronuntiamus

2242 3907 2450 3964 Botsra.
2476 3912 2838 3968 Posteriorem
2870 3928 3001 3970 vero
3030 3915 3219 3970 urbem
3242 3915 3443 3971 dictam
3473 3930 3596 3970 esse
3618 3915 3853 3970 Cartha-

2240 4006 2421 4072 ginem
2469 4020 2497 4058 a
2535 4006 2705 4061 verbo
2757 4005 2961 4075 pariter
3010 4007 3293 4064 thnicio
3342 4006 3848 4079 Karlth/radtlta,

2241 4096 2384 4163 quod
2411 4098 2659 4153 Νεάπολιν
2679 4112 2780 4154 seu
2803 4096 3007 4153 Novam
3035 4100 3211 4154 urbem
3238 4099 3531 4170 signiﬁcat,
3563 4110 3621 4155 ut
3647 4100 3853 4156 distiu-

2240 4197 2494 4257 gueretur
2515 4207 2544 4244 ιι
2576 4191 2746 4247 veteri
2774 4192 2909 4248 urbe
2929 4235 2943 4259 ,
2974 4207 3095 4263 qua:
3131 4194 3370 4264 ipsorum
3405 4194 3585 4264 lingua
3615 4193 3852 4265 Καδμεῖα

2238 4280 2539 4337 dicebatur.
2573 4283 2651 4339 De
2684 4294 2929 4354 tempore
2962 4299 3072 4354 quo
3109 4286 3329 4341 condita
3363 4296 3479 4353 est,
3510 4290 3646 4341 mira
3674 4290 3849 4343 etiam

2237 4377 2562 4443 scriptorum
2587 4376 2841 4432 varietas.
2874 4376 3010 4432 Tres
3034 4377 3179 4432 circa
3202 4377 3325 4448 ejus
3342 4378 3603 4449 epocliam
3624 4380 3851 4449 Opinio-

2239 4483 2336 4525 nes
2377 4472 2544 4526 refert
2575 4470 2846 4526 Eusebius
2875 4472 2932 4525 in
2962 4471 3236 4528 Chronico
3266 4490 3279 4525 :
3312 4472 3542 4543 primam
3594 4473 3846 4542 Philisti,

534 4563 604 4620 de
648 4580 708 4620 re
746 4566 1085 4635 scripserunt
1130 4566 1538 4637 episcopatunm
1570 4568 1801 4638 singulis
1836 4567 2134 4637 provinciis
2163 4577 2211 4638 ι)
2238 4562 2330 4632 qui
2361 4577 2481 4618 eam
2514 4575 2733 4620 revocat
2758 4564 2826 4618 ad
2854 4564 3532 4621 numerum-Eusebianum
3561 4566 3702 4633 808,
3736 4567 3854 4623 hoc

527 4658 924 4729 assignatorum
974 4674 1260 4715 numerum
1310 4661 1612 4715 invenimus
1651 4676 1665 4714 :
1707 4658 1864 4730 longe
1895 4658 2126 4728 plurium

530 4752 695 4808 etiam
739 4753 901 4807 situm
953 4751 1318 4822 deprehendit
1359 4762 1416 4807 et
1453 4752 1656 4806 notavit
1684 4761 1874 4807 auctor
1905 4752 2124 4808 tabulae.

531 4840 727 4896 Multos
775 4855 994 4898 errores
1043 4842 1384 4909 sustulimus,
1428 4841 1787 4913 Episcopatus
1836 4844 2125 4918 plures_in

530 4949 696 4988 unum
731 4944 1048 5003 compactos
1071 4935 1377 5001 divisimus,
1410 4936 1662 4991 eumdem
1691 4935 1886 5006 smpius
1920 4938 2022 4993 sub
2042 4936 2127 4992 di-

526 5025 698 5081 versis
724 5027 1036 5083 nominibus
1063 5026 1353 5098 repetitum
1372 5068 1388 5093 ,
1416 5042 1588 5085 unum
1616 5028 1720 5084 sub
1747 5045 1878 5086 vero
1902 5032 2125 5088 nomine

524 5118 707 5172 sortiri
755 5119 933 5174 locum
971 5120 1258 5190 jussimus,
1309 5119 1590 5178 subdititia
1643 5124 1858 5180 nomina
1909 5125 2125 5181 sustuli-

524 5226 678 5279 ntus,
708 5212 970 5269 mendosa
992 5224 1088 5270 aut
1118 5230 1401 5287 perperam
1447 5219 1647 5289 scripta
1684 5218 2117 5276 emendavimus.

524 5306 799 5376 Quantum
827 5317 1008 5364 autem
1038 5309 1092 5362 in
1125 5309 1208 5365 his
1231 5310 1646 5380 perfecerimus,
1680 5313 1948 5384 intelliget
1973 5316 2119 5385 quis-

519 5401 642 5470 quis
691 5400 923 5456 volucrit
969 5402 1218 5456 notitiam
1273 5411 1514 5458 nostram
1567 5419 1691 5459 cum
1726 5405 1903 5460 Caroli
1959 5421 1990 5461 a
2051 5406 2111 5463 S.

514 5493 687 5549 Paulo
718 5494 908 5549 notitia
934 5508 1270 5562 comparare.
1296 5492 1474 5548 Nolim
1496 5495 1658 5565 huius
1678 5496 1782 5550 viri
1809 5496 2111 5552 eruditioni

2235 4666 2318 4711 cst
2346 4658 2414 4712 27
2443 4658 2603 4714 annis
2632 4669 2758 4713 ante
2788 4659 3007 4729 'l‘rojam
3037 4658 3311 4715 conditam
3358 4659 3655 4717 secundum
3684 4676 3853 4716 enm-

2233 4749 2356 4805 dem
2391 4750 2705 4807 Eusebium.
2741 4750 2887 4808 Idem
2924 4750 3192 4808 Eusebius
3220 4752 3287 4807 ad
3315 4768 3514 4809 annum
3537 4753 3664 4822 9⁵11,
3696 4753 3852 4810 Car-

2233 4841 2505 4913 thaginem
2552 4844 2825 4899 conditam
2869 4859 2993 4899 esse
3044 4846 3122 4899 ait
3172 4861 3323 4903 anno
3376 4857 3501 4917 post
3538 4847 3850 4918 Troianum

2233 4936 2433 4993 bellum
2476 4936 2593 4993 145.
2630 4940 2865 4995 Demum
2898 4940 2965 4994 ad
2993 4953 3197 4995 annum
3233 4940 3372 4998 1167
3395 4945 3651 4999 observat
3671 4956 3852 5014 quos-

2230 5029 2356 5084 dam
2400 5030 2502 5085 hac
2548 5040 2707 5087 aetate
2752 5030 3027 5086 conditam
3062 5030 3386 5089 existimare
3420 5032 3848 5105 Carthaginem,

2230 5135 2333 5192 qua
2364 5123 2419 5177 in
2447 5125 2719 5179 sententia
2746 5130 2833 5179 est
2874 5124 3087 5193 Trogus
3131 5123 3424 5195 Pompeius
3471 5128 3561 5196 qui
3603 5124 3852 5184 Cartha-

2228 5217 2410 5286 ginem
2438 5218 2818 5274 conditam-ait
2866 5218 2939 5275 7'5
2965 5219 3121 5273 annis
3148 5230 3274 5276 attte
3302 5221 3527 5292 primam
3550 5219 3851 5294 Glympia-

2230 5310 2353 5366 dcm
2375 5354 2388 5376 ,
2414 5312 2558 5382 quod
2588 5328 2712 5369 cum
2748 5314 2852 5369 hoc
2887 5328 3031 5389 anno
3056 5317 3355 5369 concurrit.
3386 5315 3458 5371 At
3486 5315 3710 5371 Didonis
3739 5315 3851 5372 ad-

2221 5417 2415 5463 vemus
2444 5423 2511 5463 ex
2532 5408 2817 5463 annalibus
2840 5407 3249 5463 Phosniciornm
3272 5410 3451 5480 colligi
3476 5419 3687 5478 potest;
3706 5420 3847 5467 nam

2221 5499 2291 5554 ab
2321 5501 2473 5556 initio
2499 5500 2663 5557 lromi
2683 5500 2972 5573 Tyriorum
2997 5502 3173 5573 regis,
3211 5504 3366 5572 cujus
3396 5518 3540 5560 anno
3574 5504 3664 5568 11.
3695 5513 3847 5559 tem-

508 5595 565 5641 et
599 5587 777 5645 labori
809 5588 1100 5659 qmdquam
1131 5587 1435 5644 detractam
1470 5606 1483 5643 :
1513 5598 1571 5645 at
1618 5588 1894 5645 affirmare
1942 5592 2116 5647 ausim
2220 5593 2366 5662 plum
2399 5594 2806 5650 Salomonicum
2833 5604 3075 5652 erectum
3107 5598 3278 5654 fuisse
3307 5604 3523 5653 constat
3558 5611 3626 5652 ex
3654 5596 3844 5653 sacris

500 5675 554 5728 in
592 5681 725 5751 «qus
750 5682 936 5737 notitia
967 5686 1024 5736 et
1049 5680 1228 5738 tabula
1257 5678 1546 5752 plusquam
1575 5677 1844 5738 ducentos
1869 5696 1995 5740 esse
2025 5700 2114 5741 er-

486 5772 747 5831 roresiu
775 5786 914 5844 quos
938 5785 1047 5829 non
1092 5770 1440 5849 inpegimus.
1484 5773 1606 5832 Nec
1651 5782 1939 5847 propterea
1979 5790 2116 5848 opus

2223 5683 2444 5753 litteris,
2469 5685 2538 5741 ad
2566 5700 2765 5743 annum
2794 5689 3086 5760 septimum
3112 5689 3483 5761 Pygmalionis
3531 5703 3640 5759 quo
3689 5687 3846 5745 Dido

2225 5779 2278 5835 in
2302 5779 2526 5852 Libyam
2554 5779 2814 5855 profugit,
2858 5782 3133 5842 llume
3183 5785 3315 5840 anui
3360 5784 3486 5841 l38.
3538 5782 3847 5840 Concurrit
