4206 6170
505 282 612 341 859

1904 279 1913 287 ’
1950 260 2323 321 PROLEGOM
2329 258 2490 317 ENA.

3710 250 3816 309 840

507 396 705 455 Strabo
728 389 1170 464 Geographorum
1191 425 1207 450 ,
1236 398 1465 458 quorum
1486 381 1686 452 scripta
1714 380 1782 436 ad
1812 394 1909 435 nos
1931 393 2107 435 vene-
2136 383 2183 442 Α
2215 374 2568 448 fundamentis
2593 387 2702 429 xxx
2727 371 2939 445 pedum,
2971 369 3192 443 singula
3219 369 3661 443 contignationum
3692 383 3823 439 qua-

509 505 593 555 re,
633 485 1062 555 antiquissimus,
1103 480 1171 535 de
1212 476 1557 548 Carthaginis
1595 475 1699 529 situ
1747 472 1826 528 sic
1873 472 2105 527 scribit:

510 582 803 643 Gaurano
842 578 895 631 in
937 573 1213 647 peninsula
1249 569 1474 644 quadam
1506 573 1672 643 jacet,
1712 583 1826 637 qua:
1864 567 2110 620 ambitum

513 672 661 728 habet
680 669 965 726 stadiorum
993 679 1163 722 ccccx
1196 679 1342 718 muro
1376 662 1622 727 cinctum,
1663 658 1814 731 cujus
1839 659 2112 730 sexaginta

510 764 797 823 stadiorum
837 758 1212 832 longitudinem
1254 756 1441 811 collum
1478 762 1715 819 occupat,
1759 751 1896 822 quod
1922 768 1953 805 a
1981 749 2115 803 mari

514 856 583 912 ad
610 870 750 910 mare
787 853 1026 924 pertinet,
1065 850 1152 905 ubi
1198 847 1683 917 Carthaginensium
1717 844 1975 916 elephanti
2002 851 2108 897 sta-

517 947 639 1002 bula
662 945 914 1001 habebant
937 984 953 1010 ,
981 952 1027 997 et
1064 942 1206 996 locus
1237 938 1586 1009 amplissimus
1613 946 1707 992 est.
1738 934 1807 989 In
1826 934 1996 993 media
2026 950 2116 987 ur-

519 1041 579 1096 be
605 1056 703 1095 arrc
731 1039 851 1111 fuit,
890 1052 1044 1107 quam
1084 1032 1306 1105 Byrsam
1339 1038 1604 1095 vocarunt,
1632 1027 1967 1099 supercilium
1993 1025 2119 1080 satis

516 1142 779 1195 erectum,
826 1131 1019 1184 circum
1071 1127 1211 1180 circa
1257 1124 1582 1187 habitatum,
1632 1122 1688 1175 in
1741 1124 1891 1193 cujus
1938 1121 2119 1173 vertice

514 1223 816 1294 Esculapii
845 1220 1110 1291 templum
1142 1226 1269 1282 erat,
1307 1216 1444 1287 quod
1485 1212 1782 1270 Asdrubalis
1809 1227 1939 1266 uxor
1968 1219 2120 1277 capta

518 1319 642 1372 urbe
676 1332 847 1372 secum
873 1312 1231 1369 concremavit.
1264 1308 1384 1363 Arci
1413 1316 1590 1376 portus
1619 1305 1905 1378 subjacent,
1946 1310 1994 1356 et
2022 1300 2123 1357 Co-

519 1410 647 1466 thon
674 1424 832 1480 parva
866 1406 1040 1462 insula
1078 1421 1141 1458 ac
1177 1401 1402 1457 rotunda
1434 1397 1638 1466 Euripo
1674 1394 2017 1460 circumdata;
2052 1391 2122 1446 ad

521 1502 673 1572 cujus
710 1507 979 1568 utramque
1014 1504 1213 1567 portent
1252 1501 1370 1547 sunt
1408 1492 1461 1545 in
1502 1491 1675 1545 orbem
1713 1487 1939 1542 navalia.
1980 1484 2117 1539 Eam

521 1596 696 1650 urbem
722 1592 861 1648 Dido
888 1589 1120 1647 condidit
1156 1586 1292 1659 Tyro
1315 1627 1330 1651 ,
1371 1584 1565 1639 colonis
1592 1599 1649 1637 eo
1679 1581 1947 1645 adductis,
1993 1594 2121 1650 pro-

524 1690 681 1758 fecta.
714 1685 782 1739 Et
818 1684 946 1739 adeo
985 1682 1111 1737 bene
1139 1680 1287 1735 cessit
1314 1677 1422 1732 haec
1451 1674 1626 1731 Poenis
1656 1672 1878 1737 colonia,
1910 1683 2017 1727 etc.
2048 1669 2118 1725 Et

2217 477 2355 520 tuor.
2401 464 2542 520 Muri
2568 481 2684 520 vero
2714 463 2782 517 ad
2806 463 3082 519 secundam
3109 464 3537 537 contignationem
3558 461 3823 534 pertinge-

2217 558 2360 614 bant.
2388 558 2556 613 Erant
2580 568 2753 613 autem
2779 557 3023 629 fornicati
3052 564 3101 611 et
3134 572 3348 626 capaces
3375 555 3427 610 in
3459 570 3682 627 quorum
3700 554 3823 624 infi-

2215 668 2300 705 ma
2320 662 2466 723 parte
2491 666 2586 706 ccc
2613 648 2869 719 elephanti
2889 648 3309 714 stabulabantur,
3346 647 3610 721 adjunctis
3635 644 3813 717 pabuli

2217 742 2613 817 prontptuariis.
2648 741 2902 813 Superius
2927 750 3073 796 erant
3098 749 3315 811 quatuor
3336 738 3555 793 millium
3575 753 3823 809 equorum

2218 837 2418 893 stabula
2439 853 2557 891 cum
2582 836 2759 891 hordei
2780 835 3061 906 penuariis.
3098 833 3343 888 Virorum
3366 848 3567 902 quoque
3587 831 3825 885 diverso-

2219 932 2322 999 ria,
2362 947 2434 987 xx
2478 931 2699 985 millium
2738 930 2984 1003 peditum,
3041 938 3261 996 quatuor
3309 926 3530 981 millium
3573 924 3823 994 equitum.

2220 1024 2417 1081 Tantus
2437 1035 2720 1096 apparatus
2740 1024 2951 1079 bellicus
2980 1006 3300 1078 ordinarium
3328 1022 3499 1076 locum
3528 1019 3740 1074 habebat
3772 1019 3826 1073 in

2222 1119 2347 1174 solis
2376 1118 2648 1173 montibus.
2680 1118 2913 1191 Angulus
2942 1126 3114 1170 autem
3138 1156 3152 1178 ,
3190 1114 3279 1187 qui
3303 1114 3366 1167 ab
3394 1114 3488 1167 hoc
3517 1128 3665 1166 muro
3694 1127 3830 1180 prce.

2227 1219 2302 1265 ter
2322 1211 2514 1265 dictam
2548 1210 2776 1281 linguam
2799 1208 2867 1261 ad
2892 1215 3071 1278 portus
3092 1205 3410 1277 ﬂectebatur,
3434 1207 3574 1259 solus
3601 1212 3712 1259 erat
3733 1203 3828 1259 de-

2225 1301 2341 1356 bilis
2366 1311 2413 1357 et
2452 1301 2685 1366 humilis,
2735 1299 2992 1370 neglectus
3024 1314 3057 1351 a
3090 1297 3367 1368 principio.
3418 1294 3488 1350 Hi
3530 1305 3710 1367 portus
3753 1296 3829 1350 sic

2227 1404 2371 1448 erant
2398 1394 2665 1465 dispositi,
2697 1402 2754 1446 ut
2788 1391 3049 1463 navigatio
3078 1398 3206 1445 esset
3246 1406 3310 1444 ea:
3336 1389 3441 1443 alio
3464 1388 3519 1442 in
3547 1388 3708 1443 alium
3728 1430 3745 1455 ,
3778 1398 3828 1443 et

2224 1487 2288 1542 ab
2328 1488 2434 1542 alto
2473 1503 2631 1541 unum
2672 1501 2940 1540 commune
2975 1501 3031 1538 os
3076 1482 3279 1552 patebat
3312 1481 3473 1537 latunt
3512 1481 3661 1553 pedes
3700 1499 3829 1548 ιιι,

2228 1581 2366 1651 quod
2394 1579 2729 1635 claudebatur
2765 1578 2960 1634 catenis
2990 1579 3187 1650 ferreis.
3234 1575 3444 1632 Primus
3474 1584 3649 1648 portus
3674 1593 3834 1648 nego-

2227 1676 2469 1730 tiatorum
2494 1684 2625 1737 erat,
2654 1683 2702 1727 et
2727 1676 2779 1727 in
2810 1691 2868 1728 eo
2895 1673 3121 1731 taberna:
3147 1672 3198 1726 in
3222 1680 3499 1725 nautarum
3521 1687 3671 1725 usum
3692 1670 3833 1725 mul-

524 1796 684 1838 mox:
712 1778 910 1845 Quibus
932 1775 1111 1849 opibus
1131 1774 1237 1838 usi,
1261 1770 1688 1842 Carthaginenses
1708 1766 1921 1833 scilicet,
1951 1765 2127 1819 urbem

2237 1778 2298 1824 tce
2334 1769 2465 1824 varii
2500 1768 2723 1840 generis.
2769 1766 3042 1821 Interioris
3069 1781 3185 1820 vero
3228 1774 3409 1836 portus
3449 1764 3503 1818 in
3534 1762 3702 1817 medio
3732 1762 3836 1833 fuit

525 1889 674 1931 suam
721 1871 901 1927 Romae
944 1868 1183 1925 (tantulam
1221 1870 1405 1937 fecere,
1447 1872 1497 1918 et
1543 1863 1642 1916 tria
1682 1861 1909 1915 maxima
1952 1867 2131 1912 contra

528 1965 793 2021 Romanos
840 1962 972 2017 bella
1030 1975 1248 2032 gessere.
1311 1954 1800 2028 Carthaginensium
1847 1951 2130 2023 potentiam

530 2061 752 2113 maxime
776 2072 840 2111 ea:
869 2054 1049 2109 ultimo
1079 2068 1253 2107 eorum
1291 2049 1424 2104 bello
1453 2049 1708 2104 aestimare
1739 2050 1905 2117 possis
1926 2086 1941 2110 ,
1971 2060 2071 2115 quo
2099 2059 2132 2097 a

532 2152 779 2223 Scipione
808 2146 1098 2203 .«Emiliano
1125 2144 1226 2217 ipsi
1246 2142 1448 2208 devicti,
1474 2150 1519 2196 et
1540 2140 1657 2195 urbs
1677 2139 1790 2194 solo
1808 2146 1886 2193 est
1905 2145 2110 2207 (equam

528 2250 690 2306 Initio
716 2248 851 2303 enim
898 2247 1008 2315 ejus
1037 2243 1156 2299 belli
1180 2256 1278 2298 ccc
1308 2240 1456 2295 urbes
1482 2238 1534 2293 in
1563 2237 1740 2307 Africa
1764 2232 2014 2288 habebant
2036 2248 2055 2285 :
2076 2246 2130 2284 in

528 2343 656 2399 urbe
683 2341 951 2397 hominum
976 2336 1140 2392 millia
1169 2335 1512 2406 septingenta.
1550 2328 1754 2384 Obsessi
1786 2341 1970 2397 porro,
2001 2332 2048 2379 et
2073 2332 2131 2378 ut

528 2435 599 2491 ad
625 2434 935 2490 deditionem
964 2435 1276 2504 spectarent,
1308 2425 1475 2479 coacti
1501 2431 1782 2477 armatura:
1810 2420 1980 2493 gravis
2013 2427 2124 2472 tra-

528 2526 768 2582 diderunt
787 2525 1008 2579 ducenta
1027 2520 1214 2587 millia,
1239 2516 1653 2589 catapelticorum
1674 2515 2134 2569 instrumentorum

528 2623 630 2678 tria
660 2620 771 2692 3o
805 2617 991 2685 millia,
1027 2630 1092 2670 ne
1129 2628 1283 2681 porro
1322 2612 1386 2666 iis
1423 2607 1613 2664 bellum
1647 2607 1810 2676 fieret.
1862 2603 1967 2659 Sed
2017 2618 2133 2657 cum

527 2730 706 2771 rursus
733 2712 924 2768 bellum
948 2723 1124 2781 gerere
1147 2704 1488 2761 decrevissent
1508 2742 1524 2767 ,
1555 2714 1676 2754 moa:
1710 2713 1856 2751 arma
1884 2694 2134 2768 fabricari

526 2823 722 2878 erepere
746 2822 764 2861 :
784 2820 846 2859 ac
872 2801 1096 2875 singulis
1121 2797 1300 2854 diebus
1334 2810 1446 2852 cxx.
1490 2792 1659 2865 clypei
1686 2791 1938 2859 compacti
1966 2789 2021 2842 in
2042 2804 2131 2841 ar-

527 2899 837 2956 mentarium
861 2892 1234 2967 referebantur,
1284 2898 1333 2943 et
1360 2887 1523 2961 gladii
1559 2900 1657 2942 ccc
1687 2895 1736 2940 et
1766 2886 1958 2938 lancea:
1982 2881 2135 2951 quin-

528 3002 716 3068 gentae,
753 3000 801 3045 et
828 2988 971 3043 mille
995 2986 1138 3042 tela:
1172 2998 1288 3054 qua:
1321 2998 1349 3037 e
1377 2979 1656 3048 catapultis
1682 2977 2035 3032 mitterentur:
2066 2974 2135 3027 ad

528 3066 748 3155 quarunt
787 3084 938 3153 funes
986 3075 1336 3147 conﬁciendos
1379 3072 1586 3127 ancilla:
1619 3071 1787 3125 crines
1821 3066 2133 3139 praebebant.

2234 1866 2407 1921 insula
2431 1908 2447 1933 ,
2470 1882 2616 1937 quaz,
2648 1865 2781 1920 sicut
2808 1875 2853 1920 et
2881 1873 3062 1934 portus
3079 1906 3093 1923 .
3123 1873 3400 1934 perpetuas
3426 1860 3644 1916 habebat
3669 1860 3840 1931 crepi-

2234 1960 2381 2015 dines
2416 1974 2633 2030 magnas
2663 1956 2929 2012 navalibus
2958 1960 3205 2028 refertas,
3238 1971 3352 2027 qua:
3380 1970 3520 2011 ccxx
3557 1970 3710 2009 naves
3750 1970 3842 2010 ca-

2234 2061 2447 2125 perent:
2489 2051 2569 2105 his
2592 2050 2737 2105 cellte
2759 2049 3117 2113 imminebant,
3146 2047 3237 2102 ubi
3267 2048 3615 2103 condebantur
3640 2047 3839 2100 instru-

2236 2155 2407 2200 menta
2452 2144 2757 2199 triremium.
2820 2141 2993 2197 Unum
3050 2152 3220 2195 autem
3268 2140 3508 2211 quodque
3554 2138 3733 2193 navale
3786 2138 3841 2192 in

2235 2238 2405 2309 fronte
2432 2235 2649 2290 habebat
2669 2235 2801 2289 duas
2819 2236 3085 2288 columnas
3114 2233 3284 2301 operis
3313 2230 3508 2301 Ionici,
3536 2239 3591 2284 ut
3616 2231 3837 2285 circurn—

2234 2328 2568 2399 spicientibus
2615 2334 3045 2396 reprtesentarent
3096 2317 3320 2396 speciem
3360 2324 3591 2396 porticus
3637 2333 3739 2377 tam
3786 2322 3845 2375 in

2240 2433 2393 2498 portu
2433 2439 2588 2496 quam
2631 2423 2685 2476 in
2730 2421 2936 2477 insula:
2980 2421 3032 2473 in
3067 2436 3167 2491 qua
3196 2427 3305 2472 erat
3330 2426 3377 2472 et
3406 2416 3632 2489 praefecti
3664 2415 3847 2470 classis

2236 2517 2555 2591 prtetorium,
2588 2514 2725 2571 unde
2768 2514 2965 2569 tubicen
3003 2513 3196 2568 solebat
3224 2527 3408 2566 canere
3456 2511 3750 2576 classicum,
3798 2518 3845 2563 et

2240 2627 2410 2683 praeco
2433 2610 2655 2674 edicere,
2677 2618 2725 2664 et
2747 2608 3021 2678 prtefectus
3053 2604 3365 2674 prospicere.
3398 2602 3525 2657 Erat
3541 2612 3712 2656 autem
3734 2604 3849 2656 lucc

2236 2703 2412 2758 insula
2440 2703 2517 2757 ori
2551 2709 2728 2771 portus
2755 2699 3015 2771 apposita,
3047 2706 3092 2751 et
3122 2698 3174 2751 in
3200 2696 3412 2768 longum
3441 2695 3667 2764 spatium
3697 2704 3850 2766 pate—

2237 2796 2363 2863 bat,
2398 2806 2454 2851 ut
2497 2795 2768 2867 praefectus
2809 2791 2989 2865 procul
3018 2791 3210 2845 videret
3239 2790 3448 2854 omnia,
3494 2804 3609 2859 quia
3645 2789 3701 2841 in
3730 2787 3844 2842 alto

2240 2889 2441 2958 ﬁerent,
2489 2896 2727 2941 caeterum
2766 2881 3198 2953 adnavigantibus
3234 2898 3337 2935 non
3377 2888 3542 2935 essent
3585 2879 3853 2950 conspicui

2245 2996 2471 3035 recessus
2496 2986 2735 3050 portuum
2758 2992 2777 3029 :
2797 2975 2900 3029 imo
2922 2990 3013 3029 nec
3032 2973 3397 3029 mercatoribus
3417 2972 3623 3043 quidem
3642 2954 3855 3044 portum

2241 3089 2391 3127 suum
2435 3069 2748 3126 intrantibus
2786 3069 2959 3123 statim
3000 3068 3056 3122 in
3099 3076 3375 3136 conspectu
3426 3076 3571 3121 erant
3615 3065 3851 3120 navalia.

527 3177 711 3233 Adhuc
731 3190 884 3230 naves
933 3188 1007 3229 xtl
1044 3169 1296 3225 habebant
1319 3166 1383 3221 ab
1404 3181 1540 3221 anno
1561 3163 1980 3235 quinquagesimo
2000 3175 2027 3213 e
2047 3159 2138 3228 [ως
2167 3164 2213 3227 C
2247 3162 2389 3217 Nam
2415 3161 2732 3217 circumdata
2758 3168 2907 3216 erant
2930 3175 3081 3213 muro
3112 3159 3303 3231 duplici
3329 3174 3349 3212 :
3378 3168 3427 3213 et
3450 3167 3602 3228 porta
3621 3157 3860 3227 negotia-

528 3270 736 3327 deribus
770 3269 826 3323 in
856 3265 1082 3323 secundo
1113 3264 1245 3318 bello
1286 3259 1560 3329 percussis.
1604 3256 1740 3311 Tum
1775 3270 1893 3310 vero
1932 3251 2137 3307 tametsi

528 3364 582 3418 in
603 3379 770 3417 arcem
799 3358 1173 3432 confugissent,
1222 3352 1427 3409 duobus
1452 3348 1713 3405 mensibus
1743 3362 1849 3403 cxx
1878 3360 2029 3400 naves
2051 3361 2139 3398 ca-

529 3457 830 3525 taphractos
860 3457 1281 3512 construxerunt,
1308 3454 1357 3500 et
1386 3459 1505 3498 cum
1526 3440 1771 3497 Cothonis
1798 3439 1985 3493 ostium
2012 3450 2141 3508 prce-

528 3548 664 3605 sidio
698 3552 1056 3618 occuparetur,
1103 3539 1251 3596 aliud
1299 3535 1546 3603 effodere,
1580 3531 1717 3587 unde
1757 3530 1923 3586 subito
1960 3527 2139 3582 classis

529 3639 700 3714 erupit
726 3653 745 3705 ,'
785 3634 958 3693 adhuc
981 3633 1123 3689 enim
1149 3629 1367 3700 antiqua
1392 3624 1630 3680 materies
1657 3623 1711 3676 in
1740 3629 1980 3693 promptu
2006 3627 2135 3687 erat,

530 3742 578 3789 et
624 3731 894 3804 fabrorum
936 3722 1220 3782 multitudo
1258 3717 1483 3793 publicis
1535 3714 1794 3770 alimentis
1847 3720 2139 3767 sustentata

531 3824 675 3896 operi
723 3819 959 3893 faciendo
996 3817 1213 3872 intenta.
1260 3809 1514 3884 Carthago
1555 3817 1727 3861 tamen
1762 3847 1779 3873 ,
1841 3814 1983 3860 tanta
2023 3819 2137 3858 cum

529 3922 682 3981 esset,
714 3921 867 3984 capta
894 3919 966 3967 est
990 3918 1037 3964 et
1066 3907 1253 3963 deleta.
1285 3904 1359 3959 De
1386 3900 1539 3958 Utica
1563 3897 1975 3969 Carthaginiensi
2006 3896 2141 3951 vici-

530 4024 601 4065 na
627 4007 707 4063 sic
732 4004 923 4062 scribit
949 4003 1093 4059 idem
1135 3998 1330 4058 Strabo
1365 3995 1525 4067 paulo
1558 4004 1684 4049 ante
1714 3992 1889 4047 locum
1910 3989 2022 4061 jam
2054 4003 2138 4044 re-

529 4100 756 4156 citatum
784 4118 798 4154 :
834 4094 989 4152 Utica
1008 4104 1060 4149 et
1082 4088 1441 4164 magnitudine
1470 4096 1516 4142 et
1546 4086 1797 4157 dignitate
1818 4082 2047 4138 secunda
2065 4091 2142 4137 est

531 4214 565 4251 a
605 4193 963 4264 Carthagine:
1016 4197 1171 4259 atque
1222 4188 1318 4240 hac
1368 4181 1541 4238 excisa
1574 4189 1730 4250 caput
1769 4176 1991 4249 regionis
2040 4175 2141 4245 fuit

535 4286 893 4369 (μητρόπολις)
924 4296 972 4342 et
1000 4281 1382 4355 receptaculum
1410 4273 1763 4356 (ὁρμητήριον)
1794 4273 2044 4330 Romanis
2071 4271 2141 4326 ad

534 4401 619 4441 res
644 4366 700 4438 in
729 4382 910 4453 Africa
931 4377 1202 4449 gerendas.
1252 4372 1319 4427 In
1349 4374 1528 4428 eodem
1557 4369 1677 4424 sinu
1717 4369 1817 4422 sita
1851 4375 1925 4421 est
1951 4366 2008 4420 in
2038 4378 2139 4435 quo

539 4477 829 4546 Carthago,
860 4473 928 4526 ad
953 4471 1176 4526 alterum
1202 4484 1266 4523 ea:
1286 4463 1653 4538 promontoriis
1674 4503 1690 4530 ,
1720 4476 1835 4533 qua:
1862 4460 2031 4516 sinum
2059 4460 2142 4530 fa-

2245 3270 2378 3316 tores
2421 3275 2449 3313 e
2477 3257 2643 3324 primo
2675 3265 2827 3322 portu
2856 3254 2911 3308 in
2939 3254 3111 3309 urbem
3146 3253 3521 3307 transmittebat
3550 3268 3652 3306 non
3685 3261 3861 3308 trans-

2242 3360 2420 3405 euntes
2451 3364 2540 3419 per
2577 3346 2800 3401 navalia.
2844 3343 2974 3400 Haec
3003 3353 3112 3399 erat
3140 3343 3231 3398 illo
3259 3353 3485 3415 tempore
3530 3342 3690 3410 facies
3722 3341 3858 3397 Car-

2242 3445 2494 3518 thaginis.
2522 3441 2798 3497 Hactenus
2818 3439 2979 3495 verba
2992 3436 3248 3509 Appiani,
3272 3452 3396 3508 quas
3413 3437 3601 3507 juncta
3617 3435 3856 3506 Polyhii,

2241 3538 2376 3594 Livii
2437 3552 2502 3592 ac
2561 3534 2848 3592 Strabonis
2907 3531 3232 3589 testimoniis
3280 3532 3446 3586 situm
3503 3528 3857 3601 Carthaginis

2241 3638 2437 3689 exacte
2471 3634 2887 3709 repraesentant.
2925 3625 3040 3681 Etsi
3079 3633 3259 3680 autem
3299 3622 3595 3694 nequidem
3625 3621 3862 3678 Cartha-

2243 3723 2387 3794 ginis
2429 3720 2628 3776 rudera
2673 3734 2816 3774 nunc
2861 3717 3183 3785 subsistant,
3231 3716 3331 3770 illa'
3352 3724 3533 3771 tamen
3567 3714 3856 3784 peninsula

2242 3814 2541 3871 etiamnum
2565 3826 2595 3866 a
2618 3810 2799 3866 nautis
2823 3809 3260 3866 Promontoriutn
3285 3807 3631 3879 Carthaginis
3659 3804 3862 3879 appel-

2242 3909 2406 3964 latur.

2315 3996 2747 4068 Carthaginenses
2776 3993 3026 4065 episcopi.
3050 4022 3123 4032 —
3143 3990 3362 4048 Primus
3386 4006 3419 4048 e
3450 3987 3862 4060 Carthaginen-

2240 4089 2392 4146 sibus
2418 4087 2689 4157 episcopis
2718 4085 2873 4157 cujus
2898 4083 2965 4139 ad
2996 4097 3094 4138 nos
3122 4085 3383 4141 memoria
3436 4082 3742 4152 pervenerit
3766 4089 3860 4136 est

2242 4180 2585 4239 Acmrrtuus.
2642 4177 2818 4249 Hujus
2869 4174 3200 4232 mentionem
3253 4174 3378 4230 facit
3430 4172 3735 4245 Cyprianus
3762 4187 3858 4241 cp.

2243 4291 2386 4331 nunc
2408 4290 2562 4339 Lxxt,
2587 4272 2654 4327 ad
2681 4271 2963 4341 Quintum,
2988 4268 3082 4324 ubi
3108 4266 3437 4337 baptismum
3461 4265 3862 4321 hzcreticorum

2246 4365 2461 4421 irritant
2483 4379 2608 4421 esse
2627 4361 2987 4425 contendens,
3013 4363 3086 4415 ita
3109 4358 3296 4414 laudat
3322 4356 3605 4429 Agrippini
3628 4357 3867 4411 Cartha—

2244 4455 2493 4526 giniensis
2527 4454 2770 4524 episcopi
2801 4467 2864 4508 ea
2896 4451 2966 4506 de
3007 4465 3069 4505 re
3107 4448 3426 4505 decretum:
3470 4446 3622 4515 Quod
3646 4449 3867 4518 quidem

538 4574 695 4628 ciunt.
733 4541 803 4624 VH
807 4584 954 4624 orum
995 4564 1050 4620 id
1088 4563 1225 4630 quod
1256 4565 1412 4632 juxta
1438 4558 1643 4615 Uticam
1670 4567 1765 4621 est,
1807 4552 2141 4623 Apollonium
2169 4549 2221 4609 D
2247 4557 2294 4602 et
2314 4548 2631 4621 Agrippinus
2660 4545 2809 4600 bona:
2840 4544 3101 4598 memoria:
3126 4543 3220 4607 vir,
3243 4559 3359 4597 cum
3379 4542 3575 4597 cieteris
3592 4541 3869 4613 coepisco-

537 4673 770 4731 vocatur,
801 4662 1023 4717 alterum
1050 4673 1172 4714 vero
1202 4653 1526 4710 Hormwum.
1574 4648 1737 4705 Urbes
1760 4648 1891 4717 ipsa:
1916 4645 1989 4698 ita
2022 4652 2144 4697 sunt

536 4761 670 4825 sitat,
712 4768 769 4814 ut
795 4772 952 4813 unam
989 4752 1157 4827 possis
1182 4764 1246 4805 ea:
1271 4748 1435 4802 altera
1460 4758 1690 4799 cernere.
1728 4738 1901 4808 Prope
1936 4734 2143 4790 Uticam

537 4851 785 4924 Bagrada
810 4825 1000 4920 ﬂuvius
1035 4844 1247 4899 labitur.
1286 4838 1564 4909 Appianus
1608 4828 1915 4887 Alexander
1945 4826 2040 4882 lib.
2071 4825 2142 4883 de

535 4918 699 5000 bellis
737 4918 990 5004 Punicis,
1034 4940 1279 4989 vertente
1319 4926 1635 4985 doctissimo
1661 4920 2008 4994 Sigismundo
2036 4918 2144 4977 Ge-

536 5036 715 5092 lenio:
749 5032 865 5089 Sita
892 5034 1002 5082 erat
1022 5021 1281 5093 Carthago
1301 5022 1356 5075 in
1381 5019 1564 5074 intinto
1586 5018 1702 5072 sinu
1732 5029 1938 5086 magno,
1961 5012 2143 5084 penin-

536 5129 669 5187 sulte
706 5124 909 5180 similis.
948 5115 1133 5175 Cervix
1161 5117 1297 5174 enim
1325 5131 1438 5172 eam
1479 5131 1511 5168 a
1544 5112 1831 5168 continente
1868 5106 2141 5169 separabat

539 5221 773 5284 lataxxv
801 5211 991 5267 stadia.
1033 5210 1109 5264 Ab
1138 5225 1199 5264 ea
1225 5207 1419 5264 cervice
1447 5204 1629 5275 lingua
1653 5202 1892 5274 quwdam
1917 5199 2139 5270 oblonga

538 5305 893 5366 semistadium
938 5303 1080 5365 lata,
1123 5298 1420 5355 excurrebat
1454 5312 1627 5351 versus
1653 5293 1980 5349 Occidentem
2006 5292 2139 5346 inter

540 5409 782 5472 stagnum
826 5404 873 5451 et
914 5408 1073 5459 mare,
1118 5390 1332 5460 rupibus
1373 5388 1602 5457 undique
1645 5387 1862 5450 munita,
1906 5392 1953 5438 et
1989 5398 2139 5436 muro

538 5492 793 5563 simplice.
845 5486 1035 5543 Versus
1076 5482 1346 5537 Meridiem
1382 5491 1426 5535 et
1466 5482 1828 5544 continentem,
1869 5475 1952 5529 ubi
1984 5475 2140 5529 etiam

539 5586 712 5657 Byrsa
752 5590 862 5638 erat
893 5581 952 5635 in
989 5575 1200 5642 cervice,
1237 5588 1416 5628 murus
1446 5570 1636 5654 triplex
1675 5576 1805 5633 erat,
1846 5566 1986 5620 altus
2028 5579 2137 5620 xxx

534 5678 735 5737 cubitos
759 5675 951 5747 absque
980 5664 1385 5743 prapugnaculis
1414 5675 1460 5719 et
1486 5660 1739 5728 turribus,
1771 5677 1886 5733 quae
1906 5658 2141 5713 binorum

523 5772 775 5841 iugerum
803 5768 988 5843 spatiis
1016 5764 1147 5820 inter
1175 5780 1229 5821 se
1255 5758 1510 5816 distabant
1535 5769 1635 5831 per
1671 5755 1972 5819 circuitum,
2002 5752 2141 5808 nixa:

2252 4642 2355 4709 pis,
2395 4640 2485 4710 qui
2519 4639 2611 4694 illo
2643 4646 2872 4707 tempore
2912 4636 2965 4689 in
3006 4635 3270 4707 prouincia
3298 4634 3478 4705 Africa
3515 4644 3562 4689 et
3597 4630 3870 4690 Numidia

2251 4729 2539 4787 Ecclesiam
2562 4729 2774 4785 Domini
2804 4727 3178 4802 gubernabant,
3221 4726 3399 4782 statuit
3436 4735 3484 4781 et
3518 4725 3707 4781 librato
3733 4742 3871 4780 con-

2247 4826 2352 4880 silii
2373 4825 2656 4880 communis
2679 4824 2912 4879 examine
2933 4822 3175 4892 firmavit.
3216 4820 3286 4876 Et
3320 4835 3408 4890 ep.
3442 4835 3635 4887 uxut,
3664 4819 3734 4873 ad
3766 4818 3873 4875 Ju-

2250 4917 2526 4983 baianum,
2559 4917 2610 4969 itt
2643 4930 2747 4987 qua
2779 4915 2894 4969 hanc
2917 4912 3028 4967 ait:
3056 4912 3211 4983 Apud
3256 4928 3351 4966 nos
3377 4921 3549 4966 autem
3587 4926 3690 4965 non
3723 4927 3869 4967 nova

2248 5015 2337 5060 aut
2376 5005 2644 5077 repentina
2684 5021 2765 5061 res
2805 5011 2915 5069 est,
2957 5012 3011 5055 ut
3049 5000 3389 5071 baptizandos
3430 5015 3732 5059 censeamus
3768 5017 3871 5055 eos

2247 5102 2335 5172 qui
2374 5098 2437 5154 ab
2469 5099 2721 5156 haereticis
2757 5095 2826 5152 ad
2868 5095 3155 5150 Ecclesium
3194 5095 3423 5161 veniunt,
3453 5091 3663 5163 quando
3701 5092 3866 5148 multi

2240 5196 2355 5266 jam
2395 5194 2520 5248 anni
2552 5201 2694 5258 sunt,
2736 5200 2783 5247 et
2815 5189 2971 5261 longa
3000 5200 3147 5255 mtas,
3188 5203 3250 5243 ea:
3287 5203 3387 5259 quo
3427 5184 3521 5241 sub
3562 5184 3868 5257 Agrippina

2244 5288 2392 5344 bonte
2411 5288 2668 5342 memoria:
2687 5289 2816 5352 viro,
2844 5285 3198 5340 convenientes
3219 5283 3273 5336 in
3295 5298 3457 5336 unum
3477 5281 3700 5354 episc0pi
3725 5279 3863 5351 ptu-

2244 5381 2363 5435 rimi
2401 5379 2498 5434 hoc
2533 5378 2824 5433 statuerint.
2867 5375 3155 5433 Scribebat
3200 5373 3317 5429 haec
3356 5372 3664 5445 Cyprianus
3704 5386 3864 5428 anno

2247 5474 2375 5541 254,
2415 5490 2523 5544 quo
2570 5481 2815 5542 tempore
2854 5470 3012 5542 longa
3054 5468 3164 5539 jam
3197 5478 3328 5523 telas
3365 5465 3759 5533 intercedebat,
3798 5478 3866 5524 et

2249 5566 2401 5621 tnulti
2434 5563 2560 5619 anni
2587 5562 2755 5631 elapsi
2789 5570 2948 5618 erant
2976 5577 3005 5616 a
3037 5570 3240 5615 statuto
3275 5556 3598 5632 Agrippini;
3630 5574 3695 5615 ac
3726 5575 3861 5630 pro-

2249 5656 2374 5712 inde
2407 5654 2621 5710 videlur
2647 5653 2736 5711 ille
2762 5669 2867 5708 non
2897 5652 3079 5715 tertio.
3111 5660 3165 5705 ut
3195 5651 3354 5722 vulgo
3381 5657 3591 5721 putant,
3626 5650 3723 5705 scd
3754 5652 3868 5709 Sub

2260 5746 2428 5806 tinctu
2472 5747 2697 5805 secundi
2745 5746 3002 5804 Ecclesia:
3047 5745 3230 5801 δευουιί
3274 5743 3586 5815 Carthagini
3641 5742 3877 5803 sedisse
