4206 6170
413 217 528 275 8H

1571 205 2050 270 GEOGRAPHIA
2093 202 2361 263 SACRA
2386 195 2688 266 AFRICIE.

3717 238 3826 292 842

412 336 587 394 Certe
607 332 975 390 Tertulliauus
992 329 1061 387 de
1081 329 1359 402 baptismo
1371 328 2044 396 haereticorumloquens,
2087 327 2144 385 Α
2173 333 2330 386 non,
2364 321 2711 379 Parmeniani
2743 336 3154 390 successorem.
3179 337 3236 394 In
3258 356 3363 411 quo
3383 344 3590 401 videtur
3602 360 3814 404 succes-

403 430 466 487 in
491 429 635 485 libro
663 426 732 484 de
756 425 1033 497 Baptismo
1063 437 1227 494 quem
1252 424 1402 482 circa
1428 439 1627 482 annum
1645 423 1758 480 200
1788 414 2060 475 conscri-

410 525 526 596 psit
545 562 561 588 ,
592 520 808 578 videtur
825 517 894 574 ad
921 517 1025 572 hoc
1049 515 1343 588 Agrippini
1370 516 1648 576 decretum
1678 510 1996 584 respexisse
2027 547 2052 577 ,

402 633 538 676 cum
578 616 689 672 ait:
738 611 893 670 Circa
924 609 1200 666 hereticos
1227 627 1354 666 sane
1391 611 1514 681 quid
1543 604 1944 666 custodiendum
1971 601 2056 656 sit

403 713 572 786 digne
592 709 705 782 quis
732 701 1014 763 retractet?
1041 702 1127 756 Ad
1152 718 1251 758 nos
1275 703 1414 758 enim
1433 704 1626 758 editum
1652 707 1756 756 est.
1784 696 1893 752 Per
1919 693 2053 750 lucc

402 804 579 861 verba
626 801 695 855 ad
731 816 826 855 nos
858 797 996 854 enim
1037 793 1240 850 editum
1281 804 1379 864 est,
1427 793 1718 852 decretum
1754 785 2046 862 Agrippini

405 895 685 969 designari
715 892 897 949 nullus
920 887 1134 946 dubito.

482 1012 618 1068 Post
644 1008 787 1064 hunc
813 1020 845 1062 a
869 1001 1149 1060 nonnullis
1175 1002 1492 1058 collocatur
1518 1001 1714 1073 Cyrus,
1739 998 1897 1069 cujus
1927 1010 2046 1054 me-

407 1105 588 1164 moria
608 1107 787 1159 exstat
810 1101 867 1156 in
894 1094 1288 1169 martyrologio
1309 1095 1570 1151 Romano
1591 1091 1778 1164 pridie
1800 1092 1924 1147 idus
1947 1089 2044 1146 Ju-

403 1199 489 1265 lii,
513 1197 639 1254 etin
663 1194 818 1264 cujus
844 1190 1132 1248 fesuvitate
1155 1187 1400 1244 habitum
1424 1201 1565 1242 esse
1586 1201 1618 1240 a
1641 1185 1707 1241 S.
1736 1183 2040 1254 Augustino

405 1302 718 1349 sermonem
735 1287 812 1342 ait
832 1283 1132 1346 Possidius.
1159 1296 1351 1337 verum
1375 1288 1596 1335 neutro
1618 1280 1674 1334 in
1697 1277 1827 1334 loco
1843 1278 2042 1335 dicitur

402 1383 578 1441 fuisse
596 1376 1036 1450 Carthaginensis
1060 1373 1373 1446 episcopus.
1402 1371 1492 1426 At
1521 1371 1792 1426 Domuum
1813 1369 2040 1444 Cypria-

402 1477 459 1532 ni
511 1483 913 1531 antecessorem
955 1468 1124 1524 fuisse
1160 1472 1397 1528 constat,
1455 1477 1541 1518 ex
1592 1463 1717 1532 ipso
1766 1463 2036 1535 Cypriano

405 1569 638 1644 epistola
664 1566 789 1622 olim
819 1581 887 1622 LV
908 1605 924 1632 ,
955 1577 1098 1619 nunc
1124 1576 1243 1626 th,
1273 1556 1341 1614 ad
1370 1553 1712 1612 Cornelium
1736 1555 2034 1613 Romanum

407 1667 747 1738 episcopum,
779 1662 833 1716 in
875 1673 981 1730 qua
1011 1663 1230 1712 narrat:
1267 1652 1556 1707 Privatum
1583 1659 1806 1705 veterem
1829 1651 2035 1706 haereti-

416 1719 521 1738 ντη
546 1719 552 1720 κ
603 1719 617 1734 .
733 1719 747 1729 .
895 1719 908 1730 .

409 1774 530 1812 cum
555 1756 611 1810 in
637 1754 999 1809 Lambesitana
1021 1748 1229 1804 colonia
1254 1754 1371 1800 ante
1396 1742 1602 1796 multos
1633 1741 1744 1810 fere
1776 1760 1940 1798 annos
1970 1743 2032 1798 ob
2064 1719 2112 1778 B

406 1848 575 1902 multa
605 1855 651 1902 et
682 1844 860 1919 gravia
882 1843 1090 1909 delicta,
1121 1837 1403 1908 nonaginta
1427 1834 1800 1905 episcoporum
1830 1846 2034 1892 senten-

406 1942 484 1996 tia
505 1939 944 2000 condemnatum;
986 1941 1372 1990 antecessorum
1402 1929 1564 1983 etiam
1605 1937 1925 1997 nostrorum,
1951 1933 2033 1985 in-

405 2035 549 2105 quit,
577 2031 714 2104 quod
733 2041 781 2085 et
810 2038 1034 2085 uestram
1059 2024 1430 2082 conscientiam
1451 2037 1560 2077 non
1583 2020 1708 2077 latet
1733 2021 1963 2081 Fabiani
1984 2036 2031 2081 et

407 2126 603 2181 Donati
625 2125 804 2180 litteris
824 2121 1144 2179 seuerissime
1162 2129 1424 2174 notatum.
1449 2114 1556 2174 Ubi
1579 2116 1852 2173 Donatum
1877 2129 2031 2176 ante-

404 2233 678 2277 cessorem
701 2232 860 2274 suum
892 2214 1022 2271 dicit
1052 2212 1247 2271 eodem
1274 2210 1448 2283 gradu
1477 2223 1586 2279 quo
1612 2208 1893 2270 Fabianus
1912 2224 2031 2270 erat

409 2321 726 2368 antecessor
749 2307 1010 2376 Cornelii,
1033 2321 1096 2362 ac
1119 2301 1356 2376 proin'de
1380 2303 1523 2359 sicut
1548 2301 1730 2358 nullus
1755 2302 1862 2359 fuit
1882 2305 2031 2363 inter

418 2402 712 2460 Fabianum
742 2408 799 2457 et
836 2399 1151 2456 Cornelium
1183 2398 1238 2453 in
1271 2395 1411 2452 sede
1437 2393 1703 2460 Romana,
1737 2395 1820 2451 sic
1845 2398 2028 2453 nullus

403 2493 554 2551 inter
579 2493 846 2550 Donatum
885 2499 942 2547 et
975 2488 1306 2562 Cyprianum
1341 2485 1398 2541 in
1424 2483 1557 2542 sede
1587 2482 2025 2557 Carthaginensi.

483 2609 620 2666 Huic
643 2625 774 2680 ergo
800 2607 1068 2664 successit
1089 2620 1232 2662 anno
1275 2599 1392 2657 248
1418 2600 1724 2658 ϐῖιιωιλκυε
1745 2644 1760 2668 ,
1783 2605 1876 2674 qui
1905 2621 2028 2677 pas.

396 2719 494 2762 sus
513 2712 596 2760 est
622 2702 708 2758 die
727 2702 793 2757 18
825 2699 1043 2757 kalend.
1073 2697 1335 2769 Augusti,
1366 2693 1550 2752 Tusco
1572 2703 1628 2750 et
1659 2694 1828 2751 Basso
1853 2712 2022 2767 coss.,

394 2810 542 2853 anno
570 2812 695 2852 atrae
717 2795 956 2867 vulgaris
974 2793 1102 2859 258,
1129 2802 1185 2848 ut
1207 2792 1450 2847 habetur
1476 2790 1533 2847 in
1562 2788 1715 2845 fastis
1738 2787 2019 2847 ldatianis.

469 2888 735 2961 Cypriano
798 2885 1061 2942 successit
1113 2885 1458 2950 ῙιυοιΑινευε,Δ
1498 2883 1658 2954 cujus
1709 2882 1916 2938 mentio
1964 2884 2024 2939 fit

400 2984 547 3054 apud
567 2984 842 3054 Optatum,
859 2981 951 3047 l.t,
982 2979 1011 3053 §
1036 2979 1123 3046 i9,
1147 2979 1236 3036 ubi
1267 2975 1721 3048 prtedecessores
1741 2974 2019 3032 Caeciliani

393 3078 455 3133 in
482 3077 610 3134 sede
636 3072 1050 3146 Carthaginensi
1071 3114 1086 3140 ,
1119 3073 1188 3128 ita
1218 3079 1634 3128 enumerantur
1661 3085 1675 3123 :
1707 3066 1835 3122 Erat
1857 3069 2021 3124 altare

399 3172 516 3234 loco
537 3189 627 3227 suo
658 3175 713 3226 in
735 3187 838 3240 qtto
863 3167 1072 3242 paciﬁci
1100 3164 1330 3239 episcopi
1360 3174 1512 3220 retro
1542 3163 1786 3235 temporis
1819 3163 2018 3218 obtule-

396 3278 523 3322 runt
552 3265 864 3339 Cyprianus,
899 3263 1182 3327 Lucianus,
1227 3270 1334 3316 etc.
1371 3257 1478 3315 Hic
1509 3261 1564 3315 in
1595 3257 1718 3315 cod.
1749 3273 1851 3313 ms.
1882 3258 2018 3314 San-

401 3359 755 3417 Germanensi
797 3359 939 3414 inter
984 3353 1316 3426 Cyprianum
1357 3358 1411 3406 et
1459 3351 1762 3408 Lucianum
1816 3365 2012 3406 nomen

404 3450 730 3524 CarpOpItori
753 3449 981 3521 legitur,
1009 3446 1178 3518 quod,
1206 3461 1275 3498 an
1307 3442 1440 3498 vitio
1465 3443 1752 3516 scriptoris
1779 3443 2016 3514 irrepse-

403 3546 504 3614 rit,
527 3560 595 3601 an
619 3560 687 3601 ex
714 3545 834 3600 aliis
865 3556 1003 3599 mss.
1035 3535 1323 3601 exciderit,
1358 3537 1651 3594 incertum.

481 3659 610 3715 Post
648 3662 790 3716 hunc
834 3657 1020 3714 nullus
1059 3651 1304 3710 occurrit
1329 3661 1529 3722 praeter
1554 3655 1912 3717 MENSURIUH,
1943 3651 2012 3708 de

416 3767 532 3825 quo
557 3751 784 3822 Optatos
806 3751 949 3807 libro
978 3765 996 3805 ι
1023 3789 1038 3815 ,
1070 3747 1162 3818 qui
1191 3754 1438 3814 tempore
1467 3748 1859 3815 persecutionis
1888 3745 2012 3800 Dio-

408 3847 659 3903 cletiana:
707 3842 1027 3916 Carthagini
1068 3839 1250 3906 sedit;
1298 3852 1362 3893 ac
1408 3837 1626 3895 demum
1669 3856 1696 3894 a
1744 3840 2010 3895 Maxentio

410 3947 670 3997 evocatus
687 3939 758 3993 ob
777 3937 1108 3995 occultatum
1131 3932 1367 3988 Felicem
1390 3931 1698 4001 diaconum,
1723 3933 1814 4004 qui
1839 3932 2012 3987 famo-

412 4051 533 4092 sam
573 4033 831 4091 adversus
859 4032 1177 4104 Tyrannum
1224 4025 1508 4098 epistolam
1550 4030 1832 4099 scripsisse
1870 4026 2011 4082 fere-

411 4128 594 4193 batur,
640 4141 761 4182 cum
804 4139 969 4182 causa
996 4122 1139 4178 dicta
1181 4117 1565 4190 Carthaginem
1603 4128 2010 4188 reverteretur,

409 4222 468 4278 in
491 4219 684 4276 itinere
711 4227 954 4275 mortuus
980 4223 1065 4272 est
1083 4227 1228 4270 anno
1255 4212 1380 4267 3H.

489 4316 546 4372 In
572 4314 733 4384 hujus
765 4313 943 4368 locum
976 4308 1313 4366 Ca-Jcmauus
1351 4304 1768 4361 archidiaconus
1796 4305 2013 4376 eligitur

415 4408 762 4466 etordinatur
777 4399 1401 4473 aFeliceAptungitano,
1415 4397 1522 4468 31
1537 4397 1830 4452 adversum
1851 4410 2010 4464 quem

2175 411 2282 466 sio
2313 411 2731 471 Donatistarum
2765 418 3150 494 episcoporum
3174 428 3506 504 Carthaginis
3526 436 3808 492 defecisse.

2264 505 2543 607 .Aurelium
2582 506 2845 574 excepit
2882 515 3016 572 circa
3045 535 3236 577 annum
3271 524 3411 588 425,
3452 524 3799 591 (ΖΑρκεοιυε,

2166 597 2279 664 qui
2325 597 2606 656 diaconum
2651 611 2850 656 suum
2878 604 3114 664 Besulam
3140 613 3206 666 ad
3240 615 3525 670 concilium
3567 617 3796 686 Ephesi-

2161 701 2310 742 num
2338 693 2504 761 misit,
2529 691 2718 763 inquit
2747 689 3054 767 Liberatus,
3075 703 3125 756 in
3150 703 3445 775 Breviario,
3475 722 3594 776 cap.
3626 708 3679 762 5.

2247 779 2510 854 Capreolo
2552 784 2898 844 substitutus
2927 803 3011 847 est
3055 794 3512 866 Quoovumnsus,
3545 801 3644 855 sub
3675 817 3782 869 quo

2154 870 2513 947 Gensericus,
2530 877 2910 955 Theodosin
2923 884 3008 939 V11
3027 894 3081 940 et
3103 887 3264 941 Festo
3293 904 3464 957 coss.,
3480 906 3622 945 anno
3646 892 3774 956 439,

2153 965 2545 1040 Carthaginem
2597 971 2845 1041 invasit,
2878 985 2932 1029 et
2978 975 3420 1042 Quodvultdeum
3450 1021 3464 1046 ,
3495 990 3554 1035 ut
3592 993 3778 1036 narrat

2151 1057 2346 1118 Victor
2373 1063 2640 1130 Vitettsis,
2677 1079 2799 1120 cum
2829 1067 3071 1135 clericis,
3103 1070 3333 1126 navibus
3361 1071 3569 1140 fractis,
3602 1074 3775 1144 impo-

2149 1151 2261 1207 suit
2284 1193 2299 1219 ,
2333 1155 2427 1226 qui
2453 1164 2634 1211 tamen
2661 1170 2920 1228 prospera
2949 1157 3301 1230 navigatione
3329 1160 3619 1233 Neapolim
3647 1179 3769 1236 per-

2147 1246 2320 1301 venit.

2219 1337 2302 1392 Eo
2324 1339 2378 1394 in
2407 1339 2575 1396 exilio
2597 1350 2812 1397 mortuo
2833 1343 2900 1397 ad
2933 1357 3124 1413 preces
3156 1342 3470 1402 Vaientiani
3497 1350 3722 1421 Augusti
3749 1396 3764 1420 ,

2145 1437 2267 1497 post
2295 1430 2520 1502 longum
2544 1433 2822 1487 silentium
2846 1432 3222 1498 desolationis,
3255 1436 3436 1507 inquit
3464 1440 3652 1496 Victor
3683 1443 3750 1500 Vi-

2147 1520 2344 1587 tensis,
2375 1524 2670 1594 episcopus
2699 1522 3144 1591 Carthaginensis
3186 1527 3482 1586 ordinatus
3513 1543 3596 1588 est
3625 1536 3737 1591 Deo

2140 1627 2392 1681 CRATIAS,
2410 1614 2559 1669 IEtio
2575 1627 2628 1670 et
2652 1615 2845 1670 Studio
2866 1631 3010 1671 coss.
3024 1659 3037 1682 ,
3052 1617 3154 1673 hoc
3168 1628 3252 1674 est
3273 1637 3423 1676 anno
3445 1641 3568 1680 aer-.e
3582 1629 3761 1699 vulga-

2140 1706 2215 1760 ris
2240 1705 2377 1777 454,
2419 1725 2518 1765 vm
2549 1708 2812 1764 kalendas
2840 1710 3184 1778 Novembris,
3215 1716 3310 1784 qui
3344 1717 3608 1777 Ecclesiae
3633 1722 3768 1778 Car-

2140 1797 2454 1870 thaginensi
2533 1801 2874 1858 difficillimis
2923 1805 3262 1872 temporibus
3317 1824 3420 1878 per
3470 1815 3764 1870 triennium

2139 1895 2360 1965 praefuit
2381 1938 2396 1964 ,
2429 1912 2609 1969 eoque
2647 1905 2864 1952 mortuo
2886 1936 2900 1961 ,
2935 1911 3029 1966 per
3049 1895 3121 1951 24
3158 1914 3336 1956 annos
3365 1904 3606 1961 Ecclesia
3631 1909 3762 1963 Car-

2138 1991 2482 2064 thaginensis
2513 2002 2740 2064 pastore
2769 2005 2938 2046 vacua
2972 1990 3092 2045 fuit.
3122 1991 3457 2053 Gensericns
3509 2003 3652 2056 circa
3701 2003 3765 2056 fi-

2137 2099 2258 2140 nem
2273 2086 2513 2156 imperii,
2532 2084 2825 2140 Ecclesium
2842 2081 3188 2155 Carthaginis,
3206 2087 3285 2142 ait
3299 2089 3759 2162 VictorVitensis,

2134 2177 2309 2232 claudi
2341 2180 2591 2250 praecepit
2623 2175 2896 2244 dissipatis
2938 2185 3090 2246 atque
3130 2178 3383 2248 dispersis
3434 2203 3524 2256 per
3554 2189 3754 2243 diversa

2133 2271 2409 2324 exitiorum
2438 2271 2575 2340 loca,
2609 2269 2735 2342 quia
2774 2268 3046 2338 episcopus
3071 2285 3176 2325 non
3211 2284 3349 2342 erat,
3377 2279 3684 2351 presbyteris
3709 2290 3756 2335 ct

2131 2362 2407 2416 ministris.

2202 2455 2505 2511 Gcnserico
2537 2468 2682 2510 anno
2714 2451 2843 2519 477,
2875 2452 2962 2506 die
2989 2454 3059 2508 25
3086 2455 3338 2515 Januarii
3366 2463 3602 2533 sublato,
3636 2467 3752 2524 Hu-

2131 2546 2350 2602 nericus
2378 2548 2499 2617 ejus
2535 2546 2682 2600 ﬁlius
2710 2553 2765 2599 et
2797 2558 3103 2614 successor,
3129 2547 3362 2607 Zenone
3389 2554 3717 2624 imperatore
3735 2601 3750 2626 ,

2128 2649 2292 2710 atque
2313 2639 2558 2694 Placidia
2615 2637 2802 2692 relicta
2835 2635 3029 2691 Olibrii
3055 2679 3070 2704 ,
3105 2643 3429 2711 rogantibus
3476 2648 3748 2707 licentiam

2127 2731 2301 2798 dedit,
2332 2740 2393 2785 ut
2413 2728 2873 2800 Carthaginiensis
2900 2727 3138 2785 Ecclesia
3168 2749 3331 2803 quem
3361 2739 3750 2810 velletepisco.

2129 2841 2254 2896 pum
2294 2824 2600 2880 ordinaret.
2643 2821 2811 2893 Igitur
2856 2821 3137 2878 ordinatus
3184 2837 3272 2882 est
3321 2838 3445 2885 tunc
3477 2832 3747 2893 EUGENIUS

2125 2917 2356 2972 antistes
2383 2914 2872 2986 Carthaginensis,
2905 2929 3050 2970 anno
3073 2916 3185 2973 480
3214 2920 3433 2978 labente
3453 2968 3466 2993 ,
3499 2938 3590 2984 aut
3617 2933 3744 2988 anni

2124 3012 2230 3068 481
2272 3012 2450 3068 initio.
2486 3013 2736 3084 Egregiis
2765 3013 2859 3068 ille
2889 3014 3110 3084 scriptis
3137 3026 3195 3071 et
3224 3023 3487 3088 prmclara
3533 3028 3748 3085 confes-

2047 3107 2093 3170 C
2124 3104 2493 3160 sionenobilis
2522 3106 2574 3158 in
2609 3105 2830 3160 exilium
2846 3121 2969 3160 cum
3000 3110 3214 3166 caeteris
3243 3114 3512 3185 episc0pis
3545 3119 3741 3178 Africa:

2126 3204 2283 3252 actus
2336 3205 2422 3251 est
2466 3211 2615 3250 anno
2642 3197 2751 3253 484
2776 3241 2791 3263 ,
2847 3213 2876 3252 a
2909 3213 3015 3268 quo
3043 3212 3332 3259 revocatus
3364 3217 3447 3262 est
3476 3227 3504 3262 a
3538 3211 3742 3270 Gunta-

2120 3288 2306 3343 bundo
2358 3303 2486 3357 rege
2541 3287 2828 3360 Genserici
2883 3307 3226 3366 successore,
3266 3297 3392 3354 dato
3441 3303 3738 3367 Catholicis

2118 3380 2266 3450 apud
2290 3377 2681 3450 Carthaginem
2710 3383 2884 3437 sancti
2917 3386 3173 3453 martyris
3196 3390 3371 3459 Agiiei
3395 3401 3729 3458 cmmeterio.

2117 3473 2270 3529 fdem
2300 3487 2396 3527 rex
2425 3472 2645 3528 decimo
2685 3490 2828 3530 anno
2859 3477 3012 3546 regni
3040 3479 3157 3544 sui,
3183 3479 3458 3542 Ecclesias
3486 3490 3730 3549 Catholi-

2122 3581 2318 3624 corum
2368 3567 2652 3636 aperuisse
2693 3577 2748 3623 et
2775 3583 2966 3625 omnes
2993 3570 3087 3626 Dei
3109 3576 3422 3634 sacerdotes
3447 3622 3461 3647 ,
3512 3595 3730 3653 peteme

2117 3657 2538 3728 Carthaginensi
2572 3659 2834 3730 episcopo
2861 3703 2877 3728 ,
2911 3662 2980 3717 ab
3027 3665 3195 3721 exilio
3239 3675 3541 3744 revocavit,
3593 3689 3729 3736 teste

2115 3751 2345 3807 Victore
2375 3748 2683 3806 Turonensi
2713 3751 2765 3806 in
2799 3751 3082 3809 cbronico.
3116 3757 3227 3813 Sub
3252 3759 3353 3816 hoc
3383 3779 3541 3836 rege,
3567 3771 3726 3838 quid-

2113 3841 2248 3914 quid
2276 3839 2460 3897 dicant
2489 3843 2768 3912 nonnulli,
2795 3844 2848 3898 in
2876 3860 3007 3914 pace
3032 3846 3163 3903 vixit
3185 3850 3488 3925 Eugenius,
3513 3869 3568 3914 et
3593 3877 3727 3916 non-

2115 3935 2223 3991 nisi
2254 3933 2356 3989 sub
2383 3932 2796 3992 Thrasamundo
2837 3937 2980 3992 circa
3012 3953 3210 3997 annum
3249 3943 3357 4001 495
3379 3989 3393 4014 ,
3424 3949 3617 4006 iterum
3666 3939 3722 4008 in

2113 4025 2346 4082 exilium
2376 4026 2573 4083 missus
2599 4036 2686 4082 est
2709 4029 2760 4084 in
2789 4027 3039 4095 Galliam,
3071 4033 3159 4087 ubi
3184 4035 3328 4091 circa
3360 4051 3559 4096 annum
3589 4043 3716 4112 505,

2114 4134 2207 4173 VIII
2235 4117 2358 4172 idus
2381 4117 2742 4188 Septembris,
2763 4119 2969 4196 Viancii
2989 4121 3044 4177 in
3071 4126 3342 4184 territorio
3364 4130 3606 4191 Albiensi
3628 4152 3723 4192 su-

2112 4225 2362 4282 premum
2390 4209 2532 4264 diem
2557 4212 2818 4268 clausisse
2845 4212 3032 4269 fertur.

2186 4303 2316 4357 Post
2341 4300 2623 4370 expulsum
2655 4320 2686 4360 a
2711 4305 3125 4365 Thrasamundo
3155 4310 3454 4383 Eugenium
3480 4359 3496 4385 ,
3526 4321 3714 4380 sedem

2113 4393 2594 4463 Carthaginensem
2641 4413 2739 4467 per
2776 4399 2846 4451 27
2883 4415 3055 4457 annos
3085 4418 3310 4462 vacuam
3336 4409 3508 4469 fuisse
3554 4425 3715 4471 testa-

411 4501 718 4557 Muoataus
737 4496 1066 4555 domesticus
1087 4493 1330 4560 Lucillaa,
1354 4493 1445 4561 qui
1471 4492 1646 4547 lector
1662 4491 1716 4545 in
1737 4487 2010 4545 Caeciliani
2039 4488 2089 4548 D
2117 4498 2203 4544 tur
2232 4487 2553 4544 Anastasius
2595 4490 3073 4562 Bibliothecarius,
3115 4497 3218 4553 hoc
3247 4510 3368 4570 est,
3413 4520 3510 4574 per
3541 4515 3715 4566 totum

413 4594 666 4650 diaconio
707 4594 905 4660 fuerat,
931 4605 962 4645 a
987 4587 1232 4646 Numidis
1261 4599 1546 4656 perperam
1573 4583 1854 4639 ordinatus
1885 4590 2007 4638 est:

412 4688 546 4746 inde
583 4687 818 4742 schisma
860 4684 1018 4755 cujus
1047 4682 1300 4738 Donaros
1325 4679 1417 4749 qui
1456 4676 1722 4748 Majorino
1749 4676 1890 4732 circa
1915 4689 2012 4730 an-

413 4795 547 4838 num
574 4779 679 4836 316
708 4777 994 4844 successit,
1019 4775 1406 4844 antesignanus
1436 4770 1554 4826 fuit.

488 4872 780 4930 Caeciliano
825 4880 952 4927 ante
993 4883 1192 4926 annum
1220 4866 1325 4923 347
1373 4864 1636 4921 successit
1677 4864 1919 4921 Canus.
1960 4863 2009 4918 Is

415 4966 650 5022 concilio
675 4963 981 5022 Sardicensi
1011 4958 1294 5026 interfuit,
1334 4957 1543 5014 Donato
1573 4955 1886 5026 superstite,
1919 4955 2010 5023 qui

415 5059 524 5116 sub
575 5058 802 5128 imperio
824 5051 1135 5112 Constantis
1157 5052 1210 5107 in
1233 5049 1453 5108 exilium
1484 5047 1682 5103 missus
1707 5055 1831 5111 est,
1862 5054 1918 5101 et
1954 5045 2010 5100 in

414 5169 489 5210 eo
527 5159 773 5208 mortuus
813 5160 1186 5207 successorem
1233 5141 1421 5200 habuit
1465 5140 1611 5196 circa
1657 5153 1856 5198 annum
1905 5134 2012 5193 355

420 5246 838 5303 ΡΑιιιειίιΑιωιι.

493 5339 661 5396 Grato
689 5353 720 5392 e
741 5345 929 5392 contra
945 5331 1208 5391 successit
1232 5329 1571 5385 Res'murus
1594 5323 1902 5396 episcopus,
1925 5320 2016 5392 qui

411 5430 656 5490 concilio
683 5428 1005 5484 Ariminensi
1037 5439 1182 5481 anno
1211 5423 1340 5489 359,
1370 5419 1635 5485 interfuit,
1664 5427 1720 5474 et
1748 5414 2017 5472 Restituto

412 5522 774 5583 Genaunos
793 5520 883 5591 qui
909 5520 976 5576 ad
1006 5532 1206 5575 annum
1233 5515 1340 5570 390
1369 5513 1636 5584 pervenit.

495 5617 578 5673 Eo
608 5614 710 5670 sub
753 5613 910 5670 tinem
946 5613 1108 5684 hujus
1135 5610 1262 5666 anni
1294 5614 1510 5664 mortuo
1541 5606 1800 5662 successit
1828 5601 2010 5656 Auan-

412 5723 564 5780 uus,
592 5706 682 5782 qui
706 5705 850 5765 circa
876 5705 1018 5764 idem
1052 5713 1264 5774 tempus
1295 5700 1484 5758 habuit
1512 5697 1763 5756 aemulum
1791 5697 2012 5754 Pamm-

946 5799 1222 5862 ΡΑ-ηοιι.
1280 5792 1395 5856 XI.

2121 4593 2333 4652 tempus
2364 4580 2578 4652 imperii
2601 4582 3019 4654 ’fhrasamundi,
3039 4591 3129 4660 qui
3156 4590 3228 4644 27
3251 4596 3408 4650 annis
3432 4608 3487 4652 et
3515 4599 3720 4668 aliquot

2118 4677 2398 4731 mensibus
2443 4679 2712 4747 regnavit.
2761 4679 3066 4736 Hildericus
3108 4682 3368 4740 Ecclesiae
3418 4687 3712 4748 Catholicae

2119 4768 2426 4824 libertatem
2458 4770 2641 4825 statim
2675 4769 2909 4826 r’estituit
2931 4813 2944 4838 ,
2977 4782 3031 4828 et
3072 4773 3481 4844 Carthaginensi
3521 4781 3714 4839 Eccle.

2115 4864 2211 4918 site
2240 4861 2513 4932 proprium
2538 4862 3066 4920 donavitantistitem
3090 4865 3440 4938 BONIFACIUM,
3464 4887 3625 4943 quem
3655 4876 3706 4931 itt

2117 4953 2353 5010 Ecclesia
2384 4955 2554 5008 sancti
2590 4955 2763 5022 Agilei
2792 4957 2855 5010 ad
2900 4957 3314 5026 postulationem
3347 4964 3509 5021 totius
3558 4968 3714 5025 urbis

2113 5042 2552 5114 Carthaginensis
2580 5046 2815 5101 ordinari
2840 5048 3003 5117 jussit
3029 5063 3174 5104 anno
3205 5049 3333 5106 523.

2188 5137 2268 5191 Eo
2300 5134 2442 5190 circa
2471 5152 2672 5192 annum
2702 5137 2809 5193 534
2846 5150 3060 5195 mortuo
3085 5183 3099 5208 ,
3128 5140 3454 5202 Rsranuus
3491 5148 3556 5204 ad
3587 5149 3717 5208 Car-

2119 5229 2450 5302 thaginensis
2471 5229 2732 5287 Ecclesiae
2775 5233 3148 5305 episcopatum
3193 5247 3415 5295 evectus
3459 5251 3562 5309 est,
3609 5249 3712 5303 sub

2123 5321 2285 5379 finem
2315 5321 2474 5392 hujus
2503 5324 2629 5378 anni
2657 5334 2750 5380 aut
2771 5329 3047 5395 sequentis
3070 5327 3317 5395 initium;
3339 5347 3446 5401 quo
3469 5342 3716 5406 tempore

2123 5415 2458 5472 Justinianus
2492 5431 2585 5485 per
2609 5416 2927 5473 Belisarium
2957 5419 3250 5475 Patricium
3290 5421 3523 5478 Africam
3559 5442 3715 5482 rece-

2123 5510 2219 5580 pit.
2276 5509 2376 5565 Hic
2421 5511 2602 5564 statim
2640 5523 2764 5580 post
2793 5512 3191 5569 ordinationem
3222 5530 3374 5569 suam
3404 5558 3417 5582 ,
3465 5520 3715 5578 restituta

2122 5603 2416 5675 episcopali
2460 5603 2808 5676 Carthaginis
2837 5607 3000 5672 sede,
3030 5607 3082 5660 in
3123 5607 3307 5662 Fausti
3335 5606 3559 5662 basilica
3591 5625 3722 5666 cou-

2122 5695 2306 5753 cilium
2354 5697 2611 5768 gcneralc
2639 5701 2808 5757 totius
2841 5698 3034 5754 Africae
3063 5698 3446 5770 congregavit,
3483 5697 3550 5754 ad
3576 5705 3723 5775 quod

3275 5791 3350 5849 ‘27
