4206 6170
559 250 660 305 8η

1968 237 2504 298 ΡΒΟΙιΕϐΟΜΕΝΑ.

3752 228 3866 289 8⁸12

1802 480 1911 557 45
1979 494 2623 571 ADMONITIO

1471 638 1567 701 IN
1636 636 1999 700 TABULA
2020 635 2084 698 M
2164 628 2936 697 GEOGRAPHICAM.

616 845 858 914 Africam,
877 861 1024 911 quam
1048 846 1252 899 Romani
1273 845 1471 910 proprie
1491 843 1564 897 sic
1585 841 1914 909 appellavere,
1936 848 1981 893 et
2007 843 2152 891 Mau-
2179 840 2232 899 Α
2255 834 2465 887 errandi
2488 849 2657 889 ansam
2679 833 3002 900 scriptoribus
3024 831 3253 900 praebuit,
3277 834 3400 886 dum
3419 832 3509 885 alii
3528 831 3699 886 urbem
3718 846 3866 884 unum

562 930 831 993 ritaniam;
869 932 1061 982 duabus
1098 928 1278 981 tabulis
1313 926 1650 995 geographicis
1684 923 1945 985 descripsit
1969 927 2155 976 Gerar-

554 1015 649 1067 dus
673 1018 917 1065 Mercator
941 1027 1005 1067 ex
1026 1013 1291 1065 Ptolemato
1318 1026 1335 1064 :
1360 1011 1510 1062 aliam
1533 1011 1746 1062 tabulam
1767 1008 2053 1060 earumdem
2070 1021 2154 1059 re-

553 1096 750 1164 gionum
774 1096 1080 1147 Abrahamus
1113 1093 1326 1148 Ortelius
1366 1095 1516 1145 variis
1548 1107 1612 1147 ex
1644 1092 1920 1144 auctoribus
1955 1091 2151 1167 concin-

551 1176 680 1230 navit
699 1177 817 1230 :setl
841 1185 1068 1229 neutrum
1091 1191 1212 1241 Opus
1236 1174 1503 1240 legentibus
1533 1173 1797 1227 Historiam
1820 1182 1918 1230 tum
1940 1170 2147 1234 civilem,

552 1268 654 1313 tum
674 1258 1053 1313 ecclesiasticam
1082 1258 1200 1312 satis
1220 1257 1427 1311 subsidii
1460 1258 1640 1323 afferre
1662 1263 1813 1322 potest
1830 1295 1843 1319 ,
1874 1256 2004 1321 quod
2033 1270 2150 1320 per-

549 1360 748 1399 suasum
770 1351 840 1397 est
862 1344 924 1397 iis
943 1344 1029 1410 qui
1046 1341 1122 1395 vel
1139 1342 1388 1395 minimum
1403 1341 1549 1408 hujus
1572 1343 1646 1395 rei
1668 1344 2052 1403 experimentum
2075 1343 2151 1406 fe-

550 1440 679 1480 cere.
716 1426 953 1480 Nicolaus
989 1431 1180 1481 Sanson
1226 1426 1625 1480 Christianissimi
1668 1427 1798 1492 regis
1836 1424 2150 1489 Gcographus

550 1510 915 1577 meritissimus,
940 1517 997 1574 11.
1024 1516 1089 1563 P.
1115 1511 1373 1576 Philippus
1406 1510 1623 1563 Brietius
1646 1524 1673 1561 e
1698 1514 1811 1562 Soc.
1848 1513 1972 1561 Jesu
1989 1546 2002 1570 ,
2028 1517 2072 1560 et
2105 1507 2149 1561 si

549 1595 631 1660 qui
648 1594 736 1647 alii
754 1599 1021 1647 Romanum
1044 1595 1300 1659 imperium
1326 1595 1654 1659 descripsere,
1672 1593 1796 1645 hanc
1808 1593 2149 1657 etiamAfricaz

547 1687 767 1744 partem,
814 1685 974 1743 utpote
998 1676 1205 1744 imperio
1238 1676 1477 1730 inclusam
1504 1674 1778 1729 necessario
1801 1676 2016 1741 tetigere.
2047 1679 2123 1726 Pe

546 1769 651 1813 trus
672 1762 878 1813 Du-Val
905 1761 1209 1813 Tabellutam
1229 1761 1375 1813 eliam
1396 1760 1448 1812 in
1468 1758 1625 1811 lucem
1648 1759 1828 1820 edidit,
1848 1773 1963 1825 qua:
1986 1757 2146 1823 expli-

548 1846 705 1896 cando
730 1845 855 1896 bello
877 1844 1115 1907 Africano
1139 1844 1350 1897 Caesaris
1376 1844 1484 1896 usui
1509 1852 1647 1895 esset.
1684 1848 1867 1894 Verum
1883 1843 1989 1894 Iuec
2013 1844 2146 1898 eius-

547 1928 681 1979 modi
701 1935 826 1987 sunt,
839 1926 946 1979 utsi
954 1925 1265 1991 explicandae
1287 1926 1505 1977 historia:
1525 1924 1655 1977 civili
1676 1926 1792 1977 satis
1813 1938 1917 1977 esse
1939 1926 2146 1988 fortasse

547 2012 762 2077 cuipiam
780 2012 940 2065 videri
960 2013 1162 2077 possint,
1186 2011 1419 2064 Historiw
1442 2019 1602 2063 tamen
1628 2011 1982 2062 Ecclesiastica:
2005 2011 2142 2062 nullo

545 2096 691 2147 modo
708 2094 966 2162 sufﬁciunt.
991 2093 1215 2159 Primus,
1237 2095 1366 2159 quod
1387 2093 1586 2158 quidem
1609 2094 1788 2156 sciant,
1818 2101 1905 2146 vett
1919 2107 2025 2145 rem
2050 2097 2144 2145 Ec-

548 2177 712 2230 clesia:
744 2179 996 2242 Africana:
1028 2185 1203 2228 statum
1226 2175 1278 2229 in
1308 2176 1492 2227 Tabula
1529 2176 1866 2243 Geographica
1898 2188 2145 2241 exponere

546 2236 805 2329 aggressus
826 2268 894 2313 est
913 2266 971 2314 Π.
992 2263 1054 2311 P.
1078 2260 1282 2312 Carolus
1303 2263 1523 2312 aSaneto
1539 2236 2015 2325 Paulo,vdesignatus
2039 2258 2144 2322 epi-
2175 2236 2224 2295 B

545 2359 718 2411 scapus
749 2343 1075 2397 Abrincensis.
1117 2346 1249 2410 Opus
1283 2344 1522 2405 arduum,
1560 2344 1610 2393 in
1644 2357 1738 2407 quo
1771 2341 1961 2396 etiamsi
1993 2343 2146 2395 multa

545 2426 938 2493 peccaverit,illo
959 2436 1117 2480 tamen
1134 2441 1279 2491 opere
1301 2429 1365 2478 de
1385 2423 1635 2493 republica
1652 2424 1930 2479 Christiana
1965 2426 2143 2491 Optime

547 2510 771 2563 meritum
791 2525 931 2562 nemo
952 2523 1045 2562 non
1066 2509 1312 2571 fatebitur.

609 2594 783 2660 Operis
820 2602 981 2647 autem
1019 2593 1152 2647 illius
1184 2593 1448 2660 difﬁcultas
1481 2594 1621 2659 longe
1651 2594 1897 2658 maxima,
1934 2607 2048 2660 qua:
2078 2607 2144 2647 ex

544 2676 805 2743 multiplici
832 2680 961 2743 fonte
994 2677 1187 2742 petitur.
1216 2681 1273 2729 Et
1305 2680 1465 2741 primo
1500 2677 1698 2744 quidem
1730 2692 1794 2730 ex
1825 2674 2010 2746 ingenti
2033 2679 2142 2741 epi-

541 2768 825 2824 scopatuum
852 2772 1075 2821 numero,
1101 2759 1184 2825 qui
1207 2759 1347 2825 longe
1375 2759 1542 2823 plures
1565 2758 1616 2811 in
1636 2759 1810 2823 Africa
1832 2760 1972 2825 fuere
1995 2772 2143 2825 quam

538 2839 593 2892 in
612 2840 710 2892 alia
734 2841 837 2893 ulla
858 2839 1126 2893 Christiani
1141 2841 1274 2892 orbis
1297 2840 1549 2905 provincia
1576 2855 1591 2891 :
1614 2855 1703 2893 nec
1728 2840 1858 2893 enim
1880 2849 2066 2894 tantum
2090 2847 2144 2893 ut

537 2924 591 2976 in
623 2923 737 2978 aliis
768 2924 903 2978 orbis
936 2924 1155 2989 partibus
1185 2925 1236 2975 in
1264 2922 1467 2977 urbibus
1497 2922 1796 2988 episcopales
1819 2923 1960 2976 sedes
1983 2929 2141 2985 erant,

540 3008 630 3060 sed
661 3017 707 3060 et
731 3008 783 3061 in
814 3007 953 3075 pagis
971 3048 984 3072 ,
1023 3005 1265 3070 castellis,
1295 3004 1412 3059 vicis
1433 3015 1479 3058 et
1500 3004 1694 3073 fundis;
1721 3006 1789 3057 ita
1814 3012 1864 3057 ut
1888 3002 2143 3070 plusquam

536 3098 780 3144 sexcentis
809 3086 1107 3157 episcopales
1152 3091 1291 3142 sedes
1326 3087 1377 3141 in
1399 3086 1574 3153 Africa
1601 3094 1932 3140 numerentur.
1961 3092 2065 3151 Quo
2085 3088 2143 3153 ﬁt

499 3205 503 3209 ι
538 3180 593 3226 ut
610 3180 709 3227 tum
724 3183 921 3241 propter
940 3187 1213 3238 numerum,
1225 3181 1327 3227 tum
1345 3180 1542 3238 propter
1559 3173 1898 3226 obscuritatem
1922 3175 2138 3225 locorum

539 3259 591 3310 in
622 3260 794 3326 quibus
818 3258 1066 3314 collocata:
1097 3268 1236 3313 erant
1252 3301 1265 3324 ,
1300 3274 1395 3312 non
1426 3258 1639 3312 omnium
1656 3300 1671 3319 ,
1703 3260 1792 3311 sed
1823 3259 2142 3324 insigniorum

539 3349 725 3395 tantum
752 3347 871 3398 situs
903 3346 955 3397 in
981 3343 1145 3396 tabula
1172 3341 1386 3396 describi
1418 3343 1587 3407 possit.
1628 3346 1939 3407 Quapropter
1972 3341 2021 3395 in
2053 3356 2141 3393 ur-

542 3428 693 3491 bium,
718 3443 865 3494 quam
886 3436 1070 3491 vocant,
1092 3427 1345 3491 positione,
1368 3425 1635 3491 plurimum
1652 3440 1826 3477 errare
1847 3439 2041 3479 necesse
2065 3431 2141 3478 est

537 3526 649 3563 eum
679 3512 763 3577 qui
795 3512 980 3565 nullam
1010 3510 1336 3579 episcopalem
1364 3512 1532 3565 sedem
1555 3510 1606 3561 in
1627 3508 1797 3563 tabula
1824 3523 1916 3562 sua
1941 3508 2141 3562 deside-

542 3594 649 3646 rari
680 3594 859 3659 cupiet.

599 3678 825 3730 Secundo
844 3676 895 3729 in
912 3678 966 3732 id
984 3677 1357 3730 incumbendum
1374 3675 1489 3742 fuit,
1512 3682 1561 3729 ut
1580 3674 1769 3728 sedium
1786 3673 2141 3743 episcOpalium

537 3765 733 3817 nomina
753 3806 766 3830 ,
804 3779 1010 3831 quorum
1040 3762 1276 3831 pleraque
1315 3761 1646 3844 multipliciter
1688 3762 1963 3829 deformata
2010 3768 2137 3824 sunt,

537 3856 668 3901 recte
691 3847 1038 3902 scriberentur.
1066 3852 1123 3900 Et
1146 3862 1263 3901 sane
1286 3862 1343 3898 ea
1366 3855 1435 3898 est
1464 3848 1516 3898 in
1544 3847 1651 3900 istis
1674 3846 1945 3899 nominibus
1977 3844 2140 3899 lectio.

535 3946 655 3985 num
682 3932 919 3991 varietas,
955 3938 1006 3984 ut
1035 3929 1115 3982 cui
1152 3943 1323 3981 earum
1346 3927 1647 3994 potissimum
1686 3928 2025 3981 inhwrendum
2058 3928 2138 3990 sit,

543 4021 683 4067 certo
703 4013 823 4066 sciri
845 4012 929 4066 vix
951 4012 1115 4078 possit.
1146 4017 1301 4074 Quam
1334 4009 1613 4063 varietatem
1643 4011 1825 4076 partim
1848 4022 1912 4063 ex
1935 4012 2043 4077 ipsa
2065 4027 2136 4074 re,

536 4096 717 4162 partim
728 4110 790 4150 ex
802 4094 1179 4148 Amanuensium
1200 4100 1282 4145 aut
1302 4091 1581 4160 ignorantia
1604 4102 1685 4145 aut
1703 4095 1969 4146 temeritate
1982 4100 2139 4145 ortam

542 4195 646 4235 esse
669 4182 901 4234 arbitror.
928 4184 1006 4235 Ex
1030 4180 1137 4245 ipsa
1158 4194 1213 4231 re
1232 4177 1429 4245 quidem
1446 4218 1459 4242 ,
1483 4192 1593 4230 cum
1618 4180 1910 4245 populorum
1931 4186 1976 4231 et
1996 4178 2140 4244 oppi-

534 4266 713 4317 dorum
734 4265 920 4331 Africa:
943 4263 1138 4316 nomina
1179 4270 1506 4328 praeterquam
1528 4263 1764 4325 Afrorum
1795 4261 1974 4328 linguis
2001 4263 2129 4328 inef-

537 4348 716 4414 fabilia
754 4362 859 4403 esse
888 4347 1083 4400 Plinius
1112 4354 1328 4407 asserat,
1355 4346 1486 4411 quod
1524 4354 1655 4399 recte
1682 4346 1945 4400 observavit
1985 4352 2044 4400 R.
2071 4350 2135 4399 Ρ.

544 4431 877 4484 Theodericus
906 4429 1114 4483 Ruinart
1131 4471 1144 4494 ,
1166 4430 1388 4482 eruditus
1408 4443 1547 4494 atque
1578 4443 1637 4479 ac
1665 4430 1876 4497 diligens
1904 4430 2135 4496 scriptor,

534 4518 666 4569 unde
689 4515 903 4581 proclive
926 4514 1015 4581 fuit
1038 4521 1086 4567 ut
1112 4529 1174 4567 ex
1196 4516 1424 4567 Romanis
1451 4514 1539 4566 alii
1573 4512 1901 4567 diversimode
1923 4513 2029 4567 hcec
2048 4527 2137 4565 no-

533 4599 670 4654 mina
702 4599 977 4666 proferrent
1004 4605 1050 4651 et
1082 4598 1369 4651 scriberent.
1408 4599 1547 4661 Quod
1577 4611 1691 4650 vero
1720 4598 1786 4650 ad
1809 4601 2138 4652 Amanuenses

530 4691 733 4749 spectat.
758 4682 819 4737 iis
842 4681 892 4736 in
911 4689 976 4735 tot
994 4681 1240 4734 nominum
1260 4682 1571 4747 propriorum
1593 4680 1839 4744 scriptura
1862 4694 2038 4733 errare
2060 4681 2138 4746 fa-

532 4768 772 4821 cillimum
794 4767 904 4831 fuit.
927 4767 1066 4818 Certe
1084 4763 1329 4816 undelibet
1348 4773 1455 4815 orta
1471 4763 1531 4813 sit
1555 4763 1648 4814 ista
1672 4761 1890 4827 confusio
1912 4775 2137 4830 magnam

530 4849 671 4902 illam
693 4862 795 4902 esse
814 4847 979 4912 palam
999 4854 1092 4912 est,
1118 4859 1213 4911 qua
1236 4858 1350 4896 vero
1371 4842 1560 4895 ratione
1582 4842 1658 4894 illi
1677 4844 1873 4896 occurri
1890 4842 2040 4910 possit
2057 4886 2071 4911 ,
2091 4853 2137 4897 ct

531 4933 727 4985 nomina
744 4936 979 4992 corrupta
1002 4928 1277 4991 emendari,
1302 4927 1456 4979 dubia
1480 4924 1673 4992 firmari
1688 4965 1699 4984 ,
1731 4934 1776 4979 et
1804 4941 1868 4980 ex
1900 4927 2062 4981 multis
2090 4935 2137 4980 et

2257 919 2309 973 in
2349 920 2516 984 plures
2558 920 2853 981 diviseruru,
2897 918 2986 972 alii
3026 918 3230 971 nimium
3265 918 3473 985 fortasse
3513 917 3861 993 iidelligendo,

2254 1000 2437 1055 multas
2469 1002 2520 1053 in
2552 1017 2699 1054 unam
2729 1002 3026 1069 confiat-unt,
3053 1003 3181 1068 qiwd
3213 1008 3472 1067 utrumque
3492 998 3867 1069 quamlurpiter

2257 1084 2612 1151 Geographiam
2629 1085 2881 1153 deformet,
2908 1099 3048 1137 nemo
3067 1091 3138 1137 est
3161 1084 3247 1150 qui
3267 1099 3365 1137 non
3388 1084 3566 1137 videat.

2321 1198 2486 1252 Tertio
2513 1198 2732 1252 maxima
2756 1213 2875 1266 pars
2898 1198 3261 1264 episcopatuum
3292 1212 3388 1251 non
3426 1196 3625 1263 praprie
3659 1195 3861 1250 nomine

2256 1283 2490 1350 civitatis,
2509 1285 2639 1354 quod
2661 1288 3021 1338 substantivum
3039 1287 3145 1350 fere
3168 1292 3256 1347 est,
3278 1288 3368 1337 sed
3386 1285 3626 1348 adjectivo
3649 1290 3696 1337 et
3719 1282 3862 1336 deri-

2258 1376 2365 1420 vata
2394 1367 2543 1420 notati
2575 1374 2685 1421 sunt
2714 1381 2851 1433 :qua
2884 1382 2999 1420 vero
3030 1368 3218 1419 ratione
3242 1380 3415 1419 nomen
3441 1365 3568 1418 illud
3602 1364 3866 1431 proprium

2251 1453 2354 1506 sive
2382 1453 2724 1507 substantivum
2741 1495 2756 1517 ,
2787 1453 2832 1505 si
2858 1451 3061 1505 aliunde
3088 1451 3359 1513 nesciatur,
3394 1467 3459 1506 ex
3485 1450 3729 1512 adiectivo
3750 1448 3867 1503 erui

2252 1538 2419 1603 possit,
2453 1536 2665 1590 viderint
2698 1538 2978 1601 doctiores;
3012 1539 3207 1590 nomina
3234 1538 3361 1590 enim
3395 1537 3490 1590 ista
3518 1544 3571 1589 ut
3597 1537 3866 1601 plurimum

2251 1620 2493 1688 analogia:
2532 1619 2731 1673 minime
2770 1620 2977 1685 capacia
3017 1629 3155 1685 sunt,
3192 1634 3304 1672 cum
3334 1621 3440 1686 fere
3470 1619 3632 1673 omnia
3664 1621 3859 1683 [cedam

2249 1702 2524 1755 barbariem
2550 1703 2823 1768 redoleant,
2848 1703 3017 1768 qualia
3037 1702 3088 1754 in
3113 1705 3323 1768 xEthico,
3349 1701 3404 1755 in
3435 1704 3622 1755 Tabula
3644 1703 3860 1756 Peutin—

2270 1786 2499 1854 geriana,
2528 1796 2574 1840 et
2595 1788 2646 1840 in
2668 1791 2920 1855 Anonymo
2944 1793 3217 1841 Ravennate
3246 1788 3428 1854 passim
3450 1794 3728 1847 occurrimt,
3746 1794 3792 1839 et
3817 1786 3865 1839 si

2249 1868 2346 1921 sint
2378 1870 2593 1924 maxime
2613 1872 2817 1935 capacia
2831 1907 2846 1933 ,
2872 1879 3057 1924 certum
3088 1878 3249 1923 tamen
3284 1869 3479 1923 videtur
3509 1870 3563 1923 in
3586 1870 3649 1923 iis
3666 1880 3862 1924 exacta

2247 1952 2490 2019 analogite
2512 1955 2709 2020 regulas
2729 1967 2825 2009 non
2844 1967 2950 2007 esse
2970 1960 3207 2008 servatas.
3227 1955 3434 2006 Carolus
3450 1962 3610 2006 autem
3626 1968 3659 2005 a
3674 1957 3864 2008 Stmcto

2248 2038 2408 2088 Paulo
2451 2035 2685 2104 pleraque
2723 2037 2925 2091 istorum
2951 2038 3199 2092 nominum
3219 2030 3331 2104 46
3361 2050 3452 2103 per
3498 2040 3861 2090 substantivum

2246 2122 2423 2183 efferre
2446 2136 2637 2175 necesse
2655 2122 2836 2175 habuit.
2865 2118 3007 2175 Certe
3026 2122 3198 2189 quibus
3220 2121 3583 2187 episcopatuum
3602 2124 3860 2176 dumtaxat

2249 2203 2492 2271 catalo‘gos
2513 2211 2772 2258 contexere
2782 2205 2832 2258 in
2853 2205 3013 2258 animo
3023 2214 3110 2268 est,
3123 2206 3190 2257 ad
3199 2206 3328 2259 istud
3340 2205 3540 2257 minime
3550 2205 3658 2273 cogi
3668 2213 3859 2257 certius

2250 2294 2353 2339 est:
2381 2285 2444 2339 iis
2474 2301 2586 2339 vero
2608 2286 2693 2353 qui
2716 2289 2858 2341 hosce
2884 2289 3186 2353 episcopatus
3207 2292 3258 2340 in
3279 2288 3471 2341 tabulas
3493 2288 3850 2356 geographicas

2244 2371 2433 2436 referre
2458 2370 2648 2438 volunt,
2671 2373 2930 2427 necessitas
2952 2372 3183 2427 incumbit
3206 2374 3337 2427 istud
3360 2374 3594 2440 faciendi.
3619 2374 3851 2427 Dubitari

2244 2459 2407 2505 autem
2436 2453 2610 2507 merito
2630 2462 2783 2520 potest
2802 2469 2867 2507 an
2892 2454 3011 2508 satis
3037 2462 3169 2509 recte
3198 2454 3329 2509 istud
3359 2464 3592 2511 executus
3612 2456 3676 2511 sit
3696 2462 3759 2511 Β.
3784 2461 3854 2509 Ρ.

2247 2534 2453 2589 Carolus
2474 2551 2506 2587 a
2530 2539 2711 2590 Sancto
2738 2540 2929 2603 Paulo,
2951 2538 3131 2604 quippe
3149 2537 3235 2606 qui
3251 2537 3581 2604 episcopatum
3609 2544 3857 2608 Agensem

2241 2617 2305 2668 ab
2326 2618 2447 2670 urbe
2467 2621 2579 2685 Aga
2601 2619 2875 2673 derivatum
2897 2620 3158 2683 existimet,
3181 2634 3294 2673 cum
3312 2628 3475 2674 ttunen
3494 2620 3613 2673 alibi
3634 2622 3855 2675 invenias

2241 2708 2323 2755 tur
2366 2702 2621 2771 episcopus
2657 2706 2874 2768 Agensis
2914 2706 3018 2758 sive
3057 2706 3122 2757 ab
3158 2706 3354 2772 Aggia,
3393 2704 3479 2773 qui
3518 2705 3854 2772 episcopatum

2254 2788 2532 2842 Coviensem
2554 2791 2617 2841 ab
2639 2791 2821 2856 Oppido
2847 2791 2994 2844 Covio
3014 2790 3086 2844 sic
3106 2790 3290 2845 dictum
3310 2799 3471 2857 putet,
3494 2805 3610 2844 cum
3632 2800 3797 2844 men
3818 2806 3854 2844 α

2244 2873 2374 2926 Coba
2406 2873 2670 2940 municipio
2692 2876 2827 2939 apud
2859 2879 3184 2928 Raverutatem
3217 2877 3557 2943 Geographum
3580 2884 3855 2930 memorato

2243 2956 2515 3009 derivatum
2554 2958 2650 3011 viri
2690 2957 2822 3010 docti
2853 2958 3144 3012 existiment.
3185 2961 3372 3012 Eadem
3411 2959 3558 3013 etiam
3599 2961 3850 3014 interdum

2247 3053 2474 3105 peccasse
2510 3039 2633 3093 mihi
2675 3041 2864 3095 videtur
2899 3044 3195 3096 Holstenius.
3233 3044 3471 3107 Quadam
3506 3051 3672 3097 autem
3701 3043 3850 3097 etiam

2241 3125 2377 3187 apud
2410 3123 2632 3191 antiquos
2662 3126 2714 3177 in
2750 3127 3055 3177 substantivn
3095 3127 3436 3192 reperiuntur,
3471 3128 3704 3192 quadam
3735 3140 3857 3181 vero

2243 3206 2397 3259 reddi
2414 3220 2504 3274 per
2522 3206 2868 3260 substantivum
2891 3208 3116 3261 videntur
3136 3210 3221 3263 vix
3242 3223 3397 3273 posse.

2306 3324 2489 3384 Quarto
2510 3321 2726 3374 nonnulli
2742 3329 2851 3374 sunt
2867 3320 3171 3387 episcopatus
3193 3320 3279 3389 qui
3298 3321 3411 3374 huic
3433 3322 3511 3375 vel
3551 3321 3629 3374 illi
3650 3321 3857 3389 provin-

2244 3402 2339 3455 cia:
2354 3404 2415 3455 ab
2431 3404 2708 3457 auctoribus
2728 3403 3072 3457 ecclesiasticis
3087 3404 3451 3467 adscribuntur,
3467 3420 3676 3473 quorum
3689 3413 3854 3459 tamen

2242 3488 2495 3553 praecipua
2525 3489 2726 3555 oppida,
2753 3496 2799 3541 et
2822 3490 2955 3541 unde
2976 3488 3074 3542 illis
3094 3503 3265 3542 nomen
3285 3489 3337 3542 in
3357 3490 3508 3542 aliam
3550 3490 3856 3555 provinciam

2242 3569 2505 3637 transferri
2536 3570 2598 3621 ab
2629 3570 2742 3624 aliis
2765 3571 3043 3624 auctoribus
3066 3571 3306 3624 videntur.
3333 3572 3572 3637 Exemplo
3605 3573 3703 3626 sint
3737 3571 3849 3637 epi-

2245 3661 2470 3717 sc0patus
2493 3652 2821 3717 Milesitanus,
2849 3654 2880 3703 Ι
2884 3653 3122 3707 dicrensis
3143 3661 3189 3705 et
3212 3653 3563 3719 Cuiculitanus,
3597 3668 3718 3722 quas
3740 3658 3855 3709 No-

2245 3735 2353 3789 titia
2375 3736 2718 3790 Ecclesiastica
2740 3738 3004 3803 provincia:
3023 3741 3072 3792 Ν
3074 3738 3276 3791 ωπὶαἱω
3294 3737 3535 3801 attribuit,
3559 3754 3672 3791 cum
3688 3747 3854 3792 truncis

2246 3820 2481 3886 Mileum,
2512 3824 2537 3871 ι
2542 3820 2732 3875 dicram
2757 3830 2803 3875 et
2827 3821 3083 3874 Cuiculum
3103 3821 3370 3875 Antoninus
3404 3824 3473 3875 ad
3497 3822 3854 3875 Mauritaniam

2244 3906 2445 3971 referat.
2468 3909 2497 3957 Ι
2500 3908 2612 3958 dem
2634 3907 2904 3959 Antoninus
2935 3907 3225 3970 Tabracam,
3249 3907 3513 3971 Simittam,
3544 3908 3746 3959 Bullam
3764 3919 3852 3959 re-

2240 3987 2389 4053 giam,
2421 3990 2617 4041 Siccam
2649 3989 2930 4052 Veneriam,
2952 3987 3247 4051 Altiburum,
3268 3992 3647 4043 Ammenderam
3659 3997 3707 4043 et
3721 3989 3855 4043 alias

2242 4073 2385 4125 urbes
2416 4073 2575 4125 eidem
2616 4072 2874 4126 Numidia:
2906 4073 3171 4136 adscribit,
3197 4089 3319 4143 quas
3354 4076 3543 4129 Notitia
3565 4075 3617 4126 in
3637 4088 3855 4137 procon-

2240 4153 2453 4206 sularem
2491 4154 2738 4222 transfert.
2773 4160 2905 4220 Ergo
2940 4153 3232 4209 alterutrum
3263 4157 3374 4223 falli
3395 4165 3728 4225 necessest,
3761 4165 3854 4211 aut

2244 4242 2374 4288 certe
2406 4237 2678 4302 provincias
2708 4237 3062 4292 ecclesiasticas
3084 4254 3178 4291 non
3204 4241 3594 4307 undequaquejet
3620 4254 3685 4295 ex
3708 4242 3847 4295 onmi

2240 4327 2380 4383 parte
2406 4321 2704 4387 respondere
2725 4321 2978 4390 civilibus,
3007 4324 3134 4389 quod
3163 4322 3444 4378 doctoribus
3475 4323 3852 4378 discutiendum

2241 4400 2485 4468 relinquo.

2302 4509 2408 4560 Has
2430 4515 2477 4561 et
2498 4508 2620 4561 alius
2642 4506 2954 4576 difﬁcultates
2975 4513 3281 4576 superandus
3299 4511 3463 4565 habuit
3481 4516 3542 4565 R.
3555 4515 3621 4564 P.
3640 4512 3855 4569 Carolus

2239 4603 2272 4639 a
2296 4593 2481 4644 Sancto
2503 4591 2679 4651 Paulo,
2705 4606 2800 4654 quo
2822 4592 2982 4646 minus
3002 4592 3183 4645 mirum
3202 4603 3275 4647 est
3297 4595 3435 4647 illum
3454 4594 3504 4647 in
3528 4602 3596 4647 tot
3619 4597 3856 4661 scopulos

2237 4670 2487 4725 incautum
2532 4673 2806 4741 impegisse.
2860 4676 3091 4738 Queritur
3137 4680 3187 4730 Ν
3191 4676 3373 4731 icolaus
3413 4681 3623 4744 Sanson,
3648 4689 3697 4733 et
3733 4680 3856 4745 iure

2238 4758 2459 4823 queritur
2482 4756 2782 4823 episcopatus
2803 4759 2863 4810 ab
2888 4757 2975 4811 illo
2999 4758 3238 4825 plurimos
3264 4761 3491 4827 omissos,
3518 4760 3708 4828 aliquot
3730 4777 3855 4818 vero

2240 4843 2513 4910 duplicatos
2538 4844 2615 4896 vel
2650 4842 2948 4910 triplicatos,
2972 4845 3168 4897 circiter
3197 4852 3414 4899 trecenta
3444 4842 3645 4900 nomin'a
3676 4848 3856 4903 vitione

2238 4927 2443 4993 scripta,
2463 4935 2654 4980 centum
2674 4928 2740 4980 ad
2764 4942 3004 4980 summum
3019 4936 3065 4982 et
3079 4931 3383 4995 septuaginta
3398 4931 3523 4984 duos
3539 4931 3855 4998 episcopatus

532 5016 742 5069 diversis
761 5012 1036 5068 nominibus
1058 5014 1307 5078 quodnam
1331 5010 1631 5077 potissimum
1670 5008 1947 5077 eligendum
1971 5012 2032 5063 sit
2049 5051 2063 5075 ,
2092 5018 2139 5063 et
2164 5003 2214 5063 D
2243 5007 2293 5061 in
2324 5010 2512 5061 Tabula
2532 5007 2812 5077 collocatos,
2835 5025 2948 5063 cum
2971 5020 3297 5066 trecentorum
3318 5014 3492 5079 positio
3509 5015 3721 5081 potuerit
3740 5023 3855 5069 sta-

526 5100 670 5167 cuius
689 5101 875 5154 lectura
895 5098 1088 5154 adstrui
1109 5096 1258 5163 possit
1280 5110 1373 5148 non
1396 5095 1551 5149 video.
1574 5095 1689 5147 Scio
1733 5096 1958 5160 equidem
1979 5094 2135 5148 Nico-

528 5183 663 5237 laum
687 5185 874 5235 Sanson
896 5183 1050 5233 multa
1074 5179 1215 5232 utilia
1239 5186 1284 5232 et
1307 5178 1562 5245 profutura
1586 5175 1638 5229 in
1660 5176 1786 5230 hanc
1808 5192 1912 5231 rem
1931 5191 2134 5246 sugges-

527 5267 649 5319 sisse
664 5305 678 5330 ,
703 5265 791 5317 sed
814 5277 923 5329 qua:
946 5264 1120 5329 regula
1142 5276 1289 5326 super
1315 5261 1390 5313 his
1412 5262 1547 5313 tradi
1569 5268 1721 5325 potest
1745 5275 1855 5325 qua:
1880 5262 2030 5315 variis
2053 5276 2133 5314 er-

528 5346 722 5398 roribus
760 5360 855 5398 non
886 5345 949 5398 sit
982 5344 1221 5409 obnoxia,
1247 5342 1343 5397 nisi
1371 5344 1415 5395 si
1443 5343 1551 5407 quis
1584 5342 1801 5403 linquam
1829 5343 2066 5397 Punicum
2088 5351 2136 5397 et

528 5430 815 5496 Africanam
836 5430 1047 5496 perfecte
1069 5423 1266 5492 calleat,
1292 5428 1433 5490 cujus
1457 5426 1580 5477 auxi
1587 5427 1654 5477 lio
1677 5425 1830 5478 multa
1852 5427 2021 5491 procul
2044 5429 2133 5480 du-

528 5512 607 5566 bio
633 5513 886 5566 restituere
908 5514 1077 5579 possit.
1106 5512 1152 5561 Ν
1160 5523 1251 5561 unc
1277 5524 1391 5561 vero
1415 5507 1466 5561 in
1488 5506 1738 5577 utriusque
1778 5508 1959 5576 linguw
1994 5510 2132 5577 igno-

527 5597 746 5661 ratione,
790 5605 835 5649 et
868 5597 919 5649 in
950 5605 1131 5662 magna
1165 5601 1418 5645 auctorum
1462 5589 1666 5656 penuria
1703 5591 1820 5658 quid
1860 5590 1973 5655 ﬁeri
2004 5599 2132 5645 recte

528 5679 694 5746 possit,
718 5687 802 5734 aut
824 5695 919 5748 quo
936 5684 1080 5744 pacto
1105 5674 1305 5740 definiri
1326 5687 1437 5742 qua:
1459 5672 1704 5739 scriptura
1726 5673 1896 5726 vitiosa
1918 5673 1999 5735 sit,
2023 5688 2131 5739 qua:

529 5771 663 5818 recta
692 5762 825 5818 haud
856 5761 975 5820 satis
1007 5762 1126 5817 scio.
1155 5760 1398 5816 Ceterum
1434 5755 1540 5813 hac
1573 5759 1784 5814 varietas
1815 5756 2129 5825 nntltiplicem

2240 5092 2391 5147 biliri.
2425 5097 2505 5146 Ex
2536 5093 2613 5147 his
2644 5100 2836 5147 centum
2856 5103 2901 5148 et
2924 5096 3233 5161 septuaginta
3270 5098 3456 5150 duobus
3487 5096 3855 5164 episcopalibus:

2237 5176 2449 5243 quinque
2470 5186 2553 5229 aut
2577 5190 2693 5241 sex,
2719 5177 2828 5242 plus
2851 5175 3039 5244 minus,
3064 5192 3207 5232 suum
3233 5178 3285 5231 in
3314 5178 3481 5233 tabula
3510 5179 3854 5250 geographica

2239 5259 2396 5313 locum
2430 5261 2643 5317 obtinere
2662 5299 2677 5325 ,
2706 5260 2829 5315 alios
2859 5274 3022 5315 omnes
3050 5275 3312 5329 perperam
3346 5260 3555 5327 locatos,
3591 5272 3640 5317 et
3661 5265 3760 5317 alia
3782 5264 3851 5318 id

2238 5355 2390 5409 genus
2430 5347 2703 5411 sphalmata
2739 5345 3083 5413 reprehendit,
3107 5346 3262 5399 multa
3284 5346 3463 5400 deinde
3490 5347 3712 5416 suggerit
3732 5361 3850 5413 qua

2238 5429 2539 5482 restituendo
2560 5428 2700 5495 aperi
2723 5428 2862 5482 utilia
2885 5430 3057 5496 forent,
3082 5429 3330 5496 professus
3344 5432 3395 5483 in
3416 5430 3726 5485 excutiendis
3740 5431 3847 5485 illis

2240 5522 2439 5573 Operam
2454 5517 2498 5562 et
2521 5511 2678 5576 ipsum
2702 5512 2837 5565 haud
2865 5512 3115 5579 vulgarem
3134 5511 3367 5577 posuisse.
3396 5515 3641 5580 Equidem
3670 5511 3847 5568 dolen-

2241 5594 2358 5647 dum
2384 5603 2454 5648 est
2469 5636 2483 5661 ,
2506 5603 2553 5649 et
2575 5597 2694 5649 mihi
2714 5598 2940 5663 inprimis
2970 5596 3217 5667 ingratum
3240 5598 3371 5651 venit
3394 5605 3585 5652 tantum
3612 5601 3773 5652 virum
3794 5608 3847 5653 cs

2241 5677 2303 5730 de
2325 5679 2467 5731 rebus
2490 5679 2828 5746 geographicis
2851 5688 2953 5734 tam
2975 5683 3091 5733 bene
3107 5680 3336 5733 meritum
3351 5724 3365 5748 ,
3387 5696 3509 5748 opus
3527 5682 3660 5736 istud
3674 5725 3690 5748 ,
3709 5688 3847 5749 quod

2239 5760 2453 5827 perutile,
2461 5762 2679 5828 [siturum
2693 5770 2819 5832 erat,
2829 5764 2883 5819 in
2897 5762 3144 5832 publicum
3157 5778 3253 5820 non
3270 5766 3501 5834 emisisse,
3519 5768 3611 5821 sed
3624 5769 3723 5823 erit
3733 5771 3847 5835 ﬁr-
