4206 6170
390 206 508 264 873

1366 204 1739 263 ADMONI’I‘IO
1774 196 2234 262 INTABULAM
2277 205 2837 270 GEOGRAPHICAM.

3584 190 3593 204 ’
3617 223 3725 280 874

385 318 522 402 tasse
548 326 669 402 cum
918 314 1076 402 patris
1098 312 1315 402 eruditus
1345 312 1493 402 ﬁlius
1513 324 1737 402 paternas
1758 314 1993 383 reliquias
2025 321 2075 381 Α
2112 316 2351 402 dandum
2370 321 2596 389 quicquid
2616 324 2705 378 hoc
2726 334 2796 380 est
2821 325 2999 382 laboris
3021 329 3270 384 excitauit.
3303 333 3427 385 Htec
3448 341 3607 389 autem
3627 340 3726 402 fuit

381 411 417 449 a
437 395 588 450 tineis
612 395 897 458 vindicabit,
920 405 967 450 et
980 399 1102 450 bono
1123 396 1313 462 publico
1330 399 1561 466 vulgabit.

447 483 669 535 Interim
690 482 832 534 multi
850 482 946 534 viri
965 482 1097 534 docti
1118 481 1170 533 in
1187 480 1374 534 eisdem
1396 484 1542 538 rebus
1564 483 1888 550 explanandis
1905 483 1991 536 diu

377 567 690 630 multumque
724 566 992 645 sudat-unt,
1037 568 1192 631 Lucas
1223 566 1529 632 Holstenius,
1575 574 1634 623 Β.
1680 574 1743 622 Ρ.
1776 573 1991 622 Joannes

380 646 664 705 Carnarius
683 663 712 700 ε
734 649 975 704 Societate
1007 654 1045 703 Ι
1047 666 1158 716 esu,
1193 652 1596 712 eminentissimus
1622 663 1669 708 et
1692 656 1993 709 doctissimus

378 730 664 787 cardinalis
696 732 945 786 Henricus
978 732 1209 800 Norisius
1235 772 1249 797 ,
1284 736 1560 800 Stephanus
1590 736 1821 790 Batusius
1842 776 1855 800 ,
1882 745 1926 789 et
1950 736 1993 790 si

377 821 469 891 qui
493 817 620 881 alii;
645 817 731 871 sed
742 819 959 871 omnium
982 818 1032 870 in
1055 818 1146 870 hac
1170 832 1228 871 re
1252 818 1557 885 diligentiam
1577 821 1822 888 superavit
1842 826 1901 875 Β.
1925 826 1990 874 Ρ.

386 899 727 954 Theodericus
738 900 946 953 Ruinart
966 900 1237 954 Monachus
1259 902 1618 966 Benedictinus,
1635 905 1719 968 qui
1734 913 1993 969 perpetuas

377 991 430 1036 et
451 985 633 1035 uberes
647 988 782 1034 notas
802 983 853 1035 in
874 981 1116 1035 Notitiam
1137 982 1329 1050 Africa:
1346 986 1520 1048 edidit,
1544 986 1629 1050 qui
1641 988 1992 1052 manuscriptos

383 1065 589 1118 codices
611 1066 737 1118 inter
756 1078 808 1117 se
829 1065 1147 1131 conferendo,
1168 1065 1520 1120 ecclesiasticos
1536 1078 1773 1130 auctores,
1795 1078 1840 1122 et
1855 1077 1995 1136 quot-

374 1156 497 1214 quot
530 1146 660 1200 alios
690 1162 834 1212 super
868 1161 928 1200 ea
967 1162 1022 1201 re
1053 1148 1355 1213 scripserant
1372 1187 1387 1211 ,
1428 1149 1684 1215 diligenter
1705 1152 1985 1219 evolvendo,

373 1233 653 1299 depravata
673 1236 866 1285 nomina
888 1233 1211 1300 corrigendo,
1238 1238 1285 1285 et
1305 1232 1407 1285 alia
1426 1233 1478 1286 id
1500 1248 1651 1300 genus
1668 1234 1721 1288 in
1744 1236 1989 1301 publicam

376 1316 641 1370 utilitatem
663 1315 930 1375 moliendo,
961 1317 1175 1368 venturis
1192 1325 1298 1382 post
1319 1314 1372 1370 se
1394 1319 1668 1372 auctoribus
1689 1320 1812 1372 nihil
1837 1336 1985 1387 pror-

2104 397 2334 455 instituti
2351 406 2445 458 mei
2466 410 2606 461 ratio.

2191 485 2433 552 Quicquid
2462 491 2753 558 difﬁcultatis
2773 496 2863 559 fuit
2896 494 2946 547 in
2977 495 3339 562 episcopatum
3366 484 3719 570 numerodefi;

2106 569 2301 624 niendo
2318 615 2330 638 ,
2356 576 2660 643 inscriptione
2693 580 2942 632 nominum
2979 581 3271 635 stabilienda
3289 621 3304 646 ,
3330 583 3381 636 in
3416 590 3715 655 assignanda

2104 655 2311 710 cuilibet
2333 661 2621 726 episcopatui
2636 663 2885 727 provincia
2902 679 3012 725 sua,
3029 664 3155 717 illud
3177 678 3317 719 omne
3332 668 3384 719 in
3403 668 3532 723 viros
3549 673 3718 727 doctos

2103 741 2338 806 superius
2372 760 2404 796 a
2442 750 2519 798 me
2550 749 2815 801 nominatos
2850 749 3242 814 transferendum
3271 755 3435 816 putaui
3446 769 3465 815 ;
3502 758 3716 810 maxime

2100 840 2224 879 vero
2245 829 2296 879 in
2317 844 2425 883 eum
2447 833 2529 897 qui
2549 833 2851 897 suscipiendi
2873 832 2995 886 mihi
3015 834 3179 897 operis
3200 844 3367 890 auctor
3388 839 3565 903 fuerat,
3591 842 3717 896 mihi

2099 910 2237 963 enim
2258 911 2438 966 homini
2463 916 2668 982 profano
2689 916 2865 983 religio
2887 916 2980 980 fuit
3010 917 3138 968 hunc
3163 918 3379 984 lapidem
3407 938 3624 989 morere,
3648 929 3714 982 iis

2097 1002 2319 1049 contento
2340 1010 2450 1062 qua:
2469 1013 2616 1064 super
2637 1013 2697 1051 ea
2719 1013 2776 1051 re
2799 999 2922 1052 tanti
2942 1000 3037 1051 viri
3055 1001 3373 1071 scripserunt,
3398 1020 3602 1072 quorum
3624 1024 3712 1063 ea:-

2096 1077 2304 1132 haurire
2325 1082 2507 1134 scrinia
2539 1098 2635 1136 non
2657 1089 2762 1137 erat
2781 1084 2994 1148 animus,
3018 1099 3106 1137 nec
3130 1096 3327 1154 argutos
3345 1091 3470 1145 inter
3491 1103 3712 1161 strepere
3730 1120 3733 1127 -

2097 1172 2246 1213 anser
2265 1162 2440 1217 olores.
2468 1165 2709 1218 Craterum
2725 1165 2955 1233 quoniam
2977 1181 3136 1230 pauca
3156 1180 3295 1224 erant
3312 1174 3366 1226 in
3387 1188 3552 1229 eorum
3573 1176 3714 1233 libris

2098 1256 2212 1329 quae
2234 1246 2300 1296 ad
2322 1246 2508 1311 Africa:
2532 1248 2925 1313 descriptionem,
2942 1251 3300 1314 prouinciarum
3321 1257 3680 1323 dispositionem
3694 1305 3710 1329 ,

2100 1327 2296 1412 urbium
2317 1329 2620 1398 aliorumque
2645 1333 2862 1385 locorum
2882 1342 3063 1388 certam
3085 1338 3384 1409 positionem,
3409 1346 3601 1412 aliaque
3623 1327 3711 1402 hu-

370 1418 460 1457 sus
482 1402 578 1453 hac
609 1402 663 1454 in
687 1415 743 1453 re
763 1402 1079 1463 tentandum,
1102 1404 1285 1453 nedum
1320 1401 1597 1467 faciendum
1629 1404 1885 1471 reliquisse
1906 1406 1979 1458 vi-
2088 1406 2314 1471 jusmodi
2335 1415 2648 1481 pertinerent,
2674 1414 2728 1468 id
2751 1417 2930 1483 exequi
2959 1401 3173 1473 meartnn
3201 1438 3304 1477 esse
3325 1401 3537 1491 partiian
3560 1401 3705 1485 duxi.

370 1485 607 1537 dabatur.
2096 1492 2275 1539 Itaque
2310 1497 2523 1539 nrinmm
2558 1503 2733 1539 amate
2775 1505 2822 1539 ρλ
2860 1503 3126 1539 semiudum
3175 1520 3321 1539 ηηηηιι
3359 1511 3705 1539 “nummum.--

470 1491 607 1535 atnr.
769 1551 780 1557 _
2096 1492 2275 1558 Itaque
2310 1497 2523 1559 primum
2558 1503 2733 1551 exacte
2775 1505 2822 1549 et
2860 1503 3128 1554 secundum
3175 1520 3321 1560 novas
3357 1511 3707 1570 observationes

433 1588 540 1641 Sed
573 1600 691 1639 ecce
718 1585 803 1638 tibi
837 1588 892 1638 in
926 1585 1182 1652 postremis
1216 1588 1374 1652 venit,
1398 1602 1494 1641 non
1516 1602 1630 1643 vero
1652 1591 1717 1663 in
1738 1591 1966 1644 minimis.

399 1672 679 1727 larissimus
707 1671 848 1725 simul
873 1679 921 1725 et
946 1672 1302 1729 eruditissimus
1322 1675 1556 1729 Dominus
1577 1680 1657 1728 Du
1683 1679 1800 1730 Pin.
1824 1692 1966 1730 sacra

2092 1573 2318 1637 Africam
2335 1576 2597 1643 detineam,
2617 1578 2891 1641 prouincias
2906 1584 3255 1640 ecclesiasticas
3268 1600 3440 1644 exacte
3458 1594 3702 1659 distribui,

2092 1659 2235 1710 sedes
2257 1659 2559 1726 episcOpales
2580 1660 2633 1711 in
2655 1658 2820 1711 tabula
2846 1664 3010 1718 Caroli
3040 1682 3072 1718 a
3092 1677 3258 1722 stmcto
3278 1674 3438 1725 Paulo
3469 1689 3564 1727 non
3584 1679 3703 1730 satis

569 1687 679 1726 mus
707 1686 848 1725 ειτηυι
873 1686 921 1725 ει
946 1686 1302 1729 ενιιαιηδειηιυδ
1322 1686 1556 1729 Dominus
1577 1686 1657 1728 Du
1683 1686 1800 1730 Ρὶη.
1824 1692 1982 1730 sacrm

367 1687 679 1727 ctanssimus
707 1687 848 1725 simul
873 1687 921 1725 et
946 1687 1302 1729 eruditissimus
1322 1687 1556 1729 Dominus
1577 1687 1657 1728 Du
1683 1687 1800 1742 Pin,
1824 1692 1966 1730 sacra

366 1755 642 1809 Facultatis
671 1754 973 1810 Parisiensis
1006 1757 1173 1809 doctor
1192 1764 1239 1810 et
1264 1758 1509 1824 professor
1529 1760 1695 1825 regius
1708 1800 1720 1823 ,
1745 1760 1829 1826 qui
1861 1761 1966 1811 dun

2092 1687 2234 1710 ππ.)
2257 1687 2559 1726 σμιδιυμαιεδ
2582 1687 2633 1711 ιιι
2655 1687 2820 1711 cauum
2846 1687 3009 1718 υιιτυιι
3040 1687 3072 1718 a
3092 1687 3258 1722 διωσιο
3278 1687 3438 1725 Γαυιο
3469 1689 3564 1727 non

2095 1747 2208 1803 apte
2230 1740 2714 1806 dispositassuolot‘o
2733 1745 2954 1811 reddidi,
2966 1750 3172 1804 omissas
3189 1754 3407 1821 suppleri
3417 1764 3461 1808 et
3470 1759 3704 1823 quicquid
3768 1760 3773 1767 ’

2085 1818 2223 1850 ἕηκε.-
2246 1824 2334 1850 In:-
2360 1824 2577 1850 --:.....s.‘...
2601 1826 2997 1850 nomn:-.‘......_..s:
3020 1840 3067 1850 -.ι
3101 1848 3121 1850 _
3404 1840 3416 1850 .
3456 1840 3484 1850 Α.
3541 1840 3553 1850 .

366 1856 549 1894 novam
572 1839 724 1894 srmcti
745 1838 905 1904 θριαιὶ
930 1838 1202 1893 Milevitani
1225 1841 1488 1894 editionem
1520 1824 1821 1904 molitur,et
1843 1842 1978 1908 quic-
2241 1824 2335 1920 ff‘f‘
2356 1824 2643 1920 fCieﬂliwfl
2654 1826 2775 1920 φ·ςῶ
3016 1840 3069 1884 ut
3089 1840 3635 1900 quamanendatissima
3647 1850 3698 1895 et

366 1924 495 1990 quid
521 1924 587 1975 ad
613 1923 974 1976 Donatistarum
997 1922 1249 1975 historiam
1280 1924 1520 1989 pertinet,
1552 1925 1605 1977 in
1624 1939 1783 1976 unum
1796 1906 1966 1988 corpus

2079 1910 2453 2007 accuratissima
2472 1906 2692 2007 prodirLet
2710 1906 2815 1962 llch
2830 1914 3010 1979 tabula,
3035 1921 3169 1981 quod
3190 1926 3239 1972 ut
3255 1930 3539 1984 praestarem
3560 1929 3694 1987 quic-

365 1987 603 2073 conferre
623 2004 812 2069 statuit,
836 2005 959 2058 nulli
979 2008 1174 2061 omnino
1191 1987 1353 2060 labori
1371 1987 1575 2072 parcere
1593 2014 1776 2075 certus,
1797 1987 1966 2061 molam

367 2091 501 2142 hanc
524 2099 571 2142 et
592 2089 698 2142 ipse
716 2104 908 2142 versare
926 2091 1167 2142 decrevit.
1193 2105 1282 2142 nec
1305 2092 1517 2142 aliorum
1537 2108 1590 2142 se
1613 2093 1781 2142 labore
1807 2096 1966 2142 deler-

2078 1987 2200 2076 quid
2234 1989 2369 2051 apud
2412 1987 2716 2053 geogranhos
2753 1995 3072 2060 Pomponium
3107 2002 3292 2053 Metam
3307 2041 3322 2065 ,
3362 2006 3655 2058 Strabonem
3675 2047 3691 2074 ,

2075 2068 2316 2135 Plinium,
2342 2071 2686 2133 Ptolemwum,
2709 2077 2939 2142 quicquid
2961 2083 3013 2133 in
3036 2083 3318 2139 Itinerariis
3338 2094 3384 2138 et
3403 2085 3455 2139 in
3479 2090 3692 2142 Geogra-

367 2091 501 2143 hanc
524 2099 571 2142 et
592 2091 698 2154 ipse
716 2104 908 2143 versare
926 2091 1167 2154 decrevit,
1193 2105 1282 2144 nec
1305 2092 1517 2144 aliorum
1537 2108 1590 2145 se
1613 2093 1781 2147 labore
1807 2096 1966 2146 deter-

344 2172 483 2225 ‘reri
501 2186 672 2237 passus
694 2178 762 2224 est
774 2186 792 2235 ;
822 2179 866 2225 et
888 2171 1113 2239 quoniam
1130 2174 1331 2239 antiqua
1352 2171 1442 2225 illa
1463 2173 1647 2227 Notitia
1668 2190 1815 2241 quam
1834 2188 1966 2240 pra:-

2075 2091 2316 2135 nuuum,
2342 2091 2686 2133 mammarum,
2709 2091 2938 2142 quicquid
2961 2091 3013 2133 in
3036 2091 3318 2139 ttinerariis
3338 2094 3384 2138 et
3403 2091 3455 2139 in
3479 2091 3690 2155 Geogra-

2190 2156 2493 2242 ttarennate,
2511 2150 2624 2205 item
2638 2159 2767 2221 apud
2784 2162 3052 2218 Historicos
3074 2168 3353 2235 Polybium,
3379 2169 3690 2240 Sallustium,

365 2234 511 2322 fatus
524 2258 583 2307 R.
612 2258 678 2306 P.
708 2234 1031 2309 Theodericus
1056 2234 1262 2308 Ruinart
1295 2256 1640 2308 elucidandam
1664 2234 1964 2321 susceperat,
2070 2234 2328 2322 ίνξίωηι
2356 2234 2581 2322 imiimi
2606 2242 2936 2307 Αηυηίαηυηιι
2970 2252 3016 2299 Ρ
3020 2249 3296 2315 Tampium»
3327 2234 3373 2304 έί
3403 2254 3522 2316 quid
3553 2234 3689 2318 αρυιλ

374 2316 557 2391 manca
577 2336 829 2390 videbatur
848 2345 893 2389 et
919 2336 1090 2390 mutila
1104 2380 1118 2405 ,
1142 2337 1296 2390 aliam
1313 2338 1398 2390 ille
1414 2338 1775 2402 locupletiorem
1795 2316 1960 2402 edere,
2067 2317 2258 2369 Α”αθθδ
2282 2316 2599 2411 fimum“?
2637 2331 2681 2376 εί
2722 2328 3055 2397 Geogranhum
3091 2333 3390 2386 Ναθίεπδεηι
3413 2375 3427 2400 ν
3453 2316 3690 2402 quich

374 2429 421 2474 et
443 2429 547 2486 post
565 2429 747 2474 tantam
762 2422 972 2475 aliorum
988 2436 1192 2477 messem
1207 2423 1510 2487 spicilegium
1531 2425 1694 2487 facere
1716 2437 1809 2475 non
1828 2424 1967 2477 dubi-
2066 2411 2253 2463 quoque
2275 2413 2334 2450 ³η
2378 2405 2724 2487 νεοέῖπίιονίθιιε
2742 2413 2944 2464 Ἰοαηηε
2967 2416 3147 2475 Leone,
3173 2419 3360 2469 Sanum
3380 2457 3395 2481 ,
3419 2420 3684 2474 Marmolio

584 2431 747 2474 antam
762 2431 972 2475 aliorum
988 2436 1192 2477 messem
1207 2431 1510 2481 spicitegium
1531 2431 1694 2481 facere
1716 2437 1809 2475 non
1828 2431 1967 2477 dubi-
2066 2431 2253 2463 ιινιυιιιιν
2276 2431 2334 2450 ιη
2379 2431 2395 2450 ι
2413 2431 2724 2459 ννισιιουιιυιιε
2742 2431 2782 2460 υ
2793 2431 2944 2464 uanae
2967 2431 3147 2475 Leone.
3173 2431 3360 2469 δαηωο
3380 2457 3395 2481 ι

369 2429 421 2474 εί
988 2436 1192 2477 1112888111
1207 2429 1510 2489 δρὶεἰιϐῃὶυπι
1531 2429 1694 2487 facere
1716 2437 1809 2475 ηοη

371 2508 510 2570 tavit,
530 2522 618 2560 nec
641 2521 758 2560 sane
773 2507 915 2560 irrito
936 2508 1112 2574 fructu,
1133 2517 1185 2561 ut
1202 2508 1308 2573 ipse
1330 2516 1561 2573 expertus
1582 2522 1705 2572 sum,
1731 2508 1859 2574 quod
1876 2521 1965 2559 nec

369 2592 463 2625 ιιΙὲ
499 2592 549 2625 δη
590 2592 709 2625 ’νιοϐε
750 2592 961 2625 ﬁsi-mam
1000 2600 1106 2625 unt
1169 2594 1287 2625 ('nm
1326 2599 1485 2625 malum
1524 2592 1589 2625 nd
1629 2590 1965 2625 nhcnlnh'nrnm

2075 2429 2253 2463 ιμιυιμιο
2276 2429 2334 2450 ιη
2379 2429 2396 2450 ι
2413 2429 2724 2491 everteturqu
2742 2429 2944 2464 arcanae
2967 2429 3147 2475 Leone,
3173 2429 3360 2469 sanato
3380 2457 3395 2481 ,
3419 2429 3684 2474 Marmotio

2075 2492 2344 2576 occurrere.
2358 2489 2535 2546 potuit,
2556 2487 2765 2543 studiose
2786 2494 2957 2561 collegi
2980 2495 3131 2561 (quod
3150 2506 3197 2550 et
3216 2513 3249 2549 a
3270 2514 3422 2563 supra
3444 2515 3685 2554 memora-

2075 2570 2124 2616 tis
2145 2568 2445 2619 auctoribus
2461 2576 2510 2621 ut
2539 2571 2797 2625 plurimum
2827 2578 3003 2625 factum
3029 2581 3174 2625 fuisse
3205 2583 3377 2625 nnan
3429 2598 3541 2625 ηιιηι
3564 2594 3610 2625 pr
3634 2588 3685 2625 M

367 2592 463 2644 alii
499 2592 551 2643 in
590 2592 709 2644 votis
747 2592 965 2659 futurum
999 2600 1123 2644 erat.
1169 2594 1290 2644 Cum
1325 2599 1487 2644 autem
1524 2592 1589 2643 ad
1628 2590 1967 2644 absolutiorem
2064 2578 2124 2616 ⁸³⁵
2145 2578 2510 2660 σπαθνξυυδαί
2539 2578 2797 2636 Ρωτίπιωη
2825 2578 3003 2642 Ῑαοιωη
3026 2581 3174 2646 fuisse
3205 2583 3407 2650 αθηουί,
3428 2598 3542 2638 nam
3564 2594 3611 2638 ει
3633 2588 3688 2640 lli

373 2673 549 2712 esde
570 2674 734 2712 nmis
758 2673 1014 2712 minimam
1046 2674 1170 2712 nihil
1200 2675 1482 2712 intmhﬂum
1509 2672 1785 2712 ralinnimrp.
1809 2671 1963 2712 uallat;
2066 2647 2243 2712 falcem
2264 2662 2516 2707 miseram
2536 2656 2585 2709 ἱη
2608 2668 2857 2712 utramque
2887 2670 3125 2712 messem)-
3155 2672 3230 2712 E1:
3263 2669 3339 2712 hic
3360 2678 3519 2712 mitam
3539 2674 3683 2712 lnbn-

373 2673 550 2727 eximii
570 2674 734 2738 operis
757 2673 1015 2727 editionem
1046 2674 1171 2727 nihil
1200 2675 1484 2727 intentatum
1509 2672 1785 2738 relinquere
1809 2671 1966 2736 vellet,

373 2756 531 2808 visum
557 2763 630 2808 est
649 2756 697 2808 ei
714 2763 760 2808 et
782 2756 1000 2808 tabulam
1026 2755 1407 2819 geographicam
1429 2755 1633 2809 Notitite
1661 2770 1763 2809 sua:
1790 2756 1966 2819 adiun-

2075 2670 2243 2708 ναιςκτη
2264 2670 2516 2707 miserant
2536 2671 2585 2709 in
2608 2670 2857 2729 utramque
2887 2670 3126 2731 messem).
3151 2672 3230 2722 Ea:
3263 2670 3339 2722 his
3360 2678 3519 2723 autem
3538 2674 3683 2725 tabu-

2075 2733 2167 2819 lam
2189 2733 2334 2819 istam
2354 2740 2801 2810 qualiscumqueest
2823 2748 3122 2803 concinnavi.
3141 2755 3219 2804 Ne
3239 2754 3347 2819 quis
3372 2767 3485 2806 vero
3494 2765 3684 2811 certum

369 2763 531 2808 visum
557 2763 630 2808 est
649 2763 696 2808 ei
714 2763 760 2808 et
782 2763 1000 2808 tabulam
1026 2763 1407 2824 geographicam
1429 2763 1633 2809 Notitiae
1661 2770 1763 2809 sua:
1790 2763 1966 2821 adiun-

369 2853 517 2905 gere,
543 2837 595 2891 in
619 2852 716 2905 qua
743 2839 978 2891 Ecclesia!
1006 2838 1259 2903 Africana:
1290 2838 1425 2892 illius
1451 2839 1683 2904 temporis
1712 2846 1888 2892 statum
1909 2839 1966 2890 ob

2075 2763 2167 2784 ιιιηι
2191 2763 2334 2787 suum
2354 2763 2801 2810 qualiscumque“
2823 2763 3122 2803 concinnam.
3141 2763 3219 2804 ,ΝΘ
3239 2763 3347 2819 quis
3372 2767 3485 2806 vero
3494 2765 3684 2811 certum

2075 2824 2116 2867 et
2135 2818 2398 2905 indubiam
2422 2826 2612 2892 credat,
2634 2829 2866 2896 quicquid
2884 2830 2936 2884 in
2957 2846 3016 2885 ea
3031 2835 3313 2901 continetur,
3332 2851 3483 2889 unum
3500 2845 3586 2891 aut
3606 2838 3688 2892 al-

367 2900 537 2973 oculos
577 2900 775 2984 poneret
806 2928 1036 2985 quantum
1053 2900 1127 2971 vid
1160 2921 1220 2972 ab
1249 2934 1305 2973 eo
1336 2900 1565 2987 prwstari
1603 2929 1759 2985 posset
1784 2935 1802 2983 ;
1827 2935 1966 2986 quam

2075 2905 2227 2951 terum
2247 2900 2482 2957 lectorem
2499 2911 2730 2963 monitura
2750 2913 2853 2965 volo
2866 2926 2885 2965 :

2142 2981 2307 3010 nam-
2364 2990 2539 3010 ενι-..-μμ
2585 3006 2612 3010 -.
2648 2993 2691 3010 1,,-
2905 2996 2957 3010 .-ι

368 3003 497 3055 mihi
532 3004 832 3068 prouinciam
866 3004 1043 3056 volenti
1075 3018 1190 3057 sane
1228 3018 1385 3071 neque
1424 3002 1650 3056 abnuenti
1687 3004 1922 3070 delegavit
1950 3018 1968 3055 :
2133 2987 2330 3050 Ρνίηίον
2357 2990 2542 3041 Earum
2583 2993 2776 3045 urbium
2812 2996 3071 3060 Ροδίιίοηεδ
3106 3008 3265 3056 certas
3295 3017 3401 3058 esse
3421 3018 3531 3070 quis
3553 3020 3672 3060 mar-

364 3070 498 3139 hanc
539 3096 699 3141 autem
724 3089 775 3140 in
796 3101 875 3140 me
899 3087 1064 3141 lubens
1091 3087 1285 3154 suscepi
1319 3087 1516 3156 egregie
1543 3091 1785 3152 facturum
1815 3095 1968 3154 ratus,
1995 3083 2041 3147 C
2072 3062 2462 3156 ““Wtaw
2491 3085 2603 3156 (ΙΨ
2641 3075 2831 3130 λέπεσθε
2861 3080 2986 3132 inter
3021 3097 3074 3135 δε
3107 3093 3469 3152 Commmini".
3502 3087 3685 3156 φάρρε

366 3096 498 3139 hanc
539 3096 699 3141 autem
724 3096 775 3140 in
796 3101 875 3140 me
899 3096 1064 3141 lubens
1091 3096 1285 3154 suscepi
1319 3096 1516 3157 egregie
1543 3096 1785 3152 facturum
1815 3096 1966 3154 ratus,

366 3172 416 3223 si
438 3169 595 3222 virum
620 3173 685 3223 de
715 3170 971 3237 republica
1004 3172 1243 3224 titteraria
1266 3179 1366 3225 tam
1396 3174 1515 3224 bene
1536 3170 1762 3225 meritum
1787 3179 1832 3224 et
1852 3186 1966 3237 gra-

2075 3096 2308 3117 msuuuuu
2325 3105 2338 3127 ,
2376 3096 2462 3120 aut
2491 3096 2602 3135 qua:
2641 3096 2831 3130 uncatis
2861 3096 2986 3132 mter
3021 3097 3074 3135 se
3107 3096 3469 3152 connectuntur,
3502 3096 3685 3156 (puppe

2075 3162 2183 3214 qua:
2204 3162 2268 3242 ef
2291 3149 2576 3242 [litterariis
2597 3156 2699 3207 sive
2729 3163 3036 3216 terrestribus
3065 3165 3167 3217 sive
3194 3168 3452 3222 maritimis
3473 3171 3686 3227 notiores

366 3252 585 3307 uioribus
614 3263 727 3308 tunc
763 3232 997 3309 intentum
1021 3255 1154 3307 curis
1187 3255 1351 3308 labore
1371 3255 1463 3309 hoc
1484 3254 1595 3308 utili
1626 3232 1874 3322 quidem;
1883 3260 1970 3311 sed
2070 3232 2730 3342 ἔξηξίῗζ.
2749 3245 3116 3342 “lim.
3398 3266 3462 3307 ea:
3483 3253 3683 3309 histori-

374 3336 569 3402 ingrato
591 3341 858 3392 relevarem
880 3353 897 3390 :
922 3354 1129 3407 namque
1148 3348 1190 3393 et
1214 3340 1334 3393 mihi
1356 3337 1677 3405 honoriﬁcum
1700 3338 1966 3405 videbatur,

374 3422 417 3453 οἱ
438 3436 544 3453 (Iun-
571 3430 633 3453 ιη,
658 3422 866 3453 munus-3
885 3423 1002 3453 ..ἂι-ἒ.
1026 3423 1108 3453 n...’
1132 3425 1192 3453 Αιι
1216 3439 1272 3453 nn
1287 3439 1343 3453 ..ιι
1368 3425 1660 3453 ορνὸηοουιηιο
1707 3423 1966 3453 ΜηυΙιιΛΙιιιη

2075 3311 2141 3364 cis
2164 3311 2362 3374 locatas,
2386 3320 2709 3377 quarumdam
2730 3324 3011 3386 positionem
3033 3311 3368 3395 suppeditasse
3393 3334 3516 3390 mihi
3547 3337 3682 3393 viros
3716 3384 3722 3393 .

2075 3394 2232 3447 doctos
2249 3408 2313 3447 ea;
2329 3393 2574 3451 historicis
2591 3401 2931 3453 ecclesiasticis
2951 3411 3253 3453 amomum.
3296 3418 3337 3453 gs
3357 3432 3448 3453 nm
3468 3433 3531 3453 na-
3547 3434 3679 3453 m...
3774 3410 3779 3415 ’

368 3422 417 3473 si
437 3436 547 3474 cum
569 3430 633 3476 tot
655 3422 866 3476 eruditis
885 3423 1002 3476 viris
1024 3423 1108 3490 qui
1130 3425 1192 3476 de
1213 3439 1273 3476 ea
1287 3439 1343 3477 re
1365 3425 1679 3488 scripserant,
1703 3423 1968 3488 symbolam
2066 3411 2931 3513 ﬁgffgsrifljﬁw’;“flesmif'is
2951 3411 3337 3513 (ξιξδωηριαηιηδὶ
3355 3432 3448 3470 non
3468 3433 3531 3473 ea:
3547 3434 3683 3474 antas

368 3519 528 3557 meam
563 3507 869 3572 conferrem,
895 3514 940 3558 et
963 3484 1232 3570 iucundum
1264 3484 1505 3569 imprimis
1537 3484 1805 3559 Ecclesium
1826 3506 1966 3573 Afri-
2027 3514 2035 3520 ‘
2066 3484 2423 3570 ν⁰ν¹⁸,⁶ίῖ²’ί“’⁷⁸’
2450 3487 2615 3571 fame"
2644 3485 2697 3536 ίη
2730 3488 2899 3547 paucis
2932 3490 3166 3545 υίιίοδαηι·
3192 3496 3351 3550 Ηαῦει
3369 3497 3449 3552 hic
3472 3503 3677 3555 certitu-

371 3602 537 3613 ..η-η...
563 3590 673 3613 ηιμ.
698 3588 1085 3613 n-_..._.:....:...,....
1114 3603 1136 3613 ι.
1161 3590 1367 3613 .....-s._.-..
1394 3602 1562 3613 μη..-
1608 3602 1662 3613 ι.-
1684 3588 1809 3613 ..ηιηι
1832 3591 1939 3613 --.η
2065 3560 2148 3613 άο.
2173 3573 2214 3611 81
2236 3573 2306 3612 816
2329 3559 2461 3613 loaus
2484 3564 2558 3613 fas
2580 3574 2669 3613 est-
2696 3584 2806 3613 suns
2832 3572 2951 3613 {inec
2980 3576 3110 3613 πηνα
3136 3593 3254 3613 mina
3276 3582 3359 3613 «3,.-
3383 3581 3520 3613 nl.‘.,,l
3540 3601 3648 3613 ω...

365 3602 541 3641 canam
558 3590 674 3642 olim
693 3588 1087 3655 florentissimam
1109 3603 1136 3640 e
1157 3590 1367 3643 tenebris
1388 3602 1579 3649 eruere,
1603 3602 1662 3639 ac
1684 3588 1810 3641 velut
1831 3591 1964 3640 redi-

2075 3564 2148 3659 tio,
2173 3564 2216 3611 si
2236 3564 2306 3655 sic
2329 3564 2461 3659 loqui
2482 3564 2558 3629 fas
2580 3574 2670 3659 est,
2696 3572 2951 3659 suos_fines
2980 3576 3110 3628 ultra
3136 3593 3254 3645 quos
3276 3582 3360 3634 via:
3381 3581 3520 3636 aliud
3538 3601 3675 3649 pra:-

362 3671 524 3723 vivam
562 3650 815 3725 exhibere.
852 3672 1131 3724 Accedebat
1157 3673 1285 3739 quod
1316 3671 1623 3724 doctissimus
1658 3670 1964 3736 geographus
2062 3650 2138 3695 ίθν
2159 3650 2458 3708 εθηίθθωνω
2482 3659 2586 3740 {me
2619 3650 2673 3700 ίη
2706 3652 2922 3716 confes”
2959 3663 3028 3708 εει
3065 3660 3198 3722 apud
3232 3664 3463 3718 eruditos.
3501 3670 3674 3723 Satius

376 3753 605 3784 ληρηιηη,
649 3759 840 3784 om“...
900 3753 982 3784 ,ωε
1017 3755 1343 3784 ..ηλεμηηεηκη
1379 3754 1631 3784 ..ελοιυηηρ
1664 3752 1941 3784 “mm-“3.,
2062 3735 2222 3779 autem
2243 3740 2344 3779 8888
2375 3728 2499 3782 diu?!
2516 3731 2658 3784 urbes
2675 3731 2868 3784 aliquas
2887 3753 2953 3784 ea:
2975 3742 3258 3784 coniectum
3281 3753 3463 3784 tantum
3489 3750 3652 3784 Ιιιηηοο

364 3753 605 3808 Nicolaus
644 3759 841 3808 Sanson
857 3796 871 3821 ,
898 3753 982 3824 qui
1017 3755 1344 3807 vadimonium
1379 3754 1631 3807 videbatur
1664 3752 1958 3819 promisisse,

364 3845 524 3877 mmet:
557 3848 603 3877 ut
613 3838 830 3877 arbitrm-
878 3845 1154 3877 nrnmmlua
1198 3840 1264 3877 ml
1288 3837 1414 3877 illud
1436 3839 1603 3877 npm'rn
1621 3851 1713 3877 mm
1731 3838 1937 3877 «Mirari!

2075 3735 2222 3779 ratem
2243 3740 2344 3817 esse
2375 3735 2499 3782 duxi
2516 3735 2658 3785 urbes
2675 3735 2868 3800 aliquas
2887 3753 2953 3791 ea:
2975 3742 3258 3805 coniectura
3279 3753 3465 3799 tantum
3486 3750 3672 3815 locare,

2075 3823 2280 3874 7uamvts
2305 3823 2398 3867 non
2425 3825 2514 3864 suo
2539 3815 2744 3877 fortasse
2769 3815 2874 3871 loco
2896 3834 3043 3877 quam
3070 3823 3184 3877 illas
3200 3842 3403 3877 prorsus
3421 3834 3643 3877 οηιίιιρισρ

363 3838 852 3904 morte,utarbitror,
878 3845 1172 3903 praeventus,
1197 3840 1264 3890 ad
1288 3837 1414 3891 illud
1436 3839 1603 3891 venire
1619 3851 1714 3888 non
1731 3838 1955 3903 potuerit,
2061 3824 2280 3904 quafnm
2305 3824 2398 3867 ’³οη
2425 3825 2514 3864 δυο
2539 3824 2744 3877 roum”
2769 3824 2874 3871 ιοεο
2896 3834 3043 3885 quam
3070 3824 3403 3899 ίιιαερνονεαδ
3421 3834 3670 3903 Mittere,

366 3930 423 3973 et
443 3924 489 3973 si
504 3926 619 3973 auia
649 3924 834 3973 auxilii
870 3922 974 3973 iam
1012 3925 1308 3973 sperandum
1350 3930 1495 3973 esset.
1531 3924 1583 3973 in
1606 3935 1702 3973 una
1738 3922 1899 3973 Caroli
1928 3936 1961 3973 a
2060 3894 2322 3948 armum”
2352 3899 2458 3959 Ῑθνθ
2476 3905 2527 3949 πί
2548 3899 2726 3953 υετίίαδ
2759 3901 2877 3955 inde
2896 3906 3092 3968 Ῑπίιίιιε
3115 3921 3369 3966 emeretur
3396 3918 3519 3969 :vix
3539 3923 3670 3973 enim

366 3930 423 3977 et
443 3924 489 3977 si
504 3926 619 3989 quid
649 3924 834 3979 auxilii
870 3922 974 3989 iam
1012 3925 1308 3990 sperandum
1350 3930 1495 3987 esset,
1531 3924 1583 3975 in
1606 3935 1702 3973 una
1738 3922 1899 3973 Caroli
1928 3936 1961 3973 a

357 4017 532 4063 sancto
554 4011 713 4063 Paulo
729 4008 899 4062 tabula
921 4008 1068 4062 silum
1089 4022 1221 4071 esse,
1246 4023 1391 4074 quam
1414 4016 1571 4061 tamen
1592 4005 1758 4059 multis
1772 4007 1958 4058 errori-

2075 3922 2106 3945 u
2120 3922 2200 3947 um
2215 3922 2322 3948 uiua
2352 3922 2458 3959 lum
2476 3922 2527 3949 ιιι
2548 3922 2726 3953 vernas
2759 3922 2877 3955 inae
2896 3922 3092 3968 [acinus
3115 3922 3369 3966 erueretur
3396 3922 3519 3969 :uix
3539 3923 3671 3975 enim

2075 3974 2165 4027 riae
2186 3979 2536 4074 autcpsiacerti
2543 3981 2735 4049 aliquid
2746 3984 2799 4036 in
2817 3986 2894 4039 his
2916 3990 3058 4043 rebus
3077 3991 3291 4053 stabiliri
3315 4005 3483 4063 potest.
3511 4003 3672 4058 Tanta

318 4093 337 4107 '
356 4092 452 4144 bus
473 4106 722 4159 aspersam
749 4106 904 4158 supra
932 4090 1167 4143 diximus.
1195 4046 1326 4158 I’ii'go
1347 4105 1517 4144 novam
1538 4091 1724 4157 Africa:
1745 4089 1957 4142 tabulam

2075 4066 2128 4111 est
2148 4074 2208 4110 ac
2233 4067 2331 4112 tam
2348 4062 2602 4155 multiplex
2624 4046 2870 4120 nominum
2896 4070 3150 4127 diuersitas
3182 4084 3233 4126 ut

354 4177 591 4229 daturum
610 4191 687 4233 me
706 4176 930 4242 suscepi,
958 4175 1223 4228 arbitratus
1245 4187 1382 4238 posse
1403 4188 1478 4227 me
1501 4173 1719 4240 scapulas
1736 4172 1844 4225 illos
1867 4173 1953 4224 de-

351 4257 546 4312 clinare
568 4260 618 4312 in
640 4275 758 4327 quos
781 4265 842 4313 Β.
862 4262 928 4311 Ρ.
944 4258 1253 4324 supradictus
1277 4258 1539 4322 impegerat
1554 4298 1569 4322 ,
1596 4259 1661 4309 de
1677 4255 1849 4323 quibus
1868 4270 1954 4323 ego

352 4342 671 4408 prtemonitus
684 4342 988 4407 jamdudum
1005 4340 1215 4406 fueram.

2055 4156 2170 4194 rare
2185 4158 2310 4205 eum,
2330 4144 2414 4210 qui
2429 4147 2681 4199 oculorum
2696 4148 2745 4200 in
2763 4150 2839 4203 his
2853 4151 3070 4205 subsidio
3088 4170 3185 4208 non
3199 4158 3368 4222 utitur,
3395 4162 3517 4212 mihi
3533 4174 3669 4221 certe

2054 4226 2471 4313 persuasissimum
2493 4238 2563 4282 est
2574 4230 2759 4285 tabulas
2779 4236 3146 4301 geographicus,
3169 4243 3466 4305 quantumvis
3487 4250 3665 4313 malas,
3702 4298 3705 4301 .

2054 4308 2171 4360 dum
2200 4310 2314 4361 alia:
2344 4324 2437 4361 non
2472 4320 2726 4379 suppetunt
2749 4355 2763 4378 ,
2796 4315 2921 4367 viam
2954 4317 3269 4372 nihilominus
3307 4324 3376 4374 ad
3413 4308 3665 4384 veritatem

1086 4451 1266 4475 mw”
1290 4451 1444 4475 “mu
1486 4451 1568 4475 HJ
1716 4448 1824 4475 nm-
1839 4464 1921 4475 ω
1980 4473 2013 4475 ψ
2050 4399 2282 4445 sternere.
2298 4394 2475 4445 Beatus
2497 4402 2656 4447 autem
2678 4396 2834 4462 fuero,
2861 4399 2903 4450 si
2926 4397 3050 4467 haec,
3069 4403 3430 4473 qualiscumque
3448 4416 3536 4475 est,
3565 4415 3665 4469 ali-

423 4445 529 4547 ῥῚ
556 4458 678 4547 Hice
696 4454 949 4547 ratio
1284 4451 1463 4517 operis,
1482 4451 1568 4545 sed
1585 4448 1824 4547 dumaliis
1834 4464 1948 4502 con-
1979 4473 2036 4534 Β
2059 4476 2287 4544 quantum
2308 4476 2521 4530 subsidio
2762 4445 3060 4547 ⁷

348 4535 540 4592 cultum
555 4538 682 4601 volo,
702 4540 805 4603 ipse
823 4538 942 4591 mihi
959 4535 1294 4606 gravissimum
1310 4551 1429 4589 onus
1446 4576 1461 4601 ,
1481 4536 1561 4587 cui
1578 4534 1780 4601 ferendo
1797 4532 1956 4600 impar

348 4619 549 4685 futurus
566 4632 701 4671 eram
722 4618 1004 4683 imprudens
1027 4618 1250 4683 imposui.
1282 4620 1533 4670 Lectorum
1544 4615 1663 4667 mihi
1672 4613 1953 4682 aliquotauc

348 4707 549 4754 ctorum
567 4703 784 4755 conscius
806 4703 890 4769 qui
912 4718 975 4757 ea:
995 4702 1270 4771 regionibus
1289 4701 1392 4754 istis
1413 4702 1638 4755 historice
1660 4701 1734 4752 vel
1752 4714 1955 4769 geogra-

351 4781 503 4850 phice
531 4785 855 4852 scripserant,
888 4793 935 4838 et
975 4785 1217 4853 excerptis
1248 4786 1368 4839 meis
1399 4784 1740 4854 geographicis
1773 4785 1954 4853 fretus,

351 4879 472 4932 quis
492 4866 542 4919 in
558 4882 695 4920 usum
712 4869 1073 4921 condendamm
1093 4871 1387 4935 tabularum,
1405 4871 1449 4922 si
1466 4870 1661 4933 qiumdo
1675 4883 1794 4934 opus
1813 4882 1953 4936 esset,

352 4948 709 5015 dispasueram,
729 4951 993 5005 arbitratus
1014 4967 1120 5005 sum
1139 4951 1433 5018 potissimam
1454 4954 1563 5017 jam
1584 4955 1747 5019 operis
1768 4961 1955 5019 partem

352 5038 584 5084 exactam
612 5038 733 5096 esse,
758 5033 886 5087 male
916 5042 1086 5086 cautus
1105 5036 1190 5101 qui
1218 5042 1317 5086 tam
1347 5035 1538 5102 facilem
1561 5036 1806 5103 desperati
1832 5050 1957 5102 pene

350 5114 520 5179 operis
548 5104 873 5169 executionem
903 5116 1066 5170 animo
1092 5120 1429 5184 prwcepissem
1446 5119 1613 5172 !’Cum
1636 5118 1787 5172 multa
1810 5121 1955 5173 etiam

352 5193 477 5248 mihi
494 5195 700 5265 legenda
726 5206 1044 5265 superessent,
1077 5214 1184 5266 qua:
1212 5186 1561 5267 difﬁcultatem
1599 5201 1952 5268 minuerentne,

354 5293 424 5330 an
447 5293 539 5331 non
565 5283 687 5345 forte
699 5284 1080 5349 etiamaugerent
1100 5283 1287 5337 nescius
1296 5299 1448 5357 eram.
1462 5286 1564 5337 Sed
1582 5291 1627 5336 et
1637 5283 1853 5352 erigebat
1875 5299 1953 5337 me

354 5365 594 5427 praefatus
616 5364 910 5419 clarissimus
937 5366 1158 5421 dominus
1177 5370 1256 5419 Du
1273 5370 1387 5433 Pin,
1412 5383 1552 5436 quem
1569 5368 1778 5420 omnium
1798 5367 1950 5421 instar

355 5444 478 5497 mihi
516 5449 735 5510 futurum
774 5463 876 5501 esse
907 5450 1202 5515 confidebam
1222 5492 1236 5516 ,
1261 5452 1343 5516 qui
1380 5451 1607 5517 quicquid
1649 5452 1913 5504 Garnerius
1930 5488 1947 5514 ,

356 5530 607 5595 Norisius,
634 5530 881 5596 Baluzius,
904 5533 1209 5599 Harduimts,
1232 5536 1511 5587 Ruinartius
1534 5534 1845 5601 scripserant,
1867 5534 1947 5586 di-

356 5612 562 5678 ligenter
586 5611 870 5681 collegerat,
898 5624 943 5669 et
972 5623 1106 5670 notas
1126 5616 1324 5681 insuper
1347 5632 1459 5670 suas
1486 5617 1688 5684 benigne
1709 5616 1829 5670 mihi
1853 5618 1948 5670 im-

361 5696 629 5764 pertiturus
652 5704 790 5762 erat;
811 5714 903 5753 uno
925 5701 1069 5754 verbo
1097 5702 1279 5756 animos
1300 5700 1421 5756 mihi
1440 5701 1632 5757 addidit
1651 5740 1667 5769 ,
1689 5708 1736 5757 et
1768 5702 1835 5758 ad
1855 5717 1945 5756 au-

766 5784 1039 5849 Ps'mon.
1085 5785 1199 5849 X1.

2072 4598 2077 4602 .
2124 4562 2365 4612 Secundo.
2393 4563 2506 4614 Non
2528 4569 2712 4615 tantum
2743 4563 2887 4617 urbes
2907 4573 3040 4618 certo
3069 4568 3366 4635 episcopales
3386 4575 3439 4627 in
3468 4577 3663 4634 hacta-

2057 4642 2173 4695 bula
2194 4642 2420 4708 exhibui,
2442 4646 2529 4697 sed
2546 4645 2671 4699 alias
2691 4647 2835 4699 etiam
2855 4647 3039 4702 inserui
3060 4664 3268 4717 quarum
3295 4658 3475 4723 aliqua
3495 4660 3663 4726 forsan

2058 4725 2205 4808 etiam
2220 4728 2514 4795 episcOpales
2533 4738 2662 4783 sunt.
2683 4733 2805 4783 Haec
2821 4741 2981 4785 autem
2994 4733 3086 4798 fuit
3101 4734 3350 4792 inserendi
3365 4754 3515 4795 causa
3529 4751 3659 4808 quod
3710 4776 3717 4785 ι

2055 4806 2158 4860 illa:
2182 4811 2435 4864 doctorum
2471 4813 2687 4865 virorum
2728 4813 3021 4881 conjecturis
3040 4813 3380 4872 inservierunt.
3418 4825 3485 4875 In
3514 4806 3660 4885 rebus
3719 4832 3724 4841 ‘

2055 4894 2287 4979 abstrusis
2308 4899 2507 4950 minima
2527 4913 2728 4967 quaeque
2751 4901 2951 4969 vestigia
2970 4902 3070 4955 sive
3089 4902 3275 4958 indicia
3296 4908 3512 4964 veritatis
3542 4929 3660 4979 pre.

2058 4975 2182 5062 liosa
2203 4987 2327 5062 sunt,
2354 4979 2499 5046 plura
2516 4982 2757 5046 positurus
2778 4999 2916 5037 ermn
2934 4984 2977 5038 si
2992 4986 3202 5040 brevitas
3218 4990 3404 5045 chartis
3421 4975 3554 5059 ferre
3575 5012 3661 5062 po-

2056 5060 2241 5122 tuisset,
2266 5060 2472 5145 ideoque
2493 5070 2539 5114 et
2562 5065 2850 5130 populorum
2872 5067 3067 5120 nomina
3087 5069 3167 5120 hic
3189 5069 3383 5138 omissa,
3404 5060 3660 5145 non

2060 5157 2262 5209 prorsus
2284 5144 2493 5207 inutilia,
2516 5149 2603 5198 sed
2622 5156 2850 5215 tanquam
2871 5150 3029 5204 minus
3052 5153 3288 5219 pro/icua.
3350 5206 3355 5215 ,

2130 5225 2308 5312 ςινςνιὶο.
2336 5226 2550 5312 Propria
2571 5232 2672 5281 sive
2695 5231 2989 5285 substantiva
3019 5234 3213 5288 urbium
3246 5242 3441 5296 nomina
3474 5247 3659 5312 quoties

2059 5308 2255 5376 quidem
2276 5325 2371 5363 non
2388 5309 2526 5364 licuit
2548 5326 2611 5366 ea:
2626 5327 2748 5377 puro
2768 5316 3092 5381 Antiquorum
3116 5321 3242 5386 fonte
3264 5308 3494 5395 haurire,
3510 5343 3570 5383 ea
3589 5347 3657 5386 ea:

2056 5397 2116 5446 R.
2145 5398 2209 5445 P.
2249 5395 2421 5446 Carolo
2453 5410 2484 5446 a
2503 5404 2666 5450 sancto
2701 5400 2863 5484 t’aulo
2900 5408 2985 5453 aut
3021 5407 3080 5455 ab
3113 5404 3365 5462 Hotstenio
3399 5413 3658 5484 desumpta

2052 5484 2181 5542 sunt,
2205 5484 2253 5530 et
2274 5492 2371 5545 qua
2392 5485 2588 5544 potuere
2611 5481 2840 5547 analogia
2862 5486 3067 5550 conﬁcta
3089 5500 3194 5540 esse
3210 5490 3449 5553 uidentur.

2119 5566 2319 5625 Quarto.
2362 5564 2471 5616 Viri
2498 5563 2743 5631 diligentis
2772 5567 2932 5634 fuerat
2954 5568 3179 5626 lectiones
3202 5574 3363 5628 varias
3403 5580 3591 5644 referre
3609 5581 3657 5637 si

2054 5657 2164 5726 qua:
2178 5646 2502 5701 occurrissent
2514 5647 2567 5701 in
2581 5649 2827 5716 impressis
2849 5659 2932 5704 aut
2952 5656 3293 5719 manuscriptis
3315 5660 3578 5726 codicibus,
3599 5673 3655 5721 ut

2057 5725 2264 5782 liberum
2284 5736 2406 5785 esset
2426 5728 2599 5797 cuique
2608 5731 2859 5797 judicium
2877 5747 3036 5798 suum,
3063 5734 3220 5857 et
3242 5736 3438 5801 quidem
3458 5746 3652 5806 prolixe
