4206 6170
523 238 642 297 875

1917 229 2453 289 PROLEGOMENA.

3735 227 3839 287 876

525 355 778 406 eructans
797 356 868 403 est
885 348 1108 402 donamus
1140 345 1318 398 Durio
1343 358 1362 398 :
1386 345 1501 409 quia
1530 357 1648 398 vero
1684 343 1965 396 varietatem
1998 343 2138 396 istam
2162 350 2217 410 Α
2241 339 2428 394 nullam
2450 354 2618 394 eorum
2639 341 2794 407 fusam
2815 310 2968 408 fuisse
2989 346 3169 407 prteter
3193 339 3556 404 Carthaginem,
3584 341 3708 394 alius
3734 357 3846 396 vero

524 436 687 489 tabula
704 443 866 488 nostra
882 431 1204 502 geographica
1221 431 1352 496 ferre
1373 445 1466 481 non
1485 437 1694 496 poterat,
1713 428 1810 481 nisi
1827 429 1981 481 altero
1997 431 2128 480 tanto

525 527 610 572 aut
641 517 786 572 etiam
815 519 967 582 duplo
997 515 1138 580 ﬁeret
1173 513 1354 578 uiator,
1377 523 1478 564 una
1511 527 1575 566 ex
1607 512 1813 565 diversis
1852 509 2130 564 lectionibus

528 603 752 670 eligenda
770 601 863 667 fuit
887 636 902 659 .
922 598 1032 652 eam
1065 608 1180 650 vero
1208 597 1465 664 selegimus
1497 607 1645 663 quam
1677 594 1832 648 doctis
1868 595 1978 660 plus
2015 591 2129 647 aliis

591 767 786 831 nimo.
823 768 1170 817 Gunmzuetur
1190 764 1469 830 frequenter
1490 761 1646 828 {acies
1675 762 1943 827 regionum.
1963 761 2134 813 saltem

531 841 1311 912 demﬁm,
1337 833 1450 907 ἦε
1464 842 1825 906 provincias-un
1843 854 2096 892 tuanerwn
2117 879 2134 903 ,

529 932 737 994 wbitnn,
761 929 1052 996 populorum
1069 934 1115 980 et
1134 927 1386 992 Μηωη
1411 925 1635 990 atomum,
1662 927 1710 979 el
1734 924 1994 992 unicuique
2014 923 2135 976 insi-

531 1015 615 1080 gni
631 1013 888 1068 vastationi
909 1012 1184 1077 salutabitis
1201 1012 1437 1063 debeatur
1457 1021 1569 1075 qua:
1591 1018 1764 1063 statum
1791 1008 1928 1063 illius
1951 1016 2138 1073 tempo-

533 1095 604 1148 ris
621 1103 936 1168 repromittat
957 1092 1157 1159 ,κώνεια
1183 1091 1282 1145 ista
1303 1091 1450 1156 ﬁnem
1479 1092 1647 1158 quarti
1675 1099 1724 1144 et
1762 1090 1954 1143 initium
1984 1090 2141 1155 quinti

534 1177 703 1232 saeculi
731 1177 936 1242 proin-ie
966 1183 1146 1243 spectat
1162 1211 1176 1238 ,
1218 1190 1329 1228 cum
1360 1175 1720 1240 Donatistarum
1749 1175 1950 1227 Itan-esis
1999 1173 2139 1237 longe

534 1262 723 1326 lateque
747 1260 798 1312 in
820 1261 992 1327 Africa
1013 1267 1345 1327 grassaretur,
1369 1267 1414 1312 et
1437 1267 1558 1311 esset
1581 1261 1714 1326 regio
1735 1258 1830 1310 illa
1857 1258 1910 1310 in
1941 1271 2030 1310 sex
2061 1270 2141 1308 se-

537 1354 720 1410 ptemve
738 1344 1014 1412 provincias
1036 1343 1212 1408 divisa,
1232 1347 1321 1396 sed
1343 1351 1390 1395 et
1419 1357 1525 1396 sevo
1546 1343 1692 1408 paulo
1713 1341 1967 1408 posteriori
1985 1342 2143 1393 inser-

537 1427 644 1481 vire
659 1435 828 1494 potest.
852 1443 963 1498 cum
995 1428 1325 1480 Vandalorum
1349 1429 1488 1491 furor
1511 1433 1557 1479 et
1579 1425 1851 1492 persecutio
1869 1425 1924 1478 in
1944 1425 2145 1477 catholi-

540 1524 622 1562 cos
643 1510 845 1577 vigeret.

600 1605 772 1654 Sexto.
807 1606 1112 1667 Quanquam
1143 1600 1422 1655 Collotionis
1449 1600 1843 1670 Carthaginensis
1862 1600 2144 1652 describen-

535 1687 620 1740 dae
637 1700 818 1752 scorta,
843 1689 972 1752 quod
992 1687 1137 1752 huius
1163 1687 1345 1739 tabula:
1365 1687 1618 1751 proprium
1640 1699 1742 1738 esse
1767 1685 1934 1743 debet,
1957 1683 2144 1735 inutilis

887 1737 1191 1834 Italiaiqua:
1208 1770 1262 1835 in
1286 1737 1754 1833 ea'reprtvsentalnr
1777 1780 1889 1818 cum
1911 1737 2144 1828 adjacen-
2175 1737 2221 1797 Β

536 1856 667 1908 tibus
695 1852 898 1918 insulis,
937 1861 1102 1905 tamen
1120 1853 1367 1906 cortunode
1397 1852 1642 1916 [actttrum
1673 1847 1934 1900 arbitratus
1965 1859 2072 1899 sum
2102 1845 2146 1898 si

540 1937 709 1988 urbem
727 1941 927 1988 Roman
956 1935 1016 1986 ob
1036 1934 1202 1986 oculos
1235 1934 1492 1998 legentium
1521 1943 1748 1995 ponerem
1775 1970 1788 1994 ,
1813 1937 1858 1981 et
1881 1927 2146 1992 praedictas

545 2015 729 2070 insulas
750 2027 862 2080 quis
877 2015 1069 2068 Notitia
1091 2013 1323 2066 Ecclesia:
1346 2013 1598 2078 Africana!
1633 2010 1950 2074 continentia,
1977 2023 2146 2075 quem-

543 2099 807 2158 adtnodum
844 2109 904 2149 ea
941 2097 1085 2162 paulo
1119 2104 1226 2162 post
1246 2097 1333 2147 sub
1381 2096 1718 2146 Vrmdalorum
1754 2093 1869 2159 iugo
1891 2092 2140 2159 ingemuit.

545 2184 786 2236 Caeterum
805 2179 1140 2245 episcoporum
1158 2179 1295 2232 sedes
1313 2178 1363 2231 in
1385 2181 1572 2230 Insulis
1596 2176 1884 2229 Balearibus
1905 2184 1951 2227 et
1973 2175 2146 2240 Pyliu-

543 2264 611 2317 sis
627 2279 722 2318 non
737 2263 1020 2323 notavimus.
1037 2270 1202 2329 utpote
1225 2263 1360 2315 nobis
1381 2261 1667 2327 incognitas,
1696 2269 1740 2313 et
1757 2264 1876 2326 forte
1901 2273 2026 2312 nunc
2045 2260 2146 2324 hic,

546 2363 671 2402 nunc
691 2349 796 2402 illic
817 2351 984 2403 sedem
1001 2349 1264 2412 habebant,
1285 2349 1419 2400 unde
1441 2355 1487 2398 et
1519 2345 1662 2398 totius
1685 2345 1898 2413 regionis
1933 2345 2148 2410 episcOpi

545 2434 849 2487 dicebaruur.

609 2517 837 2581 Septimo.
877 2518 1167 2582 uenopotes
1186 2513 1353 2570 civiles
1374 2513 1640 2580 majoribus
1669 2527 1755 2567 seu
1777 2514 2044 2568 initialilms
2067 2514 2150 2566 lit-

545 2601 662 2654 teris
683 2601 1012 2666 designandos
1042 2599 1341 2664 ctu-abimus,
1378 2597 1744 2652 Ecclesiasticas
1776 2613 1870 2651 non
1902 2598 2015 2651 item
2039 2613 2151 2650 cuin

2141 2726 2536 2744 Μ

2236 425 2483 477 seniorum
2507 424 2839 489 episcoporum
2858 425 3000 478 sedes
3023 422 3170 489 fuisse
3195 426 3364 476 doctus
3387 424 3588 488 nterim.

2305 509 2501 560 Octavo.
2535 506 2733 573 Oppida
2756 520 2865 573 qtae
2887 506 2941 559 in
2975 506 3139 559 tabula
3161 506 3484 574 geographica
3506 506 3738 560 asterisco
3758 523 3845 561 no-

2232 596 2414 650 tantur,
2436 603 2495 640 ea
2506 597 2616 642 sunt
2640 589 2692 642 in
2710 590 2882 652 quibus
2903 589 3146 642 celebrata
3174 591 3365 656 fueram
3377 589 3604 650 concilia,
3627 595 3848 644 eteorum

2233 674 2428 738 quidem
2442 674 2654 726 omnium
2675 673 2870 727 nomina
2906 673 2985 725 hic
3003 674 3231 739 reperies,
3253 683 3432 739 praeter
3472 679 3664 728 Novam
3689 677 3852 728 Cresa-

2235 770 2370 809 ream
2395 799 2408 822 ,
2443 759 2750 810 Macrianum
2781 767 2826 810 et
2849 763 3092 821 Juncum,
3119 773 3325 827 quorum
3358 757 3552 812 urbium
3582 762 3728 814 silum
3767 777 3856 828 pro

2237 852 2490 908 comperto
2513 844 2694 896 habere
2711 857 2804 896 non
2829 844 2982 896 liatit.

2301 931 2541 981 Craterum
2573 930 2710 982 urbis
2741 931 3026 996 Bagaitante
3056 929 3336 992 positionem
3373 943 3484 995 qua:
3514 928 3644 982 viros
3684 931 3860 984 doctos

2239 1029 2332 1068 non
2353 1022 2532 1080 paucos
2570 1015 2781 1082 fugerat,
2809 1028 2871 1067 ea:
2897 1012 3200 1080 Geographie
3223 1015 3461 1066 Nubiensi
3484 1015 3667 1076 didici,
3692 1024 3739 1066 et
3762 1018 3858 1066 Ca-

2240 1096 2564 1149 barsussensis
2587 1095 2792 1148 civitatis
2817 1094 3017 1159 vestigia
3042 1096 3091 1147 in
3113 1093 3349 1148 hodierna
3375 1101 3502 1150 Susa
3528 1097 3696 1150 videre
3727 1100 3856 1153 mihi

2241 1179 2369 1234 visus
2390 1193 2496 1230 sum
2514 1179 2769 1231 :assentiat
2793 1178 2876 1244 qui
2900 1179 3023 1230 volet
3039 1215 3054 1239 ,
3077 1177 3200 1231 nihil
3221 1177 3468 1244 afﬁrmare
3491 1181 3666 1232 ausim.

2308 1265 2525 1316 Libenter
2558 1264 2702 1315 etiam
2734 1262 2923 1329 aliquas
2945 1266 3114 1322 urbes,
3139 1261 3182 1314 si
3203 1261 3446 1326 licuisset,
3479 1263 3825 1328 adjunrissem
3843 1309 3857 1332 ,

2251 1348 2518 1410 Tononam,
2542 1347 2706 1396 Vitam
2732 1345 2828 1396 sive
2844 1344 3014 1395 urbem
3037 1343 3134 1396 sive
3152 1346 3500 1408 regiunculam,
3524 1348 3672 1398 Cosas
3694 1347 3864 1411 nigras

2246 1437 2292 1480 et
2315 1428 2438 1481 alios
2460 1428 2565 1494 ejus
2589 1425 2800 1495 generis,
2825 1435 3023 1491 prapter
3052 1425 3293 1479 Victorem
3318 1430 3659 1488 Tonanensem,
3693 1431 3863 1482 Victo-

2247 1527 2353 1564 rem
2375 1510 2528 1564 alimn
2547 1512 2806 1575 Vitensem,
2826 1513 3066 1562 Donatum
3089 1526 3120 1561 a
3145 1512 3282 1563 Casis
3299 1511 3455 1578 nigris
3478 1522 3521 1564 et
3544 1514 3665 1565 alios
3687 1514 3864 1575 hujus-

2249 1595 2381 1647 ntodi
2404 1595 2612 1659 fumosos
2644 1592 2792 1646 viros.
2816 1591 2978 1644 Cuivis
2997 1600 3126 1645 certe
3146 1593 3427 1659 grographo
3449 1593 3713 1646 dolendum
3734 1606 3868 1648 vetat

2249 1679 2372 1729 adeo
2413 1677 2699 1743 {tttnigcrata
2735 1677 2844 1730 loca
2881 1681 3099 1732 omittere
3133 1691 3152 1728 :
3181 1678 3312 1742 quod
3353 1685 3513 1729 tanien
3553 1676 3708 1730 satius
3749 1692 3862 1731 esse

2249 1760 2480 1814 duximus
2515 1776 2661 1825 quam
2690 1775 2838 1826 super
2866 1761 2944 1814 his
2964 1760 3124 1814 aleam
3158 1759 3342 1825 iacere.
3374 1762 3498 1813 Vita:
3522 1761 3719 1826 quidem
3743 1761 3865 1814 urbi

2252 1844 2454 1896 Carolus
2475 1857 2509 1893 a
2531 1851 2694 1895 sancto
2721 1846 2881 1896 Paulo
2903 1845 2956 1896 in
2987 1844 3149 1897 tabula
3173 1857 3265 1895 sua
3287 1842 3449 1896 locum
3470 1843 3634 1905 dedit,
3653 1845 3743 1896 sed
3767 1858 3870 1912 quo

2249 1936 2445 1982 auctore
2468 1926 2694 1992 quibusve
2710 1927 3003 1992 coniecturis
3023 1930 3178 1991 fateor
3209 1939 3288 1978 me
3308 1927 3517 1979 nescire.

2314 2015 2471 2062 Nono.
2509 2013 2746 2062 Locorum
2773 2011 2958 2076 aliquot
2985 2011 3294 2076 antiquorum
3322 2009 3561 2063 hodierna
3595 2009 3798 2062 nomina
3821 2012 3872 2062 in

2251 2098 2363 2150 nolit
2371 2099 2418 2149 ia
2443 2096 2676 2160 invenies,
2697 2099 2853 2165 magis
2875 2097 3024 2149 mie
3044 2097 3096 2150 in
3119 2096 3219 2149 alia
3240 2095 3492 2162 inquirere
3511 2097 3725 2149 abstinui
3739 2137 3752 2159 ,
3786 2099 3867 2149 ni-

2251 2179 2429 2234 mirum
2467 2179 2840 2245 diﬂicillimum,
2863 2194 2925 2233 ne
2957 2181 3120 2233 dicam
3143 2180 3439 2246 impossibile
3471 2181 3559 2232 hoc
3592 2187 3724 2242 erat,
3755 2193 3872 2232 cunt

2253 2269 2518 2322 hodiernus
2536 2269 2736 2322 illarum
2756 2271 3009 2334 regionum
3045 2273 3195 2321 status
3223 2281 3400 2333 parum
3424 2273 3561 2320 notus
3597 2268 3678 2320 sit.
3703 2267 3869 2319 Caete-

2255 2367 2366 2404 rum
2387 2358 2538 2404 tiaran
2551 2365 2649 2404 non
2666 2360 2736 2405 est
2759 2365 2849 2415 pro
2865 2351 3074 2414 antiquis
3097 2352 3366 2403 recattiora
3386 2351 3580 2404 nom-ina
3600 2361 3835 2414 usurpari

2255 2433 2492 2496 Exemplo
2514 2434 2575 2485 sit
2608 2437 2777 2486 doctus
2805 2443 2852 2486 et
2883 2433 3094 2499 diligens
3125 2433 3366 2498 Scriptor,
3390 2437 3475 2498 qui
3495 2435 3676 2500 quoties
3703 2435 3870 2484 Clusu-

2257 2531 2477 2570 reensem
2493 2518 2542 2570 in
2555 2517 2851 2570 Mauritrmia
2873 2519 3148 2581 episcopum
3168 2517 3418 2569 norninare
3434 2517 3596 2578 voluit,
3619 2517 3761 2569 toties
3784 2527 3872 2580 per

2256 2602 2592 2668 Algeriensem
2617 2611 2729 2652 eum
2753 2600 3041 2666 designavit,
3065 2601 3195 2665 quod
3219 2599 3480 2652 verisimile
3501 2611 3596 2652 non
3615 2608 3706 2651 est.

1583 2819 2036 2892 NOTITIA
2108 2819 2830 2900 LITTERARIA.

1779 2951 1890 3025 (Ex
1911 2951 2276 3010 Scltteneman.
2295 2963 2333 3010 t.
2354 2969 2391 3022 t,
2421 2974 2475 3027 p.
2492 2955 2645 3029 545.)

617 3090 713 3164 gl.
727 3083 1661 3162 ‘S.0ptatiVita.—.Afer,biilevisin
1673 3084 1923 3141 Numidia
1937 3087 2160 3157 Episco-
2187 3096 2234 3159 (ζ
2263 3100 2582 3160 regnarunt.
2631 3092 2904 3161 Balduini,
2933 3109 2965 3148 a
2991 3093 3204 3152 duabus
3229 3095 3355 3153 edd.
3388 3112 3480 3153 an.
3526 3098 3666 3156 1565
3695 3109 3754 3156 et
3781 3102 3878 3158 69.

551 3199 655 3255 pus
680 3184 785 3240 sub
817 3181 1200 3240 Valentiniano
1225 3191 1282 3238 et
1302 3180 1530 3236 Valente
1553 3181 1886 3251 principibus
1907 3181 1990 3253 (1)
2021 3181 2162 3238 inter

550 3285 724 3331 annos
754 3275 863 3330 572
889 3283 945 3330 et
981 3273 1092 3329 575
1127 3272 1366 3342 scripsit.
1399 3261 1614 3327 Vixissc
1643 3281 1825 3327 autem
1867 3271 1935 3326 ad
1981 3271 2161 3330 Theo-

547 3368 688 3423 dosii
714 3366 1007 3437 imperium
1057 3373 1113 3422 et
1150 3362 1411 3419 'Siricium
1454 3377 1648 3433 usque,
1680 3365 1770 3434 qui
1794 3377 1884 3417 an.
1912 3363 2018 3418 ’584
2046 3365 2161 3436 cpi-

550 3459 702 3530 scopi
734 3457 964 3514 Romani
991 3456 1176 3513 sedem
1208 3454 1514 3526 occupavit,
1545 3453 1804 3524 Dupinius
1851 3455 2161 3512 verisimili-

550 3561 634 3607 ter
657 3551 864 3606 statuit.
890 3547 1000 3606 Nec
1030 3547 1318 3620 quicquam
1349 3555 1613 3618 praeterea
1643 3560 1741 3603 seu
1779 3546 1850 3604 de
1895 3548 2026 3618 vita,
2057 3564 2157 3607 seu

551 3642 623 3700 de
651 3643 802 3700 exitu
822 3643 940 3716 ejus
963 3649 1200 3698 constat.

629 3735 660 3807 ς
683 3723 748 3792 ll.
781 3735 1015 3805 Scripta.
1037 3761 1108 3774 —
1127 3731 1358 3804 Scripsit
1384 3731 1448 3794 de
1473 3732 1747 3794 schismate
1769 3731 2162 3788 Donatistarum

557 3837 739 3881 contra
776 3824 1182 3888 Parmenianttm
1212 3823 1369 3880 libros
1397 3840 1471 3890 vt,
1489 3838 1728 3895 quorum
1755 3835 1970 3884 aetatem
2009 3834 2162 3881 recte

556 3917 822 3988 Dupinius
845 3917 1156 3974 estimavit.
1189 3915 1269 3972 Ne
1293 3917 1441 3972 enim
1466 3917 1535 3974 ad
1560 3917 1743 3975 δὶήοῆ
1769 3929 2037 3991 tempora,
2068 3933 2165 3975 cu-

549 4013 640 4084 jus
668 4012 762 4068 lib.
796 4026 856 4079 ιι,
878 4010 912 4082 ᾗ
931 4011 989 4080 3,
1016 4009 1232 4067 mentio
1257 4011 1342 4077 ﬁt,
1371 3999 1586 4068 astatem
1623 4028 1812 4069 eorum
1844 4013 2161 4085 protrahere

556 4106 758 4169 lubeat.
805 4103 1083 4160 sententia
1109 4099 1340 4160 vetatab
1369 4103 1559 4161 eodem
1591 4106 1835 4176 probata,
1883 4115 2158 4162 auctorem

560 4199 755 4254 iterum
781 4211 924 4270 opus
948 4204 1104 4252 suum
1133 4197 1477 4255 recensuisse
1519 4214 1690 4270 eaque
1715 4211 1984 4271 tamquam
2011 4201 2164 4256 addi-

559 4298 798 4348 tamenta
824 4281 1112 4364 adiecisse,
1163 4306 1284 4362 qua:
1305 4291 1415 4362 jam
1449 4291 1567 4346 libri
1586 4308 1658 4348 vu
1680 4293 1898 4350 nomine
1920 4293 2160 4349 veniunt.

629 4385 660 4458 ᾗ
687 4377 775 4441 Ill.
844 4377 1134 4442 Editiones.
1165 4369 1244 4426 l—
1272 4385 1526 4462 Optatum
1573 4386 1805 4457 primum
1836 4401 1868 4442 e
1897 4385 2161 4451 tenebris,

2264 3182 2503 3251 proiecta
2535 3185 2602 3238 ad
2633 3186 2796 3240 linem
2827 3187 3011 3242 surculi
3041 3203 3149 3242 xvu
3179 3188 3435 3258 duravit,
3468 3192 3776 3261 Dupiniana
3809 3195 3881 3251 ab

2262 3288 2354 3328 an.
2389 3275 2548 3343 1700,
2582 3277 2636 3332 in
2665 3279 3035 3349 compluribus
3065 3281 3481 3350 repetitionibus
3509 3290 3566 3338 et
3596 3300 3797 3342 recens
3825 3287 3881 3342 in

2263 3366 2611 3425 Gallandiana
2633 3381 2688 3428 et
2713 3371 3111 3430 Oberthuriaua
3129 3375 3294 3448 viget.
3322 3377 3514 3435 Testes
3541 3394 3634 3451 per
3657 3381 3881 3454 singula

2265 3461 2567 3520 videamus.

2721 3557 2864 3614 Sac.
2894 3555 3046 3629 XVI,
3075 3559 3411 3620 1549-1600.

2987 3651 3152 3710 1519.

2337 3738 2489 3809 Apud
2535 3738 2597 3795 S.
2651 3738 2904 3798 Victorem
2960 3762 3125 3818 prape
3176 3746 3527 3819 Moguntiam,
3568 3767 3634 3808 es:
3681 3755 3886 3824 oﬂicin.

2265 3824 2459 3884 Franc.
2490 3830 2680 3886 Bellen:
2709 3832 3063 3906 Tgpogra‘plti,
3111 3837 3290 3895 in—fol.
3345 3840 3528 3911 Oplati
3575 3843 3888 3901 Milevitani

2265 3922 2538 3991 quondam
2571 3925 2810 3996 episcopi
2839 3928 2962 3984 libri
2983 3938 3101 3996 sex,
3133 3931 3202 3987 de
3229 3929 3536 3989 Schismate
3561 3934 3889 3992 Donatista-

2266 4027 2386 4067 rum
2441 4029 2633 4071 contra
2692 4017 3109 4076 Parmenianum
3178 4022 3535 4090 Donatistam,
3605 4026 3892 4084 adversus

2265 4119 2425 4175 quem
2453 4119 2506 4163 et
2537 4108 2596 4165 S.
2626 4111 2954 4180 Augustinus
2984 4123 3170 4182 postea
3214 4124 3327 4169 tres
3355 4115 3540 4170 :edidit
3565 4113 3766 4173 libros.
3806 4118 3894 4173 Ex

2266 4199 2400 4255 bibl.
2429 4199 2637 4256 Cusana
2679 4217 2848 4273 prope
2888 4203 3165 4261 Treverim
3193 4219 3315 4260 cum
3348 4204 3418 4260 D.
3449 4205 3681 4263 Conradi
3710 4209 3894 4266 Bruni

2267 4289 2350 4347 lc.
2383 4293 2527 4348 libris
2549 4310 2621 4358 vr,
2653 4296 2717 4349 de
2742 4294 2995 4352 hwreticis
3022 4298 3075 4351 in
3102 4307 3285 4369 genere
3311 4309 3364 4354 et
3390 4300 3461 4354 al.
3491 4300 3609 4370 ejus
3641 4317 3895 4372 opuscu-

2269 4383 2334 4438 lis
2355 4386 2613 4454 peculiari
2633 4386 2734 4442 sub
2757 4387 2910 4442 titulo
2932 4388 3120 4460 (1550)
3147 4389 3288 4461 typis
3309 4393 3618 4464 exscriptis.
3637 4391 3897 4462 Titulus.

558 4464 754 4551 quibus
807 4478 902 4533 diu
951 4479 1205 4544 latuerat,
1255 4479 1479 4550 prodire
1522 4479 1686 4550 jussit
1734 4478 1826 4536 lo.
1869 4479 2158 4548 ϐοεΙιιωω,
2187 4486 2375 4565 Dguo
2427 4475 2653 4546 Optatus
2705 4493 2734 4532 a
2785 4478 2996 4548 reliquo
3042 4486 3210 4550 opere
3253 4480 3611 4551 discernitur,
3693 4484 3748 4540 is
3803 4493 3900 4543 est

561 4585 652 4628 an.
681 4568 853 4638 1569,
883 4568 1158 4634 εθρωιηο
1183 4579 1386 4641 praeter
1429 4570 1535 4628 hoc
1577 4570 1714 4627 lueis
1743 4585 1967 4626 niunere
1991 4571 2150 4626 dona-

2269 4580 2430 4636 quem
2459 4582 2620 4639 supra
2647 4569 3059 4640 adscripsimus.

553 4681 706 4733 tum,
757 4663 1005 4738 quamvis
1071 4671 1133 4722 et
1174 4663 1358 4721 indute
1398 4677 1497 4719 sua
1556 4672 1612 4719 et
1667 4662 1874 4730 habitu,
1929 4665 2020 4734 qui
2051 4674 2163 4721 tum
2322 4659 2514 4715 Editor
2557 4670 2640 4716 cst
2675 4659 2760 4717 Jo.
2813 4661 3120 4730 Cocltlasus,
3147 4663 3454 4722 Canonicus
3481 4665 3900 4728 Vratislavien-

549 4769 712 4825 erat,
770 4757 861 4812 vix
927 4757 1072 4813 otius
1129 4757 1460 4826 scriptorum
1515 4754 2007 4810 ecclesiasticorum
2035 4757 2164 4827 [Ope
2267 4750 2362 4816 sis,
2398 4752 2560 4808 Bruni
2609 4753 2912 4820 familiaris,
2960 4754 3116 4826 cujus
3165 4757 3396 4827 epistola
3426 4756 3537 4830 (ad
3569 4762 3898 4820 Arnoldum

553 4848 766 4907 liberali
831 4853 983 4906 esset
1037 4847 1304 4918 egentior.
1367 4844 1564 4900 Multos
1632 4841 1848 4914 quidem
1908 4855 2165 4916 patronos
2271 4840 2530 4901 Abbatem
2592 4846 2904 4902 Monasterii
2961 4846 3179 4904 Ordinis
3221 4848 3782 4911 Prasmonstratensis
3836 4857 3896 4913 in

552 4943 624 4999 ad
690 4943 831 4999 hanc
892 4951 1064 5012 usque
1125 4941 1336 4993 aetatem
1383 4951 1493 4992 non
1549 4933 1798 5007 invenit,
1844 4938 1940 4994 sed
1987 4938 2160 5008 duos,
2268 4936 2558 5009 Tongerlo)
2585 4939 2652 4995 de
2681 4942 2952 5012 exemplo,
2985 4958 3051 4998 ex
3081 4957 3188 5014 quo
3218 4943 3362 5015 typis
3390 4946 3733 5018 exscriptum
3781 4949 3896 5008 de-

557 5037 648 5108 qui
703 5035 995 5091 multorum
1043 5029 1241 5096 instar,
1273 5033 1536 5086 aeternum
1589 5028 1657 5085 de
1699 5041 1764 5086 eo
1813 5039 1866 5085 ct
1909 5033 2056 5088 omni
2102 5049 2163 5089 re
2263 5027 2343 5084 dit
2379 5029 2653 5101 Optatum,
2678 5035 2920 5104 exponit.
2951 5033 3081 5092 Erat
3122 5050 3318 5106 nempe
3357 5037 3487 5093 illud
3515 5054 3581 5094 ex
3613 5040 3896 5112 hospitali

552 5129 925 5189 ecclesiastica
972 5131 1410 5196 promeruerunt,
1465 5121 1803 5179 Franciscum
1845 5124 2162 5180 Balduinum
2262 5118 2322 5175 S.
2363 5121 2568 5178 Nicolai
2602 5139 2768 5196 prope
2793 5126 2987 5182 Cusam
3020 5142 3117 5206 per
3143 5124 3594 5198 Christopborum
3625 5131 3894 5190 Priorem

551 5234 608 5280 ει
652 5220 975 5278 “domum
1026 5215 1093 5272 Ε,
1142 5216 1452 5290 popinam,
1504 5215 1641 5273 Nam
1688 5233 1790 5274 nec
1846 5218 2161 5289 Αιὺιιερὶηωὶ
2263 5211 2484 5270 fratrem
2507 5216 2772 5273 Cartusia:
2796 5218 3136 5276 Trevirensis
3167 5221 3267 5290 ipsi
3297 5223 3674 5278 transmissum
3711 5226 3898 5298 idque

551 5315 644 5373 ed.
705 5326 827 5384 Quae
869 5319 991 5379 p05t
1040 5318 1269 5366 mortem
1313 5309 1429 5379 ejus
1473 5307 1632 5374 1651,
1665 5308 1889 5378 prodiit,
1922 5324 2022 5366 nec
2043 5308 2161 5367 Me—
2267 5319 2333 5360 ex
2359 5307 2579 5378 antiquo
2605 5310 2793 5366 codice
2821 5312 3075 5382 quopiam
3117 5311 3378 5370 mendose
3412 5314 3480 5368 ab
3517 5315 3748 5373 indocto
3797 5319 3898 5376 Li-

547 5407 646 5462 rici
675 5385 966 5460 Casca-boni
1014 5385 1245 5475 Londini
1298 5399 1489 5456 eodem
1543 5414 1686 5458 anno
1742 5398 1880 5455 facta
1925 5401 2152 5456 multum
2263 5397 2443 5454 brario
2472 5400 2705 5472 (quales,
2734 5401 2903 5471 addit,
2931 5403 3150 5458 {tierunt
3179 5402 3309 5458 olim
3335 5404 3478 5460 servi
3510 5405 3738 5462 litterati
3767 5409 3898 5466 Μο.

546 5496 769 5569 proluit.
805 5493 1102 5567 lligaltizma
1135 5506 1390 5559 successu
1434 5490 1630 5546 caruit.
1664 5491 1758 5545 His
1787 5505 1921 5546 vero
1966 5503 2154 5549 aucto—
2258 5495 2645 5568 nasteriorum)
2695 5497 2975 5567 scriptum,
3024 5506 3080 5553 et
3122 5495 3188 5552 ab
3235 5497 3344 5552 alio
3390 5499 3644 5570 deinecps
3692 5503 3892 5563 multo

543 5591 695 5650 ribus
741 5588 866 5646 dum
915 5588 1111 5661 .Optati
1177 5583 1476 5640 editionum
1547 5583 1765 5640 familia:
1836 5591 2152 5642 constanter
2255 5589 2429 5648 adhuc
2476 5594 2786 5653 mendosius
2839 5596 3184 5668 rescriptum.
3220 5597 3518 5668 Acceperat
3568 5606 3892 5672 praeterea,

621 5738 699 5810 (l)
731 5737 803 5794 lla
834 5737 1196 5806 Hieronymus
1233 5730 1282 5792 in
1311 5727 1471 5786 Vitis.
