4206 6170
440 194 545 256 879

1828 171 2365 234 PROLEGOMENA.

3635 156 3743 219 880

441 315 646 386 pariter
666 306 1146 368 Balduinieditioni
1173 302 1315 359 hunc
1336 300 1533 357 librum
1553 299 1719 354 fuisse
1743 295 2040 352 addictum.
2070 297 2124 358 Α
2151 297 2310 367 plane
2339 294 2640 351 admirabili
2672 300 2798 349 sunt
2836 289 3136 347 inculcatte.
3173 281 3433 357 Sequitur
3460 296 3528 339 ex
3554 280 3617 337 P.
3648 280 3741 336 Pi-

446 405 651 462 Contra
693 401 1052 458 Collationem
1098 395 1599 465 Carthaginiensem,
1654 404 1815 462 quam
1861 387 2047 443 titulus

2154 388 2291 445 ιιιωὶ
2323 390 2455 445 llibl.
2499 386 2578 460 (I)
2607 384 2901 456 appendix,
2928 399 3050 456 quae
3077 391 3192 437 acta
3223 380 3314 436 illa
3341 388 3399 436 et
3422 385 3593 449 gesta,
3618 390 3747 447 quo-

448 499 731 571 pollicetur
752 538 767 562 ,
822 509 926 549 non
956 498 1241 562 exspectes
1265 530 1280 554 ,
1331 487 1439 545 sed.
1481 484 1702 541 Honorii
1730 492 1936 537 tantum
1994 489 2052 536 et
2151 498 2272 537 rum
2302 482 2370 537 ab
2389 480 2583 551 Optato
2612 480 2671 533 lit
2698 478 2887 534 crebra
2918 477 3150 542 mentio,
3198 487 3430 545 quaeque
3456 470 3569 526 suis
3594 468 3748 526 libris

449 570 667 649 Arcadii
700 587 872 657 lmpp.
904 581 1348 640 constitutionem
1388 586 1580 633 contra
1612 575 1923 630 Donatistas
1953 570 2052 626 da-

452 695 561 738 tam
592 680 863 735 Ravenna:
889 673 1209 731 Constantio
1231 680 1286 728 et
1313 670 1609 726 Constante
1636 680 1779 722 coss.
1823 681 1887 719 ea:
1917 662 2046 719 Cod.

452 771 650 829 Tlteod.
701 769 794 825 lib.
836 782 985 835 xuv,
1016 781 1068 822 c.
1101 764 1205 820 Th.
1226 765 1303 819 'de
1325 764 1411 828 iis,
1443 761 1529 830 qui
1552 775 1705 829 super
1731 756 2052 828 Religionem

452 860 762 920 contendunt
787 857 1169 927 transcriptam
1191 895 1207 921 ,
1235 852 1380 925 quod
1420 851 1714 908 indicatum
1742 856 1920 903 tamen
1944 860 2052 902 non

452 964 557 1013 cst.

973 1062 1121 1119 Sam.
1163 1056 1304 1114 XVII
1326 1098 1340 1124 ,
1375 1056 1536 1113 i615.

529 1209 701 1280 Lugd.
741 1206 856 1260 Bal.
892 1220 957 1261 ex
981 1203 1074 1269 οΙῙ.
1103 1199 1191 1256 Jo.
1231 1198 1393 1253 Patii.
1448 1195 1587 1252 iit-8.
1645 1193 1825 1263 Optati
1866 1192 1932 1247 A.
1983 1187 2053 1243 M.

453 1307 506 1361 in
537 1305 601 1358 N.
638 1304 698 1357 Ε.
728 1300 797 1355 de
828 1299 1133 1353 Schismate
1180 1293 1584 1348 Donatistarum
1625 1288 1900 1341 adversus
1926 1282 2058 1336 Par-

454 1390 791 1455 tnenianntn
825 1392 920 1446 lib.
970 1405 1066 1453 vtt,
1118 1370 1287 1442 multo
1327 1399 1485 1454 quam
1526 1381 1757 1436 antehac
1797 1376 2054 1433 emenda-

452 1492 618 1545 tiores
661 1503 727 1540 ac
770 1482 1213 1538 etnentlat'tunum
1269 1492 1332 1529 at:
1391 1486 1635 1529 notarum
1699 1471 1881 1525 libello
1939 1467 2061 1521 illu-

449 1583 698 1639 striores.
729 1568 1013 1646 Repetitio
1027 1573 1115 1627 ed.
1136 1588 1225 1626 an.
1261 1569 1424 1635 1599,
1445 1583 1539 1621 seu
1559 1566 1747 1636 prima:
1775 1560 2057 1624 Balduini;

2157 572 2494 629 annectenda
2544 572 2770 642 Optatos
2822 570 2938 642 ipse
2980 575 3281 631 curaverat,
3335 560 3748 635 complectitur;

2157 675 2268 721 tum
2295 665 2581 737 fragmenta
2611 680 2676 719 ea:
2707 662 2941 717 Historia
2967 660 3237 716 Passionis
3266 657 3378 715 SS.
3422 655 3619 723 Dativi,
3648 655 3769 712 Sa-

2155 757 2372 821 lumini,
2404 764 2508 812 etc.
2530 756 2667 812 Hinc
2693 755 2949 810 veniunt:
2974 751 3133 809 Gesta
3160 750 3298 808 Coll.
3318 748 3668 816 Carth.,etc.,
3696 754 3757 803 ut

2155 864 2246 934 an.
2277 848 2440 906 1588.
2467 848 2689 904 Parisiis
2713 863 2743 903 a
2768 847 2831 903 P.
2854 847 3103 902 Massono
3128 852 3284 902 erant
3305 844 3358 899 in
3382 843 3555 900 lucem
3583 842 3754 909 edita,

2157 942 2227 999 ad
2256 957 2488 1014 unguem
2512 953 2731 1007 excusa,
2760 940 2956 996 collata
2990 949 3168 995 tamen
3199 946 3254 994 et
3274 935 3559 993 emendata
3588 950 3621 991 e
3662 949 3781 989 ουτ

2159 1036 2280 1092 dice
2328 1051 2431 1090 ms.
2471 1051 2568 1105 per
2594 1034 2902 1100 Pithteum;
2932 1033 3046 1103 jam
3069 1046 3219 1099 vero,
3253 1029 3398 1102 quod
3430 1028 3517 1085 vix
3540 1029 3782 1093 credas,-

2160 1128 2405 1183 Balduini
2435 1130 2630 1183 iterum
2685 1126 2911 1182 historia
2970 1125 3112 1181 Coll.
3180 1122 3368 1178 Carth.
3421 1121 3611 1192 primae
3665 1119 3757 1175 ed.

2160 1217 2432 1274 Claudunt
2456 1234 2649 1289 agmen
2690 1217 3101 1274 observationes
3145 1215 3494 1285 Albaspinati.
3525 1212 3757 1270 Tcxtunt

2128 1310 2287 1382 .Opt.
2316 1310 2644 1367 antecedunt
2669 1308 3003 1378 AlbaSpinaei
3049 1308 3156 1364 vita
3192 1315 3247 1362 et
3272 1302 3680 1362 observationes
3706 1304 3764 1359 in

2163 1404 2335 1475 capita
2386 1404 2594 1474 potiora
2651 1401 3051 1457 Donatistarum
3120 1397 3363 1454 historia:
3435 1405 3493 1453 et
3549 1395 3760 1466 Optati.

2167 1498 2433 1566 Superest
2460 1495 2603 1567 quod
2651 1495 2950 1551 innumeris
2980 1494 3143 1549 etiam
3172 1490 3388 1547 mendis
3416 1488 3768 1577 typograpbi-

2164 1590 2243 1644 cis
2273 1588 2377 1644 hoc
2403 1602 2539 1658 opus
2580 1597 2791 1643 scatere
2837 1586 3100 1657 Dupiuius
3137 1591 3310 1641 notat.
3364 1582 3441 1638 Ita
3484 1582 3595 1652 jam
3627 1581 3769 1637 satis

454 1675 698 1746 prmfatio
722 1667 1046 1741 quibusdam
1080 1664 1216 1720 locis
1238 1661 1570 1719 contractior
1608 1665 1851 1729 apparet.
1905 1654 2061 1708 Nom:
2096 1679 2137 1737 Β
2166 1679 2366 1736 dictum
2393 1654 2515 1735 θέω
2542 1686 2793 1749 putamus
2824 1676 2888 1733 ad
2913 1654 3175 1747 judicium
3200 1673 3402 1731 melius
3430 1672 3498 1727 de
3527 1671 3627 1726 hac
3645 1670 3770 1726 edi_

450 1766 619 1823 textui
650 1762 947 1834 prmmissae
995 1758 1286 1813 maximam
1348 1762 1555 1824 partem
1606 1748 1925 1806 lectionibus
1969 1761 2062 1801 va-
2123 1773 2133 1780 ο

454 1857 551 1912 riis
594 1851 845 1910 secundae
892 1848 1139 1905 Balduini
1173 1855 1228 1902 et
1255 1845 1504 1914 Casparis
1551 1841 1758 1896 Barthii
1810 1837 2066 1895 emenda-

452 1946 693 2002 tionibns
718 1940 1038 2012 quibusdam
1068 1937 1450 1994 coniiciuntur.
1496 1933 1553 1987 In
1582 1932 1777 2002 quibus
1807 1929 1860 1985 id
1889 1928 2061 1984 olfen-

457 2037 538 2092 dit
568 2036 763 2089 merito
792 2042 1227 2105 nmtmquemqne
1250 2067 1264 2091 ,
1298 2025 1466 2095 quod,
1514 2039 1636 2077 cum
1679 2021 1940 2078 lectiones
1988 2019 2067 2073 al-

458 2126 630 2183 terius
675 2121 1012 2179 recensionis
1072 2117 1321 2175 Baluuini
1378 2115 1444 2170 ad
1503 2130 1664 2170 unam
1714 2126 1905 2168 omnes
1951 2112 2068 2165 lau-

456 2218 616 2273 dibus
667 2214 987 2280 efferantur,
1043 2220 1225 2267 tamen
1286 2208 1459 2279 prima
1515 2205 1757 2262 deterior
1805 2204 1878 2260 sit
1929 2203 2070 2275 typis

462 2307 740 2369 mandata.

1203 2414 1363 2470 1618.

530 2515 764 2573 Colonia:
821 2512 946 2583 Agr.
992 2518 1183 2580 sumpt.
1240 2508 1360 2561 Ant.
1414 2503 1639 2559 Hierati.
1700 2500 1881 2559 in-fol.
1936 2501 2064 2572 Opt.

462 2608 646 2667 Milev.
699 2609 767 2664 de
822 2605 1114 2661 schismate
1175 2600 1578 2658 Donatistarum
1630 2604 1816 2654 contra
1858 2596 2077 2669 Parme-

396 2738 403 2743 -
460 2703 682 2759 nianum
745 2699 885 2756 liber
941 2712 1059 2765 vn,
1146 2696 1202 2751 in
1268 2692 1406 2749 Bibl.
1469 2691 1658 2762 Magna
1714 2690 1819 2746 PP.
1877 2688 1943 2745 Τ.
1987 2703 2073 2755 tv,

471 2810 597 2868 pag.
629 2794 759 2851 269.

1195 2882 1356 2940 1651.

538 2982 795 3047 Parisiis,
857 2978 1002 3047 apud
1065 2976 1346 3034 Claudium
1413 2971 1708 3035 Sonuium,
1769 2969 1851 3024 via
1918 2967 2077 3023 Jaco-

2169 1773 2316 1827 tione
2354 1770 2778 1837 informandum,
2822 1770 2943 1841 qua:
2993 1769 3064 1824 ob
3112 1767 3377 1837 insignem
3419 1763 3559 1820 haud
3603 1762 3770 1818 dubie

2168 1881 2328 1934 quem
2358 1868 2565 1937 praebet
2592 1873 2910 1936 apparatum
2930 1903 2947 1930 ,
2983 1860 3205 1918 nimium
3238 1859 3469 1917 fortasse
3496 1858 3762 1914 :estimata

2168 1958 2288 2014 fuit.
2876 2002 2881 2007 .

2246 2049 2472 2105 Loudini
2495 2091 2511 2117 ,
2540 2050 2676 2121 typis
2703 2047 2831 2103 Joh.
2862 2046 3048 2117 Legat.
3079 2045 3217 2102 iit-8.
3271 2044 3456 2115 Optati
3486 2045 3553 2100 Α.
3585 2042 3656 2100 Μ.
3700 2043 3769 2099 Ε.

2172 2144 2241 2200 de
2273 2144 2567 2198 schismate
2591 2139 2989 2196 Donatistarmn
3012 2146 3198 2195 contra
3226 2137 3638 2193 Parntcnianum
3665 2135 3775 2191 Do-

2175 2243 2287 2290 nat.
2318 2234 2463 2290 Libri
2493 2235 2733 2303 Septcm.
2765 2233 2822 2288 In
2848 2232 3080 2288 Eosdem
3105 2231 3260 2287 Nota:
3282 2240 3339 2287 et
3365 2228 3774 2286 emendationes

2175 2324 2361 2379 Merici
2387 2322 2679 2378 Casauboni
2706 2323 2774 2379 Is.
2808 2322 2868 2378 F.
2892 2322 3076 2378 Canon
3108 2322 3487 2378 Cantuariens.

2247 2415 2440 2471 Textui
2467 2415 2714 2470 Balduini
2767 2414 3031 2471 Secunda:
3060 2414 3406 2470 recensionis
3450 2420 3664 2469 servato
3709 2428 3777 2470 ea

2176 2521 2297 2577 qua:
2324 2505 2582 2561 mutanda
2608 2507 2979 2572 existimaret,
3028 2506 3079 2561 in
3123 2505 3298 2573 nmis,
3344 2504 3495 2562 brevi
3524 2504 3779 2575 quidem,

2178 2597 2274 2653 sed
2304 2599 2561 2678 egregie,
2590 2614 2709 2668 qua:
2740 2597 3033 2670 depravata
3070 2599 3153 2655 vel
3185 2598 3416 2653 obscura
3443 2598 3778 2665 viderentur,

2181 2690 2509 2747 dilucidante
2551 2691 3021 2747 animadversione
3057 2690 3302 2761 protulit.
3353 2689 3781 2747 Emendationcs

2179 2784 2367 2854 utique
2390 2783 2508 2839 solo
2547 2783 2766 2855 ingenio
2807 2792 2861 2839 et
2900 2782 3334 2852 conjecturarum
3361 2783 3608 2837 acumine
3638 2781 3782 2836 nixa:

2178 2876 2382 2947 absque
2406 2875 2653 2931 codicum
2694 2889 2940 2930 assensu.
2989 2872 3241 2929 Praelatio
3271 2874 3323 2927 in
3366 2871 3615 2928 notandis
3653 2871 3780 2928 edd.

2181 2966 2664 3039 Lugdune-Batava
2692 2976 2743 3021 et
2774 2965 3101 3032 Parisiensi,
3144 2977 3248 3020 nec
3293 2980 3403 3019 non
3456 2957 3786 3034 AlbaSpinzt-i

467 3079 613 3142 bam,
666 3076 757 3130 sub
805 3073 967 3130 Scuto
1012 3068 1297 3125 Basileensi
1343 3076 1389 3121 et
1434 3064 1642 3119 Circino
1678 3079 1856 3117 aureo.
1901 3059 2078 3116 in-l‘nl.
2107 3059 2151 3122 C
2184 3056 2654 3116 observationibus
2682 3057 3039 3113 consumitur.

470 3171 532 3226 S.
578 3168 759 3241 Optati
799 3166 867 3222 Μ.
919 3164 1095 3236 Opera
1143 3178 1266 3218 cum
1313 3156 1785 3215 observationibus
1837 3166 1893 3211 et.
1934 3152 2079 3210 notis

472 3262 610 3319 Rev.
665 3264 725 3317 D.
781 3259 938 3315 Cubr.
994 3253 1308 3327 Albaspimei
1374 3251 1503 3307 Aur.
1568 3251 1667 3321 Ep.
1719 3249 2082 3304 Accesserant

473 3355 718 3427 ejusdem
751 3333 817 3408 de
847 3348 1123 3407 veteribus
1174 3344 1431 3401 Ecclesiae
1492 3342 1686 3397 ritibus
1737 3340 2082 3395 Observatio-

480 3461 612 3504 num
639 3445 762 3500 libri
789 3442 896 3498 dun
922 3457 984 3495 ac
1008 3439 1158 3494 Notae
1191 3438 1246 3491 in
1276 3434 1577 3490 Concilium
1611 3431 2003 3486 Eliheritanum
2032 3439 2083 3484 et

478 3537 741 3608 quosdam
771 3536 907 3589 alios
934 3532 1186 3602 antiquos
1231 3525 1481 3583 Canones
1529 3534 1584 3579 et
1624 3523 1832 3593 aliquot
1864 3521 2087 3578 Tertul-

482 3629 615 3688 liani
644 3628 834 3683 libros.
1011 3612 1018 3620 ’

561 3720 712 3776 Hanc
740 3717 1035 3773 editionem
1069 3714 1285 3769 intuens
1316 3709 1526 3764 nescies
1553 3707 1641 3764 cui
1669 3706 1837 3779 magis
1864 3722 2090 3764 succen-

492 3812 723 3871 sendum
756 3810 846 3875 sit,
879 3807 1222 3863 librariorum
1255 3801 1633 3873 impudentia},
1660 3816 1727 3856 an
1776 3800 2095 3871 ignorantiae

492 3903 613 3975 ejus
656 3901 748 3972 qui
795 3915 912 3955 eam
952 3896 1258 3962 adornavit,
1316 3909 1475 3964 quem
1507 3892 1753 3948 Carolum
1790 3891 2092 3955 Paulinum,

492 4010 557 4051 ea:
578 3992 702 4049 Sac.
727 3991 783 4046 J.
810 3988 1177 4058 fuisse,ipsius
1201 3986 1266 4041 ad
1285 3984 1445 4041 Card.
1474 3986 1543 4041 de
1564 3984 1844 4039 Richelieu
1868 3984 2097 4055 epistola

493 4090 550 4145 in
578 4086 765 4141 limine
791 4084 913 4139 libri
940 4085 1110 4153 posita
1141 4080 1372 4151 prodere
1420 4079 1654 4135 videtur.
1681 4078 1924 4149 Demptis
1953 4079 2099 4133 enim

497 4180 826 4250 Αιδηςρίηωί
863 4174 1335 4233 ob~ervationibus
1356 4215 1372 4241 ,
1399 4188 1521 4244 qua:
1545 4171 1658 4242 jam
1683 4180 1839 4226 antea
1868 4170 2098 4227 seorsim

498 4275 676 4331 lucem
710 4274 1102 4342 adspexerant,
1129 4262 1224 4337 per
1243 4282 1303 4320 se
1329 4266 1459 4320 satis
1501 4263 1719 4336 quidem
1752 4262 2001 4329 utilibus,
2035 4261 2101 4316 ad

498 4367 755 4437 Optatum
798 4356 1000 4428 tamen,
1031 4376 1138 4431 quo
1165 4358 1384 4414 nomine
1415 4357 1576 4412 etiam
1626 4371 1656 4409 a
1684 4354 1882 4411 Merica
1910 4353 2106 4410 Casau-

2898 3192 3061 3250 1644.

2259 3311 2504 3377 Parisiis,
2524 3310 2733 3383 Sumpt.
2751 3306 2883 3382 (Eg.
2898 3307 3144 3364 ‘Morelli.
3183 3308 3236 3363 in
3275 3306 3369 3361 fnl.
3395 3307 3451 3364 S.
3468 3303 3786 3377 0pt.Milcv.

2188 3405 2255 3458 de
2279 3403 2501 3459 schism.
2532 3403 2937 3456 Donatistarum
2966 3409 3153 3455 contra
3185 3399 3599 3454 Parmeniamtm
3632 3399 3667 3453 l.
3694 3415 3788 3453 vn.

2189 3511 2309 3551 cmn
2341 3494 2534 3551 Franc.
2563 3494 2715 3549 Bald.
2742 3493 2807 3550 γ.
2835 3493 2895 3548 C.
2928 3491 3331 3548 commentariis
3368 3503 3421 3547 et
3454 3492 3788 3564 recognitio-

2195 3589 2388 3656 nibus;
2421 3589 2473 3644 in
2502 3587 2622 3647 Bib.
2652 3587 2839 3658 Magna
2871 3586 2976 3643 PP.
3006 3587 3071 3641 Τ.
3102 3601 3179 3641 tv.
3205 3585 3311 3641 col.
3343 3583 3469 3642 525.

2908 3702 3070 3761 1676.

2270 3820 2490 3877 Lutetite
2521 3819 2882 3885 Parisiorum,
2911 3820 3069 3875 uidua
3092 3818 3184 3873 lo.
3217 3817 3441 3889 Dupuis.
3474 3816 3655 3873 iu-fol.
3687 3818 3800 3890 Op—

2201 3913 2298 3970 tati
2315 3955 2330 3979 ,
2355 3914 2647 3970 Milevitani
2672 3913 2933 3985 episcopi,
2952 3911 3128 3982 Opera
3145 3952 3160 3980 ,
3184 3926 3305 3967 cum
3330 3909 3800 3966 observationibus

2201 4016 2256 4060 et
2286 4004 2428 4060 netis
2456 4004 2683 4075 integris
2722 4001 2878 4057 Gabr.
2914 4002 3263 4072 Albaspinazi,
3289 3999 3483 4055 Franc.
3504 3999 3796 4065 Balduini.

2207 4096 2370 4167 Gasp.
2394 4096 2602 4149 Βαττιιεί
2618 4135 2633 4160 ,
2667 4091 3188 4157 lfericiCasauboni,
3222 4104 3357 4158 etc.,
3387 4108 3453 4147 ex
3479 4091 3803 4148 recensione

2206 4199 2259 4243 ct
2289 4204 2410 4245 cum
2447 4187 2760 4257 praefatione
2808 4186 3042 4255 Philippi
3088 4184 3319 4240 Priorii;
3367 4184 3650 4240 Accedunt
3691 4181 3806 4235 Fa-

2208 4283 2399 4346 cundi,
2429 4280 2838 4336 llermianensis
2883 4277 3126 4348 episcopi
3164 4277 3422 4345 opuscula
3442 4317 3457 4341 ,
3482 4290 3606 4331 cum
3628 4289 3806 4328 anne-

2211 4373 2499 4428 tationibus
2525 4370 2710 4426 Jacobi
2734 4370 3034 4426 Sirmondi:
3070 4369 3297 4438 adjecta:
3336 4378 3456 4423 sunt
3493 4352 3656 4421 Cabr.
3709 4367 3807 4420 Αι-

497 4459 645 4515 bono
678 4456 1131 4527 perstringuntur,
1162 4450 1340 4506 minus
1369 4447 1712 4513 facientibus,
1747 4448 1953 4518 reliqua
1984 4461 2085 4501 om

2209 4465 2456 4537 baspimei
2485 4463 2894 4535 observationes
2922 4462 3337 4528 ecclesiastictn,
3366 4476 3491 4518 cum
3517 4460 3637 4515 aliis
3656 4458 3808 4529 ejus-

498 4551 588 4608 nia
616 4563 781 4619 supra
810 4561 970 4617 quam
994 4542 1096 4600 dici
1133 4549 1327 4614 potest.
1346 4542 1527 4611 inepte
1554 4549 1680 4594 sunt
1706 4540 2105 4595 consarcinata.

501 4643 708 4701 Tenus
756 4639 976 4711 quidem
1020 4647 1102 4693 est
1147 4634 1417 4705 secundm
1449 4632 1787 4688 recensionis
1834 4628 2107 4694 Balduini,

501 4752 662 4810 quem
691 4734 943 4806 proximo
970 4731 1090 4785 loco
1123 4728 1404 4797 excipiunt
1433 4725 1762 4796 Albaspinaei
1793 4725 1845 4778 in
1868 4722 2110 4792 singulos

501 4828 684 4898 Optati
733 4825 902 4880 libros
945 4829 1087 4876 notae
1114 4861 1130 4886 ,
1185 4833 1406 4874 sensum
1440 4816 1679 4871 breviter
1724 4814 2106 4885 explicantes;

503 4918 703 4975 dehinc
729 4913 973 4969 Balduini
1000 4912 1051 4966 in
1076 4910 1318 4980 singulos
1341 4907 1512 4962 libros
1534 4905 1943 4973 adnotationes;
1992 4916 2102 4961 tum

502 5008 750 5081 ejusdem
802 5004 1037 5060 Historia
1077 5002 1219 5058 Coll.
1260 4999 1514 5071 Carthag.
1571 4998 1729 5054 titulo
1755 4999 2107 5056 Delibationis

506 5100 763 5158 Historia:
790 5096 1001 5165 Africaz,
1029 5112 1186 5168 quem
1227 5092 1519 5150 Balduinus
1546 5095 1642 5149 toti
1680 5093 1819 5150 libro
1848 5094 2104 5165 Optatum

505 5203 562 5251 et
594 5194 863 5249 Victorem
891 5190 1271 5259 complectenti
1294 5189 1422 5244 olim
1443 5188 1772 5259 prmfixerat,
1799 5188 1978 5258 inepte
2005 5187 2108 5243 huc

505 5287 771 5344 traducto.
823 5283 942 5338 Mox
1011 5281 1188 5337 futiles
1260 5282 1365 5337 illa;
1416 5282 1608 5337 incerti
1655 5281 1898 5337 auctoris
1948 5279 2107 5336 dieue

509 5377 918 5437 emendationes
950 5383 1005 5429 et
1034 5384 1175 5427 nota:
1208 5389 1273 5428 ex
1317 5375 1404 5428 ed.
1447 5373 1617 5444 Lugd.
1672 5372 1788 5427 Bat.
1833 5388 1954 5442 qua:
1983 5387 2104 5427 cum

511 5472 649 5532 nihil
680 5479 876 5542 prmter
901 5467 1269 5522 diversitatem
1312 5462 1577 5524 Secundae
1624 5462 1867 5518 Balduini
1918 5478 2109 5518 recen-

507 5565 679 5624 sionis
709 5580 735 5616 a
764 5559 949 5631 primi,
972 5574 1131 5631 quam
1162 5557 1360 5613 Batava
1393 5556 1682 5625 expressit,
1733 5564 1978 5624 crepent,
2023 5552 2109 5610 hic

508 5657 599 5721 ubi
651 5659 763 5734 ipsa
816 5653 1049 5712 secunda
1104 5652 1348 5710 recensio
1402 5648 1673 5722 descripta
1723 5660 1826 5718 05',
1885 5658 2105 5724 ειυΡοΓο

2211 4557 2334 4613 dem
2361 4557 2639 4628 operibus.
2664 4554 2778 4610 Cat.
2808 4556 2872 4609 de
2901 4556 2952 4609 la
2982 4554 3119 4610 Bibl.
3149 4553 3272 4609 Rei.
3303 4552 3365 4608 Τ.
3398 4568 3437 4606 ι.
3473 4568 3527 4622 p.
3555 4551 3683 4606 371.

2927 4670 3086 4725 1677.

2927 4671 3086 4725 1677.

2286 4764 2562 4836 Lugduni,
2586 4765 2727 4837 apud
2772 4764 3093 4831 Auissonios,
3119 4762 3302 4817 in.fol.
3334 4761 3392 4817 S.
3434 4759 3560 4830 Opt.
3594 4757 3705 4814 Mil.
3736 4757 3810 4814 de

2213 4858 2436 4913 schism.
2473 4858 2736 4923 Donatist.
2767 4866 2955 4914 contra
2997 4857 3177 4912 Parta.
3228 4856 3281 4909 in
3332 4854 3465 4910 Bibl.
3515 4851 3657 4906 Max.
3697 4849 3809 4905 PP.

2217 4947 2281 5004 Τ.
2310 4964 2381 5004 tv.
2427 4949 2465 5004 f.
2506 4948 2640 5006 541:
2668 4965 2790 5007 cum
2816 4949 3093 5007 additione
3127 4947 3191 5003 ad
3220 4947 3313 5004 lib.
3346 4961 3404 5002 ut
3424 4988 3437 5013 ,
3465 4945 3502 4999 f.
3532 4943 3659 5000 3G9.

2287 5152 2368 5224 (1)
2408 5152 2464 5208 In
2519 5153 2629 5224 fine
2677 5169 2719 5224 :_
2747 5167 2766 5203 ι
2830 5149 3128 5224 Explicitum
3298 5140 3560 5224 {inlibri
3594 5156 3814 5224 nurnero

2216 5208 2405 5294 septem
2432 5235 2478 5279 et
2502 5222 2654 5278 Gesta
2685 5208 3019 5295 Purgationis
3053 5214 3465 5295 CaecilianihEp.
3514 5221 3579 5295 et.
3610 5208 3815 5295 elicis

2218 5280 2529 5366 qr'dinratoris
2550 5280 2905 5366 ejusdemvncc
2934 5309 3046 5366 non
3065 5290 3295 5366 epistolae
3314 5280 3636 5366 Constantini
3665 5280 3812 5353 Imp.

2220 5363 2329 5420 Deo
2350 5365 2443 5420 Gr.
2474 5385 2493 5418 ›
2529 5356 2620 5423 Sic
2648 5365 2822 5419 habuit
2852 5356 3264 5436 antiquissimum
3292 5356 3381 5413 sed
3407 5371 3525 5436 _non
3545 5356 3817 5436 integrum

2214 5436 2480 5513 exemplar
2546 5438 2795 5513 librorum
2845 5434 2909 5488 0.
2973 5425 3060 5513 Μ..
3116 5447 3178 5513 ea:
3233 5444 3363 5513 quo"
3399 5430 3530 5513 [10'le
3578 5425 3816 5513 illorum

2215 5493 2551 5635 (Itplpt‘aéiﬁjelm
2615 5508 2836 5578 primum
2893 5503 3162 5576 exscripsi.
3216 5493 3278 5558 Ᾰ.
3323 5498 3382 5557 C.
3439 5496 3508 5553 Ρ.
3570 5493 3641 5550 Ρ.
3696 5493 3812 5551 τι).

2253 5597 2277 5632 .)
2520 5618 2534 5634 .

2253 5597 2534 5634 JbAllll.
