4206 6170
464 267 561 330 881

658 358 661 363 ’
1202 395 1365 454 ιθτθ.
1429 429 1433 431 μ

538 483 709 540 Paris.
738 481 966 561 Sumpt.
993 488 1115 543 Ant.
1139 487 1419 557 Dezallier,
1446 492 1501 547 in
1548 492 1675 547 Vico
1704 492 2106 550 Sun-Jacoban

468 578 539 633 ad
559 576 814 633 Coronam
849 596 1090 635 auream.
1125 580 1182 637 S.
1217 581 1396 651 Optali
1437 584 1506 638 Μ.
1539 584 1599 639 Ε.
1627 583 1808 655 Opera
1834 600 1966 638 cum
2000 586 2106 640 oh-

422 689 431 697 °
468 669 869 727 servationibus
891 682 947 728 et
980 676 1123 729 notis
1154 675 1379 748 integris
1423 677 1489 734 G.
1528 677 1871 748 Albaspinaai
1913 678 1982 732 A.
2009 679 2101 746 E.,

470 764 666 821 Franc.
716 764 978 822 Balduini
1016 767 1136 832 JC.,
1162 767 1331 838 Gasp.
1373 769 1612 837 Barthii,
1656 771 1849 826 Merici
1897 768 2108 825 Casau-

474 857 602 913 boni
622 900 637 923 ,
663 867 765 913 etc.
801 857 1089 932 Philippus
1119 858 1369 916 Priorius
1397 864 1777 919 annotatioues
1808 871 1869 917 ct
1905 862 2110 931 praefa-

475 948 649 1004 tiones
693 948 911 1019 adjecit.
959 949 1243 1006 Accedunt
1293 951 1532 1008 Facundi
1578 954 1999 1010 llcrmianensis
2034 952 2101 1009 E.

472 1055 572 1112 pro
596 1040 765 1097 tribus
795 1042 1059 1112 Capitulis
1081 1043 1309 1099 concilii
1336 1044 1590 1101 Chalced.
1622 1045 1778 1100 Libri
1825 1061 1904 1100 xu
1930 1088 1945 1112 ,
1976 1059 2101 1100 cum

469 1133 911 1190 annotationibus
940 1134 1055 1191 Jac.
1110 1134 1397 1191 Sirmondi
1427 1136 1485 1192 S.
1527 1137 1571 1191 1.
1604 1145 1661 1193 et
1694 1138 1822 1208 ejus
1852 1137 2098 1195 Facundi

468 1224 764 1296 Opuscula.
798 1225 935 1282 Huic
975 1241 1191 1298 quoque
1234 1226 1467 1284 editioni
1507 1229 1736 1300 adjectae
1787 1239 1921 1286 sunt
1953 1230 2091 1289 Gab.

467 1315 805 1387 Albaspinaei
856 1317 1274 1375 observationes
1327 1320 1745 1391 ecclesiasticae,
1798 1339 1926 1382 cum
1967 1325 2095 1383 aliis

467 1409 719 1480 ejusdem
749 1410 1025 1482 operibus.

543 1502 761 1561 Titulus
791 1504 921 1560 satis
942 1547 958 1572 ,
981 1521 1101 1576 qua:
1130 1505 1299 1577 hujus
1327 1509 1586 1566 editionis
1619 1511 1779 1570 dotes
1805 1524 1967 1583 sunt,
1991 1531 2089 1572 ex—

468 1595 693 1666 posuit;
726 1596 906 1664 paucis
933 1612 1061 1668 ergo
1082 1597 1310 1670 defungi
1343 1599 1549 1656 licebit.
1573 1602 1782 1661 Textus
1805 1607 2091 1679 estprimaa

468 1689 807 1746 recensionis
833 1689 1075 1747 Balduini
1097 1733 1113 1761 ,
1143 1708 1241 1748 seu
1271 1694 1456 1763 potius
1499 1710 1761 1766 expressa
1793 1709 1878 1755 est
1919 1684 2087 1755 editio

1446 281 1535 340 DE
1572 284 1630 343 S.
1673 282 1955 343 0PTATO
1994 286 2284 349 ΝΟἹἸΤΙᾹ
2328 294 2775 356 LI'l‘TliRAllll.

2134 406 2390 502 ADumu
2449 411 2658 483 (Sacrae
2725 415 2853 473 Fac.
2915 418 3110 479 l'aris.
3173 441 3277 487 nec
3344 452 3448 494 non
3508 442 3646 499 Phil.

2218 499 2537 609 lteg.)ncum
2563 506 2817 609 ejusdem
2867 517 3036 582 notis,
3089 526 3158 574 ut
3198 534 3253 579 ct
3294 528 3429 585 Gali.
3472 499 3837 609 Albaspinari,

2216 590 2351 697 Mer:
2376 596 2719 699 ilasauboni,
2750 603 2914 675 Gasp.
2965 608 3189 669 Barthii
3236 628 3292 674 et
3328 623 3588 694 aliorum,
3621 590 3840 700 s‘iupuiis

2217 686 2423 757 paginis
2449 690 2501 742 in
2526 691 2626 745 hac
2647 694 2870 751 editione
2893 701 3168 771 subjectis.

2293 775 2525 834 Prmstat
2575 781 2692 838 hare
2745 786 2939 844 iterata
2994 792 3299 863 Dupiniana
3351 802 3706 862 Parisiensem
3760 823 3829 865 eo

2217 868 2441 967 saltem,
2498 876 2644 945 quod
2687 888 2841 935 notas
2886 885 3249 957 Albaspinaei,
3297 894 3427 953 Mer.
3471 897 3774 956 Casauboni
3801 940 3818 967 ,

2217 958 2377 1033 Gasp.
2437 966 2641 1025 Barthii
2692 982 2746 1026 et
2786 968 3017 1033 Selectos
3066 981 3260 1039 incerti
3313 987 3457 1042 illius
3503 991 3823 1062 scriptoris,

2212 1069 2344 1124 quas
2374 1057 2463 1114 illa
2494 1074 2617 1115 cum
2648 1065 2874 1135 reliquis
2898 1069 3242 1131 uberioribus
3272 1077 3514 1135 Balduini
3543 1057 3822 1138 et—Albas-

2208 1146 2370 1217 pinzei
2392 1150 2865 1213 observationibus
2892 1158 2958 1214 ad
3008 1163 3211 1220 calcem
3243 1168 3507 1237 rejceerat
3529 1212 3544 1236 ,
3588 1172 3817 1243 singulis

2202 1240 2384 1295 statim
2415 1243 2626 1314 paginis
2674 1258 2794 1317 post
2832 1250 3045 1324 Dupinii
3088 1256 3257 1326 ipsius
3309 1240 3816 1321 animadversiones

2199 1330 2441 1386 exhibet.
2472 1333 2724 1408 Quinque
2751 1340 2967 1398 codices
3014 1346 3245 1418 Dupinio
3291 1350 3345 1404 in
3385 1354 3633 1409 sanando
3661 1364 3812 1412 textu

2199 1429 2400 1488 przesto
2439 1435 2635 1494 erant,
2682 1444 2899 1492 quorum
2927 1435 3148 1506 ορεζυὶω
3196 1439 3302 1493 dici
3349 1452 3547 1513 potest,
3602 1446 3811 1518 inquit,

2194 1520 2330 1581 quot
2380 1511 2517 1604 loca
2554 1519 2985 1591 reSLituerimus;
3040 1539 3295 1600 corrupta
3352 1511 3811 1608 emendavimus,

2195 1601 2374 1659 laxata
2414 1601 2530 1663 suis
2576 1613 2912 1670 restituimus
2960 1618 3098 1675 locis
3120 1662 3135 1685 ,
3166 1625 3365 1679 omissa
3395 1629 3809 1698 supplevimus,

2193 1694 2467 1754 adscititia
2500 1705 2897 1773 resecavimus,
2927 1724 3037 1763 uno
3067 1712 3257 1778 verbo,
3291 1694 3677 1789 textns’Dptati
3709 1694 3810 1777 na;

472 1781 992 1853 LugdunoBalava,
1046 1784 1143 1871 ita.
1168 1794 1391 1853 tamen,
1438 1788 1498 1841 ut
1556 1798 1701 1843 nota:
1751 1791 2087 1863 singulorum
2119 1790 2164 1849 B
2197 1786 2306 1842 tivo
2330 1789 2609 1858 Splendori
2639 1797 3148 1871 restitutusinteger
3174 1814 3229 1859 et
3252 1781 3575 1865 emendatus
3607 1811 3806 1881 prodit.

474 1890 600 1930 cum
632 1876 811 1946 aliquo
838 1875 1056 1933 lectoris
1084 1864 1379 1933 commodo
1409 1878 1578 1934 textui
1622 1881 1813 1936 statim
1859 1883 2090 1952 subjun-

478 1974 583 2022 ctaa
612 1967 752 2032 sint,
785 1967 1012 2037 primum
1061 1970 1357 2040 separatim
1408 1969 1640 2035 Priorii,
1675 1983 1792 2028 tum
1847 1974 2088 2045 reliquo-

472 2074 621 2114 rum.
670 2058 906 2115 Historia
954 2058 1093 2115 Coil.
1148 2058 1339 2115 Carth.
1382 2061 1631 2118 Balduini
1678 2065 1750 2120 ad
1801 2065 2091 2135 exemplar

475 2151 711 2221 primum
738 2165 825 2205 an.
858 2151 1025 2220 1566,
1068 2153 1302 2208 seorsim
1346 2152 1551 2207 editum
1601 2164 1657 2209 et
1686 2155 1777 2210 Jo.
1808 2157 1949 2212 Tilio
1985 2156 2088 2227 Ep.

472 2241 735 2297 Meldensi
767 2242 1079 2311 inscriptum
1106 2284 1120 2308 ,
1176 2243 1454 2314 proposita
1496 2252 1602 2298 est.
1658 2245 2090 2304 Observationes

478 2332 801 2403 Albaspinaei
848 2334 1234 2389 ecclesiasticae
1285 2343 1410 2405 post
1458 2333 1777 2393 Facundum
1823 2348 1951 2394 sunt
1997 2356 2088 2397 re—

476 2424 658 2494 jecue.
688 2421 955 2480 Caeterum
977 2424 1097 2480 haec
1123 2425 1294 2481 editio
1321 2433 1383 2480 ut
1408 2426 1736 2483 Parisieusis
1764 2433 2015 2502 superior
2034 2438 2091 2486 et

480 2515 968 2587 Lugduno—Batava
992 2517 1148 2573 unice
1178 2517 1417 2573 librariis
1453 2521 1688 2588 qumstui
1728 2538 1828 2578 suo
1866 2526 2085 2595 prospi-

475 2607 746 2662 cientibus
770 2608 1001 2664 debetur
1028 2619 1086 2665 et
1111 2608 1255 2664 Phil.
1285 2607 1530 2663 Priorius
1551 2615 1742 2680 operis
1774 2612 1950 2670 forma
1971 2617 2085 2687 jam

476 2699 750 2769 descripta
780 2699 847 2756 de
886 2701 1180 2757 collatione
1208 2702 1387 2771 aliqua
1431 2700 1649 2757 demum
1699 2705 2085 2778 interpellatus

476 2799 583 2846 est.
633 2790 811 2859 Quid?
850 2794 991 2864 quod
1020 2809 1122 2849 nec
1150 2794 1255 2848 alia
1288 2792 1358 2847 de
1383 2806 1547 2847 causa
1585 2794 1904 2854 Facundum
1936 2799 2085 2871 adje-

477 2890 671 2938 cerunt
694 2898 850 2953 quam
882 2886 1060 2940 uthac
1086 2890 1260 2959 forma
1305 2883 1473 2938 editus
1507 2882 1731 2953 Optatus
1757 2893 1926 2963 justw
1965 2907 2082 2945 ma~

478 2976 761 3049 gnitudinis
782 2994 908 3051 0pm
927 2979 1207 3035 videretur.
1238 2979 1379 3035 Sunt
1405 2978 1597 3034 Priorii
1618 2982 1790 3051 ipsius
1811 2986 1867 3041 in
1895 2987 2084 3042 admo-

474 3066 684 3123 nitione
705 3069 768 3121 ad
798 3069 860 3124 L.
888 3072 1075 3126 verba.
1108 3071 1254 3126 Bene
1288 3070 1340 3125 in
1373 3069 1513 3124 hanc
1554 3087 1669 3127 rem
1705 3075 1943 3134 Mericus
1969 3078 2077 3136 Ca-

2197 1878 2483 1939 Variantes
2534 1886 2794 1945 lectiones
2838 1894 3126 1951 commode
3173 1902 3463 1969 separatim
3499 1919 3527 1959 a
3562 1878 3705 1963 uotis
3753 1908 3807 1962 in

2196 1972 2303 2030 line
2348 1978 2775 2052 uniuscujusque
2831 1986 3038 2055 pagina:
3092 1988 3379 2063 adscriptae
3442 2006 3603 2065 sunt;
3660 1999 3806 2054 hono

2195 2069 2357 2126 etiam
2401 2074 2635 2129 consilio
2683 2085 2860 2132 textus
2919 2080 2972 2135 in
3027 2083 3290 2141 articulos
3334 2096 3389 2143 et
3435 2093 3807 2163 paragraphos

2193 2159 2486 2219 disrinctus
2530 2174 2642 2231 est,
2696 2167 2950 2225 brevibus
2995 2179 3332 2243 argumentis
3381 2180 3449 2235 ad
3501 2159 3803 2255 marginem

2190 2256 2474 2324 appositis.
2507 2257 2674 2314 Notas
2696 2260 2764 2315 de
2784 2276 2884 2316 suo
2915 2263 3121 2320 addidit
3150 2267 3329 2324 editor
3358 2286 3556 2341 paucas
3588 2284 3647 2330 et
3672 2275 3801 2331 bre-

2194 2359 2318 2411 ves,
2353 2355 2466 2402 tum
2495 2353 2623 2405 vero
2652 2353 2994 2422 superiorum
3025 2356 3333 2429 editorum,
3361 2373 3469 2418 tam
3515 2381 3645 2436 eas,
3679 2385 3802 2440 quae

2192 2439 2259 2495 ad
2290 2448 2495 2497 textum
2522 2443 2900 2502 illustrandum
2942 2450 3188 2518 proxime
3229 2467 3587 2527 spectarent,
3631 2439 3796 2532 quam

2190 2533 2485 2602 ampliores
2542 2534 2675 2590 istos
2724 2538 2792 2592 ad
2840 2539 3149 2595 universam
3197 2559 3313 2600 rem
3361 2550 3791 2609 ecclesiasticam

2191 2626 2524 2697 pertinentes
2572 2628 2818 2685 Balduini
2851 2639 2908 2687 et
2952 2634 3285 2705 Albaspinrei
3324 2647 3751 2701 commentarios
3778 2688 3796 2715 ,
3844 2646 3847 2651 ’

2189 2728 2507 2789 repurgatos
2535 2720 2604 2799 ab
2632 2721 2930 2779 innumeris
2958 2726 3168 2782 mendis
3197 2736 3605 2802 typographicis
3624 2779 3640 2803 ,
3668 2754 3794 2809 quas

2187 2809 2241 2865 in
2272 2810 2600 2882 AlbaSpinaei
2651 2822 2708 2869 et
2755 2814 2950 2871 Priorii
2995 2818 3330 2887 irrepserant
3371 2825 3561 2883 libros.
3595 2828 3796 2886 Priorii

2188 2909 2331 2957 uota:
2350 2942 2365 2965 ,
2390 2903 2534 2972 quod
2567 2904 2786 2960 inutiles
2811 2921 3000 2973 omlnes
3030 2908 3370 2978 viderentur,
3398 2917 3615 2972 oruissa:
3644 2930 3792 2974 sunt.

2188 2995 2472 3051 Variorum
2532 3008 2689 3054 notas
2743 3001 3020 3068 excipiunt
3071 3017 3426 3061 monumenta
3482 3017 3663 3064 vetera
3706 3011 3790 3068 ad

2184 3077 2321 3143 Hist.
2356 3088 2753 3144 Donatistarum
2784 3092 3102 3161 pertinentia
3122 3135 3138 3161 ,
3172 3101 3288 3149 tum
3311 3099 3381 3151 ab
3409 3097 3608 3167 Optato
3637 3101 3780 3171 ipso,

476 3161 750 3217 saubonus
772 3162 824 3217 in
855 3164 1005 3234 praef.
1040 3164 1129 3219 ed.
1163 3163 1341 3219 Lond.
1382 3180 1395 3216 :
1427 3162 1507 3218 Eo
1529 3163 1639 3255 jam
1670 3182 1761 3222 res
1792 3170 2079 3236 rediit;in—

2188 3188 2297 3235 tum
2329 3180 2398 3236 ab
2422 3180 2749 3236 editionibus
2780 3184 3156 3252 superioribus
3179 3188 3396 3255 adjecta
3423 3201 3476 3243 et
3505 3191 3605 3245 hac
3637 3208 3780 3247 nova

477 3253 629 3323 quit,
663 3262 719 3308 ut
743 3254 860 3310 libri
894 3273 999 3311 non
1030 3271 1129 3311 usu
1158 3257 1518 3322 :rstimentur,
1550 3250 1645 3313 sed
1689 3260 1835 3318 mole
1862 3271 1919 3317 et
1943 3278 2079 3332 pon-

475 3344 645 3413 dere;
668 3361 732 3401 eo
762 3349 1016 3406 meliores
1042 3351 1262 3419 utique,
1293 3364 1403 3422 quo
1427 3350 1683 3420 irtajores.
1718 3354 1947 3412 Habitus
1976 3374 2080 3413 ex-

468 3446 666 3493 ternus
696 3440 849 3510 hujus
878 3441 966 3498 ed.
1000 3441 1298 3498 admodum
1349 3443 1572 3513 elegans
1623 3455 1708 3499 est
1748 3455 1806 3502 et
1850 3449 2076 3508 nitidus.

476 3528 747 3586 (Steterunt
789 3548 887 3588 nec
919 3534 1162 3589 Priurius
1209 3550 1368 3590 nova:
1415 3534 1640 3591 editioni
1687 3549 1719 3590 a
1767 3541 2078 3611 typotheta-

476 3636 599 3677 rum
624 3623 828 3681 mendis
857 3626 1072 3681 cavisse
1100 3626 1323 3683 dicitur.

1193 3738 1358 3795 i700.

554 3844 767 3904 Lutetiae
800 3850 1159 3918 Parisiorum,
1189 3852 1334 3923 apud
1372 3849 1539 3907 Andr.
1586 3851 1845 3923 Pratnrd,
1890 3856 2070 3915 in-iol.

477 3936 747 4009 S.Optati
781 3942 936 4008 Afri,
989 3943 1282 4000 Milevitani
1339 3945 1619 4017 episcopi,
1674 3947 1793 4003 libri
1850 3966 1952 4015 vu,
2002 3952 2074 4008 de

473 4032 770 4090 schismate
798 4036 1199 4092 Donatistarum
1256 4038 1322 4095 ad
1347 4040 1481 4094 mss.
1513 4040 1728 4095 codices
1755 4048 1811 4097 et
1855 4052 2074 4101 veteres

472 4124 742 4183 editiones
770 4128 987 4196 collati,
1032 4136 1089 4185 et
1135 4131 1434 4188 innumeris
1474 4133 1527 4187 in
1577 4133 1710 4189 locis
1756 4137 2069 4203 emendati;

470 4220 675 4292 quibus
723 4236 1002 4279 accessere
1048 4221 1273 4278 historia
1325 4225 1763 4291 Donatistarum,
1811 4242 1917 4284 una
1945 4242 2070 4286 cum

472 4316 846 4370 monumentis
896 4316 1170 4371 veteribus
1219 4315 1285 4370 ad
1340 4331 1462 4371 eam
1516 4320 1917 4386 spectantibus;
1970 4337 2073 4378 nec

473 4420 588 4462 non
618 4407 937 4478 geographia
962 4406 1287 4477 episcOpalis
1314 4405 1509 4463 Africae
1541 4424 1560 4463 :
1591 4424 1756 4479 opera
1792 4418 1849 4464 et
1890 4411 2068 4468 studio

478 4495 736 4552 Lunovmt
776 4499 972 4554 ELLIES
996 4498 1067 4553 du
1108 4498 1224 4553 PIN.
1253 4497 1372 4553 Cat.
1419 4499 1487 4554 de
1521 4499 1569 4553 la
1600 4500 1738 4556 Bibl.
1772 4500 1892 4557 Roi.
1927 4502 1992 4559 Τ.
2026 4519 2069 4559 ι.

477 4603 544 4661 ι).
565 4589 685 4645 571.
713 4590 1164 4647 Prazstantissima
1212 4591 1329 4648 haec
1368 4591 1536 4650 editio
1580 4588 1801 4663 ipsa'ad
1850 4584 2068 4655 manum

479 4696 593 4740 non
623 4692 736 4754 est,
766 4685 862 4742 sed
886 4688 1008 4746 vide
1035 4700 1353 4761 sequentem
1382 4689 1862 4763 Antverpiensem.

715 4794 720 4799 ’
1008 4823 1153 4880 διες.
1182 4822 1535 4901 χνιιῌτοί.

553 4961 812 5019 Αηηιειοιι
826 5007 849 5032 ,,
871 4962 1051 5021 iu-l‘ol.
1076 4952 1371 5038 Dupiniana
1397 4982 1610 5025 recusa.

1196 5099 1355 5157 i702.

475 5194 491 5239 ἲ
553 5193 873 5266 Antverpite,
913 5210 1002 5264 ap.
1041 5193 1105 5249 (ἔ.
1131 5193 1303 5250 Callet
1329 5194 1497 5267 Prtef.
1543 5194 1921 5269 Typographite
1949 5197 2069 5254 Hu-

475 5297 834 5361 guetanorum.
863 5288 921 5347 S.
943 5288 1066 5359 Opt.
1097 5288 1161 5345 A.
1190 5290 1260 5345 Μ.
1291 5290 1361 5345 Ε..-
1385 5290 1453 5347 de
1476 5280 1770 5347 séhismate
1813 5292 2065 5350 Donatis-

478 5392 660 5438 tarum
686 5382 831 5438 Libri
863 5391 1069 5453 septem
1096 5401 1108 5437 :
1137 5384 1206 5439 ad
1229 5399 1359 5440 mss.
1393 5386 1611 5442 codices
1638 5396 1692 5441 et
1719 5394 1932 5441 veteres
1953 5386 2067 5442 edi-

480 5476 661 5531 tiones
681 5475 857 5530 collati
894 5485 949 5531 et
974 5476 1268 5532 innumeris
1290 5478 1343 5531 in
1375 5477 1509 5533 locis
1534 5477 1827 5533 emendati.
1858 5478 2067 5546 Quibus

477 5580 765 5623 accessere
796 5566 1022 5622 Historia
1055 5568 1447 5623 Donatistarum
1467 5584 1571 5623 una
1597 5583 1716 5625 cum
1751 5584 2068 5625 monumen-

479 5660 555 5715 tis
584 5657 851 5713 veteribus
877 5658 942 5713 ad
974 5673 1092 5713 eam
1115 5659 1481 5729 Spectantibus
1506 5678 1518 5712 :
1563 5674 1664 5715 nec
1691 5674 1795 5714 non
1829 5658 2068 5727 Geogra-

482 5750 612 5822 phia
642 5751 959 5824 episcopalis
983 5741 1173 5808 Afrieze
1195 5767 1356 5823 opera
1385 5763 1438 5809 et
1466 5753 1643 5809 studio
1667 5751 1744 5806 Μ.
1778 5752 1908 5808 Luo.
1936 5752 2066 5809 ELL.

2182 3271 2422 3327 editione
2449 3279 2606 3327 aucta
2626 3281 2682 3327 et
2705 3277 3112 3331 commentariis
3133 3279 3413 3334 variorum
3441 3281 3538 3336 Dd.
3572 3286 3661 3352 qui
3696 3286 3782 3340 vel

2181 3364 2412 3419 seorsim
2461 3364 2579 3431 illa,
2626 3366 2706 3420 vel
2761 3366 2814 3421 in
2866 3368 2988 3422 aliis
3034 3370 3291 3438 operibus
3342 3371 3781 3442 illustraverant,

2181 3463 2468 3511 exornata.
2521 3456 2633 3512 Nec
2689 3458 2886 3513 omissa
2936 3467 3021 3515 est
3060 3460 3309 3516 Balduini
3359 3462 3582 3519 historia
3640 3466 3777 3523 Coll.

2179 3547 2370 3602 Carth.
2403 3547 2572 3601 Porro
2603 3548 2863 3619 Dupinius
2891 3550 3390 3609 animadversiones
3435 3556 3578 3611 circa
3620 3557 3779 3613 sedes

2178 3638 2557 3695 Africanorum
2584 3642 2960 3712 episcoporum
2985 3683 3002 3708 ,
3033 3645 3123 3712 qui
3157 3644 3442 3701 collationi
3479 3645 3666 3703 Carth.
3697 3649 3779 3704 iu-

2180 3731 2511 3799 terl‘uerant,
2541 3747 2609 3788 ex
2641 3734 2860 3790 Baluzio
2882 3776 2896 3800 ,
2938 3733 3201 3789 Rninarto
3230 3737 3496 3807 imprimis
3517 3740 3774 3797 collectas

2178 3821 2406 3878 addidit.
2432 3823 2677 3894 Denique
2699 3824 3094 3897 Geographiam
3121 3842 3333 3883 sacram
3368 3829 3404 3883 i.
3438 3845 3489 3886 e.
3521 3832 3769 3887 notitiam

2180 3913 2654 3985 provinciarumet
2682 3918 3090 3989 episcopatuum
3141 3919 3339 3974 Africa:
3385 3924 3664 3977 contexuit
3713 3932 3781 3979 ev

2179 4007 2358 4063 tabula
2409 4007 2776 4079 Geographica
2841 4011 3073 4067 ornavit.
3129 4010 3399 4068 Universo
3446 4014 3598 4084 operi
3648 4023 3771 4085 post

2178 4098 2549 4169 praefationem
2584 4101 2865 4157 Donatiani
2896 4100 3210 4157 schismatis
3240 4101 3522 4158 historiam
3554 4119 3768 4176 praepo-

2174 4191 2287 4246 suit
2307 4191 2498 4248 ordine
2519 4190 2901 4266 chronologieo
2923 4196 3329 4257 accuratissime
3376 4199 3762 4271 conscriptam.

2173 4282 2385 4340 Indices
2408 4292 2682 4354 postremo
2704 4287 3001 4357 locupletes
3021 4301 3158 4359 opus
3188 4288 3400 4343 ﬁniunt.

2883 4422 3043 4480 1769.

2258 4551 2520 4623 Venetiis,
2553 4570 2619 4609 ea;
2656 4555 2961 4628 typogr'aph.
3002 4556 3092 4613 Jo.
3128 4556 3282 4629 Bapt.
3307 4554 3542 4627 Albritii,
3564 4559 3771 4628 ih—l'ol.,

2170 4644 2225 4699 in
2256 4641 2391 4700 Bibl.
2428 4644 2545 4701 Vel.
2584 4643 2705 4699 PP.
2741 4656 2813 4701 st.
2856 4646 3079 4702 Andrew
3101 4647 3365 4702 Galtundii
3406 4649 3469 4704 Τ.
3500 4665 3557 4704 γ.
3608 4665 3660 4705 a.
3709 4666 3765 4722 p.

2172 4736 2275 4792 461
2311 4753 2483 4809 usque
2510 4738 2575 4793 ad
2624 4738 2756 4795 675.
2790 4739 2849 4794 S.
2875 4739 3055 4810 Optati
3084 4740 3325 4809 episcopi
3371 4739 3663 4799 Milevitani
3704 4743 3775 4798 de

2170 4829 2466 4885 schismate
2498 4831 2895 4887 Donatistarum
2943 4834 3064 4887 libri
3105 4848 3216 4899 vu,
3258 4832 3323 4887 ad
3367 4848 3497 4889 mss.
3539 4833 3768 4892 Codices

2172 4928 2231 4978 et
2273 4932 2480 4979 veteres
2520 4924 2790 4981 editiones
2843 4926 3021 4981 collati
3079 4933 3136 4982 et
3183 4926 3479 4983 innumeris
3527 4926 3581 4983 in
3632 4928 3767 4983 locis

2176 5012 2450 5069 emendati
2480 5030 2647 5085 opera
2686 5026 2741 5071 et
2767 5017 2948 5073 studio
2980 5017 3059 5072 Μ.
3103 5016 3242 5073 Lud.
3275 5016 3387 5072 Eli.
3418 5016 3615 5089 Dupin.
3657 5017 3767 5075 Ἀε-

2072 5120 2075 5123 '
2175 5116 2394 5160 cessere
2420 5104 2769 5163 Monumenta
2797 5119 2977 5164 vetera
3025 5108 3092 5164 ad
3137 5108 3534 5165 Donatistarum
3586 5111 3771 5166 Histo-

2173 5194 2312 5251 riam
2357 5198 2684 5268 pertinentia
2707 5241 2723 5267 ,
2768 5216 2997 5272 quorum
3028 5202 3305 5275 complura
3330 5203 3399 5259 ab
3437 5203 3631 5262 eodem
3657 5204 3767 5276 0p-

2174 5298 2288 5345 tato
2317 5301 2705 5348 memorantur.
3685 5304 3704 5319 "
3762 5360 3767 5367 .

2244 5380 2328 5437 Ex
2359 5385 2499 5439 notis
2530 5385 2843 5456 Dupinianis
2873 5402 2963 5444 eas
2993 5392 3334 5462 potissimum
3360 5432 3375 5456 ,
3407 5407 3530 5461 quae
3554 5392 3620 5447 ad
3653 5403 3767 5448 tex-

2176 5479 2262 5527 tus
2290 5474 2604 5530 varietatem
2634 5476 3014 5535 adstruendam
3044 5482 3426 5547 conducerent,
3461 5482 3528 5537 G.
3550 5484 3766 5559 ‘selcgit,

2175 5564 2346 5636 iisque
2379 5570 2574 5636 passim
2601 5573 2883 5650 uoanullas
2926 5575 3152 5630 intexuit
3180 5577 3246 5629 ad
3290 5576 3429 5630 idem
3461 5576 3764 5633 institutum

2177 5670 2537 5728 comparatas.
2571 5663 2831 5719 l’rzefatus
2852 5681 2931 5721 eSt
2961 5668 3029 5721 de
3058 5668 3254 5735 Optato
3282 5668 3334 5720 in
3370 5667 3615 5738 l’rulegg.
3644 5684 3763 5739 cap.

2179 5763 2309 5805 xvut
2333 5792 2346 5816 ,
2381 5769 2430 5821 p.
2461 5751 2531 5805 29
2562 5768 2646 5823 sq.
