4206 6170
489 326 595 383 835

1163 437 1389 496 1790-91
1403 477 1419 494 .

565 529 920 602 Wirceburgi,
947 531 1002 586 in
1028 528 1120 599 οΙῙ.
1149 531 1267 585 libr.
1299 530 1605 587 Sta/seliana
1629 574 1644 600 ,
1673 529 1812 590 in-8.
1836 529 1882 586 Il
1905 528 2082 586 Tomi.

487 624 545 678 S.
571 623 748 695 Optati
771 622 886 679 Afri
914 623 1204 680 Milevitani
1222 623 1461 694 cpiscOpi
1489 623 1560 680 de
1587 622 1879 680 schismate
1909 621 2087 677 Dona-

487 715 733 771 tistarum
781 714 903 772 libri
961 731 1067 782 vn,
1099 715 1310 787 aliaque
1361 717 1465 772 huc
1520 714 1849 790 pertinentia
1899 721 2085 770 vetera

487 809 850 866 Monumenta.
905 809 1106 866 Reeudi
1145 807 1356 864 curavit
1397 806 1495 863 Dr.
1550 807 1866 865 Franciscus
1918 806 2084 864 Ober-

489 901 630 981 lhtsr.
1619 978 1622 981 _

558 979 801 1054 Primum
828 997 988 1069 hujus
1012 997 1271 1054 editionis
1303 1005 1508 1052 tornum
1537 979 1734 1052 frustra
1762 995 1815 1052 in
1841 994 2086 1068 librariis

486 1091 773 1164 Oppidanis
807 1090 1189 1162 quaesivimus;
1243 1087 1480 1144 alterum
1512 1083 1888 1144 tantummodo
1916 1085 2091 1162 inSpig

485 1197 611 1240 cere
638 1181 818 1249 licuit,
853 1181 997 1238 unde
1044 1181 1412 1237 intelleximus
1445 1179 1498 1235 in
1529 1179 1697 1253 priori
1737 1187 1943 1235 textum
1974 1180 2086 1253 0p-

489 1278 619 1342 tati,
665 1287 717 1330 et
758 1291 878 1346 qure
920 1276 988 1331 ad
1019 1290 1142 1331 eum
1188 1283 1499 1345 spectarent
1543 1281 1892 1329 monumenta
1930 1287 2084 1328 com-

486 1370 780 1442 prehendi;
817 1370 902 1426 hic
955 1368 1141 1423 Varias
1172 1368 1438 1424 Lectiones
1471 1375 1520 1422 et
1558 1366 1930 1422 Adnotationes
1957 1381 2085 1420 con-

487 1470 680 1516 textum
699 1459 1182 1532 0pt.illustrantes,
1201 1474 1301 1515 nec
1329 1473 1435 1514 non
1453 1458 1821 1513 Adnotationes
1850 1457 1918 1512 ad
1945 1473 2088 1530 qum-

485 1553 609 1606 dam
655 1553 762 1608 alia
790 1561 960 1607 vetera
981 1594 996 1619 ,
1027 1568 1239 1606 causam
1272 1547 1663 1604 Donatistarum
1687 1551 2047 1606 concernentia
2067 1591 2083 1618 ,

486 1658 553 1698 cx
583 1643 650 1720 iis
677 1643 848 1716 copiis
874 1685 888 1711 ,
917 1657 1052 1716 quas
1083 1643 1382 1714 Dupiniana
1404 1639 1627 1699 exhibet
1651 1641 1901 1698 selectas.
1933 1642 2084 1700 Prm-

484 1733 635 1790 misit
697 1734 832 1791 duas
893 1733 1154 1808 epistolas
1199 1734 1581 1805 hodmporicas
1634 1733 1809 1806 primo
1853 1733 1964 1790 vol.
2016 1733 2085 1790 ad

1686 322 1937 382 SANCTI
1972 322 2226 387 OPTA'I'I
2263 324 2571 386 EPISCOPI

2114 438 2168 504 Α
2194 439 2348 496 VII-2L.
2375 439 2626 512 Repetita
2653 445 2738 496 est
2753 437 2944 496 ibidem
2973 436 3116 512 apud
3150 436 3283 495 Rob.
3326 435 3517 494 Foust.
3548 435 3606 494 8.

3681 315 3784 377 884

2262 535 2493 592 Codices.
2521 536 2572 592 1.
2602 533 2778 590 Codex
2796 532 3127 594 Bibliotheca:
3153 532 3372 592 Cusanrc
3406 547 3569 606 prape
3609 529 3784 586 Trebi.

2190 627 2289 684 rim
2309 669 2324 698 ,
2357 641 2466 700 quo
2494 622 2780 684 Cochlaaus
2803 639 2933 683 usus
2953 631 3057 684 est.
3102 618 3312 682 Mendis
3357 622 3538 680 omnis
3572 621 3785 697 generis

2189 719 2422 776 obsitus.

2260 812 2315 866 2.
2345 813 2400 870 3.
2431 811 2487 870 4.
2517 811 2654 870 Tres
2679 809 2929 868 Balduini
2957 825 3188 883 quorum
3219 824 3385 867 unum
3415 809 3472 866 in
3497 808 3676 888 prima
3694 808 3782 868 ed.

2189 903 2487 961 adhibitum
2516 905 2584 960 ab
2615 903 2898 978 Espencwo
2923 901 3119 962 Theol.
3157 889 3333 972 Paris.
3361 891 3680 978 acceperat;
3707 900 3787 959 al-

2191 1004 2364 1054 terum
2392 993 2484 1051 Jo.
2513 994 2652 1051 Titio
2674 994 2778 1068 Ep.
2825 993 3119 1060 Mcldensi,
3155 991 3390 1050 Luciferi
3420 990 3645 1063 editori,
3675 1001 3786 1050 ter-

2189 1088 2323 1144 tium
2355 1088 2642 1157 Macerwo,
2667 1087 2854 1148 Theol.
2883 1087 3055 1146 Paris.
3096 1085 3349 1145 debebat.

2262 1183 2314 1239 5.
2339 1182 2514 1239 Codex
2543 1181 2608 1239 S.
2637 1181 2944 1238 Theoderici
2979 1179 3120 1255 apud
3151 1178 3377 1235 Rhentos
3414 1178 3785 1252 septingento-

2189 1291 2309 1332 rum
2337 1276 2558 1332 circiter
2587 1289 2851 1330 annorum
2878 1289 2910 1330 a
2941 1271 3174 1343 Dupinio
3201 1272 3522 1326 aestimatur.

2260 1367 2315 1424 ϐ.
2348 1367 2523 1423 Codex
2551 1367 2614 1424 S.
2643 1365 2889 1422 Germani
2910 1383 2941 1420 a
2965 1364 3139 1422 Pratis
3167 1381 3274 1422 non
3295 1363 3512 1438 quidem
3536 1362 3782 1436 ejusdem

2188 1461 2545 1534 antiquitatis,
2575 1461 2672 1517 sed
2699 1460 2920 1532 optima:
2939 1469 3081 1516 nota:
3101 1467 3155 1516 et
3175 1457 3398 1534 reliquis
3425 1456 3781 1520 emendatior.

2190 1553 2287 1609 Est
2313 1552 2584 1609 secundus
2612 1552 2852 1626 Dupinii.

2260 1646 2314 1702 7.
2365 1645 2539 1701 Codex
2577 1641 2640 1701 S.
2675 1640 2835 1703 Pauli
2865 1641 3266 1702 Camaricensis
3309 1657 3470 1717 prope
3510 1640 3782 1710 Turones,

2190 1737 2280 1810 qui
2310 1746 2473 1807 tunc,
2517 1753 2638 1794 cum
2683 1737 2948 1809 Dupinius
2990 1752 3113 1794 eum
3157 1736 3498 1802 consuleret,
3546 1735 3599 1791 in
3647 1735 3782 1792 bibl.

488 1827 837 1885 ﬂenckenium
888 1827 1039 1886 Prol.
1087 1828 1319 1884 Helmst.
1361 1826 1606 1884 secundo
1653 1826 1720 1882 ad
1764 1826 2086 1882 Baenichium
2115 1817 2164 1880 Β
2189 1829 2502 1890 Colbertina
2529 1830 2751 1887 extabat
2789 1847 2846 1888 η.
2879 1829 3054 1898 1951,
3078 1829 3472 1886 Sexcentorum
3518 1841 3785 1884 annorum

488 1923 638 1980 Prol.
666 1922 908 1980 Wirceb.
939 1922 1232 1978 admodum
1263 1920 1532 1994 prolixas,
1563 1921 1617 1975 in
1641 1919 1836 1992 quibus
1859 1961 1874 1986 ,
1900 1919 2033 1976 dum
2055 1935 2088 1975 ει

490 2016 610 2070 viro
636 2014 890 2071 candoris
919 2015 1103 2070 eximii
1148 2025 1204 2070 et
1256 2028 1450 2069 sensus
1482 2011 1759 2069 teuerrimi
1791 2027 1887 2086 per
1911 2012 2089 2068 varias

490 2108 794 2164 Germauim
829 2116 1030 2163 nostra:
1059 2106 1308 2177 regiones
1336 2105 1526 2162 lubens
1568 2103 1692 2161 ducl
1739 2113 1791 2160 te
1829 2102 2087 2180 patiaris,

490 2200 648 2256 facile
670 2197 1008 2255 Oblivisceris
1028 2240 1044 2268 ,
1073 2213 1180 2274 quo
1201 2198 1324 2254 loco
1350 2197 1652 2268 obtingant.
1702 2194 1946 2251 Pertinet
1987 2209 2086 2251 au-

491 2302 598 2350 tem
621 2293 686 2348 ad
711 2290 1060 2348 novissimam
1086 2291 1226 2346 hanc
1244 2287 1423 2362 Optati
1442 2287 1733 2346 editionem
1763 2287 1937 2344 celeb.
1962 2303 2089 2344 auc-

488 2385 622 2441 toris
647 2385 784 2441 libcr
813 2384 985 2440 tribus
1030 2383 1172 2440 Volt.
1205 2382 1310 2440 his.
1344 2383 1475 2456 ipsis
1520 2381 1676 2438 annis
1705 2381 1883 2440 editus
1909 2399 1929 2440 :
1959 2379 2091 2438 Idea

488 2476 674 2532 biblica
701 2475 950 2533 Ecclesia:
981 2476 1095 2532 Dei.

575 2567 861 2624 Versiones.
896 2567 1066 2625 Unica
1094 2576 1302 2624 tantum
1331 2577 1482 2625 extat
1507 2567 1910 2640 Francogallica
1935 2567 2090 2625 Vielii

487 2659 554 2716 ad
587 2662 818 2734 primam
841 2661 1086 2718 Balduini
1117 2660 1206 2718 ed.
1238 2662 1377 2717 facta
1407 2672 1462 2718 et
1483 2677 1537 2718 a.
1571 2659 1735 2718 1564.
1786 2659 1964 2717 Paris.
2000 2677 2093 2737 per

494 2753 728 2811 Federic.
767 2753 955 2810 Morel.
983 2755 1197 2811 octonis
1228 2755 1501 2828 exscripta
1538 2752 1642 2810 hoc
1687 2752 1845 2810 titulo
1873 2770 1886 2808 :
1918 2752 2088 2809 L‘his-

489 2850 618 2904 toire
672 2849 746 2902 du
794 2849 1040 2915 schisme,
1076 2846 1434 2921 blasphdmes,
1482 2863 1720 2915 erreurs,
1775 2844 2086 2918 sacriléges,

489 2943 807 3008 homicides,
841 2943 1057 2996 incestes
1085 2952 1131 2996 et
1155 2950 1330 2995 autres
1354 2940 1588 3012 impiétés
1633 2940 1720 2995 des
1762 2937 2088 3008 Donatians,

488 3036 645 3091 écrite
673 3051 735 3088 en
759 3032 887 3088 latin
916 3050 1012 3104 par
1040 3033 1236 3104 Optat,
1266 3031 1473 3104 évéque
1512 3021 1804 3088 Milevitain
1824 3073 1840 3102 ,
1871 3032 2000 3088 mise
2027 3048 2090 3088 en

487 3126 679 3197 langue
703 3126 963 3198 frangaise
986 3136 1034 3180 et
1059 3127 1306 3198 repurgée
1349 3124 1413 3178 de
1446 3123 1700 3197 plusieurs
1731 3127 1929 3198 (uates,
1957 3142 2090 3198 aug-

2194 1924 2293 2002 fuit
2313 1931 2367 1982 et
2394 1924 2612 1994 Optima:
2643 1932 2821 1990 notae,
2848 1922 2946 1981 sed
2994 1923 3206 1994 priores
3231 1917 3475 1995 quinque
3505 1919 3626 1976 libri
3660 1933 3787 1974 cum

2195 2016 2351 2073 initio
2376 2016 2515 2072 sexti
2559 2015 2968 2074 interciderant.
3002 2013 3329 2070 Continehat
3372 2021 3552 2068 autem
3597 2024 3790 2065 monu-

2192 2115 2374 2163 menta
2401 2107 2468 2163 ad
2496 2115 2740 2164 veterum
2775 2105 3180 2162 Donatistarum
3209 2102 3493 2160 historiam
3515 2093 3789 2172 pertinen-

2194 2199 2289 2264 tiu,
2316 2215 2437 2270 «una:
2465 2199 2519 2255 in
2549 2197 2699 2255 nullo
2716 2199 2825 2255 alio
2847 2197 3219 2268 manuscripto
3242 2195 3432 2254 codice
3457 2195 3632 2250 adhuc
3660 2202 3789 2249 tunc

2195 2293 2413 2350 inventa
2434 2300 2610 2350 erant.
2639 2291 2879 2360 Quartus
2907 2287 3048 2362 apud
3083 2289 3376 2362 Dupinium
3401 2297 3506 2345 est.

2265 2384 2321 2439 8.
2355 2381 2530 2438 Codex
2559 2381 2704 2438 Phil.
2756 2382 2911 2440 Silvii
2965 2381 3024 2439 S.
3059 2380 3266 2438 Facult.
3319 2379 3494 2436 Paris.
3544 2387 3672 2440 tunc
3724 2377 3788 2434 Β.

2193 2473 2413 2545 Tertius
2440 2475 2657 2548 Dupinii
2676 2516 2692 2546 ,
2723 2474 2819 2532 sed
2847 2473 2987 2531 idem
3011 2515 3026 2541 ,
3052 2487 3160 2548 quo
3180 2471 3294 2545 jam
3338 2471 3634 2530 Balduinus
3663 2487 3791 2530 usus

2195 2580 2350 2638 erat,
2372 2571 2500 2631 dum
2531 2585 2699 2643 penes
2727 2557 3052 2628 Maceraeum
3079 2578 3260 2639 esset;
3291 2569 3584 2628 recentiori
3626 2582 3793 2626 manu

2193 2673 2448 2722 exaratos
2471 2672 2529 2721 et
2553 2663 2713 2724 valde
2734 2663 3056 2722 mendosus.

2269 2754 2431 2812 Vides
2457 2771 2523 2812 ex
2556 2755 2641 2811 his
2667 2764 2794 2813 octo
2823 2756 2907 2812 vel
2937 2765 3145 2828 septem
3186 2755 3369 2828 potius
3394 2755 3672 2816 codicibus
3695 2770 3795 2814 eos

2193 2861 2331 2919 quos
2355 2847 2622 2920 Dupinius
2646 2849 2700 2907 in
2731 2863 2886 2907 usum
2915 2848 3160 2917 vocavit.
3187 2849 3403 2910 exteris
3445 2850 3616 2910 fuisse
3647 2864 3790 2927 pra!-

2193 2941 2508 3019 stantiores.
2537 2940 2687 2999 idem
2714 2956 2845 3000 vero
2868 2942 3144 3011 observat,
3169 2944 3414 3002 codicem
3439 2943 3595 3003 Silvii
3618 2943 3790 3001 videri

2194 3047 2226 3090 e
2251 3032 2438 3089 codice
2461 3031 2517 3090 S.
2546 3032 2875 3091 Theoderici
2907 3045 3223 3108 excerptum
3265 3044 3321 3094 et
3365 3033 3621 3094 Codicem
3643 3035 3787 3095 Sans

2195 3125 2618 3196 Cermanensem
2645 3142 2719 3184 ex
2743 3124 3164 3185 Cormaricensi.
3181 3121 3454 3185 Craterum
3483 3143 3606 3186 eum
3633 3129 3792 3202 quin-

486 3190 686 3276 mentée
703 3190 852 3274 aussi
894 3236 990 3291 par
1019 3219 1067 3274 le
1092 3190 1415 3292 supplement
1443 3190 1508 3272 de
1529 3190 1771 3290 quelques
1815 3190 2087 3293 imperfec-
2115 3201 2162 3267 C
2194 3190 2298 3291 que
2329 3234 2462 3278 mss.
2491 3218 2774 3288 nominet.
2806 3233 2916 3278 non
2939 3219 3124 3294 plures
3153 3228 3337 3280 tamen
3376 3235 3538 3293 quam
3558 3190 3794 3296 quatuor

485 3312 622 3366 tions
668 3320 715 3366 et
752 3310 1093 3380 explications
1133 3309 1198 3364 de
1246 3310 1390 3365 lieux
1432 3309 1702 3383 difﬁciles,
1750 3325 1848 3383 par
1876 3309 2083 3368 PIEBRB

1407 3427 1692 3442 —

897 3492 1189 3550 CODICES
1225 3493 1684 3558 MANUSCRIPTI

561 3603 631 3660 In
667 3605 984 3663 variantibus
1022 3606 1352 3664 Lectionibus
1400 3624 1528 3679 quas
1562 3611 1632 3667 ad
1657 3612 1815 3682 ﬁnem
1838 3613 2088 3685 cujusque

489 3696 693 3769 pagina
734 3697 982 3754 librorum
1024 3697 1204 3770 Optati
1231 3699 1519 3772 adjecimus
1545 3742 1563 3769 ,
1595 3704 1917 3775 sequentibus
1944 3706 2086 3764 desi-

488 3799 716 3862 gnantur
743 3792 899 3846 notis.

561 3882 957 3955 blanuscriptus
981 3883 1156 3942 codex
1184 3886 1356 3944 sancti
1381 3885 1729 3957 Theoderici,
1750 3902 1854 3948 ms.
1883 3889 1943 3947 S.
1974 3889 2082 3949 Th.

2189 3320 2456 3371 recenset.

1709 3412 2889 3454 ...ὑ-*-

2265 3499 2660 3574 Manuscriptus
2697 3499 2873 3562 codex
2900 3499 3074 3561 sancti
3103 3495 3421 3558 Germania
3451 3498 3652 3572 Pratis,
3679 3513 3784 3558 ms.

2140 3581 2142 3583 ’
2193 3590 2347 3652 S.G.

2261 3683 2658 3756 Manuscriptus
2683 3684 2855 3742 codex
2881 3685 3116 3758 Philippi
3147 3684 3327 3755 Silvii,
3357 3699 3464 3744 ms.
3497 3684 3557 3743 Ρ.
3585 3684 3645 3742 S.

2261 3797 2659 3872 Manuscriptus
2705 3803 2878 3858 codex
2936 3803 3111 3860 sancti
3163 3801 3316 3858 Pauli
3359 3801 3790 3860 Cormaricensis

2187 3906 2331 3978 nunc
2360 3893 2736 3965 Colbertinus,
2769 3911 2869 3951 ms.
2897 3893 2961 3952 ϐ.

492 3992 3762 4034 ww

955 4091 999 4160 ι
1080 4100 1795 4254 SANCTI
1891 4063 2628 4254 OPTATI
2721 4107 3197 4260 AFRI

1575 4308 2062 4376 MILEVITANI
2097 4321 2124 4352 “

732 4461 944 4563 DE
1000 4619 1004 4624 _
1099 4457 2032 4570 SCHISMATE

2165 4312 2526 4379 EPISCOPI
2571 4314 2686 4397 (ι),

2195 4439 3523 4612 DONATISTARUM

1273 4646 1900 4734 ADVERSUS
1977 4648 2868 4770 PARMENIANUM
2917 4639 2980 4733 δ.

1880 4783 2357 4808 ἡ

1720 4875 2047 4953 LIBER
2101 4877 2572 4970 ΡΒΙΜΙΙΒ..

532 4984 600 5042 In
624 4984 719 5042 hoc
743 4986 876 5041 libro
903 4985 1071 5058 primo
1096 4986 1443 5052 continentur,
1471 4986 1557 5057 qui
1581 4985 1637 5044 in
1671 4955 2626 5134 ρεηᾜξέτνῖαίιιῧηέἒὲᾂάἕιένεε,τοι
2650 5009 2825 5051 causa:
2845 4955 3158 5062 schismatis,
3189 5005 3239 5052 et
3264 4995 3373 5065 ubi,
3404 5005 3452 5054 et
3478 5013 3510 5056 a
3533 4997 3725 5070 quibus

547 5151 590 5209 1.
619 5150 826 5208 Bonum
851 5151 1324 5223 pacis.——Cunctos
1350 5165 1452 5212 nos
1471 5148 1838 5222 Christianos,
1866 5153 2056 5212 claris-

2161 5154 2283 5212 simi
2297 5158 2316 5232 (
2331 5157 2461 5214 Vide
2479 5166 2587 5214 sat.
2613 5158 2649 5213 2
2664 5159 2719 5214 in
2734 5175 2856 5232 pag.
2877 5157 3011 5236 seq.)
3039 5157 3260 5228 fratres,
3273 5160 3634 5232 omnipotenti
3659 5163 3776 5221 Deo

1685 5265 1721 5326 Ι.
1734 5265 2072 5330 ECTIONES
2107 5267 2528 5330 VARIANTES.

532 5363 562 5393 ⁸
595 5360 650 5410 In
672 5373 766 5412 ms.
798 5360 850 5410 S.
885 5358 1204 5420 Theodoriei,
1229 5362 1270 5412 Ο

1273 5360 1395 5429 pyri
1436 5358 1712 5429 Milibitam'.
1739 5359 1796 5414 lu
1825 5373 1920 5429 tus.
1944 5360 2064 5429 Rbi-
2086 5363 2142 5424 1)
2169 5360 2538 5429 Explicitljber
2553 5362 2727 5429 _0ptati
2762 5362 3010 5429 Episcopi,
3031 5363 3164 5418 Libri
3188 5379 3241 5417 η.
3264 5382 3347 5428 vn.
3385 5368 3452 5421 ad
3473 5369 3771 5423 Parmenio-

465 5423 583 5488 lippi
609 5419 957 5488 Silvii,_._0p_tati
981 5417 1262 5488 blilivita'ni.
1273 5417 1512 5486 Episcopi
1535 5435 1714 5473 nomen
1751 5434 1849 5472 non
1885 5420 2064 5485 legitur
2086 5417 2130 5424 ’⁷
2166 5417 2729 5488 nunt§chismatic6rwn
2748 5417 3009 5479 ductarent:

462 5480 657 5545 in'jnss.
681 5480 778 5533 nisi
797 5480 848 5534 in
868 5483 965 5532 line
990 5480 1191 5545 Operls.

527 5543 558 5584 1)
592 5546 648 5596 In
673 5557 791 5602 mss.
833 5546 888 5595 S.
914 5545 1007 5596 Th.
1037 5542 1090 5595 et
1124 5543 1252 5594 Phil.
1278 5542 1420 5604 Silv.,
1446 5542 1559 5596 libri
1593 5542 1784 5595 numeri
1817 5557 1902 5596 vn.
1933 5542 2066 5596 Nihil

462 5609 688 5675 adjicitur
712 5610 760 5658 in
785 5609 924 5660 titulo
948 5609 998 5657 in
1021 5619 1138 5656 mss.
1165 5605 1254 5656 sed
1279 5607 1328 5656 iu
1351 5603 1449 5656 fine
1471 5620 1561 5658 ms.
1599 5605 1654 5657 S.
1695 5604 1788 5654 Th.
1810 5604 2022 5657 habetur
2047 5618 2060 5656 :

2233 5486 2276 5559 ﬂ
2428 5489 2698 5559 inscriptio,
2718 5489 3194 5559 qumargu‘tnentum
3217 5483 3362 5556 hujus
3385 5493 3494 5542 libri
3518 5494 3765 5559 continet,

2170 5555 2334 5600 exstat
2356 5553 2404 5601 in
2421 5562 2536 5603 mss.
2558 5552 2611 5602 S.
2638 5551 2731 5602 Th.
2753 5560 2809 5605 et
2833 5551 2925 5602 Ph.
2945 5551 3064 5605 Silv.

1803 5709 2165 5771 VARIORUM
2200 5713 2432 5773 ΝΟΤᾸΞ.

451 5827 463 5880 ε
526 5809 610 5880 (1)
664 5806 1410 5882 NitwitaniEpiscopi.Urbis
1430 5805 1858 5881 Nomidix.quae
1883 5808 2054 5870 Anto-

2161 5807 2292 5868 nino
2317 5809 2559 5880 uileum;
2590 5809 2889 5886 Augustino
2917 5815 2973 5872 et
3011 5807 3218 5873 Victori
3265 5809 3494 5882 Vitensi,
3515 5807 3765 5883 literis,-
