4206 6170
1155 273 1245 329 DE
1282 266 1673 329 SCHISMATE
1717 259 2285 323 DONATISTARUM
2326 261 2538 319 ιιιιιειι
2576 259 2905 323 PRlMUS.
3641 284 3746 345 390

2151 376 2255 431 Ill.
2288 374 2396 431 Cur
2423 375 2795 433 Schismatici
2838 382 3038 450 fratres
3062 393 3398 464 appellentur.
3430 426 3502 439 ——
3527 397 3634 454 Sed
3668 412 3737 453 ne

2066 467 2220 538 quis
2248 468 2417 537 dicat,
2446 486 2535 525 me
2567 470 3019 536 inconsiderate
3049 492 3070 521 ο
3096 499 3188 538 eos
3216 485 3407 543 fratres
3430 489 3724 558 appellare,

2068 559 2181 629 qui
2219 560 2358 616 tales
2384 573 2508 618 sunt
2537 604 2551 629 ,
2582 562 2670 617 ab
2708 559 2885 623 Esaiae
2913 573 3184 642 prophetae
3210 577 3425 633 vocibus
3453 577 3479 615 ἀ
3503 578 3721 633 exorbi-

2069 656 2223 706 tare
2254 661 2277 689 θ
2309 669 2414 709 non
2447 670 2757 726 possumus
2798 655 2841 711 ί.
2874 661 3123 728 Quamvis
3146 677 3200 721 et
3228 667 3305 721 illi
3341 683 3448 721 non
3478 678 3709 737 negent,

361 280 470 342 889

361 393 722 454 obtenderent
751 410 764 446 :
795 390 919 466 (25)
959 404 1058 446 nec
1082 385 1464 443 maledicerent
1492 376 1606 438 Deo
1642 378 1766 454 (‘24)
1796 396 1810 434 :
1846 382 1957 432 nec
1987 382 2037 439 Α

359 490 764 561 rebaptizarent
787 485 977 541 ﬁdeles
1000 500 1019 538 :
1049 496 1150 537 nec
1172 495 1271 535 nos
1298 491 1512 535 eversas
1531 485 1624 531 aut
1642 474 1852 530 occisas
1874 470 1958 524 in—

361 581 672 639 nocentium
702 586 728 614 ει
761 577 973 631 animas
1019 572 1330 629 doleremus
1360 590 1372 625 :
1406 583 1539 641 quas
1563 563 1759 638 priusb
1787 562 1958 618 doluit

362 674 539 739 Deus,
575 686 670 740 per
699 666 1050 724 Ezechielem
1083 663 1424 734 pr0pltetam,
1457 660 1681 717 dicens:
1716 657 1834 731 (‘25)
1867 652 1961 707 Vae

364 763 665 830 facientibus
712 759 824 834 (26)
864 760 1092 814 velamen
1128 772 1283 825 super
1313 771 1459 810 omne
1487 762 1663 823 caput,
1710 759 1756 805 et
1810 762 1965 817 super

366 872 569 911 onmem
593 853 647 927 ἀ,
669 862 871 909 tetatem
892 851 961 905 ad
989 848 1290 927 evertendas
1319 846 1749 902 animas.Animte
1779 856 1966 897 everste

373 959 498 1005 sunt
517 948 691 1019 pepuli
710 947 827 1011 mei,
849 955 896 1001 et
921 942 1296 998 maledicebant
1316 940 1441 995 mihi
1467 941 1519 993 in
1540 938 1730 1010 populo
1744 951 1880 1001 meo,
1910 942 1966 987 ut

365 1044 654 1100 occiderent
671 1041 890 1106 animas,
912 1055 1040 1110 quas
1065 1053 1169 1091 non
1185 1036 1409 1107 oportuit
1428 1033 1592 1087 mori:
1615 1032 1734 1085 dum
1760 1043 1968 1083 annun-

365 1138 500 1193 tiant
518 1136 825 1209 papulomea
854 1149 1013 1188 vanas
1034 1126 1647 1199 seductiones(Ezecltiel.
1665 1140 1781 1186 xm,
1803 1122 1878 1195 8).
1902 1121 1967 1176 Et

363 1228 789 1285 tantenadmissa
812 1225 1071 1281 suntltzcc
1084 1222 1151 1278 ab
1181 1220 1376 1292 iis,qui
1405 1218 1577 1274 nostri
1604 1228 1729 1272 sunt
1751 1216 1963 1270 fratres.

2069 752 2134 798 et
2173 746 2434 803 omnibus
2461 757 2655 802 notum
2688 749 2793 815 sit,
2827 754 2974 822 quod
2999 770 3100 809 nos
3125 757 3249 811 odio
3273 757 3503 821 habent,
3535 767 3589 811 et
3612 772 3707 811 ex-

2068 848 2413 906 secrentur,
2461 850 2514 897 et
2555 842 2741 899 nolint
2770 860 2829 900 se
2860 846 2966 902 diei
3003 846 3198 903 fratres
3227 860 3440 903 nostros
3471 866 3486 903 :
3520 858 3699 903 tamen

2070 945 2187 986 nos
2223 934 2479 990 recedere
2511 950 2539 988 a
2578 936 2775 992 timore
2804 937 2900 993 Dei
2927 953 3033 992 non
3064 953 3371 1007 possumus,
3402 953 3537 1008 quos
3568 939 3698 993 hor-

2069 1034 2235 1081 tatur
2267 1027 2499 1098 Spiritus
2534 1042 2768 1085 sanctus
2804 1046 2902 1102 per
2945 1032 3164 1087 Esaiam
3214 1033 3561 1104 prophetam,
3613 1033 3695 1087 di-

2070 1132 2257 1175 cens:
2296 1120 2399 1174 Vos
2434 1122 2522 1192 qui
2567 1124 2756 1177 timetis
2800 1123 2918 1197 (27)
2961 1141 3147 1179 nomen
3194 1123 3406 1179 Domini
3437 1132 3484 1188 Β,
3516 1124 3692 1177 audite

2073 1230 2269 1269 nomen
2290 1212 2500 1271 Domini
2521 1214 2550 1253 ιι
2573 1232 2591 1271 :
2614 1216 2672 1272 lii
2694 1222 2784 1289 qui
2801 1230 2888 1273 vos
2914 1218 3037 1274 odio
3058 1218 3244 1274 habent
3262 1229 3309 1273 et
3335 1226 3685 1285 exsecrantur,

1614 1333 1995 1392 LECTIONES
2030 1332 2456 1391 VARIANTES.

428 1437 456 1466 ι
489 1434 546 1484 In
570 1447 663 1483 ms.
690 1432 745 1481 P.
771 1433 824 1481 S.
847 1429 1141 1481 innocentes.

423 1494 454 1532 ι)
492 1496 549 1545 ln
574 1508 663 1545 ms.
685 1494 739 1543 S.
761 1493 817 1557 (ξ.
846 1491 1001 1557 prior.

353 1563 362 1607 ι
426 1562 449 1591 ε
489 1558 545 1606 lu
574 1571 662 1606 ms.
690 1557 741 1605 S.
767 1556 825 1606 G.
846 1554 1213 1605 inconsiderate
1235 1565 1332 1603 me.

355 1622 381 1663 ι’
424 1620 453 1659 d
488 1620 544 1669 In
572 1620 716 1668 editis
737 1626 838 1679 post
858 1618 963 1679 huic
982 1618 1149 1679 verba,
1177 1615 1237 1665 ab
1260 1612 1421 1679 Esaia:
1449 1611 1715 1677 Propheta:
1738 1611 1968 1679 pacibus,

358 1684 557 1733 additur
580 1675 877 1743 participium
902 1676 1273 1743 it_tcrepati,‘s_ed
1292 1678 1437 1726 deest
1459 1675 1622 1743 inquis.
1649 1675 1868 1743 S._G._et
1890 1687 1967 1743 re-

356 1738 737 1796 centiori'manu
751 1738 908 1803 supra
932 1738 1115 1791 lineam
1133 1738 1380 1802 adjectum
1404 1745 1484 1787 est
1508 1740 1558 1787 in
1581 1751 1673 1788 ms.
1709 1738 1762 1789 S.
1796 1738 1855 1788 T.
1892 1738 1967 1787 id-

2074 1436 2180 1487 que
2205 1425 2507 1487 superﬁuum
2532 1426 2746 1477 videtur.

2144 1488 2168 1515 θ
2203 1485 2257 1534 In
2283 1499 2371 1535 ms.
2398 1487 2452 1536 Ρ.
2481 1487 2531 1536 S.
2560 1488 2788 1539 orbitate.

2146 1546 2167 1585 ἲ
2204 1546 2263 1610 lu
2286 1561 2375 1596 ms.
2403 1551 2455 1597 S.
2483 1549 2541 1599 G.
2560 1563 2771 1610 possum.

2142 1612 2168 1649 Β
2202 1608 2258 1657 In
2276 1623 2364 1659 ms.
2396 1610 2448 1658 S.
2470 1611 2529 1660 G.
2558 1608 2833 1662 Dominum.

2132 1670 2163 1709 ιι
2196 1670 2250 1720 In
2271 1686 2362 1722 ms.
2398 1672 2611 1724 Verbum
2633 1670 2846 1725 Domini.

1721 1847 2077 1903 VARIORUM
2118 1848 2345 1906 ΝΟΤᾸΞ.

358 1947 437 2003 Ita
494 1944 779 2000 Donatistae
825 1958 1028 2017 manus
1048 1942 1427 2017 imponentes,
1478 1942 1623 2017 quod
1666 1941 1960 1997 velamenti

2068 1947 2155 2017 sui
2175 1942 2621 2017 ﬁdeiuaqopivotg,
2655 1953 2762 2000 etc.
2784 1986 2797 2009 ,
2825 1945 2980 1999 vides
3019 1962 3116 2010 per
3139 1946 3319 2002 omnia
3348 1946 3680 2002 consentire.

357 2017 569 2086 species
594 2025 695 2082 est,
722 2030 883 2081 super
912 2013 1300 2086 ﬁdelesomuis
1326 2013 1576 2086 generis,
1612 2013 1715 2068 hoc
1735 2022 1818 2067 est
1848 2027 1964 2086 pa:-

358 2084 642 2144 n‘itentiam
671 2088 1007 2156 imponentes
1034 2084 1327 2155 episcOpis,
1356 2084 1715 2156 presbyteris,
1748 2085 1965 2138 caeteris

359 2159 610 2224 clericis,
643 2154 924 2223 ﬁdelibus,
960 2158 1141 2225 pueris
1170 2163 1225 2210 et
1262 2154 1676 2222 omnibusquos
1710 2163 1965 2224 poterant

359 2229 753 2284 circumvenire
791 2237 847 2281 et
890 2237 1233 2295 pervertere,
1283 2225 1600 2280 avertebant
1628 2240 1816 2280 eorum
1845 2226 1965 2281 ani-

359 2315 512 2365 mas,
551 2300 844 2369 spoliantes
879 2314 974 2352 eos
1018 2297 1332 2369 innocentia
1368 2297 1819 2369 etﬂdignitatibus
1845 2297 1963 2353 suis

360 2380 476 2427 tum
507 2366 689 2427 coram
722 2370 853 2433 Deo,
888 2379 998 2422 tum
1035 2382 1216 2423 coram
1245 2366 1573 2421 hominibus.
1606 2367 1696 2422 Sic
1722 2377 1962 2422 mentem

362 2456 517 2496 suam
544 2441 769 2508 exponit
792 2439 1040 2509 Optatos,
1069 2440 1162 2509 lib.
1194 2454 1232 2493 tt
1259 2455 1272 2489 :
1307 2435 1424 2509 Hos
1441 2446 1796 2509 actusiuestros
1821 2438 1964 2493 dolet

363 2510 507 2567 Deus
532 2514 586 2567 in
616 2507 882 2566 Ezechiele
913 2508 1200 2579 Propheta,
1245 2524 1363 2571 cum
1384 2507 1511 2579 dicit
1536 2524 1554 2561 :
1584 2508 1677 2563 Vm
1715 2508 1963 2563 iacienti-

362 2583 469 2639 bus
514 2585 795 2645 velamen,
842 2583 937 2635 hoc
988 2577 1060 2635 est
1112 2577 1485 2647 impatientibus
1537 2596 1746 2632 manum
1796 2594 1963 2646 super

362 2669 579 2709 onmem
606 2662 819 2708 aetatem
842 2652 911 2706 ad
932 2651 1249 2706 evertendas
1276 2651 1503 2704 animas.
1538 2649 1810 2704 Invenistis
1836 2667 1960 2717 pue-

361 2742 451 2781 ros
466 2742 485 2790 ;
512 2724 576 2778 de
602 2724 894 2797 poenitentia
920 2723 1208 2797 sauciastis,
1234 2737 1297 2773 ne
1324 2720 1735 2797 aliqui_ordinari
1764 2723 1963 2797 patuis-

364 2789 479 2851 sent
512 2812 530 2850 :
557 2789 931 2867 agnosciteuos
965 2793 1161 2867 animos
1191 2793 1447 2845 euertisse.
1480 2789 1752 2867 Invenistis
1782 2791 1963 2867 ﬁdeles

364 2862 631 2936 antiquos,
667 2866 873 2936 fecistis
924 2864 1220 2936 pgnitentes
1255 2877 1276 2916 :
1326 2862 1586 2936 agnoscite
1632 2862 1964 2936 uos_unimas

363 2932 624 2993 evertisse.
654 2935 930 2990 Invenistis
959 2932 1220 2988 Diaconos
1240 2975 1256 2998 ,
1294 2932 1639 3004 presbyteros,
1665 2933 1930 3004 episc0pos
1947 2974 1961 2998 ,

366 3010 561 3080 fecistis
596 3010 754 3063 laicos
782 3024 802 3062 :
832 3008 1093 3077 agnoscite
1118 3021 1205 3058 vos
1230 3005 1429 3057 animos
1450 3003 1702 3058 evertisse.
1736 3006 1811 3058 Du
1845 3007 1963 3059 Pin.

441 3101 555 3173 (23)
600 3100 711 3155 Nec
749 3098 1122 3173 maledicerent‘
1155 3096 1286 3173 Deo.
1326 3096 1428 3164 Qui
1472 3096 1682 3173 ﬁdelem
1712 3098 1840 3151 olim
1879 3114 1967 3173 re.

364 3168 674 3241 baptiZabat
696 3214 712 3238 ,
744 3179 837 3225 aut
863 3172 952 3241 qui
980 3168 1126 3223 ﬁdeli
1170 3181 1221 3241 et
1244 3170 1524 3241 innocenti
1568 3184 1760 3241 manus
1788 3168 1962 3236 paeni-

365 3239 547 3299 tentia:
572 3239 921 3314 imponebat,
947 3241 1056 3314 Deo
1079 3240 1462 3314 maledicebat,
1496 3240 1619 3314 quia
1648 3239 1700 3293 in
1735 3248 1963 3314 utroque

362 3314 500 3370 olim
528 3310 869 3370 sacramento
898 3311 1096 3365 ﬁebant
1121 3310 1406 3365 exorcismi
1428 3351 1442 3374 ,
1490 3311 1683 3379 quibus
1710 3310 1960 3378 objurga-
1986 3311 2030 3373 C

363 3386 526 3441 batur
549 3395 786 3450 satanas,
815 3394 869 3439 et
892 3383 1200 3449 discedere,
1244 3388 1300 3436 et
1329 3382 1503 3434 locum
1531 3396 1660 3435 vero
1691 3383 1801 3436 Deo
1831 3380 1959 3434 dare

360 3455 649 3527 jubebatur
678 3473 691 3509 :
723 3454 1018 3527 Donatistae
1061 3467 1190 3527 ergo
1228 3453 1296 3527 in_
1326 3452 1635 3527 pte'ititentia
1679 3466 1840 3527 quam
1879 3450 1959 3503 itt-

365 3521 613 3581 sontibus
639 3525 1019 3594 imponebant,
1055 3531 1111 3577 et
1138 3521 1190 3577 in
1222 3521 1675 3594 rebaptizzitione,
1706 3522 1960 3594 Deo_ma-

366 3592 860 3666 ledicebant,quia
898 3594 1277 3666 exorcizabant
1327 3593 1539 3648 ﬁdelem
1583 3595 1632 3645 in
1664 3609 1770 3662 quo
1818 3592 1958 3646 Deus

366 3666 672 3732 habitabat.
700 3663 765 3722 et'
784 3681 908 3722 eum
941 3663 1243 3719 maledictis
1268 3674 1518 3733 tanquam
1556 3673 1800 3720 satauam
1828 3677 1957 3716 one-

366 3738 561 3792 rabant
587 3756 600 3793 :
629 3745 958 3808 quapropter
981 3739 1033 3790 in
1055 3736 1355 3803 Augustino
1376 3734 1626 3808 omnibus
1649 3748 1784 3803 pene
1805 3733 1957 3788 libris

367 3808 620 3876 obiicitur
646 3805 942 3864 Donatistis
961 3847 976 3872 ,
1005 3808 1146 3875 quod
1178 3808 1341 3860 Deum
1368 3846 1381 3869 ,
1407 3818 1497 3858 aut
1524 3805 1796 3876 Christum
1819 3844 1834 3868 ,
1867 3813 1959 3858 aut

367 3875 622 3948 Spiritum
638 3881 870 3948 denique
889 3888 1135 3934 sanctum
1158 3876 1532 3942 exsufﬂareut,
1556 3875 1658 3930 huc
1677 3884 1779 3948 est,
1801 3889 1959 3928 exor-

365 3946 587 4016 cismis,
634 3946 1104 4017 exsufﬂatiouibus
1151 3949 1492 4003 deterrerent
1556 3956 1609 4001 et
1672 3946 1954 4017 fugarent:

367 4019 499 4075 ﬂatu
527 4023 665 4075 enim
708 4031 765 4076 et
807 4016 965 4088 sputo
992 4019 1268 4074 daemones
1298 4020 1425 4073 olun
1452 4035 1481 4073 a
1506 4016 1825 4088 Christianis
1864 4032 1959 4070 ex-

366 4090 736 4146 sulﬁahantur.
775 4087 1142 4146 Tertullianus
1185 4090 1249 4144 ad
1295 4090 1527 4145 Uxorem
1550 4087 1825 4153 secundo,
1872 4097 1958 4142 aut

366 4163 564 4233 aliquid
588 4162 910 4217 immundum
934 4162 1065 4232 flatu
1085 4163 1284 4230 expuis.
1316 4164 1543 4215 ALBASP.

438 4254 556 4327 (ει)
599 4254 713 4310 Nec
749 4255 1108 4327 maledicerent
1141 4251 1270 4327 Deo.
1306 4252 1417 4327 lloc
1446 4252 1605 4327 etiam
1637 4249 1866 4327 habetur
1905 4250 1957 4304 in

365 4320 463 4381 illo
486 4320 783 4381 Eiecltielis
806 4326 926 4381 loco
952 4346 964 4381 :
986 4323 1053 4376 Et
1074 4323 1385 4392 profanastis
1421 4339 1500 4376 me
1519 4323 1571 4375 in
1614 4320 1955 4392 populotetc.

364 4396 659 4452 Prufauare
706 4412 837 4451 -seu
895 4389 1191 4464 prolatiqu
1250 4393 1477 4447 reddere
1518 4389 1622 4447 est'
1659 4389 1959 4445 maledictis

364 4469 660 4534 incessere,
689 4463 1036 4522 inhonorare.
1068 4467 1142 4520 Du
1176 4463 1293 4519 PIN.

441 4560 552 4630 (25)
602 4559 696 4614 Va:
715 4558 1015 4630 facientibus
1045 4559 1292 4630 velamen,
1320 4566 1424 4610 etc.
1449 4554 1523 4610 Ita
1553 4565 1661 4630 tum
1686 4552 1956 4630 legebant,

366 4626 565 4686 Ezecli.
597 4626 725 4694 χιιι,
757 4632 845 4686 18.
890 4628 1213 4697 Hodieruam
1244 4627 1526 4697 Vulgatatu
1573 4626 1620 4681 si
1671 4626 1956 4690 consulas,

365 4702 592 4756 multum
635 4701 854 4757 diﬁ'erre
900 4695 1186 4770 intelliges.
1234 4695 1387 4765 Quod
1419 4697 1639 4770 noutni

364 4774 511 4829 enim
540 4772 905 4829 consentiunt.
937 4766 1125 4840 Major,
1158 4786 1265 4824 non
1298 4770 1399 4824 huc
1428 4768 1642 4837 quidem
1675 4767 1793 4840 loco
1813 4805 1828 4831 ,
1862 4766 1956 4840 sed

363 4851 545 4898 tamen
586 4845 639 4899 in
686 4844 957 4912 plerisque
1001 4835 1172 4911 major
1200 4855 1322 4895 cum
1354 4835 1844 4912 Graecaseniorum
1876 4835 1959 4912 (ut

361 4914 483 4969 fere
510 4917 560 4968 in
591 4908 847 4984 ejusdem,
870 4908 969 4967 aut
1006 4908 1225 4981 majoris
1260 4911 1593 4984 antiquitatis
1619 4908 1834 4977 scriptis
1857 4908 1953 4984 pb-

358 4983 575 5057 serves)
619 4976 1017 5057 convenientia.
1066 4976 1329 5057 Exempli
1367 4976 1526 5035 causa
1581 4996 1702 5057 mox
1739 4976 1955 5057 profert

362 5049 592 5125 Optattis
617 5073 683 5111 ex
712 5055 847 5110 Isaia
875 5069 890 5108 :
932 5051 1033 5125 Vos
1057 5055 1144 5123 qui
1171 5049 1355 5106 timetis
1383 5067 1575 5125 nomen
1597 5049 1826 5116 Domini,
1859 5065 1953 5101 au-

362 5121 471 5180 dite
510 5144 694 5182 nomen
721 5125 951 5181 Domini.
990 5121 1174 5192 [liqui
1204 5141 1291 5177 vos
1330 5123 1449 5176 adio
1488 5121 1693 5185 habent,
1738 5129 1786 5174 et
1832 5135 1951 5192 exe}

361 5209 591 5259 arantur.
623 5208 670 5252 et
699 5199 882 5252 nolunt
903 5212 956 5250 se
985 5190 1301 5266 dici'fratres
1325 5202 1544 5266 nostros,
1574 5208 1661 5245 vos
1689 5200 1854 5266 tamen
1882 5190 1955 5243 eis

362 5269 554 5335 dicite,
579 5258 791 5323 Fratres
832 5267 991 5321 nostri
1030 5258 1169 5321 estis.
1223 5265 1357 5319 Male
1402 5258 1667 5335 ablegant
1689 5258 1955 5335 editiones

362 5328 575 5410 priores
604 5340 671 5393 ad
700 5338 848 5410 Isaia;
870 5353 976 5403 ιιι,
1005 5348 1089 5392 est
1119 5337 1262 5391 enim
1294 5335 1444 5410 Isaia;
1466 5328 1693 5410 αἶψεί.
1716 5330 1794 5410 lbi
1825 5328 1953 5410 Vul-l

360 5399 485 5479 gata
530 5410 690 5479 plane
718 5413 767 5463 in
796 5399 971 5479 aliain?
996 5415 1232 5465 mentem
1257 5422 1270 5458 :
1300 5403 1487 5479 Audite
1523 5403 1726 5479 uerbum
1749 5399 1958 5479 Domini

361 5472 453 5549 qui
492 5472 708 5534 tremitis
749 5479 816 5532 ad
857 5478 1059 5533 verbum
1103 5480 1234 5549 ejus.
1286 5477 1537 5529 Dixerunt
1585 5476 1770 5545 fratres
1791 5472 1957 5549 [rastri

362 5540 702 5622 odientes‘vos
729 5559 775 5603 et
802 5551 1103 5622 objicientes‘
1122 5540 1328 5622 propter
1346 5562 1528 5622 nomen
1559 5540 1750 5608 meum,
1782 5540 1955 5596 Glori-

363 5622 548 5690 ficetur
594 5618 935 5674 Dominus'et
974 5619 1256 5690 videbimus
1298 5620 1349 5669 in
1397 5618 1574 5690 ltetitta
1619 5624 1809 5690 uestra,
1850 5625 1958 5690 etc.

362 5686 543 5766 Dranci
568 5701 768 5766 autem,
798 5690 1055 5766 ἀκο-ἇσᾳτς
1075 5688 1282 5765 ῥήματα
1306 5691 1488 5766 Κυρίου
1518 5688 1563 5741 oi
1586 5688 1849 5766 τρέμοντες
1878 5686 1962 5766 seu

363 5761 509 5835 ὶὸγον
521 5766 698 5835 αὐτοῦ,
713 5763 885 5823 εἴπατε
908 5764 960 5827 ’Δ
971 5762 1000 5821 δ
1012 5784 1032 5819 ε
1044 5758 1181 5834 λ’φόὶ
1208 5764 1238 5819 ἡ
1250 5758 1394 5833 μῶή
1410 5766 1522 5822 τοῖς
1533 5758 1776 5830 uidebam
1799 5758 1958 5828 ὑμᾶς,

2074 2012 2207 2067 Nam
2251 2017 2351 2089 ista
2382 2012 2441 2069 in"
2466 2016 2663 2089 Optato
2686 2058 2700 2080 ,
2734 2026 2782 2071 et
2818 2018 3003 2071 nolunt
3026 2034 3084 2089 se
3110 2019 3211 2071 dici
3240 2021 3429 2089 fratres
3457 2026 3681 2089 nostros,

2069 2085 2287 2158 suntrab
2313 2085 2512 2156 Optato
2541 2088 2690 2154 ipso,
2717 2089 2805 2157 qui
2837 2088 3066 2158 prolatis
3093 2104 3162 2144 cx
3204 2085 3485 2155 Scriptura
3521 2088 3682 2142 testi-

2070 2157 2262 2228 moniis
2284 2160 2425 2212 solet
2454 2159 2629 2228 aliqua
2658 2159 2811 2227 quasi
2842 2157 3106 2227 Suppleus
3134 2159 3485 2223 interserere,
3514 2165 3573 2212 ut
3596 2158 3650 2212 di
3667 2188 3682 2203 ο

2069 2224 2329 2300 lucidiora
2357 2229 2466 2283 sint
2503 2224 2623 2297 quae
2666 2224 2873 2300 profert
2900 2224 2922 2284 ε’
2950 2224 3098 2300 stupe
3146 2238 3206 2285 ut
3244 2239 3367 2296 apta
3401 2229 3681 2300 proposito

2070 2297 2374 2369 videantur,
2404 2314 2524 2368 qua}
2554 2314 2742 2366 parum
2784 2297 3326 2369 alioquin'apposita.
3362 2298 3489 2353 Inde
3509 2308 3595 2353 est
3622 2309 3683 2355 et

2070 2368 2201 2423 illud
2247 2380 2451 2435 tamen;
2492 2385 2582 2423 vos
2631 2379 2837 2433 tamen,
2886 2380 2995 2425 etc.
3040 2368 3248 2425 Caetera
3296 2370 3559 2424 verbatim
3609 2387 3680 2425 ex

2068 2437 2288 2501 Graeco,
2323 2441 2420 2493 nisi
2467 2440 2611 2508 quod
2642 2440 2818 2494 audite
2853 2456 3040 2494 nomen
3085 2439 3328 2502 Domini,
3372 2453 3470 2508 pro
3503 2440 3682 2495 att'dite

2067 2511 2271 2565 uerbum
2295 2509 2526 2574 Domini,
2553 2510 2694 2578 quod
2723 2512 3008 2580 irrepsisse
3031 2521 3184 2580 puto.
3211 2511 3416 2565 Eodem
3445 2508 3547 2563 hoc
3568 2518 3683 2563 les-

2069 2581 2293 2635 timonio
2314 2591 2499 2636 contra
2526 2582 2833 2636 Donatistas
2855 2583 3024 2635 utitur
3049 2581 3677 2651 Augustinuspostcoll.

2066 2667 2186 2721 cap.
2223 2661 2524 2721 postremo.
2568 2652 2781 2707 Profert
2807 2662 2863 2707 et
2886 2650 3339 2708 Tertullfcontra
3372 2650 3675 2721 Marcion”

2066 2723 2161 2777 lib.
2190 2740 2263 2787 tv,
2295 2738 2413 2794 cap.
2444 2722 2536 2794 16,
2563 2739 2632 2777 ex
2651 2723 2838 2794 eadem
2861 2723 3215 2794 quaOptatus
3242 2720 3513 2794 versione.
3538 2720 3679 2778 Vide

2066 2803 2121 2849 et
2149 2794 2277 2848 coll.
2311 2791 2500 2848 Carth.
2534 2810 2572 2858 ι,
2602 2808 2723 2863 pag.
2755 2793 2849 2859 64,
2876 2791 3192 2861 ἱιιιᾱθ’‹ιιιίιι
3222 2792 3449 2863 Optalus
3474 2791 3543 2863 de
3572 2805 3677 2863 suo

2063 2865 2322 2932 adiecerit
2366 2864 2567 2933 liquido
2595 2862 3032 2919 constabit.-Hoc
3070 2862 3319 2929 exemplo
3359 2862 3555 2931 poterit
3591 2862 3669 2917 le-

2065 2944 2183 2991 ctor
2209 2936 2404 2989 similia
2433 2936 2539 2989 alia
2568 2935 2682 2989 loca
2703 2976 2717 2998 ,
2747 2937 2790 2990 si
2827 2950 3006 3005 opera:
3038 2933 3177 2993 erit.
3203 2933 3512 3001 expendere
3532 2972 3547 2997 ,
3579 2946 3677 2987 ea-

2064 3006 2298 3072 demque
2321 3007 2385 3059 ad
2412 3005 2728 3060 Heltraicam
2756 3020 2968 3074 quoque
2994 3007 3277 3059 veritatem
3308 3006 3552 3071 exigere,
3582 3013 3675 3059 at-

2064 3091 2169 3145 que
2195 3075 2322 3130 inde
2351 3074 2515 3146 (quod
2555 3078 2606 3128 in
2646 3077 2834 3131 multis
2863 3076 3151 3142 succedet)
3178 3076 3453 3146 varietatis
3479 3087 3674 3146 causas

2065 3144 2269 3200 rimari.
2309 3144 2432 3199 Hinc
2471 3148 2617 3200 enim
2649 3148 2700 3200 in
2731 3148 2829 3201 hac
2854 3155 3001 3200 tanta
3037 3162 3103 3199 ac
3134 3157 3238 3199 tam
3273 3144 3430 3201 beata
3462 3146 3580 3199 luce
3607 3145 3675 3199 il-

2064 3216 2240 3269 larum
2272 3217 2575 3269 litterarum
2607 3217 2893 3272 maluimus
2936 3216 3127 3271 lectori
3172 3216 3519 3285 relinquere,
3565 3216 3672 3273 nisi

2065 3285 2155 3340 ubi
2182 3286 2381 3356 aliquid
2419 3285 2656 3351 incidet,
2698 3287 2839 3357 quod
2867 3286 3088 3356 dignum
3121 3286 3333 3341 vindice
3355 3326 3371 3353 ,
3415 3301 3575 3356 quam
3607 3286 3674 3342 iis

2064 3357 2363 3420 immorari,
2394 3372 2515 3424 qua:
2538 3358 2783 3426 plerique
2806 3357 3105 3422 fasﬁdiant,
3128 3359 3252 3427 quia
3282 3357 3454 3411 cuivis
3476 3357 3668 3422 obvia;

2062 3435 2118 3481 et
2142 3428 2269 3499 quia
2300 3427 2467 3481 multa
2487 3467 2502 3488 ,
2536 3430 2635 3499 has
2665 3439 2877 3482 nostras
2905 3428 3122 3499 notitias
3168 3429 3416 3483 instituto
3454 3428 3671 3499 longius

2062 3497 2416 3551 extruderent
2443 3512 2509 3552 ac
2534 3498 2920 3555 diti'underent.
2953 3498 3025 3554 Μ.
3050 3495 3285 3554 ΟΑεΑυιι.

2136 3565 2249 3640 (26)
2289 3567 2375 3621 Vte
2402 3561 2727 3640 facientibus.
2763 3570 2852 3625 Sic
2892 3571 3039 3625 locus
3069 3569 3159 3625 ille
3205 3572 3413 3639 integer
3438 3568 3671 3627 habetur

2061 3640 2201 3715 apud
2231 3639 2383 3707 Sept.
2406 3639 2663 3715 Ezechiel
2694 3640 3001 3715 xm,18set
3025 3641 3266 3715 19_20\'mi
3287 3648 3403 3700 ταῖς
3428 3642 3670 3715 συρραπ-

2059 3711 2278 3787 τούσᾳις
2326 3713 2714 3787 προσζξφάλαιοι
2742 3713 2844 3768 ὑπὸ
2868 3713 3040 3766 πάντα
3084 3713 3283 3787 ἀσχκῶνα
3313 3711 3543 3787 χειρὸς,
3585 3719 3668 3787 καὶ

2059 3778 2336 3855 «modum;
2368 3778 2654 3855 ’ἐπιϐὀλᾳια
2694 3785 2779 3838 ἐπὶ
2812 3787 2986 3855 traiectu
3009 3778 3224 3855 κεφάλήν
3256 3778 3432 3842 nciam}
3470 3783 3666 3848 ἡλικίας

2060 3856 2181 3931 ςτοῦ-
2202 3848 2522 3931 διαστρέφῃς(
2564 3853 2767 3931 ψυχάς.
2811 3853 2864 3907 αἱ
2911 3848 3092 3931 ψυχαὶ
3138 3851 3518 3931 διεστράφησᾳν
3568 3862 3665 3911 τοῦ

2059 3920 2185 4002 λαρῦ
2225 3920 2469 4002 Romani
2717 3920 3120 4002 «mundialium:
3170 3920 3571 4002 Kai's'ﬁ'sérilouy
3597 3948 3661 3998 με

2060 3994 2300 4071 «pot-.163
2328 3993 2448 4047 λαὸν
2473 3993 2983 4071 pangimus-Sparta;
3004 3997 3206 4071 nptOth,
3229 3999 3311 4071 nati
3333 3995 3491 4071 fusura
3510 3993 3663 4071 κλᾴσ-

2060 4061 2233 4133 μᾶτών
2260 4061 2430 4140 ἄρτων
2452 4061 2545 4120 ’ἑοῦ
2576 4061 2870 4140 amentiae-tt
2886 4061 3070 4140 ψυχάς
3101 4066 3165 4140 ᾃς
3200 4064 3431 4140 ρύῖςᾼῖδει
3466 4067 3661 4122 ἀποθακ

2060 4134 2391 4209 attinuerit-o6
2417 4138 2849 4209 περιποιήσασθαι
2864 4134 3057 4207 ψυχὰς
3086 4136 3147 4196 ἃς
3167 4138 3257 4190 οὐκ
3274 4134 3377 4209 ἔδει
3397 4140 3572 4209 ζῆσᾳι,
3609 4140 3661 4193 ἐν

2060 4211 2135 4276 τῷ
2172 4207 2575 4325 ἀποφθέόγεσίθαι
2602 4209 2741 4280 ὑμᾶς
2767 4207 2873 4276 λαῷ
2912 4208 3228 4269 εἰσακούοντι
3265 4207 3464 4277 μάταια
3490 4208 3658 4280 ἀποφ-

2061 4277 2313 4325 θέννιιατα.
2395 4290 2440 4325 αξ
2467 4279 2546 4325 Itts
2572 4293 2689 4325 qua:
2711 4285 2965 4325 eonsuunt
2991 4278 3234 4325 pulvillos
3262 4279 3356 4325 sub
3388 4275 3526 4325 omni
3563 4293 3658 4325 eu-

2061 4275 2313 4347 θέγματοί.
2354 4275 2440 4328 va:
2467 4279 2551 4347 Ius
2572 4275 2689 4345 qua:
2711 4275 2965 4330 consuunt
2990 4278 3234 4346 pulvillos
3262 4275 3356 4330 sub
3388 4275 3526 4329 omni
3563 4275 3658 4330 cu-

2062 4344 2166 4398 bito
2193 4361 2377 4398 manus
2399 4360 2418 4398 :
2445 4355 2491 4399 et
2528 4346 2725 4415 faciunt
2751 4344 3021 4400 ceruicalia
3043 4348 3135 4400 sub
3160 4347 3297 4400 omni
3334 4347 3502 4414 capite
3536 4350 3659 4402 uni-

2061 4430 2220 4469 uersa:
2247 4416 2411 4468 (etatis
2442 4415 2509 4469 ad
2549 4416 2827 4487 capiendas
2869 4418 3070 4483 animus
3104 4433 3122 4471 :
3165 4427 3210 4470 et
3253 4434 3370 4471 cum
3416 4428 3659 4481 caperent

2062 4487 2263 4541 animos
2294 4487 2470 4553 populi
2500 4489 2627 4553 mei,
2656 4488 2977 4555 uiviﬁcabant
3004 4489 3203 4541 animos
3229 4504 3424 4541 eorum.
3457 4487 3522 4540 Et
3549 4489 3660 4541 uio-

2063 4557 2239 4611 labant
2263 4572 2341 4609 me
2367 4557 2433 4608 ad
2463 4559 2710 4628 populum
2736 4573 2927 4622 meum,
2954 4570 3159 4628 prapter
3180 4559 3433 4629 pugillum
3453 4557 3654 4625 hordei,

2064 4638 2111 4681 et
2141 4632 2373 4700 fragmen
2394 4630 2565 4695 panis,
2594 4637 2649 4683 ut
2676 4630 3017 4697 interficerent
3038 4632 3257 4692 animos,
3288 4644 3402 4697 quae
3426 4644 3529 4681 non
3548 4644 3658 4682 mo-

1234 4688 1387 4765 ρυοῐι
1419 4713 1549 4769 ιιοιι
1572 4697 1763 4769 mirum
1793 4710 1806 4748 :
1836 4688 1959 4769 raro
1986 4688 2040 4747 D
2063 4688 2290 4764 riu'nttir,
2321 4707 2370 4752 et
2394 4688 2715 4769 uiuiﬁcarent
2748 4688 2979 4758 animus.
3008 4714 3124 4766 quin
3153 4688 3254 4752 non
3282 4688 3487 4763 uiuunt,
3515 4713 3658 4754 men-

2060 4770 2241 4838 tientes
2286 4771 2477 4838 populo
2522 4788 2632 4826 meo
2673 4769 2898 4825 credenti
2925 4769 3226 4823 mendaciis.
3276 4769 3430 4834 Quod
3472 4778 3658 4825 noster

2058 4837 2328 4908 Interpres
2370 4842 2531 4895 vertit
2580 4839 2889 4907 Cervicalia,
2916 4839 3058 4895 Hel).
3090 4845 3342 4903 nmina,
3378 4840 3439 4893 D.
3478 4838 3542 4893 K.
3579 4840 3658 4895 ait

2058 4923 2180 4982 esse
2218 4910 2472 4982 uelamina
2509 4913 2690 4981 quibus
2719 4913 2954 4966 mulieres
2989 4911 3174 4982 facient
3209 4925 3358 4982 suam
3398 4910 3653 4982 uelabant.

2058 4977 2173 5032 Vox
2206 4979 2392 5052 Graeca
2435 4977 2727 5052 amcam,
2754 4977 3033 5037 amiculum
3063 4981 3358 5052 generatim
3388 4980 3657 5049 signiﬁcat

2057 5061 2149 5103 aut
2173 5050 2437 5105 velamen.
2465 5051 2570 5108 Sed
2592 5056 2874 5127 stragulum
2898 5052 3021 5106 Tori
3042 5050 3181 5119 apud
3203 5051 3488 5127 Galerium.
3512 5052 3655 5127 quod

2058 5130 2275 5194 secutus
2299 5129 2384 5175 est
2414 5134 2601 5178 noster
2624 5121 2909 5194 interpres,
2961 5135 3205 5193 tempore
3233 5121 3416 5194 Optati
3442 5121 3657 5193 legeba-

2059 5197 2167 5255 tur,
2198 5193 2452 5246 uelamen.
2491 5195 2565 5249 Du
2596 5195 2711 5250 Pus.
2769 5193 2781 5221 ³

2132 5260 2246 5333 (27)
2278 5262 2515 5336 Spiritus
2541 5275 2750 5319 sanctus
2774 5278 2870 5336 per
2891 5261 3101 5336 Esaiam
3127 5264 3436 5336 prophetam,
3448 5265 3619 5336 dicens
3636 5280 3657 5319 :

2066 5331 2179 5405 vos
2200 5333 2287 5402 qui
2316 5335 2518 5395 timetis.
2535 5347 2640 5391 etc.
2666 5336 2745 5391 lta
2771 5331 2858 5389 hic
2880 5337 3029 5392 locus
3053 5331 3280 5404 habetur
3300 5333 3440 5405 apud
3464 5334 3657 5390 Isaiam

2061 5403 2115 5457 in
2143 5402 2333 5458 Graeco
2378 5415 2437 5459 ut
2464 5409 2661 5463 citatur
2686 5408 2754 5461 ab
2794 5405 3007 5477 Optato.
3047 5402 3303 5478 Vulgatus
3334 5402 3531 5460 'noster
3571 5408 3655 5461 in-

2061 5481 2271 5544 terpres
2292 5517 2306 5541 ,
2345 5477 2433 5546 qui
2470 5492 2592 5532 cum
2622 5476 2857 5533 Hebraeo
2896 5476 3164 5543 concinit,
3191 5476 3404 5546 diverso
3435 5490 3656 5544 prorsus

2061 5558 2222 5619 sensu
2249 5544 2375 5617 legit
2402 5566 2415 5601 :
2447 5548 2633 5604 Audite
2652 5549 2859 5604 verbum
2882 5549 3094 5604 Domini
3114 5549 3201 5619 qui
3221 5544 3431 5600 tremitis
3452 5547 3521 5597 ad
3547 5561 3657 5619 ver-

2066 5615 2181 5694 bum
2210 5615 2324 5685 ejus
2348 5634 2367 5672 :
2393 5620 2633 5675 dixerunt
2673 5626 2859 5693 fratres
2894 5620 3043 5694 vestri
3072 5615 3297 5694 odientes
3326 5629 3411 5693 υοξ
3448 5625 3495 5666 ει
3523 5615 3657 5686 abji-

2067 5684 2250 5759 eiente_s
2279 5701 2485 5759 propter
2527 5684 2708 5746 nomen
2734 5708 2920 5746 meum.
2964 5690 3108 5743 Idem
3138 5684 3501 5759 testimonium
3533 5684 3658 5759 pro-

2067 5753 2176 5813 lert
2201 5753 2425 5817 Tertull.
2444 5802 2460 5829 ,
2488 5760 2583 5818 lib.
2613 5777 2692 5832 tv,
2718 5772 2905 5819 contra
2932 5760 3096 5816 Marc.
3116 5796 3132 5825 ,
3163 5772 3213 5813 c.
3250 5754 3337 5818 l6,
3368 5765 3435 5808 ex
3465 5756 3658 5813 eadem
