4206 6170
600 361 709 424 895

1809 364 2057 425 SANCTI
2095 367 2349 429 0PTA1‘I
2390 338 2702 428 iamscort

3795 368 3904 430 896

603 500 726 541 mus
779 482 895 558 (52)
925 501 939 540 :
964 498 1071 541 non
1101 497 1202 556 pro
1227 481 1382 540 vobis
1422 483 1512 556 qui
1542 481 1808 555 baptisma
1829 524 1844 550 ,
1877 481 1990 554 (55)
2023 484 2074 539 in
2104 499 2200 539 cu-
2228 491 2277 549 Α
2309 495 2360 542 te
2391 488 2532 542 dicta
2584 496 2709 542 sunt
2748 485 2980 559 singula.
3026 485 3105 542 Tu
3146 486 3288 543 enim
3332 486 3506 555 primo
3557 484 3675 543 loco
3715 487 3900 544 dixisti

596 576 687 650 jus
713 578 946 648 imagine
1003 586 1031 616 ⁸
1081 589 1207 633 sunt
1247 577 1337 633 illa
1368 575 1476 632 duo
1506 577 1620 649 (54)
1649 577 1941 641 audaciter,
1974 587 2022 630 et
2055 576 2197 647 quod

601 677 786 724 contra
833 670 980 740 leges
1017 669 1044 708 ι)
1094 679 1180 727 eSt
1230 671 1434 725 iteratis
1488 687 1502 727 :
1561 668 1674 741 (55)
1725 670 1970 740 quamvis
2011 679 2063 725 et
2104 683 2199 723 vos

603 760 701 831 ipsi
731 775 838 816 non
870 763 1100 833 negetis,
1126 763 1250 832 quia
1284 778 1389 817 non
1429 762 1591 818 debet
1617 763 1825 828 iterari,
1858 763 1999 834 quod
2028 764 2199 819 semel

596 853 809 922 jussum
858 861 942 908 est
996 855 1132 910 ﬁeri.
1167 855 1273 911 Sed
1317 855 1443 909 dum
1489 863 1544 909 tu
1587 867 1608 893 ο
1641 855 1912 910 subtiliter
1938 855 2197 921 laudasti,

597 945 741 1015 quod
770 947 918 1000 omni
951 945 1124 1001 laudis
1158 948 1433 1017 praeconio
1462 947 1679 1016 dignum
1705 956 1788 1003 est
1812 989 1826 1014 ,
1860 947 1975 1019 (56)
2006 948 2202 1002 callide

599 1045 838 1093 vestram
867 1039 1197 1108 supposuisti
1228 1055 1534 1110 personam,
1569 1051 1626 1093 ut
1651 1041 1827 1110 quasi,
1880 1040 2001 1107 qnizi
2034 1041 2201 1095 semel

599 1127 746 1196 licet,
778 1129 934 1184 vobis
960 1131 1118 1186 liceat
1139 1129 1278 1201 (57),
1309 1132 1428 1186 aliis
1457 1132 1773 1202 denegetur.
1807 1131 1924 1205 (58)
1955 1133 2008 1187 Si
2039 1133 2204 1188 tradi-

601 1221 811 1276 toribus
860 1238 967 1277 non
1027 1224 1172 1289 licet,
1233 1225 1387 1280 vobis
1445 1225 1609 1280 licere
1668 1241 1774 1279 non
1817 1225 2020 1294 debuit,
2071 1241 2204 1295 quo-

602 1329 720 1368 rum
750 1313 868 1386 (59)
922 1316 1191 1386 principes
1240 1320 1529 1388 probamus
1573 1316 1740 1373 fuisse
1789 1319 2098 1374 traditorcs.
2147 1319 2204 1375 Si

602 1408 964 1464 schismaticis
1012 1425 1118 1465 non
1148 1411 1295 1477 licet,
1328 1411 1553 1482 adaeque
1583 1412 1737 1467 vobis
1766 1413 1931 1467 licere
1972 1427 2079 1466 non
2111 1412 2204 1467 de-

603 1500 742 1566 ltuit,
775 1502 915 1572 apud
944 1518 1079 1573 quos
1109 1503 1226 1573 (60)
1275 1504 1427 1573 origo
1456 1503 1764 1559 schismatis
1809 1503 2100 1559 invenitur.
2147 1503 2204 1560 Si
2259 1554 2270 1560 .

605 1592 982 1660 peccatoribus
1010 1607 1117 1646 non
1142 1592 1286 1657 licet,
1310 1594 1474 1648 etiam
1501 1604 1811 1660 peccatores
1832 1609 1928 1649 vos
1951 1608 2072 1649 esse
2095 1604 2206 1648 tes-

607 1686 833 1740 timonio
869 1684 1053 1740 divino
1083 1686 1476 1740 convincimus.
1529 1685 1598 1740 Et
1644 1696 1821 1742 tamen
1870 1687 1998 1756 quia
2037 1685 2204 1740 semel

605 1779 752 1845 licet,
783 1795 891 1835 non
916 1794 1012 1850 per
1033 1780 1264 1835 electum
1296 1779 1593 1846 hominem,
1624 1780 1719 1834 sed
1752 1795 1846 1848 per
1867 1779 2007 1849 quod
2036 1778 2204 1833 semel

2303 579 2737 649 eoiuparatioues
2759 579 3054 648 laudesque
3086 579 3422 649 baptismatis
3440 622 3453 644 ,
3479 589 3533 634 et
3559 590 3756 648 prmler
3780 595 3901 636 car-

2305 686 2425 726 nem
2450 671 2648 725 Christi
2681 660 2788 726 a‘tc
2813 672 2952 726 male
2981 679 3282 737 tractatam,
3307 681 3503 727 ca:tera
3532 673 3670 729 bene
3696 673 3898 729 dixisti:

2304 763 2407 819 hoc
2434 764 2576 818 enim
2604 764 2770 833 magis
2800 779 2896 832 pro
2921 763 3074 818 nobis
3101 773 3151 818 te
3179 763 3403 826 dixisse,
3434 781 3535 819 suo
3561 767 3683 820 loco
3715 780 3902 820 mons-

2308 854 2556 908 trabitur.
2596 853 2846 909 Secundo
2895 863 3072 908 autem
3122 855 3270 919 loco,
3319 855 3554 909 exclusis
3599 855 3905 923 hzrretieis,

2307 962 2466 1001 unam
2497 947 2674 1001 dixisti
2698 961 2820 1001 esse
2845 946 3146 1001 Ect-lesiam
3171 963 3186 1000 :
3208 945 3299 1000 sed
3323 961 3467 1011 eam,
3492 946 3580 1001 ubi
3604 947 3696 1012 sit,
3723 963 3912 1017 agnos-

2307 1057 2432 1097 cere
2459 1040 2698 1094 noluisti.
2726 1039 2909 1094 Tertio
2937 1040 3076 1102 loco,
3103 1037 3388 1093 tradilores
3413 1037 3530 1110 (65)
3559 1039 3722 1093 nullis
3742 1039 3913 1094 certis

2307 1133 2552 1205 personis
2590 1141 2682 1187 aut
2713 1132 3021 1186 nominibus
3046 1132 3327 1186 accusaSti.
3361 1130 3566 1198 Quarto
3591 1146 3620 1186 a
3645 1141 3696 1186 te
3726 1133 3916 1186 unita-

2309 1228 2377 1280 tis
2420 1225 2638 1281 lacerati
2668 1232 2795 1278 sunt
2835 1223 3067 1293 operarii
3110 1221 3249 1293 (64).
3294 1222 3524 1290 Quinto,
3578 1233 3636 1277 ut
3685 1223 3914 1278 minima

2307 1319 2717 1392 prietermittam
2760 1316 2814 1385 ά,
2858 1316 3043 1372 dixisti
3099 1315 3212 1387 (65)
3250 1315 3319 1370 de
3368 1315 3492 1371 oleo
3541 1324 3598 1372 et
3642 1315 3920 1373 sacriﬁcio

2309 1409 2633 1480 peccatoris.

2383 1501 2494 1557 VII.
2523 1501 2719 1555 Divisio
2751 1501 2920 1570 Operis
2969 1481 3144 1573 hujus,
3194 1507 3241 1553 et
3289 1498 3614 1569 singulorum
3663 1498 3923 1552 librorum

2311 1595 2645 1667 Argumenta.
2674 1622 2746 1633 ——
2774 1591 2881 1646 Sed
2915 1590 3044 1644 mihi
3085 1591 3300 1644 videtur
3327 1589 3502 1659 primo
3531 1588 3650 1643 loco
3684 1588 3922 1642 tradito-

2309 1701 2430 1741 ruin
2476 1694 2530 1738 et
2556 1683 3025 1738 scliisniaticorum
3060 1680 3179 1750 (66)
3209 1679 3523 1733 indicandas
3571 1693 3695 1733 esse
3722 1678 3920 1733 civita-

2314 1787 2416 1841 tes,
2451 1790 2707 1846 personas
2734 1817 2746 1838 ,
2784 1783 2838 1828 et
2867 1773 3085 1827 nomina
3119 1780 3214 1825 :ut
3249 1787 3369 1842 qua:
3413 1787 3442 1824 a
3471 1779 3521 1824 te
3563 1769 3632 1825 de
3661 1769 3726 1824 iis
3773 1769 3926 1826 dicta

607 1871 734 1927 licet
767 1891 777 1925 :
826 1872 952 1927 ideo
994 1883 1117 1942 post
1147 1887 1243 1926 vos
1285 1872 1404 1945 (61)
1455 1887 1559 1927 non
1588 1872 1960 1939 emendamus,
1993 1873 2116 1942 quia
2147 1880 2205 1926 et
2236 1873 2283 1933 B
2312 1877 2456 1935 sunt,
2487 1882 2645 1922 veros
2671 1876 2921 1922 auctores
2951 1877 3006 1920 et
3040 1873 3216 1920 certos
3259 1879 3384 1918 reos
3434 1878 3561 1917 suos
3587 1873 3919 1934 agnoscant.

606 1965 747 2034 apud
786 1980 887 2020 nos
916 1973 970 2020 et
998 1965 1138 2035 apud
1170 1980 1287 2031 vos,
1317 1981 1482 2018 unum
1511 1975 1593 2019 est
1623 1964 1737 2036 (62)
1769 1973 2165 2020 sacramentum
2194 1981 2206 2016 :

607 2055 762 2126 cujus
793 2056 1116 2111 sacramenti
1166 2057 1337 2124 ratio,
1389 2067 1496 2112 tota
1543 2058 1732 2128 quinto
1765 2057 1902 2112 libro
1947 2067 2214 2112 monstra-

611 2149 776 2205 bitur.

683 2241 734 2310 7
759 2241 848 2296 Vl.
873 2242 1188 2312 Argumenta
1213 2241 1457 2296 librorum
1483 2241 1832 2298 Parmeuiani.
1853 2273 1924 2282 —
1942 2242 1989 2298 A
2021 2251 2072 2296 te
2095 2242 2214 2312 qui-

611 2331 761 2399 dem,
798 2332 966 2388 frater
995 2333 1386 2397 Parmeniaue,
1430 2334 1597 2390 multa
1636 2346 1858 2390 tractata
1925 2344 2070 2389 sunt.
2105 2334 2212 2389 Sed

613 2424 772 2482 video
799 2425 931 2482 mihi
962 2440 1067 2481 non
1092 2440 1158 2482 eo
1189 2440 1310 2483 esse
1339 2426 1774 2498 respondendum
1803 2427 2017 2493 ordine,
2049 2443 2155 2496 quo
2183 2443 2212 2480 a

2321 1960 2523 2016 Deinde
2551 1960 2680 2014 mihi
2709 1958 2993 2014 dicendum
3021 1967 3125 2016 est.
3156 1971 3297 2026 quas,
3326 1955 3410 2010 vel
3441 1955 3527 2009 ubi
3572 1956 3640 2009 sit
3683 1954 3928 2026 unaﬁc—

2320 2054 2508 2120 etesia,
2542 2066 2663 2123 quae
2687 2059 2767 2106 est
2800 2069 2812 2104 :
2844 2051 2968 2120 quia
3003 2058 3198 2118 prmter
3241 2051 3402 2101 unam
3449 2046 3619 2100 altera
3663 2061 3699 2099 n
3723 2062 3773 2100 vn
3813 2055 3923 2100 est.

2321 2147 2525 2211 Tertio,
2560 2160 2588 2198 a
2616 2144 2770 2198 nobis
2802 2143 3026 2198 militem
3057 2156 3160 2194 non
3189 2155 3312 2195 esse
3345 2138 3592 2208 petitum,
3621 2137 3780 2211 etgad
3821 2151 3927 2194 nos

2323 2256 2428 2295 non
2457 2209 2750 2307 pertinere,
2777 2234 2917 2305 quod
2943 2233 3059 2306 (67)
3091 2233 3158 2286 ab
3188 2229 3451 2302 operariis
3481 2209 3701 2282 unitatis
3721 2227 3928 2282 dicitur

2320 2348 2442 2387 esse
2472 2330 2844 2386 commissum.
2875 2327 3080 2395 Quarto
3110 2326 3251 2389 loco,
3281 2323 3370 2392 qui
3404 2322 3475 2376 sit
3503 2331 3776 2392 peccator,
3817 2333 3926 2374 cu-

2317 2425 2406 2498 jus
2450 2423 2772 2479 sacrilicium
2809 2417 3056 2490 repudiat
3087 2416 3258 2482 Deus,
3286 2413 3374 2470 vel
3404 2412 3558 2484 cujus
3590 2411 3706 2481 (68)
3736 2410 3924 2466 oleum

1824 2562 2204 2618 LECTIONES
2241 2560 2659 2618 VARIANTES.

653 2681 705 2752 .0
741 2679 798 2728 In
841 2693 931 2730 ms.
975 2679 1028 2729 S.
1070 2681 1132 2732 G.
1172 2677 1450 2746 imaginem.
1496 2680 1553 2732 In
1576 2681 1684 2732 aliis
1727 2681 1850 2731 etin
1886 2681 2051 2740 editis,
2093 2678 2217 2730 inta-

613 2755 745 2808 gme.

679 2802 708 2842 ι)
741 2803 798 2854 In
821 2817 914 2856 ms.
937 2804 990 2854 S.
1016 2804 1074 2857 G.
1097 2805 1267 2871 legem.

2383 2679 2405 2749 αξ
2446 2677 2589 2749 Itaiu
2610 2687 2726 2724 mss.
2752 2672 2805 2723 S.
2828 2670 2887 2722 G.
2915 2678 2967 2720 et
2986 2671 3042 2719 P.
3065 2671 3118 2720 S.
3139 2669 3197 2718 In
3213 2680 3303 2717 ms.
3329 2669 3385 2718 S.
3405 2667 3466 2719 T.
3487 2669 3748 2730 omittitur,
3777 2672 3854 2729 tu,
3875 2673 3929 2717 ut

2322 2740 2685 2850 et(Itali?
2710 2797 2768 2848 G.
2795 2803 2847 2848 ut
2866 2794 3046 2846 minuta
3069 2793 3270 2858 mittam,
3291 2791 3424 2842 idem
3441 2804 3634 2842 sensus-

1981 2909 2342 2966 VARlORUM
2382 2908 2610 2965 NOTAE.

623 3003 787 3060 matis
817 3005 872 3057 in
902 3003 1122 3070 nomine
1149 3003 1426 3060 Trinitatis
1466 3004 1845 3060 administrati.
1876 3004 1989 3058 Non
2025 3003 2214 3057 imme-

620 3077 724 3132 rito
753 3083 932 3130 tamen
965 3077 1268 3145 suspicetur
1308 3076 1500 3144 aliquis
1522 3119 1536 3142 ,
1567 3075 1817 3146 Optatum
1851 3075 1937 3130 hic
1974 3090 2066 3142 per
2098 3074 2216 3127 Tri-

622 3147 844 3201 nitatem
865 3145 1200 3215 baptismatis
1225 3147 1393 3202 trinas
1414 3147 1534 3201 illas
1559 3145 1855 3201 ntersiones
1879 3147 2180 3212 intelligere
2199 3185 2213 3207 ,

621 3233 756 3285 quas
769 3218 1136 3286 apostolorum
1157 3219 1230 3271 uti
1245 3228 1444 3298 vocant
1459 3258 1474 3283 ,
1491 3233 1588 3298 can
1599 3259 1611 3272 .
1631 3218 1723 3284 50,
1738 3219 1856 3291 τρία
1867 3218 2216 3298 βαπςςᾴσματα

623 3299 931 3356 nuncupat,
962 3299 1016 3343 et
1057 3287 1354 3343 secundum
1388 3289 1647 3358 baptisma
1673 3330 1687 3350 ,
1733 3287 2214 3358 autfintelligiaut

623 3361 832 3412 restitui
863 3359 1060 3413 debere
1087 3360 1139 3413 in
1175 3361 1315 3414 hunc
1336 3357 1552 3414 modum
1575 3401 1591 3424 ,
1619 3360 1705 3428 qui
1733 3359 1786 3411 in
1816 3357 2062 3411 Triuitate
2091 3357 2216 3426 bap-

540 3454 550 3465 ο
625 3430 845 3482 tismatis
865 3471 880 3493 ,
906 3431 1048 3498 ejus,
1077 3432 1191 3485 sive
1218 3431 1536 3498 baptismatis
1559 3471 1572 3495 ,
1603 3431 1841 3483 unionem
1873 3429 2214 3495 defendimus.

627 3498 869 3554 Priorem
896 3509 1074 3553 tamen
1107 3501 1601 3568 interpretationem
1633 3501 1804 3568 magis
1826 3501 2024 3566 probo,
2050 3513 2219 3567 quan-

627 3568 698 3622 do
725 3578 780 3623 et
817 3570 907 3624 alii
958 3569 1030 3622 ita
1067 3567 1281 3638 quoque
1313 3570 1602 3636 loquuntur
1628 3611 1641 3632 ,
1674 3571 1728 3621 in
1761 3567 2007 3621 Trinitate
2044 3569 2217 3636 bapti-

627 3652 772 3702 zare,
802 3643 912 3696 ἀντὶ
934 3646 1025 3695 τοῦ
1055 3641 1109 3693 in
1131 3641 1339 3693 nomine
1371 3639 1658 3694 Trinitatis.
1691 3640 1918 3706 Optatus
1941 3639 2055 3708 ipse
2089 3640 2120 3692 I.
2161 3654 2212 3703 v,

629 3710 882 3792 baptisma
906 3709 1594 3792 gfiristiartoram.Trinitate
1620 3712 1938 3792 confectum3
1964 3723 2069 3764 etc.
2089 3751 2103 3771 .
2128 3724 2221 3766 eo-

631 3780 752 3852 dem
781 3783 873 3836 lib.
905 3780 1071 3835 Nemo
1101 3781 1272 3835 adhuc
1301 3782 1486 3835 tinctus
1514 3787 1680 3852 fuerat
1707 3779 1758 3834 in
1787 3779 2058 3848 Trinitate,
2077 3790 2181 3836 etc.
2202 3822 2218 3850 ,

630 3865 695 3904 ac
722 3851 976 3920 deinceps
997 3853 1216 3920 saepius.
1243 3851 1312 3905 M.
1345 3853 1574 3908 CASAUB.

702 3920 817 3992 (52)
860 3922 962 3989 Qui
1000 3923 1055 3976 in
1097 3921 1141 3976 Τ
1147 3924 1346 3976 rinitate
1381 3923 1716 3990 Baptismatis
1771 3923 2009 3976 unionem
2040 3923 2221 3992 defen-

631 3992 823 4047 dimus.
865 3994 966 4059 Qui
1020 3993 1346 4063 baptismum
1399 3995 1648 4050 invocato
1679 3993 1958 4048 Trinitatis
2006 3994 2223 4048 nomine

631 4063 890 4119 collatum
921 4078 1084 4119 unum
1110 4078 1232 4120 esse
1255 4063 1592 4121 defendimus
1611 4108 1627 4134 ,
1663 4081 1762 4120 nec
1791 4065 1974 4117 iterari
2001 4063 2222 4119 debere.

1703 4137 1934 4191 ALBASP.

701 4204 825 4277 (55)
866 4203 931 4259 In
958 4209 1124 4279 icujus
1174 4207 1427 4279 imagine.)
1472 4207 1741 4261 Diluvium
1787 4216 1842 4261 et
1883 4204 2226 4260 circumcisio

631 4287 787 4332 erant
813 4278 1072 4346 imagines
1101 4279 1375 4346 baptismi.
1405 4278 1637 4334 ALBASP.

706 4348 821 4419 (54)
862 4348 930 4401 1η
977 4349 1125 4416 cuius
1151 4349 1373 4419 imagine
1415 4361 1532 4403 sunt
1571 4349 1665 4403 illa
1709 4349 1831 4401 duo.
1865 4347 2132 4402 Diluvium
2173 4356 2229 4402 et

633 4418 980 4474 circumcisio
1009 4419 1192 4488 ﬁgura:
1222 4418 1472 4487 baptismi
1527 4437 1540 4473 :
1601 4428 1656 4473 et
1680 4419 1820 4474 sicut
1848 4435 2014 4473 unum
2044 4418 2228 4472 estdi-

636 4489 839 4544 luvium
861 4530 874 4552 ,
909 4505 1008 4544 nec
1031 4491 1260 4544 iteratur
1279 4492 1652 4556 circumcisio,
1687 4492 1755 4542 ita
1790 4505 1955 4544 unum
1983 4500 2072 4545 est
2097 4490 2228 4558 bap-

636 4560 815 4626 tisma,
839 4561 980 4630 quod
1004 4560 1172 4616 semel
1197 4561 1621 4615 administratur.
1651 4561 1725 4614 Du
1750 4561 1865 4614 PIN.
2094 4603 2107 4630 τ

707 4632 824 4701 (55)
859 4629 1106 4698 Quamvis
1136 4641 1182 4685 et
1227 4649 1313 4685 vos
1343 4633 1462 4702 ipsi.
1491 4633 1782 4702 Donatista:
1825 4645 1929 4684 non
1959 4629 2224 4702 docebant

635 4679 1194 4772 basiisaaai‘iisaaa
1203 4679 1469 4766 uni-esse,
1491 4679 2021 4772 signasses;
2039 4679 2223 4772 suis:
2255 4679 2308 4740 D

635 4769 808 4827 doxos
829 4815 844 4839 ,
876 4773 1022 4844 quod
1053 4789 1239 4828 eorum
1290 4774 1443 4839 aquis
1472 4774 1580 4827 vim
1607 4771 1676 4825 ad
1715 4771 1906 4826 sordes
1935 4769 2227 4826 abluendas

636 4845 815 4900 inesse
843 4852 1120 4912 negarent.
1153 4847 1378 4897 Aumsr.

711 4914 830 4986 (56)
860 4915 1057 4986 Calliae
1085 4924 1621 4986 vestratn_personat_tt.
1655 4911 1856 4986 Sensus
1885 4920 1969 4967 est
1991 4929 2009 4986 :7
2033 4911 2136 4986 Per
2163 4926 2225 4986 ea

638 4983 760 5054 qua:
781 4983 848 5039 de
881 4985 1131 5053 baptismi
1157 4983 1402 5036 laudibus
1432 4983 1736 5052 praedicatis
1761 4999 1882 5038 cum
1913 4983 2228 5038 ortliodoxis

637 5055 930 5109 convenire
978 5055 1270 5108 videmini:
1303 5068 1489 5126 verum
1535 5055 1692 5126 longe
1735 5057 1887 5110 aliter
1930 5063 2058 5126 est:
2102 5069 2227 5126 nam

638 5141 762 5196 cum
805 5141 967 5179 unum
1015 5134 1232 5196 tantum
1261 5138 1382 5178 esse
1424 5124 1689 5196 baptisma
1716 5167 1731 5192 ,
1765 5137 1818 5180 et
1849 5124 1989 5196 illud,
2021 5127 2088 5178 ab
2120 5124 2227 5178 illis

639 5195 919 5250 dumtaxat
943 5194 1331 5250 conferendum
1354 5211 1474 5251 esse
1497 5194 1666 5266 penes
1692 5214 1828 5266 quos
1848 5207 1932 5252 est
1955 5195 2193 5250 Ecclesia
2211 5235 2226 5258 ,

638 5266 911 5340 doceatis;
939 5266 1134 5330 tacite.
1163 5276 1217 5340 et
1241 5267 1432 5323 callide
1456 5268 1546 5338 jus
1576 5269 1882 5340 baptizandi
1914 5267 2068 5340 vobis
2099 5266 2231 5340 solis

640 5337 912 5409 adrogatis
935 5379 947 5399 ,
983 5347 1037 5392 et
1068 5339 1221 5409 nobis
1249 5340 1339 5409 qui
1373 5355 1440 5394 ex
1460 5337 1937 5394 vestra'sententia
1964 5379 1977 5399 ,
2009 5338 2099 5404 jus
2126 5337 2231 5392 Ec-

638 5408 820 5464 clesiae
846 5451 863 5479 ,
905 5408 1209 5466 traditionis
1246 5408 1474 5466 crimine
1514 5411 1794 5467 amisimus
1818 5450 1834 5475 ,
1882 5409 2088 5463 tollitis.

1792 5482 2020 5535 ALBasr.

710 5558 826 5631 (57)
861 5558 930 5615 Ut
958 5563 1139 5632 quasi,
1169 5562 1289 5632 quia
1309 5561 1467 5632 semel
1496 5561 1616 5614 licet
1637 5601 1651 5624 ,
1687 5561 1825 5613 vobis
1855 5560 2020 5632 liceat.
2054 5560 2229 5632 Dona-

639 5631 776 5685 tiSIa:
805 5629 1120 5688 asserebant
1161 5629 1406 5698 equidem
1456 5629 1781 5698 baptismum
1828 5629 1994 5685 semel
2043 5631 2226 5686 confe-

635 5703 864 5771 reudum
892 5743 905 5766 ,
937 5702 1032 5756 sed
1076 5703 1336 5766 negabant
1382 5714 1567 5756 verum
1600 5714 1724 5756 esse
1755 5700 1893 5771 apud
1932 5700 2224 5758 catholicos

634 5769 901 5835 baptisma
921 5812 936 5835 ,
969 5771 1130 5838 idque
1159 5781 1329 5825 ratum
1366 5783 1428 5821 ac
1473 5775 1706 5830 validum
1736 5769 1938 5828 tantum
1967 5788 2088 5830 esse
2113 5776 2226 5834 aie-

638 5844 769 5901 baut
785 5879 803 5909 ,
834 5841 979 5913 quod
1007 5856 1040 5896 a
1069 5838 1181 5898 suis
1209 5838 1712 5907 administrabatur.
1743 5845 1816 5903 Du
1844 5847 1955 5901 PIN.

2247 3304 2291 3366 ρ
2330 3284 2526 3338 tizandi
2571 3295 2835 3354 potestate
2875 3296 3062 3337 carere
3091 3283 3157 3334 ab
3207 3280 3396 3335 iisdem

2396 3000 2512 3072 (58)
2569 3001 2630 3055 Si
2687 2999 3041 3054 traditoribus.
3096 2997 3428 3072 _C:rcilianus
3465 3036 3480 3062 ,
3535 2993 3929 3072 Ctecilianique

2322 3067 2664 3126 successores
2705 3083 2759 3126 et
2792 3072 2978 3125 ﬁdeles
3019 3069 3108 3138 qui
3141 3085 3264 3122 ettm
3300 3069 3380 3122 eis
3411 3067 3892 3121 communicarent
3914 3106 3928 3127 ,

2327 3145 2429 3196 hoc
2460 3152 2540 3196 est
2566 3184 2580 3205 ,
2610 3159 2801 3197 omnes
2839 3137 3047 3196 Africa!
3086 3138 3270 3193 ﬁdeles
3298 3181 3312 3204 ,
3345 3139 3650 3192 traditionis
3696 3137 3931 3190 crimine

2325 3229 2352 3266 a
2385 3213 2676 3267 Donatistis
2705 3216 3028 3266 notabantur
3054 3251 3068 3272 ,
3098 3222 3258 3279 atque
3285 3211 3353 3262 ob
3383 3209 3528 3279 hanc
3547 3222 3768 3261 causam
3797 3209 3932 3276 bap-

3448 3278 3928 3333 existimabantur.

3470 3352 3512 3404 Α
3522 3365 3707 3404 LBASP.

2396 3450 2511 3522 (59)
2547 3449 2832 3522 Principes.
2863 3446 3092 3518 Majores
3118 3453 3173 3500 et
3197 3454 3446 3499 auctores
3468 3483 3484 3510 ,
3509 3458 3538 3497 a
3567 3441 3769 3514 quibus
3798 3441 3928 3498 des-

2322 3521 2570 3578 cendisti.
2603 3521 2832 3575 ALBAsP.

2396 3599 2515 3671 (60)
2569 3599 2730 3669 Origo
2786 3595 3112 3653 Schismatis.
3158 3592 3403 3665 Majorini
3461 3590 3760 3647 ordinatio.
3816 3592 3929 3646 At.-

2322 3687 2471 3726 BASP.

2395 3743 2508 3810 (6t)
2553 3740 2674 3794 Non
2703 3737 3052 3810 emendamus,
3085 3736 3204 3791 Non
3223 3735 3648 3810 _rebaptizantus.
3685 3733 3927 3788 ALBasr.

2400 3805 2516 3884 (6:2)
2562 3813 2970 3884 Sacr-omentum.
3004 3808 3179 3884 Unum
3197 3805 3784 3884 _!):t_pli$llla._ALBASP.

2398 3873 2516 3954 (65)
2551 3881 2728 3938 Nullis
2749 3882 2899 3954 certis
2920 3880 3169 3954 personis.
3197 3873 3366 3954 Nullis
3389 3876 3616 3954 testibus
3633 3884 3727 3928 aut
3756 3873 3929 3954 actis:

2325 3943 2417 4009 vel
2434 3943 2640 4010 nullum
2660 3971 2726 4008 cx
2747 3943 3062 4006 orthodoxis
3087 3948 3342 4017 peculiari
3368 3948 3585 4001 nomine
3607 3955 3697 3998 aut
3716 3943 3936 4017 actione

2328 4027 2569 4080 instituta
2590 4066 2604 4090 ,
2644 4024 2946 4078 traditionis
2993 4015 3256 4075 accusatis
3285 4034 3298 4085 ;
3329 4018 3424 4074 sed
3470 4030 3565 4072 eos
3595 4030 3797 4070 omnes
3829 4015 3933 4069 hoc

2327 4099 2552 4152 crimine
2579 4096 2864 4150 damnatis.
2893 4094 3125 4147 ALBASP.

2405 4188 2521 4259 (64)
2555 4188 2791 4259 Operarii
2821 4185 3050 4259 unitatis.
3086 4181 3286 4259 Paulus
3313 4188 3369 4236 et
3398 4179 3686 4259 Macarius.
3721 4178 3828 4259 qui
3861 4190 3939 4257 ex

2331 4248 2930 4316 ma‘ndato'Constantis
2967 4253 3308 4322 Imperatoris
3357 4251 3619 4322 unitatem
3664 4249 3720 4322 in
3754 4248 3941 4322 Africa

2329 4331 2606 4398 fecerant,
2641 4331 2870 4392 hoc‘est,
2905 4327 2996 4398 qui
3035 4318 3342 4398 Donatistas
3388 4322 3454 4376 ad
3499 4319 3812 4376 Ecclesiam
3839 4318 3943 4372 (Ja-

2333 4396 2887 4458 tholicam'adducere
2916 4396 3225 4451 valuerant.
3259 4396 3489 4448 ALBASP.

2407 4495 2526 4566 (65)
2556 4494 2647 4566 De,
2678 4493 2787 4566 oleo
2818 4502 2882 4566 _et
2910 4489 3188 4566 sacrificio.
3221 4485 3277 4540 ln
3304 4485 3388 4543 his
3410 4483 3624 4566 duobus
3645 4495 3944 4566 pene_omf

2334 4553 2424 4620 nis
2464 4553 2750 4620 sacerdotii
2783 4561 2863 4616 vis
2889 4571 2945 4616 et
2983 4553 3226 4628 operatio
3271 4559 3524 4631 consistit
3556 4568 3572 4612 :
3625 4553 3943 4631 per_oleum

2335 4640 2479 4691 enim
2511 4651 2668 4705 paene
2695 4635 2880 4688 omnia
2923 4625 3260 4705 sacramenta
3295 4627 3698 4705 intelliguntur,
3733 4625 3795 4678 in
3823 4625 3947 4693 qui-

2336 4710 2433 4762 bus
2463 4699 2642 4762 oleum
2673 4717 2915 4759 sanetum
2945 4701 3248 4755 adhibetur.
3279 4699 3512 4753 Aunsr.

2406 4797 2520 4871 (66)
2552 4789 2872 4871 Indicamfas
2911 4808 3018 4846 esse
3058 4792 3302 4871 ciuitates.
3350 4784 3714 4871 IndiCandttm
3742 4785 3803 4871 in
3841 4796 3949 4871 qua

2331 4856 2551 4925 civ‘itaie
2577 4867 2892 4923 tradiderint
2909 4878 3094 4918 sacros
3116 4860 3367 4922 (lodices,
3395 4868 3452 4934 ut
3476 4871 3546 4934 ex
3577 4856 3728 4934 illius
3752 4856 3949 4934 civita-

2333 4942 2401 4994 tis
2423 4942 2558 4994 actis
2581 4938 2810 5009 publicis
2835 4935 3178 5009 tuauiiestum
3207 4939 3391 5009 posset
3415 4926 3633 5009 licri,_et
3661 4927 3799 5008 legi,
3829 4926 3949 5009 qui-

2332 5027 2456 5066 nam
2490 4997 2953 5074 Dio'cletiani,’aut
2988 4997 3244 5058 Maxentii
3274 5010 3521 5071 tempore
3559 4997 3666 5052 hoc
3707 4997 3949 5060 crimine

2334 5090 2666 5138 tenerentur.
2702 5082 2932 5134 ALBASP.

2403 5171 2520 5247 (67)
2535 5173 2610 5228 Ab
2632 5170 2884 5247 aperariis
2914 5167 3146 5247 unitatis:
3172 5164 3249 5247 De
3269 5161 3437 5247 Paulo
3455 5169 3517 5247 et
3532 5159 3774 5247 Macario
3795 5171 3946 5247 sem;

2787 5248 2914 5296 sunt
2957 5236 3282 5318 Donatistae,
3322 5223 3945 5318 utlicetvi‘dergajiud

2534 5299 2892 5386 Aitgttgtittum
2912 5326 2926 5375 ;
2949 5305 3487 5386 vermtt_Aiigttstinus
3508 5299 3945 5386 etIOp'tatusi

2339 5370 2540 5460 gabant
2585 5370 2651 5440 ad
2679 5370 3318 5460 Ecclesia'mpertinere,
3359 5376 3421 5460 si;
3434 5371 3572 5460 quid
3620 5370 3946 5460 alienum”:

2342 5439 2646 5516 Eli—ristiana
2689 5457 2951 5509 charitate
2998 5439 3053 5508 in
3100 5449 3193 5504 illa
3231 5439 3577 5517 expeditione
3619 5439 3832 5496 factum
3864 5452 3949 5493 es—

2342 5541 2446 5587 set.
2474 5531 2701 5584 ALnAsr.

2407 5624 2520 5696 (68)
2558 5621 2744 5696 Oleum
2766 5618 3092 5696 fugiendum.
3128 5609 3460 5696 Fugiendum
3503 5615 3951 5696 et.

2331 5689 2458 5751 dum
2503 5689 2590 5747 est
2633 5692 2811 5745 oleum
2848 5689 3225 5743 [hereticorum
3257 5693 3347 5737 aut
3385 5690 3781 5751 peccatorum,
3818 5689 3948 5751 quia

2328 5745 2401 5819 ad
2429 5745 2569 5818 illius
2613 5763 2920 5818 unctionem
2971 5757 3197 5830 gratiam
3232 5745 3565 5810 suam'Deus
3596 5763 3698 5805 non
3747 5745 3948 5801 infun-

2325 5837 2424 5893 dit.
2459 5837 2688 5891 ALDASP.
