4206 6170
521 210 627 273 905
1719 206 1966 264 SANCTI
2004 203 2254 263 OPTATI
2296 205 2613 264 EPISCOPI

3706 210 3816 268 904

516 345 677 401 quem
707 338 732 367 ει
760 328 972 384 illorum
1001 341 1142 393 esse,
1171 325 1238 381 ad
1277 339 1435 396 quem
1466 300 1607 398 (93).
1629 323 1818 379 hortus
1863 324 1955 379 ille
1984 339 2106 394 per-
2137 327 2188 386 Α
2215 324 2268 378 in
2299 338 2393 378 vos
2435 324 2636 381 dixisse
2668 325 3014 392 sententiam,
3060 340 3181 383 cum
3215 326 3586 385 schismaticis
3632 327 3819 385 han-e—

517 424 705 492 tineat,
738 424 790 478 in
832 438 939 493 quo
971 422 1111 477 Deus
1158 419 1480 476 arbusculas
1522 419 1751 488 plantat.
1800 418 1875 474 De
1918 418 2111 488 quibus

516 514 803 581 btereticis,
835 512 1078 582 quamvis
1104 510 1171 566 ad
1200 518 1526 581 praesentem
1558 524 1664 564 non
1693 510 1961 582 pertineat
1983 524 2114 563 cau-

513 623 653 675 sam,
683 606 825 678 quod
848 606 938 661 diu
961 606 1174 662 locutus
1197 620 1280 672 es,
1306 613 1365 660 et
1388 604 1679 661 suffecerat
1705 612 1760 659 et
1778 603 2108 659 abundabat.

513 700 618 757 Sed
650 697 837 765 miror,
865 697 992 770 quid
1025 698 1122 753 tibi
1149 700 1321 753 visum
1348 706 1454 763 est,
1500 697 1663 752 etiam
1708 711 1809 752 vos
1837 696 1986 772 ipsos
2030 695 2110 751 eis

514 793 823 865 adjungere,
855 806 992 862 quos
1018 807 1140 847 esse
1166 791 1544 846 schismaticos
1571 798 1805 855 constat,
1834 788 1952 864 (9i)
1976 790 2106 845 dum

513 884 773 941 Ecclesiae
800 884 957 940 dotes
984 895 1034 940 et
1080 884 1379 949 haereticis,
1405 884 1556 953 ipsis,
1590 892 1645 939 et
1672 883 1824 939 vobis
1848 882 2115 939 schisma-

513 978 633 1033 ticis
656 964 954 1048 denegasfi.
984 977 1176 1032 Dixisti
1219 978 1363 1033 enim
1412 978 1551 1032 inter
1578 986 1775 1033 caetera
1801 1020 1816 1044 ,
1850 977 2113 1033 schisma-

514 1069 649 1125 ticos
672 1068 787 1140 (95)
820 1084 847 1123 a
877 1070 1007 1136 vite,
1033 1069 1177 1139 velut
1204 1076 1478 1125 sarmenta
1505 1085 1626 1125 esse
1652 1071 1902 1124 concisos
1927 1087 1940 1122 :
1991 1069 2112 1124 des-

513 1161 712 1216 tinatos
737 1159 765 1198 ι)
797 1161 992 1247 pretiis,
1027 1169 1279 1228 tanquam
1306 1162 1451 1232 ligna
1482 1161 1655 1226 arida,
1684 1162 1946 1232 geltcnnte
1979 1162 2115 1231 igni-

510 1253 613 1310 bus
640 1253 930 1311 reservari.
950 1283 955 1288 “
973 1253 1083 1309 Sed
1109 1254 1266 1309 video
1289 1263 1342 1309 te
1369 1253 1544 1310 adhuc
1572 1254 1819 1325 ignorare
1866 1254 2102 1309 schisma

509 1345 651 1416 apud
698 1344 1075 1416 Carthaginem
1142 1360 1172 1400 a
1233 1346 1430 1401 vestris
1484 1345 1813 1415 principibus
1881 1346 2102 1399 factum.

508 1437 701 1507 Quaere
751 1440 941 1493 harum
979 1435 1244 1508 originem
1293 1452 1497 1506 rerum,
1524 1447 1578 1493 et
1607 1438 1852 1493 invenies
1883 1447 1934 1492 te
1965 1436 2107 1492 hanc

2214 425 2352 480 ticos
2403 424 2642 481 sociasti.
2680 423 2807 493 (Non
2855 426 3001 480 enim
3052 425 3167 498 (96)
3212 425 3536 482 Cmcilianus
3582 427 3753 482 exivit
3786 438 3821 479 a

2213 524 2476 594 Majorino
2509 522 2625 596 (97)
2654 524 2886 595 (98)avo
2918 534 3009 581 tuo
3031 523 3147 598 (99)
3183 526 3317 583 :sed
3347 525 3433 599 (l)
3468 526 3764 597 Majorinus
3786 543 3823 583 a

2221 624 2512 681 Camillano
2540 643 2553 679 :
2585 624 2667 698 (2)
2697 641 2797 681 nec
2821 625 3140 682 Caecilianus
3179 629 3408 684 recessit
3437 629 3515 700 (5)
3545 643 3576 684 a
3614 628 3823 685 Cathe-

2218 725 2315 781 dra
2374 725 2514 782 Petri
2564 724 2642 798 (Δ)
2700 726 2787 781 vel
2837 726 3095 799 Cypriani
3141 726 3221 799 (5)
3263 743 3279 783 :
3321 728 3419 784 sed
3471 728 3817 800 Majorinus,

2220 825 2301 899 (6)
2333 828 2487 898 cujus
2531 836 2584 882 tu
2611 825 2936 883 Cathedram
2966 829 3147 898 sedes,
3188 845 3310 902 qua:
3346 839 3472 887 ante
3504 835 3601 905 ιι
3634 832 3820 903 ipsum

2217 927 2537 998 Majorinum
2568 928 2651 998 ('7)
2698 929 2962 999 originem
2995 945 3103 986 non
3150 930 3381 988 habebat
3405 943 3429 971 ε
3459 931 3559 1006 (8).
3596 934 3664 989 Et
3690 949 3824 990 cum

2217 1027 2333 1082 haec
2361 1028 2431 1082 ita
2464 1036 2616 1097 gesta
2655 1041 2779 1083 esse
2821 1026 3261 1085 manifestissime
3299 1039 3511 1086 constet
3550 1027 3599 1097 ἀ,
3635 1039 3692 1086 et
3718 1047 3822 1088 vos
3916 1106 3919 1107 ν

2218 1128 2466 1184 baercdes
2487 1143 2608 1183 esse
2631 1128 2950 1183 traditorum
2968 1138 3020 1184 et
3042 1129 3511 1186 schismaticorum
3533 1132 3824 1189 evidenter

2215 1238 2512 1305 appareat:
2544 1231 2675 1285 satis
2713 1222 2770 1285 ie
2813 1230 3011 1297 miror,
3063 1231 3232 1289 frater
3274 1233 3649 1300 Parmeniane,
3680 1250 3817 1292 cum

2214 1332 2598 1387 schismaticus
2642 1331 2739 1397 sis,
2792 1332 3167 1389 schismaticos
3220 1333 3491 1390 ha'reticis
3521 1335 3750 1407 jnngere
3788 1346 3817 1374 ε

2213 1433 2474 1488 voluisse.
2505 1431 2613 1487 Aut
2631 1431 2677 1486 si
2706 1433 2785 1488 sic
2811 1432 2907 1488 tibi
2934 1432 3168 1502 videtur,
3187 1444 3242 1491 et
3269 1436 3339 1491 ita
3366 1436 3541 1509 placet
3573 1456 3585 1491 :
3618 1437 3697 1510 (9)
3718 1453 3823 1495 cu-

1740 1553 2116 1611 LECTIONES
2158 1549 2565 1608 \‘ARIANTES.

569 1649 598 1716 ξ
631 1646 686 1716 in
704 1662 796 1701 ms.
820 1650 872 1716 ξ.
892 1636 961 1716 (ἐξ
977 1662 1065 1716 nec
1233 1648 1464 1716 aliquem,
1484 1651 1615 1704 haud
1634 1659 1793 1703 recte.

567 1710 600 1751 ι)
634 1712 689 1762 In
712 1726 803 1762 ms.
822 1713 875 1763 S.
902 1713 959 1763 G.
989 1710 1259 1766 destinatis.

572 1776 597 1805 ο
634 1773 691 1824 ln
713 1786 804 1825 ms.
828 1776 879 1826 S.
909 1773 969 1825 G.
993 1787 1087 1827 non
1107 1775 1265 1827 habet.

2082 1718 2087 1721 _
2133 1654 2182 1714 Β
2268 1645 2299 1721 (Ξ
2330 1646 2387 1721 in
2404 1660 2520 1719 mss.
2542 1647 2596 1697 S.
2711 1653 2763 1698 et
2782 1647 2913 1698 P.S.
2935 1654 3164 1721 constent,
3186 1652 3575 1721 sedperperam.

2276 1712 2300 1740 ε
2334 1708 2409 1759 Ita
2433 1709 2484 1757 in
2507 1710 2736 1760 omnibus
2758 1724 2873 1761 mss.
2896 1724 2994 1760 non
3017 1719 3074 1763 ut
3095 1708 3335 1776 in'editis,
3353 1708 3639 1783 adiungere.

1863 1878 2224 1937 VARIORUM
2248 1879 2477 1937 NOTAS.

581 1992 698 2060 (93)
733 1991 946 2049 Hortus.
977 1993 1240 2059 Ecclesia,
1275 1993 1328 2049 ui
1352 1992 1533 2049 fallor.
1562 1993 1792 2050 ALBASP.

582 2063 698 2139 (94)
725 2063 874 2139 pum
903 2063 1150 2139 Ecclesia:
1166 2067 1334 2139 dotes.
1363 2063 1817 2139 _Cum_lt:nreticis
1846 2064 2109 2139 schisma-

510 2135 647 2192 ticos
671 2135 961 2208 adjungas,
984 2136 1140 2190 dotes
1166 2135 1426 2190 Ecclesia:
1452 2135 1606 2191 vobis
1634 2137 1937 2208 denegatis,
1972 2153 2108 2208 quos

507 2215 721 2263 constat
746 2220 867 2260 esse
889 2207 1284 2260 schismaticos.
1314 2208 1542 2261 Aumsr.

585 2278 704 2352 (95)
732 2277 776 2331 Α
799 2277 915 2331 vite.
945 2276 1063 2331 Non
1088 2278 1301 2332 videtur
1327 2277 1411 2332 his
1446 2278 1695 2332 assentiri
1728 2277 1978 2403 aptatus.

1773 2366 1961 2403 LBASP.

1773 2366 1961 2405 :LBASP.

583 2418 700 2492 (96)
732 2419 1053 2476 Caecilianus.
1090 2418 1364 2492 Successit
1391 2419 1684 2485 Mensurio,
1720 2430 1775 2474 et
1805 2423 1904 2476 sub
1932 2436 2021 2486 eo,
2052 2428 2109 2476 et

509 2489 730 2563 propter
756 2499 1090 2563 enmortum
1115 2499 1198 2545 est
1224 2489 1479 2563 schisma.
1513 2494 1747 2563 ALBASP.

605 2560 696 2635 97)
745 2560 916 2635 Emittit
952 2577 985 2614 a
1032 2560 1314 2635 Majorino.
1359 2560 1678 2635 Caecilianus
1707 2561 2107 2635 primumcrat

509 2632 1155 2701 ordinatus'Episcopus'.
1188 2632 1482 2701 Majorinus
1508 2643 1694 2687 contra
1732 2648 1857 2688 eum
1882 2633 2104 2689 ordina-
2159 2685 2162 2688 .

510 2714 598 2760 tus
625 2704 693 2759 ab
719 2703 837 2774 ejus
867 2703 1250 2757 communione
1277 2703 1525 2757 descivit.
1561 2704 1635 2758 Du
1665 2704 1780 2759 PIN.

581 2782 716 2838 Ibid.
756 2780 948 2837 Exivit.
983 2780 1307 2836 Cmcilianus
1335 2781 1571 2852 legitima
1614 2793 1669 2839 et
1703 2783 1976 2839 ordinaria
2017 2785 2102 2839 via

510 2853 613 2909 fuit
637 2853 916 2907 ordinatus
946 2860 1068 2920 post
1098 2852 1445 2917 Mensurium,
1473 2861 1599 2920 post
1626 2854 1779 2922 cujus
1807 2855 2106 2910 ordinatio-

510 2940 635 2980 nem
660 2922 895 2977 factione
918 2922 1062 2978 illius
1085 2923 1326 2994 mulieris
1349 2922 1447 2977 fuit
1470 2924 1749 2979 ordinatus
1770 2925 2098 2994 Majorinus;

510 3010 678 3066 quare
707 2994 997 3066 Majorinus
1032 2993 1562 3066 exivit,_etgsecessit
1590 2995 1964 3066 aCa-ciliano;
1995 3011 2101 3052 non

511 3063 688 3120 autem
728 3063 1050 3119 Caecilianus
1089 3079 1119 3117 a
1146 3064 1410 3133 Majorino
1441 3082 1455 3117 :
1485 3065 1531 3118 is
1558 3065 1702 3120 enim
1728 3066 1878 3121 exire
1911 3082 2102 3122 cense-

2284 1994 2362 2067 (2)
2398 1994 2506 2050 Nec
2539 1993 2849 2072 Cercitianus
2878 1996 3086 2072 recessit
3109 1995 3231 2072 _a__C.
3268 1996 3523 2072 P.Scire
3549 2008 3601 2058 le
3624 2002 3819 2072 velim,

2211 2067 2446 2133 Lector,
2500 2068 2666 2120 multa
2722 2067 2847 2122 hinc
2897 2076 2951 2122 et
2999 2068 3267 2123 similibus
3295 2071 3417 2125 aliis
3465 2087 3529 2127 ex
3583 2074 3717 2129 locis
3745 2067 3819 2132 ad

2211 2142 2427 2216 causam
2457 2137 2737 2216 religionis
2770 2140 3428 2216 trahere_Alba5pina:um
3456 2185 3470 2207 ,
3504 2148 3820 2216 passimque

2211 2225 2277 2285 ex
2295 2209 2557 2285 B_ar_ronio
2581 2208 2952 2285 Perronioque
2973 2209 3169 2265 Cardd.
3198 2208 3540 2285 irnterAscrere,
3569 2232 3689 2285 quae
3714 2208 3821 2273 nos

2212 2280 2281 2336 de
2322 2280 2582 2356 industria
2610 2281 2785 2356 _mi_ssa_
2816 2278 3047 2334 facimus
3082 2284 3284 2337 omnia.
3319 2278 3814 2356 Fecinms'autem,

2218 2362 2328 2406 tum
2358 2350 2477 2426 quia
2509 2350 2818 2420 prolixioris
2843 2360 2999 2426 erant
3019 2366 3217 2426 opera:
3260 2361 3316 2407 et
3344 2369 3373 2407 a
3407 2359 3682 2426 proposito
3709 2350 3817 2413 no:

2216 2432 2331 2475 stro
2361 2422 2585 2483 aliena3;
2624 2429 2733 2474 tum
2766 2423 2890 2491 quia
2920 2423 3053 2477 nihil
3081 2424 3148 2477 ab
3174 2439 3239 2478 eo
3275 2422 3470 2480 novum
3500 2422 3818 2487 videbamus

2222 2492 2405 2547 all‘orri
2434 2492 2576 2561 quod
2621 2506 2725 2546 non
2750 2491 2859 2561 jam
2888 2493 3240 2567 adulans-eam
3281 2511 3452 2567 usque
3478 2499 3620 2553 ultro
3644 2504 3820 2556 citro-

2214 2580 2320 2641 que
2349 2573 2546 2617 tortum
2572 2573 2921 2641 ac_re_tor_tut_n
2954 2564 3149 2641 fuerit,
3178 2564 3565 2641 sitqne'hodie,
3590 2574 3815 2641 scriptis

2213 2632 2329 2703 ejus
2352 2634 2653 2704 argumenti
2684 2634 2927 2700 plurimis
2962 2632 3300 2691 tritissimutn
3333 2654 3398 2695 ac
3430 2632 3816 2699 decantatissi-

2212 2702 2382 2759 mum.
2416 2702 2486 2759 Μ.
2518 2702 2748 2759 ΟΑεΑυΒ.

2284 2775 2366 2847 (5)
2397 2776 2439 2847 Α
2466 2774 2720 2847 Cathedra
2748 2774 2914 2832 Petri.
2944 2775 3061 2832 Una
3102 2787 3184 2833 est
3205 2789 3415 2835 tantum
3455 2781 3725 2840 Cathedra
3752 2786 3812 2842 in

2209 2844 2448 2925 Ecclesia
2473 2861 2636 2925 quam
2685 2846 2877 2925 Petrus
2916 2850 3126 2925 accepit
3170 2865 3203 2925 ξι
3231 2850 3451 2907 Christo
3475 2894 3492 2917 ,
3539 2871 3813 2925 quamque

2206 2916 2430 2994 singulis
2472 2918 2754 2994 Episcopis
2792 2920 3345 2994 co_mtnunica_vit,ret
3374 2916 3598 2994 singulis
3637 2916 3807 2982 etiam

2208 3003 2350 3041 nunc
2378 2989 2568 3044 diebus
2596 2988 2958 3043 communicat
2987 3006 3082 3066 per
3127 2992 3411 3050 Pontilices
3449 2988 3538 3066 qui
3579 3012 3701 3052 cum
3740 3014 3811 3053 co

2206 3066 2498 3134 censentur
2522 3100 2538 3124 ,
2584 3069 2639 3134 et
2667 3068 2922 3134 sunt-una
2957 3062 3255 3133 eademque
3299 3079 3427 3119 caro
3466 3062 3519 3120 et
3549 3084 3805 3134 persona.

513 3147 602 3191 tur
622 3136 710 3205 qui
740 3135 975 3190 schisma
1010 3136 1157 3199 facit,
1184 3127 1247 3191 cf
1265 3138 1376 3204 qui,
1408 3136 1516 3190 alio
1544 3136 1789 3202 sedente,
1835 3138 2016 3193 locum
2046 3148 2100 3194 et

2208 3127 2333 3207 lianc
2372 3141 2454 3207 est
2496 3129 2841 3207 antiquorum
2872 3127 3397 3207 doctrina_:'merito
3442 3127 3605 3207 igitur
3647 3149 3813 3196 vocat

509 3207 696 3277 sedem
726 3221 992 3277 occupare
1023 3206 1230 3261 nititur.
1267 3209 1493 3262 ALBASP.

586 3276 700 3350 (98)
730 3280 833 3350 Ara
857 3276 961 3332 tuo.
994 3278 1119 3350 llazc
1144 3292 1379 3348 pugnare
1408 3278 1658 3334 videntur
1682 3287 1868 3334 contra
1894 3295 1956 3335 ea
1979 3296 2101 3350 quae

510 3348 745 3403 diximus
788 3349 841 3403 in
884 3348 1036 3403 tertia
1067 3349 1448 3403 observatione
1475 3351 1541 3403 de
1584 3350 1787 3403 Donato
1830 3348 2055 3406 Casen'si
2082 3392 2098 3417 ,

511 3420 599 3473 cui
627 3419 813 3490 nullus
829 3419 980 3490 locus
1007 3420 1325 3490 relinquitur
1347 3420 1399 3490 i_n
1428 3420 1557 3473 sede
1584 3418 2018 3490 Carthaginensi,
2053 3422 2100 3476 si

512 3504 612 3558 pro
641 3504 741 3542 avo
772 3487 1088 3559 Majorinutn
1134 3489 1323 3559 habuit
1346 3488 1733 3544 Parmenianus
1767 3487 1935 3545 :‘nam
1964 3507 2097 3546 con-

510 3567 620 3614 stat
645 3558 1039 3626 eum,extincto
1060 3573 1254 3629 magno
1277 3558 1506 3623 Donato,
1534 3559 1860 3629 Carthagine
1884 3562 2102 3617 ordina-

512 3639 624 3685 tum
655 3629 821 3687 fuisse
854 3648 869 3686 :
899 3637 1154 3684 caeterum
1186 3630 1573 3698 Episcoporum
1601 3631 1973 3687 successiones
1996 3674 2011 3698 ,
2046 3642 2100 3688 et

511 3702 883 3758 ordinationes
909 3716 1016 3755 non
1038 3702 1193 3754 aliter
1211 3710 1553 3772 exponuntur
1573 3701 1641 3754 ab
1662 3702 1917 3772 antiquis,
1936 3718 2097 3772 quam

511 3774 819 3843 mortalium
861 3772 1235 3842 generationes
1274 3770 1690 3843 ctgafﬁnitates;
1734 3770 1910 3843 neque
1939 3770 2099 3829 aliter

510 3844 581 3897 de
610 3843 675 3898 iis
704 3840 1024 3913 loquuntur,
1053 3858 1212 3912 quam
1248 3844 1292 3896 si
1320 3840 1389 3897 de
1415 3843 1592 3913 aliqua
1627 3840 1835 3897 familia
1855 3853 1910 3898 et
1935 3844 2098 3899 domo

510 3913 884 3985 loquerentur.
916 3912 1215 3985 Episcopus
1243 3914 1385 3985 enim
1412 3914 1503 3985 qui
1540 3913 1889 3969 ordinabatur
1928 3915 1979 3968 iu
2012 3930 2100 3971 se-

512 3982 637 4040 dein
670 3985 942 4049 defuncti,
981 3983 1121 4038 filius
1150 3991 1207 4038 et
1237 3984 1416 4053 proles
1454 3982 1599 4038 illius
1630 3986 1682 4038 in
1735 3986 1889 4054 cujus
1918 3985 2094 4041 locum

510 4055 898 4120 sufﬁciebatur,
923 4054 1253 4109 vocabatur:
1286 4055 1457 4109 series
1482 4054 1876 4110 ordinationum
1898 4095 1915 4123 ,
1948 4056 2099 4113 hisce

511 4126 847 4197 cognationis
874 4125 1052 4181 verbis
1083 4125 1489 4180 numerabatur.
1518 4125 1747 4180 ALBASP.

582 4195 697 4269 (99)
725 4195 986 4269 Majorino
1022 4212 1116 4250 avo
1145 4205 1252 4269 tuo.
1277 4198 1610 4269 (Successore
1639 4198 1849 4269 scilicet
1880 4197 2092 4264 Donati,

508 4265 600 4340 qui
633 4265 754 4338 post
791 4265 1619 4340 MajorinumiCarlbaginensem
1651 4266 1972 4340 Cathedram
2015 4272 2097 4323 in-

507 4338 742 4395 vaserat.
771 4338 998 4409 August.
1028 4339 1080 4391 in
1115 4339 1230 4409 Lib.
1258 4338 1500 4409 Retractﬁ.
1533 4354 1593 4403 tt,
1623 4353 1671 4393 c.
1704 4341 1804 4393 i7:
1838 4338 1905 4393 In
1936 4340 2096 4393 tribus

508 4409 674 4475 libris,
704 4408 906 4478 inquit,
939 4418 1115 4463 contra
1143 4408 1426 4475 Epistulam
1459 4408 1815 4472 Parmeniam'.
1849 4410 2096 4465 Donatis-

510 4491 679 4535 tarum
714 4477 1128 4550 Cartltaginensis
1159 4478 1406 4550 Episcopi
1441 4483 1843 4549 successorisque
1874 4479 2087 4535 Donati.

507 4550 656 4606 ldetn
691 4552 915 4621 August.
947 4549 1042 4604 lib.
1072 4561 1331 4621 ttcontra
1376 4549 1476 4619 Ep.
1511 4551 1714 4616 Parm.,
1750 4551 2091 4620 Majorinum,

506 4620 857 4677 Donatum'et
884 4620 1301 4675 Parmenianum
1329 4622 1492 4676 veluti
1524 4631 1657 4687 tres,
1688 4623 1806 4676 sine
1840 4621 2096 4677 interme-

503 4692 597 4749 dio
642 4706 988 4748 successores
1017 4696 1317 4746 enumerat;
1361 4692 1515 4759 Quod
1559 4702 1739 4746 autem
1768 4692 1980 4759 quidam
2014 4692 2095 4745 in-

483 4764 765 4819 .feruntex
790 4762 1055 4833 Sermone
1081 4766 1138 4818 S.
1163 4764 1465 4833 Augustini,
1491 4762 1555 4816 de
1578 4761 1715 4833 Race
1738 4770 1785 4816 et
1810 4760 2092 4830 Cltaritate,

504 4844 631 4888 ante
670 4834 1015 4889 collationem
1045 4832 1227 4889 habito
1254 4832 1269 4900 ;
1302 4835 1486 4888 Caium
1518 4842 1573 4887 et
1599 4832 1823 4887 Lucium
1866 4833 2091 4902 Episco-

500 4919 604 4974 pos
633 4903 797 4959 fuisse
824 4903 1162 4972 Carthaginis
1202 4905 1342 4959 inter
1391 4903 1655 4957 Donatum
1695 4901 2095 4974 et_Parmenia-

502 4972 633 5045 pum
656 5015 670 5037 .
705 4974 858 5029 futile
896 4982 999 5030 est.
1034 4975 1114 5029 En
1156 4977 1320 5030 verba
1348 4974 1681 5045 Augustini}
1727 4972 1849 5028 Non
1889 4975 2091 5030 dimitto

501 5043 797 5116 Donatum,
834 5061 935 5100 non
981 5045 1179 5099 dimitto
1222 5046 1391 5100 nescio
1439 5043 1587 5116 quem
1625 5043 1840 5111 Cuium,
1873 5045 2094 5102 Lucium

500 5122 554 5170 ‘et
611 5114 1033 5180 Parmenianum,
1078 5116 1218 5172 mille
1280 5114 1488 5171 nomina
1531 5157 1547 5184 ,
1619 5116 1760 5170 mille
1820 5118 2090 5172 scissuras.

501 5186 632 5244 Inde
692 5191 835 5244 enim
903 5186 1089 5243 inferri
1147 5198 1350 5243 tantum
1410 5197 1583 5257 p0lesl
1636 5184 1823 5242 Caium
1882 5199 1937 5242 et
1986 5188 2093 5245 Lu-

504 5259 649 5315 cium
693 5260 858 5315 fuisse
895 5274 926 5314 e
952 5259 1275 5327 primoribus
1322 5259 1602 5329 Episcopis
1645 5259 2041 5329 Donatistarum
2074 5277 2088 5313 :

499 5337 558 5384 at
603 5329 1025 5402 Cartbagineusi
1058 5328 1457 5385 Donatistarum
1507 5330 1762 5402 Ecciesia:
1809 5328 2090 5402 prtelectos

497 5402 687 5464 fuisse,
708 5399 846 5471 hinc
875 5414 983 5453 non
1014 5399 1150 5471 bene
1177 5402 1468 5471 colligitur.
1502 5401 1587 5471 Du
1608 5399 1726 5471 an.

572 5472 654 5543 (l)
698 5469 1015 5543 Majorittus;
1048 5469 1381 5543 Domesticus
1422 5470 1642 5543 Lucina:
1668 5470 1917 5543 Hispana)
1941 5512 1956 5535 ,
1999 5473 2090 5542 qui

498 5537 814 5613 eratjecto'r
849 5539 951 5593 sub
978 5537 1297 5613 Caeciliano,
1331 5549 1385 5595 et
1413 5544 1501 5613 qui
1530 5540 1632 5613 _l'uit
1659 5537 1936 5597 ordinatus
1964 5537 2094 5597 con-

498 5626 579 5670 tra
606 5609 978 5675 Caecilianum,
1011 5619 1063 5664 et
1093 5611 1263 5665 altare
1288 5609 1472 5669 contra
1494 5611 1664 5667 altare
1684 5614 1855 5671 erexit
1877 5614 1932 5669 in
1963 5614 2091 5673 civi-

496 5690 605 5755 tate
628 5679 1065 5759 Carthagincnsi.
1098 5682 1327 5741 ALBASP.
2020 5690 2027 5695 ‘

2206 3199 2529 3278 Cathedram
2560 3200 3038 3278 Carthaginiensem
3065 3244 3080 3267 .
3110 3202 3433 3278 Cathedram
3461 3199 3602 3264 l’etri
3633 3251 3648 3273 ,
3679 3214 3807 3278 quia

2206 3269 2540 3342 Petrusieam
2570 3269 2779 3340 genuit,
2804 3283 2860 3326 ut
2890 3273 3124 3342 loquitur
3149 3274 3531 3333 Tertullianus.
3563 3269 3805 3336 Αιζυλερ.

2280 3342 2360 3421 (ξι)
2408 3340 2499 3421 γει
2529 3342 2791 3421 (lupi-iani.
2831 3340 3081 3421 Cypriani
3116 3347 3444 3421 mentionem
3478 3348 3642 3415 facit,
3678 3353 3806 3421 quia

2206 3414 2386 3488 nullus
2407 3414 2553 3488 hanc
2580 3412 2901 3468 Cathedran‘t
2938 3416 3129 3488 majori
3158 3431 3279 3471 cum
3302 3420 3492 3488 gloria,
3522 3412 3802 3476 autsauc-

2208 3484 2538 3560 lita_tis_fat_na
2569 3492 2961 3560 occupaverat;
2992 3486 3072 3540 vel
3090 3489 3257 3560 etiam
3285 3484 3407 3558 quia
3434 3491 3501 3544 de
3529 3491 3641 3560 ejus
3667 3493 3828 3549 sede.

2205 3553 2544 3625 ctCatltedra
2575 3570 2680 3625 non
2710 3556 3057 3625 ambigebant
3090 3553 3404 3614 Donatistae.
3437 3553 3667 3617 Αιῐςλδιι.

2279 3623 2362 3698 (ὃ)
2478 3620 2734 3679 Cathedra
2781 3620 2942 3706 I’eiri.
2967 3627 3063 3706 vel_
3091 3625 3374 3706 Cypriani:
3400 3630 3808 3706 Eadenrargu-

2204 3696 2388 3767 menta
2419 3696 2596 3765 legere
2621 3707 2703 3751 est
2735 3696 3233 3767 apudgCyprian’um
3265 3700 3320 3755 in
3352 3701 3468 3755 Lib.
3498 3704 3563 3757 de
3594 3696 3809 3761 Uuitvate

2206 3766 2470 3848 Ecclesiae,
2500 3774 2554 3848 et
2578 3781 2665 3835 ep.
2695 3765 2847 3833 XLllI,
2871 3765 3141 3848 Cathedra
3163 3785 3258 3848 seu
3283 3772 3456 3848 Sedes
3477 3775 3809 3848 episcopalis

2202 3848 2286 3890 est
2312 3837 2612 3913 auctoritas
2643 3840 3172 3913 supremaregendze
3205 3842 3375 3909 plebis
3403 3844 3449 3896 vi
3479 3837 3804 3913 Sacerd—otii,

2202 3909 2344 3977 quod
2373 3923 2541 3984 unum
2570 3917 2685 3984 est,
2719 3908 2870 3978 cujus
2899 3910 2950 3962 in
2981 3908 3215 3984 solidum
3244 3927 3272 3965 a
3304 3914 3531 3984 singulis
3562 3932 3692 3983 pars
3725 3908 3808 3975 te;

2202 3988 2380 4034 netur.
2411 3978 2512 4045 Qui
2540 3978 2852 4049 episcopum
2881 3995 3037 4034 suum
3080 3982 3319 4051 legitime
3366 3978 3721 4044 constitutum
3752 4002 3809 4045 et

2201 4052 2510 4125 ordinatum
2541 4064 2646 4102 non
2677 4051 2865 4125 audit,
2896 4052 2989 4125 sed
3027 4051 3096 4125 ab
3121 4067 3187 4107 eo
3227 4055 3468 4119 recedit,
3498 4067 3553 4111 et
3582 4060 3668 4113 vel
3702 4077 3765 4116 se
3787 4102 3804 4125 .

2205 4120 2291 4174 vel
2329 4121 2493 4174 alium
2532 4134 2629 4187 pro
2669 4122 2923 4189 episcopo
2960 4121 3159 4186 habet;
3201 4126 3453 4181 recedere
3492 4133 3694 4184 merito
3723 4120 3812 4187 di;

2200 4191 2341 4268 citur
2379 4207 2407 4244 a
2439 4190 2706 4268 cathedra
2749 4193 2985 4268 episcopi
3028 4193 3111 4246 sui
3154 4205 3209 4248 et
3238 4214 3268 4248 a
3299 4196 3566 4252 Cathedra
3612 4200 3761 4257 Petri
3786 4244 3806 4268 ,

2203 4260 2309 4317 hoc
2336 4272 2419 4316 est
2446 4262 2516 4339 ab
2554 4260 2849 4339 apostolica
2886 4260 3021 4339 sede
3038 4303 3053 4325 ,
3100 4276 3223 4339 cum
3251 4283 3353 4337 qua
3393 4269 3687 4339 episcopus
3714 4260 3809 4330 ille

2201 4336 2581 4386 communione
2605 4332 2824 4399 junctus
2851 4343 2954 4387 est.
2990 4333 3068 4387 Du
3102 4335 3216 4389 PIN.

2274 4402 2356 4485 (li)
2389 4402 2551 4486 Cujus
2572 4401 2979 4487 tu-Catltedram.
3002 4402 3342 4478 Carthaginis
3368 4419 3483 4465 erat
3510 4413 3808 4487 episcopus

2200 4474 2595 4529 schismaticus.
2628 4476 2853 4528 ALBASP.

2119 4521 2176 4581 D
2620 4521 3013 4623 tuiC-aiitedram
3033 4546 3196 4605 sedet.
3214 4548 3423 4623 _Sedere
3444 4568 3543 4623 pro
3572 4556 3807 4614 insidere

2203 4615 2327 4693 huic
2351 4614 2558 4693 auctori
2586 4614 2847 4693 fatniliare
2873 4626 2980 4693 est,
3010 4628 3064 4693 ut
3097 4619 3326 4676 suadere
3356 4614 3579 4693 usurpat
3608 4627 3805 4684 Vicen-

2201 4688 2325 4768 tius.
2358 4685 2558 4768 Yerutn
2592 4686 2706 4771 hoc‘
2720 4686 2887 4771 nostri
2915 4689 3136 4771 verbum
3164 4700 3249 4771 est
3278 4685 3621 4753 sacerdotale
3652 4716 3668 4753 :
3700 4698 3805 4771 Cy-

2200 4757 2371 4826 priani
2408 4758 2555 4825 cujus
2582 4767 2638 4810 tu
2667 4751 2976 4812 Caﬂtedrant
2997 4760 3159 4813 sedes.
3191 4762 3403 4818 Bsn'm.

2268 4828 2351 4907 (ἲ).
2396 4828 2681 4907 Originem.
2714 4827 2983 4907 Cathedra
3014 4830 3351 4907 [farmeniani
3380 4837 3647 4907 originem
3691 4858 3801 4899 non

2198 4895 2463 4981 habebat,
2496 4895 2629 4969 'quia
2670 4900 3015 4982 succedebat“
3031 4900 3293 4982 llajorino
3313 4895 3801 4982 ,__qui"hlajorinus

2200 4970 2398 5023 nemini
2430 4979 2797 5036 successerat;
2832 4986 2953 5024 nam
2978 4971 3300 5029 Caecilianus
3327 4970 3600 5035 Mensurii'
3615 4983 3799 5040 locum

2196 5040 2766 5112 etsedemihabebat;
2803 5050 2857 5095 et
2894 5041 2967 5095 ita
3011 5042 3253 5112 Majorini
3284 5050 3545 5106 cathedra
3590 5056 3798 5111 nullam

2195 5111 2717 5188 originemqrabebat
2742 5128 2755 5165 :
2785 5121 2839 5166 et
2864 5121 2986 5188 erat
3003 5111 3244 5170 adultera
3263 5157 3278 5180 ,
3309 5118 3441 5172 falsa
3463 5162 3480 5188 ,
3509 5139 3647 5180 nova
3678 5128 3799 5183 sine

2195 5187 2368 5250 patre.
2401 5192 2456 5236 et
2484 5199 2578 5251 per
2605 5182 2838 5238 schisma
2868 5184 3045 5251 genita
3074 5193 3126 5239 et
3158 5182 3484 5245 introducta.
3521 5194 3751 5252 ALBASP.

2266 5259 2642 5335 (8)_0rig_inem
2668 5279 2770 5335 non
2797 5262 3031 5316 habebat.
3058 5263 3350 5335 Majorinus
3374 5274 3507 5328 nulli
3533 5278 3797 5335 succedek

2193 5330 2303 5405 bat.
2326 5330 2656 5405 Caecilianus
2689 5334 2945 5388 Mensurii
2977 5330 3157 5390 sedem
3190 5345 3245 5392 et
3270 5342 3588 5401 cathedram
3616 5330 3794 5405 habe.

2195 5402 2321 5485 bat:
2363 5413 2485 5485 pnost
2522 5403 2942 5485 ipsi-tts_r_nortem
2980 5406 3033 5460 in
3062 5406 3179 5485 ejus
3207 5408 3387 5485 locum
3414 5402 3663 5485 legitime
3684 5402 3796 5475 Qui.

2193 5473 2580 5599 gaetusftiera
2606 5479 2673 5529 At
2692 5474 2985 5545 Majoriuus
3007 5473 3210 5534 nullum
3234 5473 3793 5558 habebatvpraed'eces-

2261 5562 2392 5599 rem.
2470 5561 2501 5599 υ
2572 5561 2647 5599 ιη.

2191 5558 2392 5600 sm-em.
2426 5550 2501 5600 Du
2531 5550 2647 5600 Pm.

2265 5616 2345 5689 (9)
2376 5615 2565 5698 Contra
2606 5616 2721 5671 illa.
2752 5615 3033 5698 _Qu:edam
3081 5618 3385 5698 desiderari
3429 5628 3687 5688 videntur
3733 5636 3792 5693 in

2192 5685 2307 5757 hac.
2326 5685 2632 5757 sententia;
2674 5687 2785 5765 sed
2812 5704 3006 5748 sensus
3044 5702 3161 5749 est:
3190 5694 3245 5750 Si
3278 5697 3375 5753 tibi
3403 5685 3586 5770 placet
3604 5685 3791 5764 ise-bis:
