  <div class='ocr_page' id='page_1' title='image "/cluster/home/n/w/nwhite01/storage/ocr_20150623/11/hvd.32044096580402/471.png"; bbox 0 0 4206 6170; ppageno 0'>
   <div class='ocr_carea' id='block_1_1' title="bbox 505 259 611 316">
    <p class='ocr_par' dir='ltr' id='par_1_1' title="bbox 505 259 611 316">
     <span class='ocr_line' id='line_1_1' title="bbox 505 259 611 316; baseline -0.009 0"><span class='ocrx_word' id='word_1_1' title='bbox 505 259 611 316; x_wconf 74' lang='grc'><strong>901</strong></span> 
     </span>
    </p>
   </div>
   <div class='ocr_carea' id='block_1_2' title="bbox 1702 240 2584 304">
    <p class='ocr_par' dir='ltr' id='par_1_2' title="bbox 1702 240 2584 304">
     <span class='ocr_line' id='line_1_2' title="bbox 1702 240 2584 304; baseline 0 -3"><span class='ocrx_word' id='word_1_2' title='bbox 1702 243 1950 302; x_wconf 75' lang='lat' dir='ltr'><strong>SANC&#39;I‘I</strong></span> <span class='ocrx_word' id='word_1_3' title='bbox 1988 242 2241 304; x_wconf 79' lang='lat' dir='ltr'><strong>OPTATI</strong></span> <span class='ocrx_word' id='word_1_4' title='bbox 2280 240 2584 302; x_wconf 85' lang='lat' dir='ltr'><strong>EPISCOPI</strong></span> 
     </span>
    </p>
   </div>
   <div class='ocr_carea' id='block_1_3' title="bbox 3698 242 3812 303">
    <p class='ocr_par' dir='ltr' id='par_1_3' title="bbox 3698 242 3812 303">
     <span class='ocr_line' id='line_1_3' title="bbox 3698 242 3812 303; baseline 0.009 -2"><span class='ocrx_word' id='word_1_5' title='bbox 3698 242 3812 303; x_wconf 73' lang='lat'><strong>908</strong></span> 
     </span>
    </p>
   </div>
   <div class='ocr_carea' id='block_1_4' title="bbox 506 353 3816 446">
    <p class='ocr_par' dir='ltr' id='par_1_4' title="bbox 506 353 3816 446">
     <span class='ocr_line' id='line_1_4' title="bbox 506 353 3816 446; baseline -0.004 -20"><span class='ocrx_word' id='word_1_6' title='bbox 506 370 824 446; x_wconf 82' lang='lat' dir='ltr'><strong>jamdudum</strong></span> <span class='ocrx_word' id='word_1_7' title='bbox 841 360 1375 444; x_wconf 72' lang='lat' dir='ltr'><strong>(25)vltalibuspasti</strong></span> <span class='ocrx_word' id='word_1_8' title='bbox 1391 363 1603 417; x_wconf 88' lang='lat' dir='ltr'><strong>fuerant</strong></span> <span class='ocrx_word' id='word_1_9' title='bbox 1622 358 1781 426; x_wconf 88' lang='lat' dir='ltr'><strong>cibis,</strong></span> <span class='ocrx_word' id='word_1_10' title='bbox 1800 357 2110 428; x_wconf 90' lang='lat' dir='ltr'><strong>corruptela</strong></span> <span class='ocrx_word' id='word_1_11' title='bbox 2136 364 2189 421; x_wconf 82' lang='grc' dir='ltr'>Α</span> <span class='ocrx_word' id='word_1_12' title='bbox 2215 366 2271 415; x_wconf 93' lang='lat' dir='ltr'><strong>et</strong></span> <span class='ocrx_word' id='word_1_13' title='bbox 2318 360 2471 414; x_wconf 83' lang='lat' dir='ltr'><strong>vobis</strong></span> <span class='ocrx_word' id='word_1_14' title='bbox 2518 371 2718 429; x_wconf 82' lang='lat' dir='ltr'><strong>negare</strong></span> <span class='ocrx_word' id='word_1_15' title='bbox 2763 355 3032 423; x_wconf 89' lang='lat' dir='ltr'><strong>voluisse,</strong></span> <span class='ocrx_word' id='word_1_16' title='bbox 3085 367 3220 427; x_wconf 90' lang='lat' dir='ltr'><strong>quos</strong></span> <span class='ocrx_word' id='word_1_17' title='bbox 3268 353 3643 411; x_wconf 85' lang='lat' dir='ltr'><strong>schismaticos</strong></span> <span class='ocrx_word' id='word_1_18' title='bbox 3688 372 3816 413; x_wconf 79' lang='lat' dir='ltr'><strong>esse</strong></span> 
     </span>
    </p>
   </div>
   <div class='ocr_carea' id='block_1_5' title="bbox 509 451 2107 535">
    <p class='ocr_par' dir='ltr' id='par_1_5' title="bbox 509 451 2107 535">
     <span class='ocr_line' id='line_1_5' title="bbox 509 451 2107 535; baseline -0.013 -12"><span class='ocrx_word' id='word_1_19' title='bbox 509 468 667 523; x_wconf 74' lang='lat' dir='ltr'><strong>mala:</strong></span> <span class='ocrx_word' id='word_1_20' title='bbox 714 460 1071 535; x_wconf 88' lang='lat' dir='ltr'><strong>digestionis,</strong></span> <span class='ocrx_word' id='word_1_21' title='bbox 1127 455 1248 532; x_wconf 66' lang='grc'>(26)</span> <span class='ocrx_word' id='word_1_22' title='bbox 1301 456 1355 510; x_wconf 92' lang='lat' dir='ltr'><strong>in</strong></span> <span class='ocrx_word' id='word_1_23' title='bbox 1407 452 1699 524; x_wconf 91' lang='lat' dir='ltr'><strong>perniciem</strong></span> <span class='ocrx_word' id='word_1_24' title='bbox 1749 451 2107 518; x_wconf 87' lang='lat' dir='ltr'><strong>miserorum,</strong></span> 
     </span>
    </p>
   </div>
   <div class='ocr_carea' id='block_1_6' title="bbox 510 545 2108 632">
    <p class='ocr_par' dir='ltr' id='par_1_6' title="bbox 510 545 2108 632">
     <span class='ocr_line' id='line_1_6' title="bbox 510 545 2108 632; baseline -0.011 -16"><span class='ocrx_word' id='word_1_25' title='bbox 510 554 970 632; x_wconf 91' lang='lat' dir='ltr'><strong>disputationibus</strong></span> <span class='ocrx_word' id='word_1_26' title='bbox 1012 550 1190 622; x_wconf 82' lang='lat' dir='ltr'><strong>impiis</strong></span> <span class='ocrx_word' id='word_1_27' title='bbox 1219 563 1430 605; x_wconf 82' lang='lat' dir='ltr'><strong>venena</strong></span> <span class='ocrx_word' id='word_1_28' title='bbox 1464 545 1738 603; x_wconf 90' lang='lat' dir='ltr'><strong>mortifera</strong></span> <span class='ocrx_word' id='word_1_29' title='bbox 1766 550 2108 599; x_wconf 81' lang='lat' dir='ltr'><strong>vomuerunt.</strong></span> 
     </span>
    </p>
   </div>
   <div class='ocr_carea' id='block_1_7' title="bbox 511 635 2113 719">
    <p class='ocr_par' dir='ltr' id='par_1_7' title="bbox 511 635 2113 719">
     <span class='ocr_line' id='line_1_7' title="bbox 511 635 2113 719; baseline -0.011 -10"><span class='ocrx_word' id='word_1_30' title='bbox 511 651 679 709; x_wconf 82' lang='lat' dir='ltr'><strong>Vides</strong></span> <span class='ocrx_word' id='word_1_31' title='bbox 717 662 885 719; x_wconf 90' lang='lat' dir='ltr'><strong>ergo,</strong></span> <span class='ocrx_word' id='word_1_32' title='bbox 928 645 1098 701; x_wconf 89' lang='lat' dir='ltr'><strong>frater</strong></span> <span class='ocrx_word' id='word_1_33' title='bbox 1137 641 1528 708; x_wconf 85' lang='lat' dir='ltr'><strong>Parmeniane,</strong></span> <span class='ocrx_word' id='word_1_34' title='bbox 1583 638 1869 693; x_wconf 85' lang='lat' dir='ltr'><strong>haereticos</strong></span> <span class='ocrx_word' id='word_1_35' title='bbox 1917 635 2033 706; x_wconf 69' lang='lat'><strong>(27)</strong></span> <span class='ocrx_word' id='word_1_36' title='bbox 2081 648 2113 691; x_wconf 87' lang='lat' dir='ltr'><strong>a</strong></span> 
     </span>
    </p>
   </div>
   <div class='ocr_carea' id='block_1_8' title="bbox 510 733 2115 807">
    <p class='ocr_par' dir='ltr' id='par_1_8' title="bbox 510 733 2115 807">
     <span class='ocr_line' id='line_1_8' title="bbox 510 733 2115 807; baseline -0.012 0"><span class='ocrx_word' id='word_1_37' title='bbox 510 750 675 807; x_wconf 91' lang='lat' dir='ltr'><strong>domo</strong></span> <span class='ocrx_word' id='word_1_38' title='bbox 703 744 951 802; x_wconf 73' lang='lat' dir='ltr'><strong>veritatis</strong></span> <span class='ocrx_word' id='word_1_39' title='bbox 978 743 1111 799; x_wconf 90' lang='lat' dir='ltr'><strong>satis</strong></span> <span class='ocrx_word' id='word_1_40' title='bbox 1141 749 1392 797; x_wconf 91' lang='lat' dir='ltr'><strong>extorres</strong></span> <span class='ocrx_word' id='word_1_41' title='bbox 1412 781 1425 804; x_wconf 91' lang='lat'><strong>,</strong></span> <span class='ocrx_word' id='word_1_42' title='bbox 1463 736 1610 793; x_wconf 90' lang='lat' dir='ltr'><strong>solos</strong></span> <span class='ocrx_word' id='word_1_43' title='bbox 1641 734 1842 791; x_wconf 88' lang='lat' dir='ltr'><strong>habere</strong></span> <span class='ocrx_word' id='word_1_44' title='bbox 1873 733 1990 806; x_wconf 76' lang='lat'><strong>(‘23)</strong></span> <span class='ocrx_word' id='word_1_45' title='bbox 2022 747 2115 788; x_wconf 84' lang='lat' dir='ltr'><strong>va-</strong></span> 
     </span>
    </p>
   </div>
   <div class='ocr_carea' id='block_1_9' title="bbox 511 826 2112 905">
    <p class='ocr_par' dir='ltr' id='par_1_9' title="bbox 511 826 2112 905">
     <span class='ocr_line' id='line_1_9' title="bbox 511 826 2112 905; baseline -0.014 -6"><span class='ocrx_word' id='word_1_46' title='bbox 511 843 591 899; x_wconf 90' lang='lat' dir='ltr'><strong>ria</strong></span> <span class='ocrx_word' id='word_1_47' title='bbox 623 848 650 879; x_wconf 70' lang='grc' dir='ltr'><strong><em>λ</em></strong></span> <span class='ocrx_word' id='word_1_48' title='bbox 698 849 753 896; x_wconf 89' lang='lat' dir='ltr'><strong>et</strong></span> <span class='ocrx_word' id='word_1_49' title='bbox 802 836 936 894; x_wconf 88' lang='lat' dir='ltr'><strong>falsa</strong></span> <span class='ocrx_word' id='word_1_50' title='bbox 984 833 1348 905; x_wconf 88' lang='lat' dir='ltr'><strong>baptismata:</strong></span> <span class='ocrx_word' id='word_1_51' title='bbox 1398 828 1593 901; x_wconf 88' lang='lat' dir='ltr'><strong>quibus</strong></span> <span class='ocrx_word' id='word_1_52' title='bbox 1641 826 1954 899; x_wconf 87' lang='lat' dir='ltr'><strong>inquinatus</strong></span> <span class='ocrx_word' id='word_1_53' title='bbox 2006 836 2112 878; x_wconf 91' lang='lat' dir='ltr'><strong>non</strong></span> 
     </span>
    </p>
   </div>
   <div class='ocr_carea' id='block_1_10' title="bbox 513 918 2117 1007">
    <p class='ocr_par' dir='ltr' id='par_1_10' title="bbox 513 918 2117 1007">
     <span class='ocr_line' id='line_1_10' title="bbox 513 918 2117 1007; baseline -0.012 -16"><span class='ocrx_word' id='word_1_54' title='bbox 513 934 687 1007; x_wconf 82' lang='lat' dir='ltr'><strong>possit</strong></span> <span class='ocrx_word' id='word_1_55' title='bbox 723 931 973 994; x_wconf 87' lang='lat' dir='ltr'><strong>abluere,</strong></span> <span class='ocrx_word' id='word_1_56' title='bbox 1021 924 1333 983; x_wconf 83' lang='lat' dir='ltr'><strong>immundus</strong></span> <span class='ocrx_word' id='word_1_57' title='bbox 1360 921 1692 988; x_wconf 89' lang='lat' dir='ltr'><strong>emundare,</strong></span> <span class='ocrx_word' id='word_1_58' title='bbox 1743 918 2117 991; x_wconf 88' lang='lat' dir='ltr'><strong>supplantator</strong></span> 
     </span>
    </p>
   </div>
   <div class='ocr_carea' id='block_1_11' title="bbox 512 1010 2114 1099">
    <p class='ocr_par' dir='ltr' id='par_1_11' title="bbox 512 1010 2114 1099">
     <span class='ocr_line' id='line_1_11' title="bbox 512 1010 2114 1099; baseline -0.014 -13"><span class='ocrx_word' id='word_1_59' title='bbox 512 1029 762 1099; x_wconf 78' lang='lat' dir='ltr'><strong>erigere,</strong></span> <span class='ocrx_word' id='word_1_60' title='bbox 807 1022 1052 1096; x_wconf 88' lang='lat' dir='ltr'><strong>perditus</strong></span> <span class='ocrx_word' id='word_1_61' title='bbox 1090 1018 1327 1075; x_wconf 90' lang='lat' dir='ltr'><strong>liberare</strong></span> <span class='ocrx_word' id='word_1_62' title='bbox 1352 1058 1368 1085; x_wconf 92' lang='lat'><strong>,</strong></span> <span class='ocrx_word' id='word_1_63' title='bbox 1409 1030 1537 1071; x_wconf 88' lang='lat' dir='ltr'><strong>reus</strong></span> <span class='ocrx_word' id='word_1_64' title='bbox 1581 1012 1793 1068; x_wconf 87' lang='lat' dir='ltr'><strong>veniam</strong></span> <span class='ocrx_word' id='word_1_65' title='bbox 1844 1010 2114 1075; x_wconf 90' lang='lat' dir='ltr'><strong>tribuere,</strong></span> 
     </span>
    </p>
   </div>
   <div class='ocr_carea' id='block_1_12' title="bbox 513 1101 2115 1179">
    <p class='ocr_par' dir='ltr' id='par_1_12' title="bbox 513 1101 2115 1179">
     <span class='ocr_line' id='line_1_12' title="bbox 513 1101 2115 1179; baseline -0.013 0"><span class='ocrx_word' id='word_1_66' title='bbox 513 1123 803 1179; x_wconf 89' lang='lat' dir='ltr'><strong>damnatus</strong></span> <span class='ocrx_word' id='word_1_67' title='bbox 833 1116 1140 1174; x_wconf 85' lang='lat' dir='ltr'><strong>absolvere.</strong></span> <span class='ocrx_word' id='word_1_68' title='bbox 1183 1110 1330 1169; x_wconf 85' lang='lat' dir='ltr'><strong>Bene</strong></span> <span class='ocrx_word' id='word_1_69' title='bbox 1370 1108 1607 1165; x_wconf 90' lang='lat' dir='ltr'><strong>clausisti</strong></span> <span class='ocrx_word' id='word_1_70' title='bbox 1650 1107 1868 1163; x_wconf 88' lang='lat' dir='ltr'><strong>hortum</strong></span> <span class='ocrx_word' id='word_1_71' title='bbox 1897 1101 2115 1159; x_wconf 66' lang='lat' dir='ltr'><strong>haereti-</strong></span> 
     </span>
    </p>
   </div>
   <div class='ocr_carea' id='block_1_13' title="bbox 513 1194 2119 1277">
    <p class='ocr_par' dir='ltr' id='par_1_13' title="bbox 513 1194 2119 1277">
     <span class='ocr_line' id='line_1_13' title="bbox 513 1194 2119 1277; baseline -0.014 -6"><span class='ocrx_word' id='word_1_72' title='bbox 513 1213 593 1271; x_wconf 89' lang='lat' dir='ltr'><strong>cis</strong></span> <span class='ocrx_word' id='word_1_73' title='bbox 626 1231 640 1269; x_wconf 90' lang='lat'><strong>:</strong></span> <span class='ocrx_word' id='word_1_74' title='bbox 682 1212 825 1268; x_wconf 88' lang='lat' dir='ltr'><strong>bene</strong></span> <span class='ocrx_word' id='word_1_75' title='bbox 864 1206 1134 1266; x_wconf 85' lang='lat' dir='ltr'><strong>revocasti</strong></span> <span class='ocrx_word' id='word_1_76' title='bbox 1173 1202 1294 1277; x_wconf 66' lang='lat'><strong>(29)</strong></span> <span class='ocrx_word' id='word_1_77' title='bbox 1336 1202 1517 1258; x_wconf 91' lang='lat' dir='ltr'><strong>claves</strong></span> <span class='ocrx_word' id='word_1_78' title='bbox 1559 1199 1626 1255; x_wconf 92' lang='lat' dir='ltr'><strong>ad</strong></span> <span class='ocrx_word' id='word_1_79' title='bbox 1663 1197 1887 1254; x_wconf 83' lang='lat' dir='ltr'><strong>Petrum</strong></span> <span class='ocrx_word' id='word_1_80' title='bbox 1923 1214 1937 1252; x_wconf 91' lang='lat'>:</span> <span class='ocrx_word' id='word_1_81' title='bbox 1981 1194 2119 1251; x_wconf 90' lang='lat' dir='ltr'><strong>bene</strong></span> 
     </span>
    </p>
   </div>
   <div class='ocr_carea' id='block_1_14' title="bbox 511 1289 2121 1377">
    <p class='ocr_par' dir='ltr' id='par_1_14' title="bbox 511 1289 2121 1377">
     <span class='ocr_line' id='line_1_14' title="bbox 511 1289 2121 1377; baseline -0.012 -13"><span class='ocrx_word' id='word_1_82' title='bbox 511 1302 786 1364; x_wconf 85' lang='lat' dir='ltr'><strong>abstulisti</strong></span> <span class='ocrx_word' id='word_1_83' title='bbox 830 1303 944 1377; x_wconf 90' lang='grc'>(50)</span> <span class='ocrx_word' id='word_1_84' title='bbox 995 1300 1216 1359; x_wconf 88' lang='lat' dir='ltr'><strong>colendi</strong></span> <span class='ocrx_word' id='word_1_85' title='bbox 1263 1304 1627 1369; x_wconf 87' lang='lat' dir='ltr'><strong>potestatem,</strong></span> <span class='ocrx_word' id='word_1_86' title='bbox 1682 1309 1750 1351; x_wconf 92' lang='lat' dir='ltr'><strong>ne</strong></span> <span class='ocrx_word' id='word_1_87' title='bbox 1801 1289 2121 1347; x_wconf 88' lang='lat' dir='ltr'><strong>arbusculas</strong></span> 
     </span>
    </p>
   </div>
   <div class='ocr_carea' id='block_1_15' title="bbox 510 1385 2121 1467">
    <p class='ocr_par' dir='ltr' id='par_1_15' title="bbox 510 1385 2121 1467">
     <span class='ocr_line' id='line_1_15' title="bbox 510 1385 2121 1467; baseline -0.01 -11"><span class='ocrx_word' id='word_1_88' title='bbox 510 1401 754 1456; x_wconf 91' lang='lat' dir='ltr'><strong>colerent</strong></span> <span class='ocrx_word' id='word_1_89' title='bbox 784 1397 859 1465; x_wconf 90' lang='lat' dir='ltr'><strong>ii,</strong></span> <span class='ocrx_word' id='word_1_90' title='bbox 891 1410 1030 1467; x_wconf 92' lang='lat' dir='ltr'><strong>quos</strong></span> <span class='ocrx_word' id='word_1_91' title='bbox 1060 1394 1129 1449; x_wconf 90' lang='lat' dir='ltr'><strong>ab</strong></span> <span class='ocrx_word' id='word_1_92' title='bbox 1158 1392 1377 1448; x_wconf 84' lang='lat' dir='ltr'><strong>hortulo</strong></span> <span class='ocrx_word' id='word_1_93' title='bbox 1407 1398 1465 1446; x_wconf 85' lang='lat' dir='ltr'><strong>et</strong></span> <span class='ocrx_word' id='word_1_94' title='bbox 1492 1406 1521 1445; x_wconf 92' lang='lat' dir='ltr'><strong>a</strong></span> <span class='ocrx_word' id='word_1_95' title='bbox 1554 1388 1806 1461; x_wconf 85' lang='lat' dir='ltr'><strong>paradiso</strong></span> <span class='ocrx_word' id='word_1_96' title='bbox 1835 1385 1933 1442; x_wconf 86' lang='lat' dir='ltr'><strong>Dei</strong></span> <span class='ocrx_word' id='word_1_97' title='bbox 1989 1400 2121 1441; x_wconf 86' lang='lat' dir='ltr'><strong>con-</strong></span> 
     </span>
    </p>
   </div>
   <div class='ocr_carea' id='block_1_16' title="bbox 511 1478 2122 1561">
    <p class='ocr_par' dir='ltr' id='par_1_16' title="bbox 511 1478 2122 1561">
     <span class='ocr_line' id='line_1_16' title="bbox 511 1478 2122 1561; baseline -0.011 -11"><span class='ocrx_word' id='word_1_98' title='bbox 511 1501 621 1550; x_wconf 86' lang='lat' dir='ltr'><strong>stat</strong></span> <span class='ocrx_word' id='word_1_99' title='bbox 648 1491 859 1548; x_wconf 89' lang='lat' dir='ltr'><strong>alienos</strong></span> <span class='ocrx_word' id='word_1_100' title='bbox 886 1505 899 1544; x_wconf 92' lang='lat'><strong>:</strong></span> <span class='ocrx_word' id='word_1_101' title='bbox 930 1488 1043 1561; x_wconf 91' lang='grc'>(51)</span> <span class='ocrx_word' id='word_1_102' title='bbox 1075 1487 1213 1543; x_wconf 87' lang='lat' dir='ltr'><strong>bene</strong></span> <span class='ocrx_word' id='word_1_103' title='bbox 1250 1483 1556 1542; x_wconf 76' lang='lat' dir='ltr'><strong>subduxisti</strong></span> <span class='ocrx_word' id='word_1_104' title='bbox 1587 1482 1841 1537; x_wconf 88' lang='lat' dir='ltr'><strong>annulum</strong></span> <span class='ocrx_word' id='word_1_105' title='bbox 1870 1480 1934 1535; x_wconf 89' lang='lat' dir='ltr'><strong>iis</strong></span> <span class='ocrx_word' id='word_1_106' title='bbox 1954 1523 1967 1547; x_wconf 91' lang='lat'><strong>,</strong></span> <span class='ocrx_word' id='word_1_107' title='bbox 2000 1478 2122 1549; x_wconf 90' lang='lat' dir='ltr'><strong>qui-</strong></span> 
     </span>
    </p>
   </div>
   <div class='ocr_carea' id='block_1_17' title="bbox 507 1572 2123 1656">
    <p class='ocr_par' dir='ltr' id='par_1_17' title="bbox 507 1572 2123 1656">
     <span class='ocr_line' id='line_1_17' title="bbox 507 1572 2123 1656; baseline -0.011 -12"><span class='ocrx_word' id='word_1_108' title='bbox 507 1586 609 1644; x_wconf 87' lang='lat' dir='ltr'><strong>bus</strong></span> <span class='ocrx_word' id='word_1_109' title='bbox 646 1584 861 1656; x_wconf 88' lang='lat' dir='ltr'><strong>aperire</strong></span> <span class='ocrx_word' id='word_1_110' title='bbox 908 1594 1014 1637; x_wconf 87' lang='lat' dir='ltr'><strong>non</strong></span> <span class='ocrx_word' id='word_1_111' title='bbox 1059 1580 1189 1636; x_wconf 90' lang='lat' dir='ltr'><strong>licet</strong></span> <span class='ocrx_word' id='word_1_112' title='bbox 1233 1578 1301 1634; x_wconf 90' lang='lat' dir='ltr'><strong>ad</strong></span> <span class='ocrx_word' id='word_1_113' title='bbox 1342 1576 1546 1634; x_wconf 89' lang='lat' dir='ltr'><strong>fontem</strong></span> <span class='ocrx_word' id='word_1_114' title='bbox 1588 1574 1728 1649; x_wconf 74' lang='lat'><strong>(52).</strong></span> <span class='ocrx_word' id='word_1_115' title='bbox 1782 1572 1945 1630; x_wconf 81' lang='lat' dir='ltr'><strong>Vobis</strong></span> <span class='ocrx_word' id='word_1_116' title='bbox 1989 1587 2123 1629; x_wconf 89' lang='lat' dir='ltr'><strong>vero</strong></span> 
     </span>
    </p>
   </div>
   <div class='ocr_carea' id='block_1_18' title="bbox 510 1666 2123 1745">
    <p class='ocr_par' dir='ltr' id='par_1_18' title="bbox 510 1666 2123 1745">
     <span class='ocr_line' id='line_1_18' title="bbox 510 1666 2123 1745; baseline -0.011 -7"><span class='ocrx_word' id='word_1_117' title='bbox 510 1677 911 1743; x_wconf 84' lang='lat' dir='ltr'><strong>schismaticis,</strong></span> <span class='ocrx_word' id='word_1_118' title='bbox 955 1672 1199 1745; x_wconf 85' lang='lat' dir='ltr'><strong>quamvis</strong></span> <span class='ocrx_word' id='word_1_119' title='bbox 1240 1671 1295 1729; x_wconf 88' lang='lat' dir='ltr'><strong>in</strong></span> <span class='ocrx_word' id='word_1_120' title='bbox 1334 1671 1620 1736; x_wconf 40' lang='lat' dir='ltr'><strong>catholica,</strong></span> <span class='ocrx_word' id='word_1_121' title='bbox 1645 1685 1752 1723; x_wconf 93' lang='lat' dir='ltr'><strong>non</strong></span> <span class='ocrx_word' id='word_1_122' title='bbox 1794 1667 1950 1736; x_wconf 88' lang='lat' dir='ltr'><strong>sitis,</strong></span> <span class='ocrx_word' id='word_1_123' title='bbox 2006 1666 2123 1722; x_wconf 84' lang='lat' dir='ltr'><strong>haec</strong></span> 
     </span>
    </p>
   </div>
   <div class='ocr_carea' id='block_1_19' title="bbox 2214 447 3815 516">
    <p class='ocr_par' dir='ltr' id='par_1_19' title="bbox 2214 447 3815 516">
     <span class='ocr_line' id='line_1_19' title="bbox 2214 447 3815 516; baseline -0.001 -9"><span class='ocrx_word' id='word_1_124' title='bbox 2214 451 2560 508; x_wconf 85' lang='lat' dir='ltr'><strong>manifestum</strong></span> <span class='ocrx_word' id='word_1_125' title='bbox 2593 449 2714 507; x_wconf 87' lang='lat' dir='ltr'><strong>est?</strong></span> <span class='ocrx_word' id='word_1_126' title='bbox 2744 467 2840 505; x_wconf 89' lang='lat' dir='ltr'><strong>vos</strong></span> <span class='ocrx_word' id='word_1_127' title='bbox 2870 450 3013 505; x_wconf 92' lang='lat' dir='ltr'><strong>enim</strong></span> <span class='ocrx_word' id='word_1_128' title='bbox 3047 449 3191 505; x_wconf 91' lang='lat' dir='ltr'><strong>foras</strong></span> <span class='ocrx_word' id='word_1_129' title='bbox 3222 448 3430 505; x_wconf 82' lang='lat' dir='ltr'><strong>exiSIis.</strong></span> <span class='ocrx_word' id='word_1_130' title='bbox 3458 447 3728 516; x_wconf 85' lang='lat' dir='ltr'><strong>Quantum</strong></span> <span class='ocrx_word' id='word_1_131' title='bbox 3760 450 3815 505; x_wconf 93' lang='lat' dir='ltr'><strong>in</strong></span> 
     </span>
    </p>
   </div>
   <div class='ocr_carea' id='block_1_20' title="bbox 2215 540 3819 615">
    <p class='ocr_par' dir='ltr' id='par_1_20' title="bbox 2215 540 3819 615">
     <span class='ocr_line' id='line_1_20' title="bbox 2215 540 3819 615; baseline 0.001 -17"><span class='ocrx_word' id='word_1_132' title='bbox 2215 544 2370 599; x_wconf 91' lang='lat' dir='ltr'><strong>nobis</strong></span> <span class='ocrx_word' id='word_1_133' title='bbox 2408 552 2490 599; x_wconf 90' lang='lat' dir='ltr'><strong>est</strong></span> <span class='ocrx_word' id='word_1_134' title='bbox 2516 541 2566 610; x_wconf 70' lang='grc' dir='ltr'>δ,</span> <span class='ocrx_word' id='word_1_135' title='bbox 2602 540 2716 615; x_wconf 91' lang='grc'>(55)</span> <span class='ocrx_word' id='word_1_136' title='bbox 2749 540 3062 598; x_wconf 88' lang='lat' dir='ltr'><strong>volebamus</strong></span> <span class='ocrx_word' id='word_1_137' title='bbox 3094 550 3137 607; x_wconf 75' lang='grc' dir='ltr'>ο,</span> <span class='ocrx_word' id='word_1_138' title='bbox 3186 551 3243 596; x_wconf 91' lang='lat' dir='ltr'><strong>ut</strong></span> <span class='ocrx_word' id='word_1_139' title='bbox 3280 540 3380 598; x_wconf 89' lang='lat' dir='ltr'><strong>soli</strong></span> <span class='ocrx_word' id='word_1_140' title='bbox 3425 540 3819 599; x_wconf 82' lang='lat' dir='ltr'><strong>damnarentur</strong></span> 
     </span>
    </p>
   </div>
   <div class='ocr_carea' id='block_1_21' title="bbox 2215 636 3819 708">
    <p class='ocr_par' dir='ltr' id='par_1_21' title="bbox 2215 636 3819 708">
     <span class='ocr_line' id='line_1_21' title="bbox 2215 636 3819 708; baseline 0.002 -17"><span class='ocrx_word' id='word_1_141' title='bbox 2215 637 2491 694; x_wconf 61' lang='lat' dir='ltr'><strong>haeretici:</strong></span> <span class='ocrx_word' id='word_1_142' title='bbox 2524 645 2784 708; x_wconf 89' lang='lat' dir='ltr'><strong>quantum</strong></span> <span class='ocrx_word' id='word_1_143' title='bbox 2816 636 2865 690; x_wconf 91' lang='lat' dir='ltr'><strong>in</strong></span> <span class='ocrx_word' id='word_1_144' title='bbox 2899 644 2952 692; x_wconf 92' lang='lat' dir='ltr'><strong>te</strong></span> <span class='ocrx_word' id='word_1_145' title='bbox 2981 645 3065 691; x_wconf 90' lang='lat' dir='ltr'><strong>est</strong></span> <span class='ocrx_word' id='word_1_146' title='bbox 3086 677 3099 700; x_wconf 95' lang='lat'><strong>,</strong></span> <span class='ocrx_word' id='word_1_147' title='bbox 3130 636 3290 691; x_wconf 87' lang='lat' dir='ltr'><strong>etiam</strong></span> <span class='ocrx_word' id='word_1_148' title='bbox 3332 650 3430 691; x_wconf 89' lang='lat' dir='ltr'><strong>vos</strong></span> <span class='ocrx_word' id='word_1_149' title='bbox 3472 636 3623 707; x_wconf 89' lang='lat' dir='ltr'><strong>ipsos</strong></span> <span class='ocrx_word' id='word_1_150' title='bbox 3646 678 3661 704; x_wconf 91' lang='lat'><strong>,</strong></span> <span class='ocrx_word' id='word_1_151' title='bbox 3694 650 3819 695; x_wconf 88' lang='lat' dir='ltr'><strong>eum</strong></span> 
     </span>
    </p>
   </div>
   <div class='ocr_carea' id='block_1_22' title="bbox 2217 727 3203 784">
    <p class='ocr_par' dir='ltr' id='par_1_22' title="bbox 2217 727 3203 784">
     <span class='ocr_line' id='line_1_22' title="bbox 2217 727 3203 784; baseline -0.004 0"><span class='ocrx_word' id='word_1_152' title='bbox 2217 729 2298 784; x_wconf 89' lang='lat' dir='ltr'><strong>eis</strong></span> <span class='ocrx_word' id='word_1_153' title='bbox 2332 744 2435 783; x_wconf 88' lang='lat' dir='ltr'><strong>una</strong></span> <span class='ocrx_word' id='word_1_154' title='bbox 2476 728 2749 783; x_wconf 88' lang='lat' dir='ltr'><strong>sententia</strong></span> <span class='ocrx_word' id='word_1_155' title='bbox 2779 727 2940 782; x_wconf 84' lang='lat' dir='ltr'><strong>ferire</strong></span> <span class='ocrx_word' id='word_1_156' title='bbox 2971 727 3203 782; x_wconf 83' lang='lat' dir='ltr'><strong>voluisti.</strong></span> 
     </span>
    </p>
   </div>
   <div class='ocr_carea' id='block_1_23' title="bbox 2289 817 3823 891">
    <p class='ocr_par' dir='ltr' id='par_1_23' title="bbox 2289 817 3823 891">
     <span class='ocr_line' id='line_1_23' title="bbox 2289 817 3823 891; baseline 0.001 -15"><span class='ocrx_word' id='word_1_157' title='bbox 2289 819 2426 877; x_wconf 79' lang='lat' dir='ltr'><strong>Xlll.</strong></span> <span class='ocrx_word' id='word_1_158' title='bbox 2452 819 2699 876; x_wconf 85' lang='lat' dir='ltr'><strong>Auctores</strong></span> <span class='ocrx_word' id='word_1_159' title='bbox 2724 817 3114 875; x_wconf 77' lang='lat' dir='ltr'><strong>Donatistarum</strong></span> <span class='ocrx_word' id='word_1_160' title='bbox 3136 821 3405 875; x_wconf 89' lang='lat' dir='ltr'><strong>traditores</strong></span> <span class='ocrx_word' id='word_1_161' title='bbox 3424 817 3696 891; x_wconf 77' lang='lat' dir='ltr'><strong>fuisse.-—</strong></span> <span class='ocrx_word' id='word_1_162' title='bbox 3711 819 3823 877; x_wconf 88' lang='lat' dir='ltr'><strong>Sed</strong></span> 
     </span>
    </p>
   </div>
   <div class='ocr_carea' id='block_1_24' title="bbox 2214 911 3827 986">
    <p class='ocr_par' dir='ltr' id='par_1_24' title="bbox 2214 911 3827 986">
     <span class='ocr_line' id='line_1_24' title="bbox 2214 911 3827 986; baseline 0 -17"><span class='ocrx_word' id='word_1_163' title='bbox 2214 913 2361 986; x_wconf 80' lang='lat' dir='ltr'><strong>jam,</strong></span> <span class='ocrx_word' id='word_1_164' title='bbox 2396 920 2453 969; x_wconf 92' lang='lat' dir='ltr'><strong>ut</strong></span> <span class='ocrx_word' id='word_1_165' title='bbox 2481 914 2549 969; x_wconf 89' lang='lat' dir='ltr'><strong>ad</strong></span> <span class='ocrx_word' id='word_1_166' title='bbox 2592 913 2930 985; x_wconf 90' lang='lat' dir='ltr'><strong>propositum</strong></span> <span class='ocrx_word' id='word_1_167' title='bbox 2969 911 3303 983; x_wconf 90' lang='lat' dir='ltr'><strong>singularum</strong></span> <span class='ocrx_word' id='word_1_168' title='bbox 3346 927 3527 968; x_wconf 89' lang='lat' dir='ltr'><strong>rerum</strong></span> <span class='ocrx_word' id='word_1_169' title='bbox 3567 912 3827 969; x_wconf 86' lang='lat' dir='ltr'><strong>ordinem</strong></span> 
     </span>
    </p>
   </div>
   <div class='ocr_carea' id='block_1_25' title="bbox 2218 1005 3823 1078">
    <p class='ocr_par' dir='ltr' id='par_1_25' title="bbox 2218 1005 3823 1078">
     <span class='ocr_line' id='line_1_25' title="bbox 2218 1005 3823 1078; baseline -0.001 -14"><span class='ocrx_word' id='word_1_170' title='bbox 2218 1008 2506 1065; x_wconf 89' lang='lat' dir='ltr'><strong>redeamus</strong></span> <span class='ocrx_word' id='word_1_171' title='bbox 2526 1051 2540 1075; x_wconf 90' lang='lat'><strong>,</strong></span> <span class='ocrx_word' id='word_1_172' title='bbox 2575 1007 2753 1078; x_wconf 89' lang='lat' dir='ltr'><strong>primo</strong></span> <span class='ocrx_word' id='word_1_173' title='bbox 2784 1008 2905 1063; x_wconf 94' lang='lat' dir='ltr'><strong>loco</strong></span> <span class='ocrx_word' id='word_1_174' title='bbox 2934 1005 3059 1062; x_wconf 88' lang='lat' dir='ltr'><strong>audi</strong></span> <span class='ocrx_word' id='word_1_175' title='bbox 3083 1048 3098 1074; x_wconf 96' lang='lat'><strong>,</strong></span> <span class='ocrx_word' id='word_1_176' title='bbox 3128 1007 3219 1078; x_wconf 91' lang='lat' dir='ltr'><strong>qui</strong></span> <span class='ocrx_word' id='word_1_177' title='bbox 3252 1006 3452 1062; x_wconf 77' lang='lat' dir='ltr'><strong>fuerint</strong></span> <span class='ocrx_word' id='word_1_178' title='bbox 3500 1006 3823 1074; x_wconf 86' lang='lat' dir='ltr'><strong>traditores,</strong></span> 
     </span>
    </p>
   </div>
   <div class='ocr_carea' id='block_1_26' title="bbox 2219 1098 3829 1175">
    <p class='ocr_par' dir='ltr' id='par_1_26' title="bbox 2219 1098 3829 1175">
     <span class='ocr_line' id='line_1_26' title="bbox 2219 1098 3829 1175; baseline -0.002 -15"><span class='ocrx_word' id='word_1_179' title='bbox 2219 1111 2272 1160; x_wconf 92' lang='lat' dir='ltr'><strong>et</strong></span> <span class='ocrx_word' id='word_1_180' title='bbox 2304 1102 2517 1175; x_wconf 88' lang='lat' dir='ltr'><strong>plenius</strong></span> <span class='ocrx_word' id='word_1_181' title='bbox 2546 1108 2797 1159; x_wconf 86' lang='lat' dir='ltr'><strong>auctores</strong></span> <span class='ocrx_word' id='word_1_182' title='bbox 2835 1100 3144 1157; x_wconf 88' lang='lat' dir='ltr'><strong>sebismatis</strong></span> <span class='ocrx_word' id='word_1_183' title='bbox 3184 1099 3350 1156; x_wconf 87' lang='lat' dir='ltr'><strong>disce.</strong></span> <span class='ocrx_word' id='word_1_184' title='bbox 3399 1100 3455 1155; x_wconf 92' lang='lat' dir='ltr'><strong>In</strong></span> <span class='ocrx_word' id='word_1_185' title='bbox 3488 1098 3672 1156; x_wconf 84' lang='lat' dir='ltr'><strong>Africa</strong></span> <span class='ocrx_word' id='word_1_186' title='bbox 3712 1098 3829 1156; x_wconf 87' lang='lat' dir='ltr'><strong>duo</strong></span> 
     </span>
    </p>
   </div>
   <div class='ocr_carea' id='block_1_27' title="bbox 2222 1193 3828 1269">
    <p class='ocr_par' dir='ltr' id='par_1_27' title="bbox 2222 1193 3828 1269">
     <span class='ocr_line' id='line_1_27' title="bbox 2222 1193 3828 1269; baseline -0.003 -14"><span class='ocrx_word' id='word_1_187' title='bbox 2222 1200 2360 1255; x_wconf 90' lang='lat' dir='ltr'><strong>mala</strong></span> <span class='ocrx_word' id='word_1_188' title='bbox 2402 1207 2457 1254; x_wconf 92' lang='lat' dir='ltr'><strong>et</strong></span> <span class='ocrx_word' id='word_1_189' title='bbox 2493 1198 2730 1269; x_wconf 86' lang='lat' dir='ltr'><strong>pessima</strong></span> <span class='ocrx_word' id='word_1_190' title='bbox 2773 1194 3011 1251; x_wconf 84' lang='lat' dir='ltr'><strong>admissa</strong></span> <span class='ocrx_word' id='word_1_191' title='bbox 3051 1208 3173 1250; x_wconf 91' lang='lat' dir='ltr'><strong>esse</strong></span> <span class='ocrx_word' id='word_1_192' title='bbox 3210 1203 3461 1263; x_wconf 84' lang='lat' dir='ltr'><strong>constat,</strong></span> <span class='ocrx_word' id='word_1_193' title='bbox 3505 1193 3622 1268; x_wconf 75' lang='grc'>(54)</span> <span class='ocrx_word' id='word_1_194' title='bbox 3654 1210 3828 1250; x_wconf 88' lang='lat' dir='ltr'><strong>unum</strong></span> 
     </span>
    </p>
   </div>
   <div class='ocr_carea' id='block_1_28' title="bbox 2223 1285 3833 1357">
    <p class='ocr_par' dir='ltr' id='par_1_28' title="bbox 2223 1285 3833 1357">
     <span class='ocr_line' id='line_1_28' title="bbox 2223 1285 3833 1357; baseline -0.002 -10"><span class='ocrx_word' id='word_1_195' title='bbox 2223 1291 2277 1347; x_wconf 90' lang='lat' dir='ltr'><strong>in</strong></span> <span class='ocrx_word' id='word_1_196' title='bbox 2330 1288 2656 1354; x_wconf 90' lang='lat' dir='ltr'><strong>traditione,</strong></span> <span class='ocrx_word' id='word_1_197' title='bbox 2706 1289 2936 1344; x_wconf 90' lang='lat' dir='ltr'><strong>alterum</strong></span> <span class='ocrx_word' id='word_1_198' title='bbox 2980 1287 3036 1342; x_wconf 89' lang='lat' dir='ltr'><strong>in</strong></span> <span class='ocrx_word' id='word_1_199' title='bbox 3084 1285 3407 1343; x_wconf 85' lang='lat' dir='ltr'><strong>schismate:</strong></span> <span class='ocrx_word' id='word_1_200' title='bbox 3453 1285 3549 1342; x_wconf 91' lang='lat' dir='ltr'><strong>sed</strong></span> <span class='ocrx_word' id='word_1_201' title='bbox 3597 1296 3833 1357; x_wconf 88' lang='lat' dir='ltr'><strong>utraque</strong></span> 
     </span>
    </p>
   </div>
   <div class='ocr_carea' id='block_1_29' title="bbox 2225 1380 3833 1453">
    <p class='ocr_par' dir='ltr' id='par_1_29' title="bbox 2225 1380 3833 1453">
     <span class='ocr_line' id='line_1_29' title="bbox 2225 1380 3833 1453; baseline -0.001 -12"><span class='ocrx_word' id='word_1_202' title='bbox 2225 1384 2364 1441; x_wconf 90' lang='lat' dir='ltr'><strong>mala</strong></span> <span class='ocrx_word' id='word_1_203' title='bbox 2382 1428 2397 1451; x_wconf 83' lang='lat'><strong>,</strong></span> <span class='ocrx_word' id='word_1_204' title='bbox 2422 1394 2477 1440; x_wconf 90' lang='lat' dir='ltr'><strong>et</strong></span> <span class='ocrx_word' id='word_1_205' title='bbox 2506 1400 2613 1441; x_wconf 92' lang='lat' dir='ltr'><strong>uno</strong></span> <span class='ocrx_word' id='word_1_206' title='bbox 2636 1390 2912 1453; x_wconf 90' lang='lat' dir='ltr'><strong>tempore,</strong></span> <span class='ocrx_word' id='word_1_207' title='bbox 2942 1392 2995 1438; x_wconf 87' lang='lat' dir='ltr'><strong>et</strong></span> <span class='ocrx_word' id='word_1_208' title='bbox 3019 1380 3207 1438; x_wconf 89' lang='lat' dir='ltr'><strong>iisdem</strong></span> <span class='ocrx_word' id='word_1_209' title='bbox 3236 1381 3547 1437; x_wconf 85' lang='lat' dir='ltr'><strong>auctoribus</strong></span> <span class='ocrx_word' id='word_1_210' title='bbox 3573 1380 3833 1439; x_wconf 79' lang='lat' dir='ltr'><strong>videntur</strong></span> 
     </span>
    </p>
   </div>
   <div class='ocr_carea' id='block_1_30' title="bbox 2226 1475 3830 1547">
    <p class='ocr_par' dir='ltr' id='par_1_30' title="bbox 2226 1475 3830 1547">
     <span class='ocr_line' id='line_1_30' title="bbox 2226 1475 3830 1547; baseline -0.001 -12"><span class='ocrx_word' id='word_1_211' title='bbox 2226 1494 2347 1535; x_wconf 89' lang='lat' dir='ltr'><strong>esse</strong></span> <span class='ocrx_word' id='word_1_212' title='bbox 2373 1477 2683 1534; x_wconf 88' lang='lat' dir='ltr'><strong>commissa.</strong></span> <span class='ocrx_word' id='word_1_213' title='bbox 2719 1476 2895 1533; x_wconf 87' lang='lat' dir='ltr'><strong>Debes</strong></span> <span class='ocrx_word' id='word_1_214' title='bbox 2923 1491 3075 1547; x_wconf 88' lang='lat' dir='ltr'><strong>ergo,</strong></span> <span class='ocrx_word' id='word_1_215' title='bbox 3108 1476 3271 1532; x_wconf 82' lang='lat' dir='ltr'><strong>frater</strong></span> <span class='ocrx_word' id='word_1_216' title='bbox 3303 1475 3675 1545; x_wconf 88' lang='lat' dir='ltr'><strong>Parmeniane,</strong></span> <span class='ocrx_word' id='word_1_217' title='bbox 3709 1476 3830 1533; x_wconf 85' lang='lat' dir='ltr'><strong>dis-</strong></span> 
     </span>
    </p>
   </div>
   <div class='ocr_carea' id='block_1_31' title="bbox 2226 1567 3835 1641">
    <p class='ocr_par' dir='ltr' id='par_1_31' title="bbox 2226 1567 3835 1641">
     <span class='ocr_line' id='line_1_31' title="bbox 2226 1567 3835 1641; baseline -0.002 -12"><span class='ocrx_word' id='word_1_218' title='bbox 2226 1587 2386 1638; x_wconf 89' lang='lat' dir='ltr'><strong>cere,</strong></span> <span class='ocrx_word' id='word_1_219' title='bbox 2437 1571 2580 1641; x_wconf 86' lang='lat' dir='ltr'><strong>quod</strong></span> <span class='ocrx_word' id='word_1_220' title='bbox 2630 1569 2946 1641; x_wconf 87' lang='lat' dir='ltr'><strong>intelligeris</strong></span> <span class='ocrx_word' id='word_1_221' title='bbox 2990 1568 3259 1641; x_wconf 82' lang='lat' dir='ltr'><strong>ignorare.</strong></span> <span class='ocrx_word' id='word_1_222' title='bbox 3308 1567 3440 1624; x_wconf 85' lang='lat' dir='ltr'><strong>Nam</strong></span> <span class='ocrx_word' id='word_1_223' title='bbox 3487 1567 3658 1625; x_wconf 81' lang='lat' dir='ltr'><strong>ferme</strong></span> <span class='ocrx_word' id='word_1_224' title='bbox 3698 1578 3835 1626; x_wconf 86' lang='lat' dir='ltr'><strong>ante</strong></span> 
     </span>
    </p>
   </div>
   <div class='ocr_carea' id='block_1_32' title="bbox 2226 1662 3836 1738">
    <p class='ocr_par' dir='ltr' id='par_1_32' title="bbox 2226 1662 3836 1738">
     <span class='ocr_line' id='line_1_32' title="bbox 2226 1662 3836 1738; baseline -0.002 -15"><span class='ocrx_word' id='word_1_225' title='bbox 2226 1672 2401 1723; x_wconf 82' lang='lat' dir='ltr'><strong>annos</strong></span> <span class='ocrx_word' id='word_1_226' title='bbox 2422 1666 2719 1737; x_wconf 81' lang='lat' dir='ltr'><strong>sexaginta,</strong></span> <span class='ocrx_word' id='word_1_227' title='bbox 2742 1672 2797 1719; x_wconf 91' lang='lat' dir='ltr'><strong>et</strong></span> <span class='ocrx_word' id='word_1_228' title='bbox 2813 1663 2913 1738; x_wconf 77' lang='lat'><strong>13</strong></span> <span class='ocrx_word' id='word_1_229' title='bbox 2925 1663 3068 1734; x_wconf 89' lang='lat' dir='ltr'><strong>quod</strong></span> <span class='ocrx_word' id='word_1_230' title='bbox 3093 1663 3347 1724; x_wconf 80' lang='lat' dir='ltr'><strong>excurrit.</strong></span> <span class='ocrx_word' id='word_1_231' title='bbox 3384 1679 3478 1734; x_wconf 91' lang='lat' dir='ltr'><strong>per</strong></span> <span class='ocrx_word' id='word_1_232' title='bbox 3500 1671 3662 1718; x_wconf 88' lang='lat' dir='ltr'><strong>totam</strong></span> <span class='ocrx_word' id='word_1_233' title='bbox 3687 1662 3836 1720; x_wconf 79' lang='lat' dir='ltr'><strong>Afri-</strong></span> 
     </span>
    </p>
   </div>
   <div class='ocr_carea' id='block_1_33' title="bbox 512 1751 3831 1847">
    <p class='ocr_par' dir='ltr' id='par_1_33' title="bbox 512 1751 3831 1847">
     <span class='ocr_line' id='line_1_33' title="bbox 512 1751 3831 1847; baseline -0.007 -14"><span class='ocrx_word' id='word_1_234' title='bbox 512 1773 702 1847; x_wconf 88' lang='lat' dir='ltr'><strong>negari</strong></span> <span class='ocrx_word' id='word_1_235' title='bbox 752 1786 859 1827; x_wconf 90' lang='lat' dir='ltr'><strong>non</strong></span> <span class='ocrx_word' id='word_1_236' title='bbox 910 1778 1173 1841; x_wconf 87' lang='lat' dir='ltr'><strong>possunt,</strong></span> <span class='ocrx_word' id='word_1_237' title='bbox 1213 1767 1341 1839; x_wconf 90' lang='lat' dir='ltr'><strong>quia</strong></span> <span class='ocrx_word' id='word_1_238' title='bbox 1383 1766 1665 1822; x_wconf 86' lang='lat' dir='ltr'><strong>nobiscum</strong></span> <span class='ocrx_word' id='word_1_239' title='bbox 1705 1776 1830 1820; x_wconf 84' lang='lat' dir='ltr'><strong>vera</strong></span> <span class='ocrx_word' id='word_1_240' title='bbox 1870 1772 1926 1818; x_wconf 92' lang='lat' dir='ltr'><strong>et</strong></span> <span class='ocrx_word' id='word_1_241' title='bbox 1969 1776 2121 1818; x_wconf 92' lang='lat' dir='ltr'><strong>com-</strong></span> <span class='ocrx_word' id='word_1_242' title='bbox 2151 1763 2199 1822; x_wconf 90' lang='lat' dir='ltr'><strong>B</strong></span> <span class='ocrx_word' id='word_1_243' title='bbox 2225 1773 2343 1814; x_wconf 83' lang='lat' dir='ltr'><strong>Cant</strong></span> <span class='ocrx_word' id='word_1_244' title='bbox 2372 1755 2763 1828; x_wconf 88' lang='lat' dir='ltr'><strong>persecutionis</strong></span> <span class='ocrx_word' id='word_1_245' title='bbox 2789 1763 2872 1812; x_wconf 88' lang='lat' dir='ltr'><strong>est</strong></span> <span class='ocrx_word' id='word_1_246' title='bbox 2893 1754 3135 1827; x_wconf 83' lang='lat' dir='ltr'><strong>divagata</strong></span> <span class='ocrx_word' id='word_1_247' title='bbox 3164 1752 3191 1791; x_wconf 77' lang='grc' dir='ltr'>ἀ</span> <span class='ocrx_word' id='word_1_248' title='bbox 3222 1756 3336 1826; x_wconf 74' lang='grc'>(55)</span> <span class='ocrx_word' id='word_1_249' title='bbox 3366 1762 3658 1829; x_wconf 77' lang='lat' dir='ltr'><strong>tempestas</strong></span> <span class='ocrx_word' id='word_1_250' title='bbox 3684 1751 3831 1828; x_wconf 82' lang='lat'><strong>(56):</strong></span> 
     </span>
    </p>
   </div>
   <div class='ocr_carea' id='block_1_34' title="bbox 513 1852 2120 1926">
    <p class='ocr_par' dir='ltr' id='par_1_34' title="bbox 513 1852 2120 1926">
     <span class='ocr_line' id='line_1_34' title="bbox 513 1852 2120 1926; baseline -0.01 -3"><span class='ocrx_word' id='word_1_251' title='bbox 513 1867 696 1922; x_wconf 88' lang='lat' dir='ltr'><strong>munia</strong></span> <span class='ocrx_word' id='word_1_252' title='bbox 728 1874 1070 1921; x_wconf 89' lang='lat' dir='ltr'><strong>sacramenta</strong></span> <span class='ocrx_word' id='word_1_253' title='bbox 1101 1860 1361 1917; x_wconf 83' lang='lat' dir='ltr'><strong>traxistis.</strong></span> <span class='ocrx_word' id='word_1_254' title='bbox 1396 1859 1576 1926; x_wconf 82' lang='lat' dir='ltr'><strong>Quare</strong></span> <span class='ocrx_word' id='word_1_255' title='bbox 1615 1871 1737 1913; x_wconf 86' lang='lat' dir='ltr'><strong>cum</strong></span> <span class='ocrx_word' id='word_1_256' title='bbox 1780 1856 1897 1910; x_wconf 73' lang='lat' dir='ltr'><strong>hzec</strong></span> <span class='ocrx_word' id='word_1_257' title='bbox 1937 1852 2120 1908; x_wconf 90' lang='lat' dir='ltr'><strong>omnia</strong></span> 
     </span>
    </p>
   </div>
   <div class='ocr_carea' id='block_1_35' title="bbox 508 1945 2118 2024">
    <p class='ocr_par' dir='ltr' id='par_1_35' title="bbox 508 1945 2118 2024">
     <span class='ocr_line' id='line_1_35' title="bbox 508 1945 2118 2024; baseline -0.009 -9"><span class='ocrx_word' id='word_1_258' title='bbox 508 1956 786 2015; x_wconf 68' lang='lat' dir='ltr'><strong>haereticis</strong></span> <span class='ocrx_word' id='word_1_259' title='bbox 813 1955 954 2012; x_wconf 91' lang='lat' dir='ltr'><strong>bene</strong></span> <span class='ocrx_word' id='word_1_260' title='bbox 983 1962 1271 2024; x_wconf 80' lang='lat' dir='ltr'><strong>negentur,</strong></span> <span class='ocrx_word' id='word_1_261' title='bbox 1314 1949 1442 2022; x_wconf 89' lang='lat' dir='ltr'><strong>quid</strong></span> <span class='ocrx_word' id='word_1_262' title='bbox 1486 1949 1582 2004; x_wconf 90' lang='lat' dir='ltr'><strong>tibi</strong></span> <span class='ocrx_word' id='word_1_263' title='bbox 1623 1950 1797 2004; x_wconf 86' lang='lat' dir='ltr'><strong>visum</strong></span> <span class='ocrx_word' id='word_1_264' title='bbox 1839 1956 1957 2014; x_wconf 84' lang='lat' dir='ltr'><strong>est,</strong></span> <span class='ocrx_word' id='word_1_265' title='bbox 2000 1945 2118 2000; x_wconf 70' lang='lat' dir='ltr'><strong>btee</strong></span> 
     </span>
    </p>
   </div>
   <div class='ocr_carea' id='block_1_36' title="bbox 2225 1848 3836 1923">
    <p class='ocr_par' dir='ltr' id='par_1_36' title="bbox 2225 1848 3836 1923">
     <span class='ocr_line' id='line_1_36' title="bbox 2225 1848 3836 1923; baseline 0 -18"><span class='ocrx_word' id='word_1_266' title='bbox 2225 1868 2346 1923; x_wconf 83' lang='lat' dir='ltr'><strong>quae</strong></span> <span class='ocrx_word' id='word_1_267' title='bbox 2390 1852 2524 1905; x_wconf 89' lang='lat' dir='ltr'><strong>alios</strong></span> <span class='ocrx_word' id='word_1_268' title='bbox 2569 1849 2759 1905; x_wconf 80' lang='lat' dir='ltr'><strong>fecerit</strong></span> <span class='ocrx_word' id='word_1_269' title='bbox 2804 1857 3070 1920; x_wconf 85' lang='lat' dir='ltr'><strong>martyres</strong></span> <span class='ocrx_word' id='word_1_270' title='bbox 3112 1848 3260 1919; x_wconf 84' lang='grc'>(57),</span> <span class='ocrx_word' id='word_1_271' title='bbox 3310 1849 3447 1904; x_wconf 86' lang='lat' dir='ltr'><strong>alios</strong></span> <span class='ocrx_word' id='word_1_272' title='bbox 3487 1849 3836 1905; x_wconf 71' lang='lat' dir='ltr'><strong>confessores</strong></span> 
     </span>
    </p>
   </div>
   <div class='ocr_carea' id='block_1_37' title="bbox 2226 1940 3838 2016">
    <p class='ocr_par' dir='ltr' id='par_1_37' title="bbox 2226 1940 3838 2016">
     <span class='ocr_line' id='line_1_37' title="bbox 2226 1940 3838 2016; baseline -0.001 -18"><span class='ocrx_word' id='word_1_273' title='bbox 2226 1942 2379 2016; x_wconf 77' lang='lat'><strong>(58),</strong></span> <span class='ocrx_word' id='word_1_274' title='bbox 2428 1941 2719 1997; x_wconf 87' lang='lat' dir='ltr'><strong>nonnullos</strong></span> <span class='ocrx_word' id='word_1_275' title='bbox 2774 1940 3045 1998; x_wconf 85' lang='lat' dir='ltr'><strong>funestam</strong></span> <span class='ocrx_word' id='word_1_276' title='bbox 3078 1940 3193 2013; x_wconf 91' lang='grc'>(59)</span> <span class='ocrx_word' id='word_1_277' title='bbox 3225 1942 3523 2012; x_wconf 85' lang='lat' dir='ltr'><strong>prostravit</strong></span> <span class='ocrx_word' id='word_1_278' title='bbox 3579 1941 3635 1995; x_wconf 91' lang='lat' dir='ltr'><strong>in</strong></span> <span class='ocrx_word' id='word_1_279' title='bbox 3685 1956 3838 1997; x_wconf 90' lang='lat' dir='ltr'><strong>mor-</strong></span> 
     </span>
    </p>
   </div>
   <div class='ocr_carea' id='block_1_38' title="bbox 1747 2063 2587 2125">
    <p class='ocr_par' dir='ltr' id='par_1_38' title="bbox 1747 2063 2587 2125">
     <span class='ocr_line' id='line_1_38' title="bbox 1747 2063 2587 2125; baseline -0.005 0"><span class='ocrx_word' id='word_1_280' title='bbox 1747 2066 2128 2125; x_wconf 85' lang='lat' dir='ltr'><strong>LECTIONES</strong></span> <span class='ocrx_word' id='word_1_281' title='bbox 2166 2063 2587 2123; x_wconf 78' lang='lat' dir='ltr'><strong>VARIANTES.</strong></span> 
     </span>
    </p>
   </div>
   <div class='ocr_carea' id='block_1_39' title="bbox 576 2161 1513 2225">
    <p class='ocr_par' dir='ltr' id='par_1_39' title="bbox 576 2161 1513 2225">
     <span class='ocr_line' id='line_1_39' title="bbox 576 2161 1513 2225; baseline -0.011 -4"><span class='ocrx_word' id='word_1_282' title='bbox 576 2171 604 2202; x_wconf 76' lang='grc'><strong><em>⁸</em></strong></span> <span class='ocrx_word' id='word_1_283' title='bbox 638 2170 695 2220; x_wconf 92' lang='lat' dir='ltr'><strong>ln</strong></span> <span class='ocrx_word' id='word_1_284' title='bbox 716 2182 807 2220; x_wconf 78' lang='lat' dir='ltr'><strong>nis.</strong></span> <span class='ocrx_word' id='word_1_285' title='bbox 829 2169 881 2218; x_wconf 85' lang='lat' dir='ltr'><strong>S.</strong></span> <span class='ocrx_word' id='word_1_286' title='bbox 904 2166 963 2217; x_wconf 68' lang='grc' dir='ltr'><strong>(ἱ.</strong></span> <span class='ocrx_word' id='word_1_287' title='bbox 987 2172 1033 2217; x_wconf 92' lang='lat' dir='ltr'><strong>et</strong></span> <span class='ocrx_word' id='word_1_288' title='bbox 1048 2163 1203 2225; x_wconf 83' lang='lat' dir='ltr'><strong>varia,</strong></span> <span class='ocrx_word' id='word_1_289' title='bbox 1222 2161 1349 2213; x_wconf 84' lang='lat' dir='ltr'><strong>forte</strong></span> <span class='ocrx_word' id='word_1_290' title='bbox 1372 2175 1513 2213; x_wconf 81' lang='lat' dir='ltr'><strong>vana.</strong></span> 
     </span>
    </p>
   </div>
   <div class='ocr_carea' id='block_1_40' title="bbox 574 2224 2117 2287">
    <p class='ocr_par' dir='ltr' id='par_1_40' title="bbox 574 2224 2117 2287">
     <span class='ocr_line' id='line_1_40' title="bbox 574 2224 2117 2287; baseline -0.007 -4"><span class='ocrx_word' id='word_1_291' title='bbox 574 2231 605 2271; x_wconf 74' lang='grc' dir='ltr'>ιι</span> <span class='ocrx_word' id='word_1_292' title='bbox 639 2233 711 2283; x_wconf 86' lang='lat' dir='ltr'><strong>Ita</strong></span> <span class='ocrx_word' id='word_1_293' title='bbox 748 2235 797 2281; x_wconf 88' lang='lat' dir='ltr'><strong>in</strong></span> <span class='ocrx_word' id='word_1_294' title='bbox 842 2243 958 2280; x_wconf 82' lang='lat' dir='ltr'><strong>mss.</strong></span> <span class='ocrx_word' id='word_1_295' title='bbox 984 2230 1037 2278; x_wconf 84' lang='lat' dir='ltr'><strong>S.</strong></span> <span class='ocrx_word' id='word_1_296' title='bbox 1059 2227 1118 2278; x_wconf 89' lang='lat' dir='ltr'><strong>T.</strong></span> <span class='ocrx_word' id='word_1_297' title='bbox 1148 2224 1201 2276; x_wconf 84' lang='lat' dir='ltr'><strong>et</strong></span> <span class='ocrx_word' id='word_1_298' title='bbox 1222 2227 1275 2277; x_wconf 92' lang='lat' dir='ltr'><strong>S.</strong></span> <span class='ocrx_word' id='word_1_299' title='bbox 1302 2225 1362 2276; x_wconf 88' lang='lat' dir='ltr'><strong>G.</strong></span> <span class='ocrx_word' id='word_1_300' title='bbox 1389 2225 1445 2275; x_wconf 83' lang='lat' dir='ltr'><strong>In</strong></span> <span class='ocrx_word' id='word_1_301' title='bbox 1470 2225 1615 2275; x_wconf 85' lang='lat' dir='ltr'><strong>editis</strong></span> <span class='ocrx_word' id='word_1_302' title='bbox 1654 2224 1863 2287; x_wconf 84' lang='lat' dir='ltr'><strong>habetur</strong></span> <span class='ocrx_word' id='word_1_303' title='bbox 1884 2228 2117 2287; x_wconf 88' lang='lat' dir='ltr'><strong>quantum</strong></span> 
     </span>
    </p>
   </div>
   <div class='ocr_carea' id='block_1_41' title="bbox 508 2286 2114 2353">
    <p class='ocr_par' dir='ltr' id='par_1_41' title="bbox 508 2286 2114 2353">
     <span class='ocr_line' id='line_1_41' title="bbox 508 2286 2114 2353; baseline -0.008 -3"><span class='ocrx_word' id='word_1_304' title='bbox 508 2295 563 2349; x_wconf 78' lang='lat' dir='ltr'><strong>in</strong></span> <span class='ocrx_word' id='word_1_305' title='bbox 594 2293 724 2347; x_wconf 79' lang='lat' dir='ltr'><strong>vobis</strong></span> <span class='ocrx_word' id='word_1_306' title='bbox 758 2298 847 2352; x_wconf 80' lang='lat' dir='ltr'><strong>est,</strong></span> <span class='ocrx_word' id='word_1_307' title='bbox 873 2298 926 2342; x_wconf 87' lang='lat' dir='ltr'><strong>et</strong></span> <span class='ocrx_word' id='word_1_308' title='bbox 956 2291 1230 2353; x_wconf 84' lang='lat' dir='ltr'><strong>junguntur</strong></span> <span class='ocrx_word' id='word_1_309' title='bbox 1271 2290 1361 2338; x_wconf 87' lang='lat' dir='ltr'><strong>ista</strong></span> <span class='ocrx_word' id='word_1_310' title='bbox 1400 2301 1509 2337; x_wconf 88' lang='lat' dir='ltr'><strong>cum</strong></span> <span class='ocrx_word' id='word_1_311' title='bbox 1536 2286 1956 2353; x_wconf 58' lang='lat' dir='ltr'><strong>praecedentibus,</strong></span> <span class='ocrx_word' id='word_1_312' title='bbox 1980 2286 2114 2349; x_wconf 82' lang='lat' dir='ltr'><strong>foras</strong></span> 
     </span>
    </p>
   </div>
   <div class='ocr_carea' id='block_1_42' title="bbox 510 2345 2119 2420">
    <p class='ocr_par' dir='ltr' id='par_1_42' title="bbox 510 2345 2119 2420">
     <span class='ocr_line' id='line_1_42' title="bbox 510 2345 2119 2420; baseline -0.008 -8"><span class='ocrx_word' id='word_1_313' title='bbox 510 2345 682 2413; x_wconf 53' lang='lat' dir='ltr'><strong>existis</strong></span> <span class='ocrx_word' id='word_1_314' title='bbox 698 2370 717 2420; x_wconf 88' lang='grc'><strong><em>;</em></strong></span> <span class='ocrx_word' id='word_1_315' title='bbox 734 2345 824 2408; x_wconf 81' lang='lat' dir='ltr'><strong>sed</strong></span> <span class='ocrx_word' id='word_1_316' title='bbox 834 2345 1237 2406; x_wconf 55' lang='lat' dir='ltr'><strong>&#39;emeitdaiionem</strong></span> <span class='ocrx_word' id='word_1_317' title='bbox 1253 2357 1463 2400; x_wconf 84' lang='lat' dir='ltr'><strong>nostram</strong></span> <span class='ocrx_word' id='word_1_318' title='bbox 1481 2345 1734 2400; x_wconf 78' lang='lat' dir='ltr'><strong>conﬁrmat</strong></span> <span class='ocrx_word' id='word_1_319' title='bbox 1749 2345 1990 2400; x_wconf 81' lang='lat' dir='ltr'><strong>orationis</strong></span> <span class='ocrx_word' id='word_1_320' title='bbox 2004 2360 2119 2412; x_wconf 81' lang='lat' dir='ltr'><strong>pars</strong></span> 
     </span>
    </p>
   </div>
   <div class='ocr_carea' id='block_1_43' title="bbox 2224 2157 2892 2221">
    <p class='ocr_par' dir='ltr' id='par_1_43' title="bbox 2224 2157 2892 2221">
     <span class='ocr_line' id='line_1_43' title="bbox 2224 2157 2892 2221; baseline -0.003 -13"><span class='ocrx_word' id='word_1_321' title='bbox 2224 2158 2401 2217; x_wconf 83' lang='lat' dir='ltr'><strong>altera,</strong></span> <span class='ocrx_word' id='word_1_322' title='bbox 2419 2163 2649 2221; x_wconf 76' lang='lat' dir='ltr'><strong>quantum</strong></span> <span class='ocrx_word' id='word_1_323' title='bbox 2673 2157 2725 2221; x_wconf 83' lang='lat' dir='ltr'><strong>in</strong></span> <span class='ocrx_word' id='word_1_324' title='bbox 2740 2164 2786 2209; x_wconf 89' lang='lat' dir='ltr'><strong>te</strong></span> <span class='ocrx_word' id='word_1_325' title='bbox 2804 2165 2892 2210; x_wconf 85' lang='lat' dir='ltr'><strong>est.</strong></span> 
     </span>
    </p>
   </div>
   <div class='ocr_carea' id='block_1_44' title="bbox 2290 2218 3641 2281">
    <p class='ocr_par' dir='ltr' id='par_1_44' title="bbox 2290 2218 3641 2281">
     <span class='ocr_line' id='line_1_44' title="bbox 2290 2218 3641 2281; baseline 0.002 -11"><span class='ocrx_word' id='word_1_326' title='bbox 2290 2224 2311 2251; x_wconf 74' lang='grc' dir='ltr'><strong>ο</strong></span> <span class='ocrx_word' id='word_1_327' title='bbox 2351 2218 2495 2271; x_wconf 59' lang='grc' dir='ltr'><strong>Ιιειῖιι</strong></span> <span class='ocrx_word' id='word_1_328' title='bbox 2515 2234 2605 2270; x_wconf 88' lang='lat' dir='ltr'><strong>ms.</strong></span> <span class='ocrx_word' id='word_1_329' title='bbox 2630 2221 2682 2272; x_wconf 92' lang='lat' dir='ltr'><strong>S.</strong></span> <span class='ocrx_word' id='word_1_330' title='bbox 2704 2220 2763 2271; x_wconf 90' lang='lat' dir='ltr'><strong>G.</strong></span> <span class='ocrx_word' id='word_1_331' title='bbox 2790 2221 2845 2270; x_wconf 88' lang='lat' dir='ltr'><strong>In</strong></span> <span class='ocrx_word' id='word_1_332' title='bbox 2867 2219 2994 2281; x_wconf 88' lang='lat' dir='ltr'><strong>aliis,</strong></span> <span class='ocrx_word' id='word_1_333' title='bbox 3022 2218 3254 2272; x_wconf 80' lang='lat' dir='ltr'><strong>uolebam.</strong></span> <span class='ocrx_word' id='word_1_334' title='bbox 3284 2219 3423 2271; x_wconf 88' lang='lat' dir='ltr'><strong>Idem</strong></span> <span class='ocrx_word' id='word_1_335' title='bbox 3445 2232 3641 2273; x_wconf 81' lang='lat' dir='ltr'><strong>sensus.</strong></span> 
     </span>
    </p>
   </div>
   <div class='ocr_carea' id='block_1_45' title="bbox 2285 2281 3837 2345">
    <p class='ocr_par' dir='ltr' id='par_1_45' title="bbox 2285 2281 3837 2345">
     <span class='ocr_line' id='line_1_45' title="bbox 2285 2281 3837 2345; baseline 0.001 -12"><span class='ocrx_word' id='word_1_336' title='bbox 2285 2287 2314 2323; x_wconf 75' lang='grc' dir='ltr'><strong>ιι</strong></span> <span class='ocrx_word' id='word_1_337' title='bbox 2349 2284 2404 2334; x_wconf 87' lang='lat' dir='ltr'><strong>In</strong></span> <span class='ocrx_word' id='word_1_338' title='bbox 2446 2298 2535 2334; x_wconf 87' lang='lat' dir='ltr'><strong>ms.</strong></span> <span class='ocrx_word' id='word_1_339' title='bbox 2573 2286 2625 2335; x_wconf 92' lang='lat' dir='ltr'><strong>S.</strong></span> <span class='ocrx_word' id='word_1_340' title='bbox 2654 2284 2715 2335; x_wconf 86' lang='lat' dir='ltr'><strong>G.</strong></span> <span class='ocrx_word' id='word_1_341' title='bbox 2739 2281 2828 2336; x_wconf 87' lang='lat' dir='ltr'><strong>diu</strong></span> <span class='ocrx_word' id='word_1_342' title='bbox 2867 2295 2925 2335; x_wconf 89' lang='lat' dir='ltr'><strong>ac</strong></span> <span class='ocrx_word' id='word_1_343' title='bbox 2956 2289 3074 2345; x_wconf 84' lang='lat' dir='ltr'><strong>tuta,</strong></span> <span class='ocrx_word' id='word_1_344' title='bbox 3118 2296 3293 2335; x_wconf 90' lang='lat' dir='ltr'><strong>errore</strong></span> <span class='ocrx_word' id='word_1_345' title='bbox 3333 2283 3528 2334; x_wconf 85' lang='lat' dir='ltr'><strong>scilicet</strong></span> <span class='ocrx_word' id='word_1_346' title='bbox 3560 2294 3837 2336; x_wconf 79' lang='lat' dir='ltr'><strong>amanuen-</strong></span> 
     </span>
    </p>
   </div>
   <div class='ocr_carea' id='block_1_46' title="bbox 2222 2348 2310 2397">
    <p class='ocr_par' dir='ltr' id='par_1_46' title="bbox 2222 2348 2310 2397">
     <span class='ocr_line' id='line_1_46' title="bbox 2222 2348 2310 2397; baseline -0.023 0"><span class='ocrx_word' id='word_1_347' title='bbox 2222 2348 2310 2397; x_wconf 89' lang='lat' dir='ltr'><strong>sis.</strong></span> 
     </span>
    </p>
   </div>
   <div class='ocr_carea' id='block_1_47' title="bbox 1856 2450 2495 2510">
    <p class='ocr_par' dir='ltr' id='par_1_47' title="bbox 1856 2450 2495 2510">
     <span class='ocr_line' id='line_1_47' title="bbox 1856 2450 2495 2510; baseline -0.005 -1"><span class='ocrx_word' id='word_1_348' title='bbox 1856 2450 2224 2510; x_wconf 77' lang='lat' dir='ltr'><strong>VARIOBUM</strong></span> <span class='ocrx_word' id='word_1_349' title='bbox 2261 2451 2495 2509; x_wconf 63' lang='lat' dir='ltr'><strong>NOTAE.</strong></span> 
     </span>
    </p>
   </div>
   <div class='ocr_carea' id='block_1_48' title="bbox 504 2544 2115 2619">
    <p class='ocr_par' dir='ltr' id='par_1_48' title="bbox 504 2544 2115 2619">
     <span class='ocr_line' id='line_1_48' title="bbox 504 2544 2115 2619; baseline -0.007 -7"><span class='ocrx_word' id='word_1_350' title='bbox 504 2562 665 2619; x_wconf 87' lang='lat' dir='ltr'><strong>runt,</strong></span> <span class='ocrx_word' id='word_1_351' title='bbox 698 2560 753 2607; x_wconf 91' lang='lat' dir='ltr'><strong>et</strong></span> <span class='ocrx_word' id='word_1_352' title='bbox 782 2564 976 2606; x_wconf 89' lang='lat' dir='ltr'><strong>novam</strong></span> <span class='ocrx_word' id='word_1_353' title='bbox 1000 2546 1300 2619; x_wconf 67' lang='lat' dir='ltr'><strong>Ecclesiam</strong></span> <span class='ocrx_word' id='word_1_354' title='bbox 1327 2556 1652 2619; x_wconf 85' lang='lat' dir='ltr'><strong>posuerunt.</strong></span> <span class='ocrx_word' id='word_1_355' title='bbox 1679 2544 2115 2619; x_wconf 61' lang='lat' dir='ltr'><strong>ALBASP.«-Imi-</strong></span> 
     </span>
    </p>
   </div>
   <div class='ocr_carea' id='block_1_49' title="bbox 511 2617 2112 2693">
    <p class='ocr_par' dir='ltr' id='par_1_49' title="bbox 511 2617 2112 2693">
     <span class='ocr_line' id='line_1_49' title="bbox 511 2617 2112 2693; baseline -0.008 -11"><span class='ocrx_word' id='word_1_356' title='bbox 511 2617 659 2682; x_wconf 84' lang='lat' dir='ltr'><strong>tatur</strong></span> <span class='ocrx_word' id='word_1_357' title='bbox 701 2623 924 2693; x_wconf 85' lang='lat' dir='ltr'><strong>Optatus</strong></span> <span class='ocrx_word' id='word_1_358' title='bbox 961 2620 1165 2674; x_wconf 89' lang='lat' dir='ltr'><strong>dictum</strong></span> <span class='ocrx_word' id='word_1_359' title='bbox 1204 2617 1522 2693; x_wconf 80' lang='lat' dir='ltr'><strong>Tiberii_de</strong></span> <span class='ocrx_word' id='word_1_360' title='bbox 1551 2618 1740 2672; x_wconf 78' lang='lat' dir='ltr'><strong>Curtio</strong></span> <span class='ocrx_word' id='word_1_361' title='bbox 1774 2618 1913 2693; x_wconf 75' lang='lat' dir='ltr'><strong>Rufo</strong></span> <span class='ocrx_word' id='word_1_362' title='bbox 1935 2659 1948 2682; x_wconf 93' lang='lat'><strong>,</strong></span> <span class='ocrx_word' id='word_1_363' title='bbox 1982 2618 2112 2672; x_wconf 87' lang='lat' dir='ltr'><strong>obs-</strong></span> 
     </span>
    </p>
   </div>
   <div class='ocr_carea' id='block_1_50' title="bbox 510 2689 2118 2763">
    <p class='ocr_par' dir='ltr' id='par_1_50' title="bbox 510 2689 2118 2763">
     <span class='ocr_line' id='line_1_50' title="bbox 510 2689 2118 2763; baseline -0.004 -12"><span class='ocrx_word' id='word_1_364' title='bbox 510 2698 661 2754; x_wconf 85' lang='lat' dir='ltr'><strong>curis</strong></span> <span class='ocrx_word' id='word_1_365' title='bbox 710 2689 1227 2763; x_wconf 15' lang='lat' dir='ltr'><strong>parentibusrorto,</strong></span> <span class='ocrx_word' id='word_1_366' title='bbox 1267 2691 1366 2763; x_wconf 71' lang='lat' dir='ltr'><strong>qui</strong></span> <span class='ocrx_word' id='word_1_367' title='bbox 1414 2690 1710 2763; x_wconf 79' lang='lat' dir='ltr'><strong>Praeturam</strong></span> <span class='ocrx_word' id='word_1_368' title='bbox 1756 2689 2118 2763; x_wconf 75' lang='lat' dir='ltr'><strong>adeptusest</strong></span> 
     </span>
    </p>
   </div>
   <div class='ocr_carea' id='block_1_51' title="bbox 510 2759 2115 2837">
    <p class='ocr_par' dir='ltr' id='par_1_51' title="bbox 510 2759 2115 2837">
     <span class='ocr_line' id='line_1_51' title="bbox 510 2759 2115 2837; baseline -0.006 -13"><span class='ocrx_word' id='word_1_369' title='bbox 510 2759 768 2837; x_wconf 71' lang='lat' dir='ltr'><strong>suffragio</strong></span> <span class='ocrx_word' id='word_1_370' title='bbox 812 2762 1128 2837; x_wconf 84' lang='lat' dir='ltr'><strong>_Principis_,</strong></span> <span class='ocrx_word' id='word_1_371' title='bbox 1180 2759 1430 2837; x_wconf 43' lang='lat' dir='ltr'><strong>dedecus</strong></span> <span class='ocrx_word' id='word_1_372' title='bbox 1477 2759 1761 2837; x_wconf 79' lang='lat' dir='ltr'><strong>natalium</strong></span> <span class='ocrx_word' id='word_1_373' title='bbox 1792 2759 1910 2837; x_wconf 71' lang='lat' dir='ltr'><strong>eius</strong></span> <span class='ocrx_word' id='word_1_374' title='bbox 1964 2761 2115 2818; x_wconf 86' lang='lat' dir='ltr'><strong>hisce</strong></span> 
     </span>
    </p>
   </div>
   <div class='ocr_carea' id='block_1_52' title="bbox 512 2829 2115 2900">
    <p class='ocr_par' dir='ltr' id='par_1_52' title="bbox 512 2829 2115 2900">
     <span class='ocr_line' id='line_1_52' title="bbox 512 2829 2115 2900; baseline -0.003 -7"><span class='ocrx_word' id='word_1_375' title='bbox 512 2829 708 2895; x_wconf 61' lang='lat' dir='ltr'><strong>verbi;</strong></span> <span class='ocrx_word' id='word_1_376' title='bbox 744 2829 1020 2890; x_wconf 61' lang='lat' dir='ltr'><strong>velantisi</strong></span> <span class='ocrx_word' id='word_1_377' title='bbox 1058 2831 1269 2885; x_wconf 77' lang='lat' dir='ltr'><strong>Curtius</strong></span> <span class='ocrx_word' id='word_1_378' title='bbox 1316 2829 1488 2900; x_wconf 76' lang='lat' dir='ltr'><strong>Rufus</strong></span> <span class='ocrx_word' id='word_1_379' title='bbox 1535 2831 1737 2885; x_wconf 84' lang='lat' dir='ltr'><strong>videtur</strong></span> <span class='ocrx_word' id='word_1_380' title='bbox 1780 2829 1907 2885; x_wconf 81' lang='lat' dir='ltr'><strong>mihi</strong></span> <span class='ocrx_word' id='word_1_381' title='bbox 1949 2846 2014 2886; x_wconf 76' lang='lat' dir='ltr'><strong>ea:</strong></span> <span class='ocrx_word' id='word_1_382' title='bbox 2060 2849 2115 2888; x_wconf 87' lang='lat' dir='ltr'><strong>se</strong></span> 
     </span>
    </p>
   </div>
   <div class='ocr_carea' id='block_1_53' title="bbox 512 2901 2111 2968">
    <p class='ocr_par' dir='ltr' id='par_1_53' title="bbox 512 2901 2111 2968">
     <span class='ocr_line' id='line_1_53' title="bbox 512 2901 2111 2968; baseline -0.005 -3"><span class='ocrx_word' id='word_1_383' title='bbox 512 2906 837 2966; x_wconf 77' lang='lat' dir='ltr'><strong>natus.Vide</strong></span> <span class='ocrx_word' id='word_1_384' title='bbox 866 2904 1118 2968; x_wconf 85' lang='lat' dir='ltr'><strong>Tacitum,</strong></span> <span class='ocrx_word' id='word_1_385' title='bbox 1145 2901 1339 2956; x_wconf 86' lang='lat' dir='ltr'><strong>Annal.</strong></span> <span class='ocrx_word' id='word_1_386' title='bbox 1374 2902 1468 2955; x_wconf 87' lang='lat' dir='ltr'><strong>lib.</strong></span> <span class='ocrx_word' id='word_1_387' title='bbox 1502 2918 1588 2967; x_wconf 71' lang='lat' dir='ltr'><strong>si,</strong></span> <span class='ocrx_word' id='word_1_388' title='bbox 1616 2916 1665 2956; x_wconf 92' lang='lat' dir='ltr'><strong>c.</strong></span> <span class='ocrx_word' id='word_1_389' title='bbox 1693 2903 1785 2957; x_wconf 72' lang='grc'><strong>21.</strong></span> <span class='ocrx_word' id='word_1_390' title='bbox 1817 2903 2111 2959; x_wconf 75' lang='grc' dir='ltr'><strong>Οιειιιοσε.</strong></span> 
     </span>
    </p>
   </div>
   <div class='ocr_carea' id='block_1_54' title="bbox 590 2973 2111 3053">
    <p class='ocr_par' dir='ltr' id='par_1_54' title="bbox 590 2973 2111 3053">
     <span class='ocr_line' id='line_1_54' title="bbox 590 2973 2111 3053; baseline -0.001 -22"><span class='ocrx_word' id='word_1_391' title='bbox 590 2980 706 3053; x_wconf 74' lang='lat'><strong>(‘25)</strong></span> <span class='ocrx_word' id='word_1_392' title='bbox 741 2975 922 3053; x_wconf 49' lang='grc' dir='ltr'><strong>Εμᾳαὶ</strong></span> <span class='ocrx_word' id='word_1_393' title='bbox 939 2973 1331 3053; x_wconf 58' lang='lat' dir='ltr'><strong>jamdudum</strong></span> <span class='ocrx_word' id='word_1_394' title='bbox 1356 2974 1543 3053; x_wconf 75' lang='lat' dir='ltr'><strong>talibus</strong></span> <span class='ocrx_word' id='word_1_395' title='bbox 1570 2975 1705 3053; x_wconf 80' lang='lat' dir='ltr'><strong>pasti</strong></span> <span class='ocrx_word' id='word_1_396' title='bbox 1731 2978 1938 3053; x_wconf 73' lang='lat' dir='ltr'><strong>fuerant</strong></span> <span class='ocrx_word' id='word_1_397' title='bbox 1965 2976 2111 3053; x_wconf 59' lang='lat' dir='ltr'><strong>cibis.</strong></span> 
     </span>
    </p>
   </div>
   <div class='ocr_carea' id='block_1_55' title="bbox 515 3044 2115 3121">
    <p class='ocr_par' dir='ltr' id='par_1_55' title="bbox 515 3044 2115 3121">
     <span class='ocr_line' id='line_1_55' title="bbox 515 3044 2115 3121; baseline -0.001 -18"><span class='ocrx_word' id='word_1_398' title='bbox 515 3044 742 3121; x_wconf 80' lang='lat' dir='ltr'><strong>Repone</strong></span> <span class='ocrx_word' id='word_1_399' title='bbox 761 3089 774 3113; x_wconf 90' lang='lat'><strong>,</strong></span> <span class='ocrx_word' id='word_1_400' title='bbox 808 3044 1109 3121; x_wconf 80' lang='lat' dir='ltr'><strong>iamdudum</strong></span> <span class='ocrx_word' id='word_1_401' title='bbox 1139 3044 1376 3121; x_wconf 76' lang='lat' dir='ltr'><strong>vitalibus</strong></span> <span class='ocrx_word' id='word_1_402' title='bbox 1405 3046 1536 3115; x_wconf 88' lang='lat' dir='ltr'><strong>pasti</strong></span> <span class='ocrx_word' id='word_1_403' title='bbox 1561 3044 1765 3121; x_wconf 76' lang='lat' dir='ltr'><strong>fuerant</strong></span> <span class='ocrx_word' id='word_1_404' title='bbox 1789 3045 1934 3121; x_wconf 81' lang='lat' dir='ltr'><strong>cibis.</strong></span> <span class='ocrx_word' id='word_1_405' title='bbox 1969 3047 2115 3121; x_wconf 75' lang='lat' dir='ltr'><strong>sane</strong></span> 
     </span>
    </p>
   </div>
   <div class='ocr_carea' id='block_1_56' title="bbox 515 3116 2109 3186">
    <p class='ocr_par' dir='ltr' id='par_1_56' title="bbox 515 3116 2109 3186">
     <span class='ocr_line' id='line_1_56' title="bbox 515 3116 2109 3186; baseline -0.004 -7"><span class='ocrx_word' id='word_1_406' title='bbox 515 3116 640 3179; x_wconf 80' lang='lat' dir='ltr'><strong>cum</strong></span> <span class='ocrx_word' id='word_1_407' title='bbox 687 3120 910 3174; x_wconf 83' lang='lat' dir='ltr'><strong>Barthio</strong></span> <span class='ocrx_word' id='word_1_408' title='bbox 952 3132 1057 3171; x_wconf 90' lang='lat' dir='ltr'><strong>non</strong></span> <span class='ocrx_word' id='word_1_409' title='bbox 1098 3118 1271 3171; x_wconf 83' lang='lat' dir='ltr'><strong>ausim</strong></span> <span class='ocrx_word' id='word_1_410' title='bbox 1316 3117 1367 3186; x_wconf 88' lang='lat' dir='ltr'><strong>in</strong></span> <span class='ocrx_word' id='word_1_411' title='bbox 1411 3131 1497 3170; x_wconf 90' lang='lat' dir='ltr'><strong>me</strong></span> <span class='ocrx_word' id='word_1_412' title='bbox 1538 3116 1781 3186; x_wconf 87' lang='lat' dir='ltr'><strong>recipere</strong></span> <span class='ocrx_word' id='word_1_413' title='bbox 1826 3117 2109 3184; x_wconf 80' lang='lat' dir='ltr'><strong>legendum</strong></span> 
     </span>
    </p>
   </div>
   <div class='ocr_carea' id='block_1_57' title="bbox 505 3185 2109 3268">
    <p class='ocr_par' dir='ltr' id='par_1_57' title="bbox 505 3185 2109 3268">
     <span class='ocr_line' id='line_1_57' title="bbox 505 3185 2109 3268; baseline -0.002 -20"><span class='ocrx_word' id='word_1_414' title='bbox 505 3192 822 3268; x_wconf 69' lang='lat' dir='ltr'><strong>jamdudum</strong></span> <span class='ocrx_word' id='word_1_415' title='bbox 864 3191 927 3268; x_wconf 58' lang='lat' dir='ltr'><strong>in</strong></span> <span class='ocrx_word' id='word_1_416' title='bbox 960 3187 1271 3268; x_wconf 72' lang='lat' dir='ltr'><strong>salubribus.</strong></span> <span class='ocrx_word' id='word_1_417' title='bbox 1296 3185 1495 3268; x_wconf 49' lang='lat' dir='ltr'><strong>Atque</strong></span> <span class='ocrx_word' id='word_1_418' title='bbox 1541 3188 1611 3268; x_wconf 86' lang='lat' dir='ltr'><strong>ita</strong></span> <span class='ocrx_word' id='word_1_419' title='bbox 1658 3185 2109 3268; x_wconf 63' lang='lat' dir='ltr'><strong>quemadmodum</strong></span> 
     </span>
    </p>
   </div>
   <div class='ocr_carea' id='block_1_58' title="bbox 511 3257 2106 3336">
    <p class='ocr_par' dir='ltr' id='par_1_58' title="bbox 511 3257 2106 3336">
     <span class='ocr_line' id='line_1_58' title="bbox 511 3257 2106 3336; baseline 0.001 -20"><span class='ocrx_word' id='word_1_420' title='bbox 511 3257 612 3336; x_wconf 52' lang='lat' dir='ltr'><strong>Ego</strong></span> <span class='ocrx_word' id='word_1_421' title='bbox 633 3259 1254 3336; x_wconf 66' lang='lat' dir='ltr'><strong>restitttenduuimonui,</strong></span> <span class='ocrx_word' id='word_1_422' title='bbox 1278 3257 1441 3336; x_wconf 80' lang='lat' dir='ltr'><strong>didici</strong></span> <span class='ocrx_word' id='word_1_423' title='bbox 1480 3267 1664 3336; x_wconf 73' lang='lat' dir='ltr'><strong>postea</strong></span> <span class='ocrx_word' id='word_1_424' title='bbox 1685 3301 1698 3324; x_wconf 94' lang='lat'><strong>,</strong></span> <span class='ocrx_word' id='word_1_425' title='bbox 1738 3261 1982 3336; x_wconf 82' lang='lat' dir='ltr'><strong>inspecto</strong></span> <span class='ocrx_word' id='word_1_426' title='bbox 2015 3260 2106 3317; x_wconf 94' lang='lat' dir='ltr'><strong>Fr.</strong></span> 
     </span>
    </p>
   </div>
   <div class='ocr_carea' id='block_1_59' title="bbox 514 3328 2106 3402">
    <p class='ocr_par' dir='ltr' id='par_1_59' title="bbox 514 3328 2106 3402">
     <span class='ocr_line' id='line_1_59' title="bbox 514 3328 2106 3402; baseline -0.003 -9"><span class='ocrx_word' id='word_1_427' title='bbox 514 3328 801 3398; x_wconf 60' lang='lat' dir='ltr'><strong>Falduino,</strong></span> <span class='ocrx_word' id='word_1_428' title='bbox 824 3341 1012 3386; x_wconf 80' lang='lat' dir='ltr'><strong>extare</strong></span> <span class='ocrx_word' id='word_1_429' title='bbox 1035 3328 1086 3402; x_wconf 82' lang='lat' dir='ltr'><strong>in</strong></span> <span class='ocrx_word' id='word_1_430' title='bbox 1112 3330 1319 3402; x_wconf 83' lang='lat' dir='ltr'><strong>meliori</strong></span> <span class='ocrx_word' id='word_1_431' title='bbox 1338 3328 1637 3402; x_wconf 82' lang='lat' dir='ltr'><strong>exemplari</strong></span> <span class='ocrx_word' id='word_1_432' title='bbox 1657 3328 2106 3402; x_wconf 74' lang='lat' dir='ltr'><strong>scriptoJucsnr.</strong></span> 
     </span>
    </p>
   </div>
   <div class='ocr_carea' id='block_1_60' title="bbox 584 3387 2184 3474">
    <p class='ocr_par' dir='ltr' id='par_1_60' title="bbox 584 3387 2184 3474">
     <span class='ocr_line' id='line_1_60' title="bbox 584 3387 2184 3474; baseline -0.006 -14"><span class='ocrx_word' id='word_1_433' title='bbox 584 3387 813 3460; x_wconf 63' lang='grc' dir='ltr'><strong>ῐιῐιὶιζιὲι</strong></span> <span class='ocrx_word' id='word_1_434' title='bbox 835 3403 921 3471; x_wconf 86' lang='lat' dir='ltr'><strong>qui</strong></span> <span class='ocrx_word' id='word_1_435' title='bbox 935 3401 1255 3474; x_wconf 78' lang='lat' dir='ltr'><strong>jamdudum</strong></span> <span class='ocrx_word' id='word_1_436' title='bbox 1273 3387 1531 3474; x_wconf 69' lang='lat' dir='ltr'><strong>vitalibus,</strong></span> <span class='ocrx_word' id='word_1_437' title='bbox 1547 3412 1653 3474; x_wconf 80' lang='lat' dir='ltr'><strong>etc.</strong></span> <span class='ocrx_word' id='word_1_438' title='bbox 1669 3387 1801 3474; x_wconf 67' lang='lat' dir='ltr'><strong>cudi</strong></span> <span class='ocrx_word' id='word_1_439' title='bbox 1816 3402 1969 3459; x_wconf 88' lang='lat' dir='ltr'><strong>cibos</strong></span> <span class='ocrx_word' id='word_1_440' title='bbox 1981 3387 2113 3474; x_wconf 68' lang='lat' dir='ltr'><strong>qua-</strong></span> <span class='ocrx_word' id='word_1_441' title='bbox 2138 3387 2184 3451; x_wconf 91' lang='lat' dir='ltr'>C</span> 
     </span>
    </p>
   </div>
   <div class='ocr_carea' id='block_1_61' title="bbox 520 3472 2121 3544">
    <p class='ocr_par' dir='ltr' id='par_1_61' title="bbox 520 3472 2121 3544">
     <span class='ocr_line' id='line_1_61' title="bbox 520 3472 2121 3544; baseline 0 -14"><span class='ocrx_word' id='word_1_442' title='bbox 520 3477 600 3532; x_wconf 90' lang='lat' dir='ltr'><strong>les</strong></span> <span class='ocrx_word' id='word_1_443' title='bbox 618 3476 821 3529; x_wconf 85' lang='lat' dir='ltr'><strong>fuerint</strong></span> <span class='ocrx_word' id='word_1_444' title='bbox 836 3472 991 3544; x_wconf 81' lang='lat' dir='ltr'><strong>antea</strong></span> <span class='ocrx_word' id='word_1_445' title='bbox 1024 3486 1129 3544; x_wconf 82' lang='lat' dir='ltr'><strong>non</strong></span> <span class='ocrx_word' id='word_1_446' title='bbox 1148 3472 1475 3544; x_wconf 64' lang='lat' dir='ltr'><strong>meminerit,</strong></span> <span class='ocrx_word' id='word_1_447' title='bbox 1492 3472 1664 3525; x_wconf 89' lang='lat' dir='ltr'><strong>ausim</strong></span> <span class='ocrx_word' id='word_1_448' title='bbox 1688 3472 1739 3544; x_wconf 86' lang='lat' dir='ltr'><strong>in</strong></span> <span class='ocrx_word' id='word_1_449' title='bbox 1761 3488 1846 3526; x_wconf 90' lang='lat' dir='ltr'><strong>me</strong></span> <span class='ocrx_word' id='word_1_450' title='bbox 1877 3472 2121 3544; x_wconf 78' lang='lat' dir='ltr'><strong>recipere</strong></span> 
     </span>
    </p>
   </div>
   <div class='ocr_carea' id='block_1_62' title="bbox 517 3541 2122 3617">
    <p class='ocr_par' dir='ltr' id='par_1_62' title="bbox 517 3541 2122 3617">
     <span class='ocr_line' id='line_1_62' title="bbox 517 3541 2122 3617; baseline -0.01 -14"><span class='ocrx_word' id='word_1_451' title='bbox 517 3545 804 3617; x_wconf 85' lang='lat' dir='ltr'><strong>legendum</strong></span> <span class='ocrx_word' id='word_1_452' title='bbox 827 3541 1142 3615; x_wconf 83' lang='lat' dir='ltr'><strong>jamdudum</strong></span> <span class='ocrx_word' id='word_1_453' title='bbox 1160 3542 1225 3617; x_wconf 75' lang='lat' dir='ltr'><strong>in</strong></span> <span class='ocrx_word' id='word_1_454' title='bbox 1255 3541 1547 3617; x_wconf 75' lang='lat' dir='ltr'><strong>salubribus</strong></span> <span class='ocrx_word' id='word_1_455' title='bbox 1576 3555 1679 3617; x_wconf 82' lang='lat' dir='ltr'><strong>pro</strong></span> <span class='ocrx_word' id='word_1_456' title='bbox 1705 3543 1760 3617; x_wconf 76' lang='lat' dir='ltr'><strong>in</strong></span> <span class='ocrx_word' id='word_1_457' title='bbox 1781 3541 2122 3617; x_wconf 63' lang='lat' dir='ltr'><strong>talibus,&#39;per_</strong></span> 
     </span>
    </p>
   </div>
   <div class='ocr_carea' id='block_1_63' title="bbox 519 3611 2117 3681">
    <p class='ocr_par' dir='ltr' id='par_1_63' title="bbox 519 3611 2117 3681">
     <span class='ocr_line' id='line_1_63' title="bbox 519 3611 2117 3681; baseline 0.001 -8"><span class='ocrx_word' id='word_1_458' title='bbox 519 3611 706 3673; x_wconf 63' lang='lat' dir='ltr'><strong>nibiem</strong></span> <span class='ocrx_word' id='word_1_459' title='bbox 734 3611 865 3669; x_wconf 77' lang='lat' dir='ltr'><strong>vero</strong></span> <span class='ocrx_word' id='word_1_460' title='bbox 895 3612 1268 3679; x_wconf 76' lang='lat' dir='ltr'><strong>reponendum</strong></span> <span class='ocrx_word' id='word_1_461' title='bbox 1290 3652 1306 3676; x_wconf 88' lang='lat'><strong>,</strong></span> <span class='ocrx_word' id='word_1_462' title='bbox 1339 3613 1423 3667; x_wconf 89' lang='lat' dir='ltr'><strong>vel</strong></span> <span class='ocrx_word' id='word_1_463' title='bbox 1469 3627 1604 3681; x_wconf 88' lang='lat' dir='ltr'><strong>puer</strong></span> <span class='ocrx_word' id='word_1_464' title='bbox 1633 3611 1846 3669; x_wconf 81' lang='lat' dir='ltr'><strong>viderit.</strong></span> <span class='ocrx_word' id='word_1_465' title='bbox 1909 3611 2117 3675; x_wconf 63' lang='lat' dir='ltr'><strong>Banrn.</strong></span> 
     </span>
    </p>
   </div>
   <div class='ocr_carea' id='block_1_64' title="bbox 589 3682 2123 3760">
    <p class='ocr_par' dir='ltr' id='par_1_64' title="bbox 589 3682 2123 3760">
     <span class='ocr_line' id='line_1_64' title="bbox 589 3682 2123 3760; baseline 0.003 -20"><span class='ocrx_word' id='word_1_466' title='bbox 589 3686 709 3760; x_wconf 76' lang='grc'>(26)</span> <span class='ocrx_word' id='word_1_467' title='bbox 738 3684 806 3760; x_wconf 81' lang='lat' dir='ltr'><strong>In</strong></span> <span class='ocrx_word' id='word_1_468' title='bbox 833 3684 1055 3760; x_wconf 73' lang='lat' dir='ltr'><strong>pernicie</strong></span> <span class='ocrx_word' id='word_1_469' title='bbox 1079 3683 1401 3760; x_wconf 76' lang='lat' dir='ltr'><strong>miserorum.</strong></span> <span class='ocrx_word' id='word_1_470' title='bbox 1434 3682 1744 3760; x_wconf 69' lang='lat' dir='ltr'><strong>l’erperam,</strong></span> <span class='ocrx_word' id='word_1_471' title='bbox 1765 3694 1821 3742; x_wconf 90' lang='lat' dir='ltr'><strong>et</strong></span> <span class='ocrx_word' id='word_1_472' title='bbox 1844 3691 2123 3759; x_wconf 84' lang='lat' dir='ltr'><strong>perniciem</strong></span> 
     </span>
    </p>
   </div>
   <div class='ocr_carea' id='block_1_65' title="bbox 519 3753 1651 3827">
    <p class='ocr_par' dir='ltr' id='par_1_65' title="bbox 519 3753 1651 3827">
     <span class='ocr_line' id='line_1_65' title="bbox 519 3753 1651 3827; baseline -0.005 -11"><span class='ocrx_word' id='word_1_473' title='bbox 519 3753 888 3827; x_wconf 81' lang='lat' dir='ltr'><strong>reponendum</strong></span> <span class='ocrx_word' id='word_1_474' title='bbox 921 3755 1004 3810; x_wconf 86' lang='lat' dir='ltr'><strong>vel</strong></span> <span class='ocrx_word' id='word_1_475' title='bbox 1037 3770 1171 3823; x_wconf 90' lang='lat' dir='ltr'><strong>puer</strong></span> <span class='ocrx_word' id='word_1_476' title='bbox 1202 3753 1400 3808; x_wconf 76' lang='lat' dir='ltr'><strong>videat.</strong></span> <span class='ocrx_word' id='word_1_477' title='bbox 1435 3753 1651 3810; x_wconf 62' lang='lat' dir='ltr'><strong>inetur.</strong></span> 
     </span>
    </p>
   </div>
   <div class='ocr_carea' id='block_1_66' title="bbox 587 3827 2115 3903">
    <p class='ocr_par' dir='ltr' id='par_1_66' title="bbox 587 3827 2115 3903">
     <span class='ocr_line' id='line_1_66' title="bbox 587 3827 2115 3903; baseline 0.001 -18"><span class='ocrx_word' id='word_1_478' title='bbox 587 3828 725 3903; x_wconf 74' lang='lat' dir='ltr'><strong>Ibid.</strong></span> <span class='ocrx_word' id='word_1_479' title='bbox 766 3827 828 3881; x_wconf 88' lang='lat' dir='ltr'><strong>In</strong></span> <span class='ocrx_word' id='word_1_480' title='bbox 858 3827 1083 3903; x_wconf 79' lang='lat' dir='ltr'><strong>pernicie</strong></span> <span class='ocrx_word' id='word_1_481' title='bbox 1123 3827 1428 3903; x_wconf 80' lang='lat' dir='ltr'><strong>miserorum</strong></span> <span class='ocrx_word' id='word_1_482' title='bbox 1447 3827 1879 3903; x_wconf 78' lang='lat' dir='ltr'><strong>disputationibus</strong></span> <span class='ocrx_word' id='word_1_483' title='bbox 1900 3831 2073 3903; x_wconf 84' lang='lat' dir='ltr'><strong>impiis</strong></span> <span class='ocrx_word' id='word_1_484' title='bbox 2098 3875 2115 3901; x_wconf 92' lang='lat'><strong>,</strong></span> 
     </span>
    </p>
   </div>
   <div class='ocr_carea' id='block_1_67' title="bbox 518 3898 2120 3974">
    <p class='ocr_par' dir='ltr' id='par_1_67' title="bbox 518 3898 2120 3974">
     <span class='ocr_line' id='line_1_67' title="bbox 518 3898 2120 3974; baseline 0.002 -17"><span class='ocrx_word' id='word_1_485' title='bbox 518 3915 627 3957; x_wconf 88' lang='lat' dir='ltr'><strong>etc.</strong></span> <span class='ocrx_word' id='word_1_486' title='bbox 649 3900 947 3974; x_wconf 80' lang='lat' dir='ltr'><strong>_Perperam</strong></span> <span class='ocrx_word' id='word_1_487' title='bbox 967 3938 982 3963; x_wconf 94' lang='lat'><strong>,</strong></span> <span class='ocrx_word' id='word_1_488' title='bbox 1016 3898 1266 3974; x_wconf 79' lang='lat' dir='ltr'><strong>inquiunt</strong></span> <span class='ocrx_word' id='word_1_489' title='bbox 1296 3909 1438 3974; x_wconf 74' lang='lat' dir='ltr'><strong>noun</strong></span> <span class='ocrx_word' id='word_1_490' title='bbox 1467 3899 1538 3962; x_wconf 87' lang='lat' dir='ltr'><strong>L,</strong></span> <span class='ocrx_word' id='word_1_491' title='bbox 1571 3908 1626 3954; x_wconf 90' lang='lat' dir='ltr'><strong>et</strong></span> <span class='ocrx_word' id='word_1_492' title='bbox 1652 3902 1929 3974; x_wconf 74' lang='lat' dir='ltr'><strong>perniciem</strong></span> <span class='ocrx_word' id='word_1_493' title='bbox 1957 3898 2120 3974; x_wconf 58' lang='lat' dir='ltr'><strong>sepe?-</strong></span> 
     </span>
    </p>
   </div>
   <div class='ocr_carea' id='block_1_68' title="bbox 522 3966 2117 4042">
    <p class='ocr_par' dir='ltr' id='par_1_68' title="bbox 522 3966 2117 4042">
     <span class='ocr_line' id='line_1_68' title="bbox 522 3966 2117 4042; baseline 0.002 -14"><span class='ocrx_word' id='word_1_494' title='bbox 522 3966 882 4042; x_wconf 61' lang='lat' dir='ltr'><strong>nendum&#39;vel</strong></span> <span class='ocrx_word' id='word_1_495' title='bbox 923 3983 1063 4042; x_wconf 85' lang='lat' dir='ltr'><strong>puer</strong></span> <span class='ocrx_word' id='word_1_496' title='bbox 1094 3967 1296 4042; x_wconf 61' lang='lat' dir='ltr'><strong>rideat.</strong></span> <span class='ocrx_word' id='word_1_497' title='bbox 1341 3966 1421 4022; x_wconf 87' lang='lat' dir='ltr'><strong>lta</strong></span> <span class='ocrx_word' id='word_1_498' title='bbox 1460 3984 1592 4024; x_wconf 90' lang='lat' dir='ltr'><strong>sane</strong></span> <span class='ocrx_word' id='word_1_499' title='bbox 1625 3966 1921 4038; x_wconf 66' lang='lat' dir='ltr'><strong>postularet</strong></span> <span class='ocrx_word' id='word_1_500' title='bbox 1953 3966 2117 4042; x_wconf 79' lang='lat' dir='ltr'><strong>usus;</strong></span> 
     </span>
    </p>
   </div>
   <div class='ocr_carea' id='block_1_69' title="bbox 518 4039 2120 4107">
    <p class='ocr_par' dir='ltr' id='par_1_69' title="bbox 518 4039 2120 4107">
     <span class='ocr_line' id='line_1_69' title="bbox 518 4039 2120 4107; baseline 0.002 -10"><span class='ocrx_word' id='word_1_501' title='bbox 518 4044 613 4097; x_wconf 86' lang='lat' dir='ltr'><strong>sed</strong></span> <span class='ocrx_word' id='word_1_502' title='bbox 643 4041 800 4096; x_wconf 89' lang='lat' dir='ltr'><strong>aliter</strong></span> <span class='ocrx_word' id='word_1_503' title='bbox 829 4047 1012 4093; x_wconf 86' lang='lat' dir='ltr'><strong>amant</strong></span> <span class='ocrx_word' id='word_1_504' title='bbox 1053 4039 1104 4091; x_wconf 90' lang='lat' dir='ltr'><strong>bi</strong></span> <span class='ocrx_word' id='word_1_505' title='bbox 1138 4040 1432 4107; x_wconf 88' lang='lat' dir='ltr'><strong>scriptores</strong></span> <span class='ocrx_word' id='word_1_506' title='bbox 1453 4080 1467 4100; x_wconf 88' lang='lat'><strong>,</strong></span> <span class='ocrx_word' id='word_1_507' title='bbox 1497 4048 1551 4095; x_wconf 90' lang='lat' dir='ltr'><strong>et</strong></span> <span class='ocrx_word' id='word_1_508' title='bbox 1580 4042 1710 4095; x_wconf 87' lang='lat' dir='ltr'><strong>nihil</strong></span> <span class='ocrx_word' id='word_1_509' title='bbox 1743 4046 1964 4098; x_wconf 89' lang='lat' dir='ltr'><strong>omnino</strong></span> <span class='ocrx_word' id='word_1_510' title='bbox 1994 4039 2120 4100; x_wconf 62' lang='grc' dir='ltr'><strong>σοι’-ἔ</strong></span> 
     </span>
    </p>
   </div>
   <div class='ocr_carea' id='block_1_70' title="bbox 520 4110 2122 4183">
    <p class='ocr_par' dir='ltr' id='par_1_70' title="bbox 520 4110 2122 4183">
     <span class='ocr_line' id='line_1_70' title="bbox 520 4110 2122 4183; baseline 0.001 -13"><span class='ocrx_word' id='word_1_511' title='bbox 520 4113 825 4183; x_wconf 85' lang='lat' dir='ltr'><strong>rigendum.</strong></span> <span class='ocrx_word' id='word_1_512' title='bbox 854 4110 943 4183; x_wconf 25' lang='lat' dir='ltr'><strong>Alta</strong></span> <span class='ocrx_word' id='word_1_513' title='bbox 988 4110 1507 4183; x_wconf 76' lang='lat' dir='ltr'><strong>S:tlvianus_alicubi</strong></span> <span class='ocrx_word' id='word_1_514' title='bbox 1538 4113 1590 4166; x_wconf 84' lang='lat' dir='ltr'><strong>in</strong></span> <span class='ocrx_word' id='word_1_515' title='bbox 1618 4130 1712 4166; x_wconf 83' lang='lat' dir='ltr'><strong>usu</strong></span> <span class='ocrx_word' id='word_1_516' title='bbox 1757 4115 2122 4172; x_wconf 75' lang='lat' dir='ltr'><strong>misericordia:</strong></span> 
     </span>
    </p>
   </div>
   <div class='ocr_carea' id='block_1_71' title="bbox 518 4180 2123 4253">
    <p class='ocr_par' dir='ltr' id='par_1_71' title="bbox 518 4180 2123 4253">
     <span class='ocr_line' id='line_1_71' title="bbox 518 4180 2123 4253; baseline 0.002 -13"><span class='ocrx_word' id='word_1_517' title='bbox 518 4180 794 4240; x_wconf 67' lang='lat' dir='ltr'><strong>collocare.</strong></span> <span class='ocrx_word' id='word_1_518' title='bbox 826 4181 868 4237; x_wconf 83' lang='lat' dir='ltr'><strong>N</strong></span> <span class='ocrx_word' id='word_1_519' title='bbox 894 4194 1036 4244; x_wconf 67' lang='lat' dir='ltr'><strong>ister,</strong></span> <span class='ocrx_word' id='word_1_520' title='bbox 1059 4183 1159 4253; x_wconf 74' lang='lat' dir='ltr'><strong>lib.</strong></span> <span class='ocrx_word' id='word_1_521' title='bbox 1178 4196 1211 4253; x_wconf 82' lang='lat' dir='ltr'><strong>v</strong></span> <span class='ocrx_word' id='word_1_522' title='bbox 1235 4196 1249 4233; x_wconf 92' lang='lat'><strong>:</strong></span> <span class='ocrx_word' id='word_1_523' title='bbox 1282 4180 1462 4235; x_wconf 84' lang='lat' dir='ltr'><strong>Videte</strong></span> <span class='ocrx_word' id='word_1_524' title='bbox 1480 4184 1619 4253; x_wconf 85' lang='lat' dir='ltr'><strong>quod</strong></span> <span class='ocrx_word' id='word_1_525' title='bbox 1644 4185 1697 4237; x_wconf 86' lang='lat' dir='ltr'><strong>in</strong></span> <span class='ocrx_word' id='word_1_526' title='bbox 1723 4185 1886 4239; x_wconf 78' lang='lat' dir='ltr'><strong>salute</strong></span> <span class='ocrx_word' id='word_1_527' title='bbox 1912 4187 2123 4243; x_wconf 80' lang='lat' dir='ltr'><strong>humani</strong></span> 
     </span>
    </p>
   </div>
   <div class='ocr_carea' id='block_1_72' title="bbox 519 4252 2121 4328">
    <p class='ocr_par' dir='ltr' id='par_1_72' title="bbox 519 4252 2121 4328">
     <span class='ocr_line' id='line_1_72' title="bbox 519 4252 2121 4328; baseline 0.002 -17"><span class='ocrx_word' id='word_1_528' title='bbox 519 4258 718 4328; x_wconf 86' lang='lat' dir='ltr'><strong>generis</strong></span> <span class='ocrx_word' id='word_1_529' title='bbox 744 4255 808 4328; x_wconf 83' lang='lat' dir='ltr'><strong>sit</strong></span> <span class='ocrx_word' id='word_1_530' title='bbox 840 4253 1106 4328; x_wconf 72' lang='lat' dir='ltr'><strong>pollicitus</strong></span> <span class='ocrx_word' id='word_1_531' title='bbox 1123 4252 1379 4328; x_wconf 70' lang='lat' dir='ltr'><strong>Christus.</strong></span> <span class='ocrx_word' id='word_1_532' title='bbox 1412 4252 1559 4309; x_wconf 85' lang='lat' dir='ltr'><strong>Idem</strong></span> <span class='ocrx_word' id='word_1_533' title='bbox 1588 4271 1710 4310; x_wconf 84' lang='lat' dir='ltr'><strong>mox</strong></span> <span class='ocrx_word' id='word_1_534' title='bbox 1735 4277 1747 4307; x_wconf 71' lang='grc' dir='ltr'><strong>ς</strong></span> <span class='ocrx_word' id='word_1_535' title='bbox 1777 4254 1903 4309; x_wconf 86' lang='lat' dir='ltr'><strong>Cum</strong></span> <span class='ocrx_word' id='word_1_536' title='bbox 1932 4260 2121 4315; x_wconf 85' lang='lat' dir='ltr'><strong>multos</strong></span> 
     </span>
    </p>
   </div>
   <div class='ocr_carea' id='block_1_73' title="bbox 518 4323 2123 4401">
    <p class='ocr_par' dir='ltr' id='par_1_73' title="bbox 518 4323 2123 4401">
     <span class='ocr_line' id='line_1_73' title="bbox 518 4323 2123 4401; baseline 0.002 -20"><span class='ocrx_word' id='word_1_537' title='bbox 518 4323 732 4401; x_wconf 64' lang='lat' dir='ltr'><strong>lingeret</strong></span> <span class='ocrx_word' id='word_1_538' title='bbox 763 4326 814 4378; x_wconf 91' lang='lat' dir='ltr'><strong>in</strong></span> <span class='ocrx_word' id='word_1_539' title='bbox 846 4323 1146 4401; x_wconf 66' lang='lat' dir='ltr'><strong>pwnitentia</strong></span> <span class='ocrx_word' id='word_1_540' title='bbox 1166 4340 1228 4401; x_wconf 78' lang='lat' dir='ltr'><strong>ac</strong></span> <span class='ocrx_word' id='word_1_541' title='bbox 1256 4325 1467 4401; x_wconf 76' lang='lat' dir='ltr'><strong>remissa</strong></span> <span class='ocrx_word' id='word_1_542' title='bbox 1493 4338 1814 4401; x_wconf 66' lang='lat' dir='ltr'><strong>peccatorum</strong></span> <span class='ocrx_word' id='word_1_543' title='bbox 1836 4369 1850 4393; x_wconf 93' lang='lat'><strong>,</strong></span> <span class='ocrx_word' id='word_1_544' title='bbox 1878 4341 1985 4383; x_wconf 89' lang='lat' dir='ltr'><strong>etc.</strong></span> <span class='ocrx_word' id='word_1_545' title='bbox 2018 4330 2123 4384; x_wconf 59' lang='lat' dir='ltr'><strong>Tac</strong></span> 
     </span>
    </p>
   </div>
   <div class='ocr_carea' id='block_1_74' title="bbox 521 4394 2123 4461">
    <p class='ocr_par' dir='ltr' id='par_1_74' title="bbox 521 4394 2123 4461">
     <span class='ocr_line' id='line_1_74' title="bbox 521 4394 2123 4461; baseline 0.003 -10"><span class='ocrx_word' id='word_1_546' title='bbox 521 4394 787 4453; x_wconf 63' lang='lat' dir='ltr'><strong>lia&#39;multa</strong></span> <span class='ocrx_word' id='word_1_547' title='bbox 818 4395 1078 4461; x_wconf 75' lang='lat' dir='ltr'><strong>reperias.</strong></span> <span class='ocrx_word' id='word_1_548' title='bbox 1110 4394 1318 4449; x_wconf 82' lang='lat' dir='ltr'><strong>Pariter</strong></span> <span class='ocrx_word' id='word_1_549' title='bbox 1363 4394 1563 4450; x_wconf 75' lang='lat' dir='ltr'><strong>dictum</strong></span> <span class='ocrx_word' id='word_1_550' title='bbox 1592 4407 1674 4452; x_wconf 89' lang='lat' dir='ltr'><strong>est</strong></span> <span class='ocrx_word' id='word_1_551' title='bbox 1700 4414 1730 4452; x_wconf 87' lang='lat' dir='ltr'><strong>a</strong></span> <span class='ocrx_word' id='word_1_552' title='bbox 1759 4397 1978 4455; x_wconf 72' lang='lat' dir='ltr'><strong>Vit-tore</strong></span> <span class='ocrx_word' id='word_1_553' title='bbox 2007 4402 2123 4458; x_wconf 86' lang='lat' dir='ltr'><strong>Uti-</strong></span> 
     </span>
    </p>
   </div>
   <div class='ocr_carea' id='block_1_75' title="bbox 521 4463 2123 4545">
    <p class='ocr_par' dir='ltr' id='par_1_75' title="bbox 521 4463 2123 4545">
     <span class='ocr_line' id='line_1_75' title="bbox 521 4463 2123 4545; baseline 0.002 -22"><span class='ocrx_word' id='word_1_554' title='bbox 521 4470 672 4545; x_wconf 76' lang='lat' dir='ltr'><strong>censi</strong></span> <span class='ocrx_word' id='word_1_555' title='bbox 701 4486 712 4521; x_wconf 88' lang='lat'><strong>:</strong></span> <span class='ocrx_word' id='word_1_556' title='bbox 737 4466 946 4545; x_wconf 51' lang='lat' dir='ltr'><strong>ﬁwvire</strong></span> <span class='ocrx_word' id='word_1_557' title='bbox 984 4466 1051 4545; x_wconf 78' lang='lat' dir='ltr'><strong>i_n_</strong></span> <span class='ocrx_word' id='word_1_558' title='bbox 1075 4463 1301 4545; x_wconf 74' lang='lat' dir='ltr'><strong>ccclesiis</strong></span> <span class='ocrx_word' id='word_1_559' title='bbox 1339 4476 1398 4545; x_wconf 59' lang='lat' dir='ltr'><strong>et</strong></span> <span class='ocrx_word' id='word_1_560' title='bbox 1427 4467 1683 4545; x_wconf 60' lang='lat' dir='ltr'><strong>basilicis,</strong></span> <span class='ocrx_word' id='word_1_561' title='bbox 1712 4478 1818 4524; x_wconf 88' lang='lat' dir='ltr'><strong>etc.</strong></span> <span class='ocrx_word' id='word_1_562' title='bbox 1856 4470 2123 4545; x_wconf 76' lang='lat' dir='ltr'><strong>Projicere</strong></span> 
     </span>
    </p>
   </div>
   <div class='ocr_carea' id='block_1_76' title="bbox 516 4535 2118 4610">
    <p class='ocr_par' dir='ltr' id='par_1_76' title="bbox 516 4535 2118 4610">
     <span class='ocr_line' id='line_1_76' title="bbox 516 4535 2118 4610; baseline 0.002 -18"><span class='ocrx_word' id='word_1_563' title='bbox 516 4540 573 4594; x_wconf 88' lang='lat' dir='ltr'><strong>in</strong></span> <span class='ocrx_word' id='word_1_564' title='bbox 613 4538 840 4603; x_wconf 86' lang='lat' dir='ltr'><strong>partibus</strong></span> <span class='ocrx_word' id='word_1_565' title='bbox 879 4536 1181 4610; x_wconf 71' lang='lat' dir='ltr'><strong>maritimis,</strong></span> <span class='ocrx_word' id='word_1_566' title='bbox 1218 4546 1323 4610; x_wconf 83' lang='lat' dir='ltr'><strong>etc.</strong></span> <span class='ocrx_word' id='word_1_567' title='bbox 1358 4535 1625 4610; x_wconf 83' lang='lat' dir='ltr'><strong>Conjicere</strong></span> <span class='ocrx_word' id='word_1_568' title='bbox 1652 4541 1704 4591; x_wconf 88' lang='lat' dir='ltr'><strong>in</strong></span> <span class='ocrx_word' id='word_1_569' title='bbox 1734 4535 1978 4607; x_wconf 62' lang='lat' dir='ltr'><strong>vinculis,</strong></span> <span class='ocrx_word' id='word_1_570' title='bbox 2013 4555 2118 4599; x_wconf 87' lang='lat' dir='ltr'><strong>etc.</strong></span> 
     </span>
    </p>
   </div>
   <div class='ocr_carea' id='block_1_77' title="bbox 522 4606 2119 4694">
    <p class='ocr_par' dir='ltr' id='par_1_77' title="bbox 522 4606 2119 4694">
     <span class='ocr_line' id='line_1_77' title="bbox 522 4606 2119 4694; baseline 0.002 -29"><span class='ocrx_word' id='word_1_571' title='bbox 522 4610 772 4694; x_wconf 71' lang='lat' dir='ltr'><strong>Relegare</strong></span> <span class='ocrx_word' id='word_1_572' title='bbox 813 4611 863 4691; x_wconf 76' lang='lat' dir='ltr'><strong>in</strong></span> <span class='ocrx_word' id='word_1_573' title='bbox 899 4606 1073 4694; x_wconf 58' lang='grc' dir='ltr'><strong>ις’-σηιξ</strong></span> <span class='ocrx_word' id='word_1_574' title='bbox 1103 4607 1332 4694; x_wconf 56' lang='lat' dir='ltr'><strong>partibus</strong></span> <span class='ocrx_word' id='word_1_575' title='bbox 1352 4649 1365 4672; x_wconf 92' lang='lat'><strong>,</strong></span> <span class='ocrx_word' id='word_1_576' title='bbox 1394 4606 1596 4694; x_wconf 23' lang='lat' dir='ltr'><strong>etcum</strong></span> <span class='ocrx_word' id='word_1_577' title='bbox 1626 4610 1920 4694; x_wconf 57' lang='lat' dir='ltr'><strong>lopginquis</strong></span> <span class='ocrx_word' id='word_1_578' title='bbox 1950 4606 1998 4667; x_wconf 83' lang='lat' dir='ltr'><strong>et</strong></span> <span class='ocrx_word' id='word_1_579' title='bbox 2023 4631 2119 4694; x_wconf 53' lang='lat' dir='ltr'><strong>ea:-</strong></span> 
     </span>
    </p>
   </div>
   <div class='ocr_carea' id='block_1_78' title="bbox 517 4678 2122 4747">
    <p class='ocr_par' dir='ltr' id='par_1_78' title="bbox 517 4678 2122 4747">
     <span class='ocr_line' id='line_1_78' title="bbox 517 4678 2122 4747; baseline 0.003 -13"><span class='ocrx_word' id='word_1_580' title='bbox 517 4678 691 4735; x_wconf 81' lang='lat' dir='ltr'><strong>tremis</strong></span> <span class='ocrx_word' id='word_1_581' title='bbox 722 4678 1011 4747; x_wconf 60' lang='lat' dir='ltr'><strong>regionibus</strong></span> <span class='ocrx_word' id='word_1_582' title='bbox 1039 4678 1329 4741; x_wconf 79' lang='lat' dir='ltr'><strong>detrudere,</strong></span> <span class='ocrx_word' id='word_1_583' title='bbox 1356 4689 1459 4734; x_wconf 85' lang='lat' dir='ltr'><strong>etc.</strong></span> <span class='ocrx_word' id='word_1_584' title='bbox 1498 4681 1650 4747; x_wconf 79' lang='lat' dir='ltr'><strong>Apud</strong></span> <span class='ocrx_word' id='word_1_585' title='bbox 1681 4678 1990 4738; x_wconf 79' lang='lat' dir='ltr'><strong>Luciferum</strong></span> <span class='ocrx_word' id='word_1_586' title='bbox 2018 4681 2122 4739; x_wconf 89' lang='lat' dir='ltr'><strong>Ca-</strong></span> 
     </span>
    </p>
   </div>
   <div class='ocr_carea' id='block_1_79' title="bbox 516 4739 2202 4835">
    <p class='ocr_par' dir='ltr' id='par_1_79' title="bbox 516 4739 2202 4835">
     <span class='ocr_line' id='line_1_79' title="bbox 516 4739 2202 4835; baseline 0.002 -28"><span class='ocrx_word' id='word_1_587' title='bbox 516 4753 660 4808; x_wconf 87' lang='lat' dir='ltr'><strong>larit.</strong></span> <span class='ocrx_word' id='word_1_588' title='bbox 714 4739 916 4833; x_wconf 75' lang='lat' dir='ltr'><strong>Mittere</strong></span> <span class='ocrx_word' id='word_1_589' title='bbox 953 4751 1005 4803; x_wconf 89' lang='lat' dir='ltr'><strong>in</strong></span> <span class='ocrx_word' id='word_1_590' title='bbox 1030 4750 1254 4835; x_wconf 47' lang='lat' dir='ltr'><strong>camini;</strong></span> <span class='ocrx_word' id='word_1_591' title='bbox 1283 4739 1566 4835; x_wconf 43' lang='lat' dir='ltr'><strong>iggis.lf~‘ed</strong></span> <span class='ocrx_word' id='word_1_592' title='bbox 1580 4751 1644 4835; x_wconf 58' lang='lat' dir='ltr'><strong>in</strong></span> <span class='ocrx_word' id='word_1_593' title='bbox 1676 4752 1782 4835; x_wconf 49' lang='lat' dir='ltr'><strong>illo</strong></span> <span class='ocrx_word' id='word_1_594' title='bbox 1812 4753 1987 4810; x_wconf 89' lang='lat' dir='ltr'><strong>minus</strong></span> <span class='ocrx_word' id='word_1_595' title='bbox 2019 4757 2121 4811; x_wconf 84' lang='lat' dir='ltr'><strong>mi-</strong></span> <span class='ocrx_word' id='word_1_596' title='bbox 2150 4776 2202 4835; x_wconf 79' lang='grc' dir='ltr'>ι)</span> 
     </span>
    </p>
   </div>
   <div class='ocr_carea' id='block_1_80' title="bbox 520 4818 1906 4899">
    <p class='ocr_par' dir='ltr' id='par_1_80' title="bbox 520 4818 1906 4899">
     <span class='ocr_line' id='line_1_80' title="bbox 520 4818 1906 4899; baseline -0.001 -19"><span class='ocrx_word' id='word_1_597' title='bbox 520 4824 783 4899; x_wconf 49' lang='lat' dir='ltr'><strong>rutttani</strong></span> <span class='ocrx_word' id='word_1_598' title='bbox 818 4832 963 4899; x_wconf 64' lang='lat' dir='ltr'><strong>totus</strong></span> <span class='ocrx_word' id='word_1_599' title='bbox 995 4821 1199 4899; x_wconf 44' lang='lat' dir='ltr'><strong>ubique.</strong></span> <span class='ocrx_word' id='word_1_600' title='bbox 1220 4818 1543 4899; x_wconf 61' lang='grc' dir='ltr'><strong>βαρςαρίζει.</strong></span> <span class='ocrx_word' id='word_1_601' title='bbox 1580 4820 1648 4875; x_wconf 83' lang='grc' dir='ltr'><em>Μ.</em></span> <span class='ocrx_word' id='word_1_602' title='bbox 1674 4818 1906 4899; x_wconf 49' lang='lat' dir='ltr'><strong>Castus.</strong></span> 
     </span>
    </p>
   </div>
   <div class='ocr_carea' id='block_1_81' title="bbox 590 4892 2123 4967">
    <p class='ocr_par' dir='ltr' id='par_1_81' title="bbox 590 4892 2123 4967">
     <span class='ocr_line' id='line_1_81' title="bbox 590 4892 2123 4967; baseline 0.003 -20"><span class='ocrx_word' id='word_1_603' title='bbox 590 4894 709 4967; x_wconf 56' lang='grc' dir='ltr'>(Ξῖ)</span> <span class='ocrx_word' id='word_1_604' title='bbox 745 4895 786 4946; x_wconf 83' lang='grc' dir='ltr'><strong><em>Α</em></strong></span> <span class='ocrx_word' id='word_1_605' title='bbox 815 4893 968 4967; x_wconf 75' lang='lat' dir='ltr'><strong>domo</strong></span> <span class='ocrx_word' id='word_1_606' title='bbox 998 4892 1226 4967; x_wconf 60' lang='lat' dir='ltr'><strong>ueritatis</strong></span> <span class='ocrx_word' id='word_1_607' title='bbox 1240 4892 1378 4967; x_wconf 52' lang='lat' dir='ltr'><strong>satis</strong></span> <span class='ocrx_word' id='word_1_608' title='bbox 1398 4892 1654 4967; x_wconf 74' lang='lat' dir='ltr'><strong>extorres.</strong></span> <span class='ocrx_word' id='word_1_609' title='bbox 1701 4894 1843 4967; x_wconf 81' lang='lat' dir='ltr'><strong>Satis</strong></span> <span class='ocrx_word' id='word_1_610' title='bbox 1876 4898 2014 4951; x_wconf 87' lang='lat' dir='ltr'><strong>valet</strong></span> <span class='ocrx_word' id='word_1_611' title='bbox 2039 4899 2123 4952; x_wconf 89' lang='lat' dir='ltr'><strong>ni-</strong></span> 
     </span>
    </p>
   </div>
   <div class='ocr_carea' id='block_1_82' title="bbox 519 4959 2125 5032">
    <p class='ocr_par' dir='ltr' id='par_1_82' title="bbox 519 4959 2125 5032">
     <span class='ocr_line' id='line_1_82' title="bbox 519 4959 2125 5032; baseline 0.002 -12"><span class='ocrx_word' id='word_1_612' title='bbox 519 4959 637 5026; x_wconf 73' lang='lat' dir='ltr'><strong>mis,</strong></span> <span class='ocrx_word' id='word_1_613' title='bbox 663 4959 971 5032; x_wconf 74' lang='lat' dir='ltr'><strong>Arnobius,</strong></span> <span class='ocrx_word' id='word_1_614' title='bbox 998 4960 1091 5015; x_wconf 85' lang='lat' dir='ltr'><strong>lib.</strong></span> <span class='ocrx_word' id='word_1_615' title='bbox 1132 4975 1183 5012; x_wconf 90' lang='lat' dir='ltr'><strong>v.</strong></span> <span class='ocrx_word' id='word_1_616' title='bbox 1222 4959 1369 5032; x_wconf 3' lang='lat' dir='ltr'><strong>(Quid</strong></span> <span class='ocrx_word' id='word_1_617' title='bbox 1411 4964 1670 5032; x_wconf 79' lang='lat' dir='ltr'><strong>nefarium</strong></span> <span class='ocrx_word' id='word_1_618' title='bbox 1707 4965 1969 5021; x_wconf 81' lang='lat' dir='ltr'><strong>videbatur</strong></span> <span class='ocrx_word' id='word_1_619' title='bbox 1997 4971 2125 5025; x_wconf 84' lang='lat' dir='ltr'><strong>satis</strong></span> 
     </span>
    </p>
   </div>
   <div class='ocr_carea' id='block_1_83' title="bbox 517 5031 2117 5110">
    <p class='ocr_par' dir='ltr' id='par_1_83' title="bbox 517 5031 2117 5110">
     <span class='ocr_line' id='line_1_83' title="bbox 517 5031 2117 5110; baseline 0.009 -29"><span class='ocrx_word' id='word_1_620' title='bbox 517 5047 860 5110; x_wconf 37' lang='lat' dir='ltr'><strong>patrem-cum</strong></span> <span class='ocrx_word' id='word_1_621' title='bbox 905 5031 1015 5110; x_wconf 85' lang='lat' dir='ltr'><strong>ﬁlia</strong></span> <span class='ocrx_word' id='word_1_622' title='bbox 1040 5031 1959 5110; x_wconf 50' lang='lat' dir='ltr'><strong>quominus_ua&#39;oritt_conjugatione</strong></span> <span class='ocrx_word' id='word_1_623' title='bbox 1998 5043 2117 5094; x_wconf 83' lang='lat' dir='ltr'><strong>mis-</strong></span> 
     </span>
    </p>
   </div>
   <div class='ocr_carea' id='block_1_84' title="bbox 518 5102 2118 5180">
    <p class='ocr_par' dir='ltr' id='par_1_84' title="bbox 518 5102 2118 5180">
     <span class='ocr_line' id='line_1_84' title="bbox 518 5102 2118 5180; baseline 0.003 -18"><span class='ocrx_word' id='word_1_624' title='bbox 518 5102 642 5163; x_wconf 68' lang='lat' dir='ltr'><strong>ceri.</strong></span> <span class='ocrx_word' id='word_1_625' title='bbox 676 5104 768 5161; x_wconf 87' lang='lat' dir='ltr'><strong>Sic</strong></span> <span class='ocrx_word' id='word_1_626' title='bbox 796 5108 997 5180; x_wconf 61' lang='lat' dir='ltr'><strong>ereptus</strong></span> <span class='ocrx_word' id='word_1_627' title='bbox 1040 5102 1101 5155; x_wconf 89' lang='lat' dir='ltr'><strong>D.</strong></span> <span class='ocrx_word' id='word_1_628' title='bbox 1138 5105 1502 5172; x_wconf 63' lang='lat' dir='ltr'><strong>Augustinus,</strong></span> <span class='ocrx_word' id='word_1_629' title='bbox 1539 5102 1899 5180; x_wconf 58' lang='lat' dir='ltr'><strong>Hieronymus</strong></span> <span class='ocrx_word' id='word_1_630' title='bbox 1922 5154 1936 5176; x_wconf 92' lang='lat'><strong>,</strong></span> <span class='ocrx_word' id='word_1_631' title='bbox 1971 5112 2118 5167; x_wconf 81' lang='lat' dir='ltr'><strong>Rufi-</strong></span> 
     </span>
    </p>
   </div>
   <div class='ocr_carea' id='block_1_85' title="bbox 522 5172 1142 5239">
    <p class='ocr_par' dir='ltr' id='par_1_85' title="bbox 522 5172 1142 5239">
     <span class='ocr_line' id='line_1_85' title="bbox 522 5172 1142 5239; baseline -0.008 -6"><span class='ocrx_word' id='word_1_632' title='bbox 522 5194 659 5239; x_wconf 87' lang='lat' dir='ltr'><strong>nus,</strong></span> <span class='ocrx_word' id='word_1_633' title='bbox 691 5187 745 5229; x_wconf 91' lang='lat' dir='ltr'><strong>et</strong></span> <span class='ocrx_word' id='word_1_634' title='bbox 777 5175 889 5227; x_wconf 86' lang='lat' dir='ltr'><strong>alii.</strong></span> <span class='ocrx_word' id='word_1_635' title='bbox 922 5172 1142 5228; x_wconf 78' lang='lat' dir='ltr'><strong>Inccn&#39;r.</strong></span> 
     </span>
    </p>
   </div>
   <div class='ocr_carea' id='block_1_86' title="bbox 594 5244 2117 5319">
    <p class='ocr_par' dir='ltr' id='par_1_86' title="bbox 594 5244 2117 5319">
     <span class='ocr_line' id='line_1_86' title="bbox 594 5244 2117 5319; baseline 0.005 -17"><span class='ocrx_word' id='word_1_636' title='bbox 594 5247 708 5319; x_wconf 75' lang='grc'>(28)</span> <span class='ocrx_word' id='word_1_637' title='bbox 750 5244 909 5319; x_wconf 45' lang='grc' dir='ltr'><em>ναήαῄ</em></span> <span class='ocrx_word' id='word_1_638' title='bbox 936 5254 980 5297; x_wconf 82' lang='lat' dir='ltr'><strong>et</strong></span> <span class='ocrx_word' id='word_1_639' title='bbox 1012 5244 1165 5311; x_wconf 77' lang='lat' dir='ltr'><strong>falsa.</strong></span> <span class='ocrx_word' id='word_1_640' title='bbox 1215 5244 1348 5314; x_wconf 85' lang='lat' dir='ltr'><strong>Quia</strong></span> <span class='ocrx_word' id='word_1_641' title='bbox 1395 5247 1526 5319; x_wconf 61' lang='lat' dir='ltr'><strong>falsa</strong></span> <span class='ocrx_word' id='word_1_642' title='bbox 1574 5251 1641 5304; x_wconf 88' lang='lat' dir='ltr'><strong>de</strong></span> <span class='ocrx_word' id='word_1_643' title='bbox 1686 5250 1951 5308; x_wconf 87' lang='lat' dir='ltr'><strong>Trinitate</strong></span> <span class='ocrx_word' id='word_1_644' title='bbox 1991 5270 2117 5310; x_wconf 83' lang='lat' dir='ltr'><strong>sen-</strong></span> 
     </span>
    </p>
   </div>
   <div class='ocr_carea' id='block_1_87' title="bbox 519 5317 2123 5390">
    <p class='ocr_par' dir='ltr' id='par_1_87' title="bbox 519 5317 2123 5390">
     <span class='ocr_line' id='line_1_87' title="bbox 519 5317 2123 5390; baseline 0.004 -16"><span class='ocrx_word' id='word_1_645' title='bbox 519 5317 750 5390; x_wconf 75' lang='lat' dir='ltr'><strong>tientes,</strong></span> <span class='ocrx_word' id='word_1_646' title='bbox 782 5327 839 5373; x_wconf 79' lang='lat' dir='ltr'><strong>Ut</strong></span> <span class='ocrx_word' id='word_1_647' title='bbox 865 5317 939 5370; x_wconf 79' lang='lat' dir='ltr'><strong>ait</strong></span> <span class='ocrx_word' id='word_1_648' title='bbox 968 5332 1165 5386; x_wconf 82' lang='lat' dir='ltr'><strong>supra,</strong></span> <span class='ocrx_word' id='word_1_649' title='bbox 1216 5318 1444 5390; x_wconf 85' lang='lat' dir='ltr'><strong>symboli</strong></span> <span class='ocrx_word' id='word_1_650' title='bbox 1499 5319 1805 5378; x_wconf 86' lang='lat' dir='ltr'><strong>desertores</strong></span> <span class='ocrx_word' id='word_1_651' title='bbox 1848 5323 2123 5381; x_wconf 87' lang='lat' dir='ltr'><strong>habeban-</strong></span> 
     </span>
    </p>
   </div>
   <div class='ocr_carea' id='block_1_88' title="bbox 520 5389 894 5447">
    <p class='ocr_par' dir='ltr' id='par_1_88' title="bbox 520 5389 894 5447">
     <span class='ocr_line' id='line_1_88' title="bbox 520 5389 894 5447; baseline -0.011 0"><span class='ocrx_word' id='word_1_652' title='bbox 520 5401 627 5447; x_wconf 91' lang='lat' dir='ltr'><strong>tur.</strong></span> <span class='ocrx_word' id='word_1_653' title='bbox 658 5389 894 5444; x_wconf 68' lang='lat' dir='ltr'><strong>ALBASP.</strong></span> 
     </span>
    </p>
   </div>
   <div class='ocr_carea' id='block_1_89' title="bbox 589 5456 2120 5532">
    <p class='ocr_par' dir='ltr' id='par_1_89' title="bbox 589 5456 2120 5532">
     <span class='ocr_line' id='line_1_89' title="bbox 589 5456 2120 5532; baseline 0.005 -16"><span class='ocrx_word' id='word_1_654' title='bbox 589 5460 707 5532; x_wconf 77' lang='grc'>(29)</span> <span class='ocrx_word' id='word_1_655' title='bbox 737 5460 913 5514; x_wconf 70' lang='lat' dir='ltr'><strong>Clunes</strong></span> <span class='ocrx_word' id='word_1_656' title='bbox 941 5456 1010 5512; x_wconf 85' lang='lat' dir='ltr'><strong>ad</strong></span> <span class='ocrx_word' id='word_1_657' title='bbox 1043 5458 1276 5514; x_wconf 82' lang='lat' dir='ltr'><strong>Petrum.</strong></span> <span class='ocrx_word' id='word_1_658' title='bbox 1323 5460 1435 5517; x_wconf 80' lang='lat' dir='ltr'><strong>Hoc</strong></span> <span class='ocrx_word' id='word_1_659' title='bbox 1465 5473 1547 5516; x_wconf 90' lang='lat' dir='ltr'><strong>est</strong></span> <span class='ocrx_word' id='word_1_660' title='bbox 1582 5478 1739 5517; x_wconf 89' lang='lat' dir='ltr'><strong>unam</strong></span> <span class='ocrx_word' id='word_1_661' title='bbox 1771 5479 1892 5521; x_wconf 89' lang='lat' dir='ltr'><strong>esse</strong></span> <span class='ocrx_word' id='word_1_662' title='bbox 1921 5466 2120 5524; x_wconf 78' lang='lat' dir='ltr'><strong>Gallie-</strong></span> 
     </span>
    </p>
   </div>
   <div class='ocr_carea' id='block_1_90' title="bbox 515 5532 2116 5600">
    <p class='ocr_par' dir='ltr' id='par_1_90' title="bbox 515 5532 2116 5600">
     <span class='ocr_line' id='line_1_90' title="bbox 515 5532 2116 5600; baseline 0.003 -12"><span class='ocrx_word' id='word_1_663' title='bbox 515 5532 669 5588; x_wconf 84' lang='lat' dir='ltr'><strong>dram</strong></span> <span class='ocrx_word' id='word_1_664' title='bbox 689 5572 705 5599; x_wconf 92' lang='lat'><strong>,</strong></span> <span class='ocrx_word' id='word_1_665' title='bbox 738 5544 789 5586; x_wconf 91' lang='lat' dir='ltr'><strong>et</strong></span> <span class='ocrx_word' id='word_1_666' title='bbox 821 5547 939 5587; x_wconf 89' lang='lat' dir='ltr'><strong>eam</strong></span> <span class='ocrx_word' id='word_1_667' title='bbox 971 5534 1189 5599; x_wconf 85' lang='lat' dir='ltr'><strong>agnosci</strong></span> <span class='ocrx_word' id='word_1_668' title='bbox 1222 5547 1316 5600; x_wconf 86' lang='lat' dir='ltr'><strong>per</strong></span> <span class='ocrx_word' id='word_1_669' title='bbox 1340 5535 1780 5590; x_wconf 88' lang='lat' dir='ltr'><strong>communionem</strong></span> <span class='ocrx_word' id='word_1_670' title='bbox 1812 5552 1934 5591; x_wconf 87' lang='lat' dir='ltr'><strong>cum</strong></span> <span class='ocrx_word' id='word_1_671' title='bbox 1965 5552 2116 5594; x_wconf 87' lang='lat' dir='ltr'><strong>sunt-</strong></span> 
     </span>
    </p>
   </div>
   <div class='ocr_carea' id='block_1_91' title="bbox 518 5603 1169 5669">
    <p class='ocr_par' dir='ltr' id='par_1_91' title="bbox 518 5603 1169 5669">
     <span class='ocr_line' id='line_1_91' title="bbox 518 5603 1169 5669; baseline -0.006 -11"><span class='ocrx_word' id='word_1_672' title='bbox 518 5623 603 5658; x_wconf 79' lang='lat' dir='ltr'><strong>tno</strong></span> <span class='ocrx_word' id='word_1_673' title='bbox 636 5603 907 5669; x_wconf 72' lang='lat' dir='ltr'><strong>pontiﬁce.</strong></span> <span class='ocrx_word' id='word_1_674' title='bbox 941 5604 1169 5657; x_wconf 71' lang='lat' dir='ltr'><strong>ALBASP.</strong></span> 
     </span>
    </p>
   </div>
   <div class='ocr_carea' id='block_1_92' title="bbox 582 5672 2112 5744">
    <p class='ocr_par' dir='ltr' id='par_1_92' title="bbox 582 5672 2112 5744">
     <span class='ocr_line' id='line_1_92' title="bbox 582 5672 2112 5744; baseline 0.005 -14"><span class='ocrx_word' id='word_1_675' title='bbox 582 5674 695 5744; x_wconf 82' lang='lat'><strong>(50)</strong></span> <span class='ocrx_word' id='word_1_676' title='bbox 727 5673 945 5729; x_wconf 81' lang='lat' dir='ltr'><strong>Colendi</strong></span> <span class='ocrx_word' id='word_1_677' title='bbox 986 5681 1307 5740; x_wconf 82' lang='lat' dir='ltr'><strong>potestatem.</strong></span> <span class='ocrx_word' id='word_1_678' title='bbox 1350 5672 1565 5727; x_wconf 75' lang='lat' dir='ltr'><strong>Fideles</strong></span> <span class='ocrx_word' id='word_1_679' title='bbox 1610 5678 1881 5733; x_wconf 89' lang='lat' dir='ltr'><strong>nutriendi</strong></span> <span class='ocrx_word' id='word_1_680' title='bbox 1922 5682 1972 5736; x_wconf 88' lang='lat' dir='ltr'><strong>itt</strong></span> <span class='ocrx_word' id='word_1_681' title='bbox 2006 5680 2112 5738; x_wconf 86' lang='lat' dir='ltr'><strong>fide</strong></span> 
     </span>
    </p>
   </div>
   <div class='ocr_carea' id='block_1_93' title="bbox 509 5746 1637 5818">
    <p class='ocr_par' dir='ltr' id='par_1_93' title="bbox 509 5746 1637 5818">
     <span class='ocr_line' id='line_1_93' title="bbox 509 5746 1637 5818; baseline 0.005 -22"><span class='ocrx_word' id='word_1_682' title='bbox 509 5763 607 5818; x_wconf 69' lang='lat' dir='ltr'><strong>per</strong></span> <span class='ocrx_word' id='word_1_683' title='bbox 638 5746 902 5801; x_wconf 66' lang='lat' dir='ltr'><strong>sacrificia</strong></span> <span class='ocrx_word' id='word_1_684' title='bbox 935 5756 983 5797; x_wconf 87' lang='lat' dir='ltr'><strong>et</strong></span> <span class='ocrx_word' id='word_1_685' title='bbox 1017 5752 1375 5797; x_wconf 76' lang='lat' dir='ltr'><strong>sacramenta.</strong></span> <span class='ocrx_word' id='word_1_686' title='bbox 1411 5748 1637 5802; x_wconf 60' lang='grc' dir='ltr'><strong>Λωίδι).</strong></span> 
     </span>
    </p>
   </div>
   <div class='ocr_carea' id='block_1_94' title="bbox 2293 2543 3838 2617">
    <p class='ocr_par' dir='ltr' id='par_1_94' title="bbox 2293 2543 3838 2617">
     <span class='ocr_line' id='line_1_94' title="bbox 2293 2543 3838 2617; baseline 0.001 -17"><span class='ocrx_word' id='word_1_687' title='bbox 2293 2543 2410 2617; x_wconf 87' lang='grc'>(51)</span> <span class='ocrx_word' id='word_1_688' title='bbox 2441 2544 2579 2600; x_wconf 85' lang='lat' dir='ltr'><strong>Bene</strong></span> <span class='ocrx_word' id='word_1_689' title='bbox 2606 2545 2897 2617; x_wconf 73' lang='lat' dir='ltr'><strong>subduxisti</strong></span> <span class='ocrx_word' id='word_1_690' title='bbox 2924 2546 3177 2617; x_wconf 79' lang='lat' dir='ltr'><strong>annulum</strong></span> <span class='ocrx_word' id='word_1_691' title='bbox 3203 2546 3287 2601; x_wconf 89' lang='lat' dir='ltr'><strong>iis.</strong></span> <span class='ocrx_word' id='word_1_692' title='bbox 3316 2545 3424 2600; x_wconf 87' lang='lat' dir='ltr'><strong>Pro</strong></span> <span class='ocrx_word' id='word_1_693' title='bbox 3453 2546 3571 2601; x_wconf 80' lang='lat' dir='ltr'><strong>licet</strong></span> <span class='ocrx_word' id='word_1_694' title='bbox 3597 2548 3666 2600; x_wconf 79' lang='lat' dir='ltr'><strong>ad</strong></span> <span class='ocrx_word' id='word_1_695' title='bbox 3685 2589 3697 2611; x_wconf 91' lang='lat'><strong>,</strong></span> <span class='ocrx_word' id='word_1_696' title='bbox 3726 2547 3838 2602; x_wconf 86' lang='lat' dir='ltr'><strong>erit</strong></span> 
     </span>
    </p>
   </div>
   <div class='ocr_carea' id='block_1_95' title="bbox 2218 2616 3831 2685">
    <p class='ocr_par' dir='ltr' id='par_1_95' title="bbox 2218 2616 3831 2685">
     <span class='ocr_line' id='line_1_95' title="bbox 2218 2616 3831 2685; baseline 0.002 -15"><span class='ocrx_word' id='word_1_697' title='bbox 2218 2616 2464 2671; x_wconf 71' lang='lat' dir='ltr'><strong>fortassis</strong></span> <span class='ocrx_word' id='word_1_698' title='bbox 2488 2618 2574 2670; x_wconf 92' lang='lat' dir='ltr'><strong>cui</strong></span> <span class='ocrx_word' id='word_1_699' title='bbox 2599 2616 2882 2679; x_wconf 87' lang='lat' dir='ltr'><strong>arridebit,</strong></span> <span class='ocrx_word' id='word_1_700' title='bbox 2910 2617 3112 2671; x_wconf 84' lang='lat' dir='ltr'><strong>licebat.</strong></span> <span class='ocrx_word' id='word_1_701' title='bbox 3135 2616 3369 2672; x_wconf 88' lang='lat' dir='ltr'><strong>Temere</strong></span> <span class='ocrx_word' id='word_1_702' title='bbox 3396 2628 3603 2683; x_wconf 88' lang='lat' dir='ltr'><strong>noster,</strong></span> <span class='ocrx_word' id='word_1_703' title='bbox 3632 2618 3725 2673; x_wconf 88' lang='lat' dir='ltr'><strong>lib.</strong></span> <span class='ocrx_word' id='word_1_704' title='bbox 3756 2634 3794 2673; x_wconf 86' lang='lat' dir='ltr'><strong>tl</strong></span> <span class='ocrx_word' id='word_1_705' title='bbox 3814 2661 3831 2685; x_wconf 91' lang='lat'><strong>,</strong></span> 
     </span>
    </p>
   </div>
   <div class='ocr_carea' id='block_1_96' title="bbox 2218 2688 3836 2759">
    <p class='ocr_par' dir='ltr' id='par_1_96' title="bbox 2218 2688 3836 2759">
     <span class='ocr_line' id='line_1_96' title="bbox 2218 2688 3836 2759; baseline 0.001 -16"><span class='ocrx_word' id='word_1_706' title='bbox 2218 2688 2468 2758; x_wconf 78' lang='lat' dir='ltr'><strong>Sigillum</strong></span> <span class='ocrx_word' id='word_1_707' title='bbox 2514 2690 2771 2759; x_wconf 87' lang='lat' dir='ltr'><strong>integrum</strong></span> <span class='ocrx_word' id='word_1_708' title='bbox 2819 2704 2923 2742; x_wconf 87' lang='lat' dir='ltr'><strong>non</strong></span> <span class='ocrx_word' id='word_1_709' title='bbox 2969 2688 3241 2755; x_wconf 84' lang='lat' dir='ltr'><strong>habentes,</strong></span> <span class='ocrx_word' id='word_1_710' title='bbox 3293 2690 3361 2742; x_wconf 87' lang='lat' dir='ltr'><strong>ad</strong></span> <span class='ocrx_word' id='word_1_711' title='bbox 3414 2690 3608 2758; x_wconf 77' lang='lat' dir='ltr'><strong>fontem</strong></span> <span class='ocrx_word' id='word_1_712' title='bbox 3654 2706 3836 2744; x_wconf 75' lang='lat' dir='ltr'><strong>verum</strong></span> 
     </span>
    </p>
   </div>
   <div class='ocr_carea' id='block_1_97' title="bbox 2217 2760 3831 2832">
    <p class='ocr_par' dir='ltr' id='par_1_97' title="bbox 2217 2760 3831 2832">
     <span class='ocr_line' id='line_1_97' title="bbox 2217 2760 3831 2832; baseline 0.002 -19"><span class='ocrx_word' id='word_1_713' title='bbox 2217 2761 2421 2830; x_wconf 79' lang='lat' dir='ltr'><strong>aperire</strong></span> <span class='ocrx_word' id='word_1_714' title='bbox 2451 2767 2797 2832; x_wconf 14' lang='lat' dir='ltr'><strong>nonﬂpossunt</strong></span> <span class='ocrx_word' id='word_1_715' title='bbox 2818 2801 2832 2825; x_wconf 93' lang='lat'><strong>,</strong></span> <span class='ocrx_word' id='word_1_716' title='bbox 2856 2769 2911 2832; x_wconf 76' lang='lat' dir='ltr'><strong>et</strong></span> <span class='ocrx_word' id='word_1_717' title='bbox 2928 2760 3207 2832; x_wconf 70' lang='lat' dir='ltr'><strong>sciendum</strong></span> <span class='ocrx_word' id='word_1_718' title='bbox 3241 2762 3378 2815; x_wconf 88' lang='lat' dir='ltr'><strong>mire</strong></span> <span class='ocrx_word' id='word_1_719' title='bbox 3405 2763 3483 2814; x_wconf 91' lang='lat' dir='ltr'><strong>uti</strong></span> <span class='ocrx_word' id='word_1_720' title='bbox 3503 2760 3831 2832; x_wconf 13' lang='lat' dir='ltr'><strong>iltujusmodi</strong></span> 
     </span>
    </p>
   </div>
   <div class='ocr_carea' id='block_1_98' title="bbox 2220 2828 3830 2901">
    <p class='ocr_par' dir='ltr' id='par_1_98' title="bbox 2220 2828 3830 2901">
     <span class='ocr_line' id='line_1_98' title="bbox 2220 2828 3830 2901; baseline 0.001 -17"><span class='ocrx_word' id='word_1_721' title='bbox 2220 2828 2498 2900; x_wconf 83' lang='lat' dir='ltr'><strong>particulis</strong></span> <span class='ocrx_word' id='word_1_722' title='bbox 2542 2828 2820 2901; x_wconf 81' lang='lat' dir='ltr'><strong>Optatum.</strong></span> <span class='ocrx_word' id='word_1_723' title='bbox 2869 2828 3022 2899; x_wconf 87' lang='lat' dir='ltr'><strong>Quod</strong></span> <span class='ocrx_word' id='word_1_724' title='bbox 3072 2842 3247 2886; x_wconf 88' lang='lat' dir='ltr'><strong>tamen</strong></span> <span class='ocrx_word' id='word_1_725' title='bbox 3292 2847 3468 2900; x_wconf 85' lang='lat' dir='ltr'><strong>genus</strong></span> <span class='ocrx_word' id='word_1_726' title='bbox 3501 2831 3830 2898; x_wconf 85' lang='lat' dir='ltr'><strong>locutionis,</strong></span> 
     </span>
    </p>
   </div>
   <div class='ocr_carea' id='block_1_99' title="bbox 2218 2903 3833 2972">
    <p class='ocr_par' dir='ltr' id='par_1_99' title="bbox 2218 2903 3833 2972">
     <span class='ocr_line' id='line_1_99' title="bbox 2218 2903 3833 2972; baseline 0.004 -20"><span class='ocrx_word' id='word_1_727' title='bbox 2218 2903 2464 2971; x_wconf 86' lang='lat' dir='ltr'><strong>quamvis</strong></span> <span class='ocrx_word' id='word_1_728' title='bbox 2494 2904 2572 2956; x_wconf 91' lang='lat' dir='ltr'><strong>sic</strong></span> <span class='ocrx_word' id='word_1_729' title='bbox 2603 2904 2891 2972; x_wconf 90' lang='lat' dir='ltr'><strong>repetitum</strong></span> <span class='ocrx_word' id='word_1_730' title='bbox 2924 2915 3114 2958; x_wconf 88' lang='lat' dir='ltr'><strong>nostro</strong></span> <span class='ocrx_word' id='word_1_731' title='bbox 3134 2945 3149 2966; x_wconf 85' lang='lat'><strong>,</strong></span> <span class='ocrx_word' id='word_1_732' title='bbox 3180 2917 3281 2969; x_wconf 77' lang='lat' dir='ltr'><strong>ego</strong></span> <span class='ocrx_word' id='word_1_733' title='bbox 3324 2903 3569 2957; x_wconf 81' lang='lat' dir='ltr'><strong>:emulari</strong></span> <span class='ocrx_word' id='word_1_734' title='bbox 3617 2903 3788 2958; x_wconf 89' lang='lat' dir='ltr'><strong>nolim</strong></span> <span class='ocrx_word' id='word_1_735' title='bbox 3815 2919 3833 2958; x_wconf 87' lang='lat'><strong>:</strong></span> 
     </span>
    </p>
   </div>
   <div class='ocr_carea' id='block_1_100' title="bbox 2219 2973 3834 3043">
    <p class='ocr_par' dir='ltr' id='par_1_100' title="bbox 2219 2973 3834 3043">
     <span class='ocr_line' id='line_1_100' title="bbox 2219 2973 3834 3043; baseline 0.001 -15"><span class='ocrx_word' id='word_1_736' title='bbox 2219 2986 2342 3028; x_wconf 87' lang='lat' dir='ltr'><strong>cum</strong></span> <span class='ocrx_word' id='word_1_737' title='bbox 2391 2973 2561 3042; x_wconf 73' lang='lat' dir='ltr'><strong>magis</strong></span> <span class='ocrx_word' id='word_1_738' title='bbox 2602 2973 2843 3029; x_wconf 70' lang='lat' dir='ltr'><strong>llebrtcis</strong></span> <span class='ocrx_word' id='word_1_739' title='bbox 2886 2989 3046 3043; x_wconf 91' lang='lat' dir='ltr'><strong>quam</strong></span> <span class='ocrx_word' id='word_1_740' title='bbox 3084 2973 3291 3029; x_wconf 87' lang='lat' dir='ltr'><strong>Latinis</strong></span> <span class='ocrx_word' id='word_1_741' title='bbox 3325 2975 3527 3029; x_wconf 82' lang='lat' dir='ltr'><strong>nostris</strong></span> <span class='ocrx_word' id='word_1_742' title='bbox 3560 2989 3834 3029; x_wconf 77' lang='lat' dir='ltr'><strong>vernacu-</strong></span> 
     </span>
    </p>
   </div>
   <div class='ocr_carea' id='block_1_101' title="bbox 2220 3043 3837 3117">
    <p class='ocr_par' dir='ltr' id='par_1_101' title="bbox 2220 3043 3837 3117">
     <span class='ocr_line' id='line_1_101' title="bbox 2220 3043 3837 3117; baseline 0.003 -20"><span class='ocrx_word' id='word_1_743' title='bbox 2220 3043 2331 3117; x_wconf 83' lang='lat' dir='ltr'><strong>lum</strong></span> <span class='ocrx_word' id='word_1_744' title='bbox 2360 3047 2451 3099; x_wconf 88' lang='lat' dir='ltr'><strong>sit.</strong></span> <span class='ocrx_word' id='word_1_745' title='bbox 2478 3046 2739 3100; x_wconf 84' lang='lat' dir='ltr'><strong>Annulum</strong></span> <span class='ocrx_word' id='word_1_746' title='bbox 2771 3054 2952 3100; x_wconf 89' lang='lat' dir='ltr'><strong>autem</strong></span> <span class='ocrx_word' id='word_1_747' title='bbox 2986 3047 3191 3117; x_wconf 15' lang='lat' dir='ltr'><strong>videiet</strong></span> <span class='ocrx_word' id='word_1_748' title='bbox 3214 3061 3336 3117; x_wconf 87' lang='lat' dir='ltr'><strong>pag.</strong></span> <span class='ocrx_word' id='word_1_749' title='bbox 3372 3046 3463 3110; x_wconf 87' lang='grc'><strong>10,</strong></span> <span class='ocrx_word' id='word_1_750' title='bbox 3499 3061 3549 3097; x_wconf 82' lang='grc' dir='ltr'><strong>ν.</strong></span> <span class='ocrx_word' id='word_1_751' title='bbox 3585 3046 3637 3110; x_wconf 91' lang='lat'><strong>7,</strong></span> <span class='ocrx_word' id='word_1_752' title='bbox 3672 3045 3837 3101; x_wconf 83' lang='lat' dir='ltr'><strong>intel-</strong></span> 
     </span>
    </p>
   </div>
   <div class='ocr_carea' id='block_1_102' title="bbox 2217 3114 3839 3187">
    <p class='ocr_par' dir='ltr' id='par_1_102' title="bbox 2217 3114 3839 3187">
     <span class='ocr_line' id='line_1_102' title="bbox 2217 3114 3839 3187; baseline 0.003 -18"><span class='ocrx_word' id='word_1_753' title='bbox 2217 3114 2370 3185; x_wconf 81' lang='lat' dir='ltr'><strong>ligit,</strong></span> <span class='ocrx_word' id='word_1_754' title='bbox 2407 3133 2511 3181; x_wconf 74' lang='lat' dir='ltr'><strong>quo</strong></span> <span class='ocrx_word' id='word_1_755' title='bbox 2545 3127 2723 3185; x_wconf 83' lang='lat' dir='ltr'><strong>patres</strong></span> <span class='ocrx_word' id='word_1_756' title='bbox 2766 3130 2817 3171; x_wconf 91' lang='lat' dir='ltr'><strong>et</strong></span> <span class='ocrx_word' id='word_1_757' title='bbox 2864 3114 3370 3183; x_wconf 76' lang='lat' dir='ltr'><strong>matres-familias,</strong></span> <span class='ocrx_word' id='word_1_758' title='bbox 3416 3132 3537 3187; x_wconf 63' lang='lat' dir='ltr'><strong>qui:</strong></span> <span class='ocrx_word' id='word_1_759' title='bbox 3582 3128 3729 3172; x_wconf 86' lang='lat' dir='ltr'><strong>sarta</strong></span> <span class='ocrx_word' id='word_1_760' title='bbox 3777 3127 3839 3174; x_wconf 85' lang='lat' dir='ltr'><strong>et</strong></span> 
     </span>
    </p>
   </div>
   <div class='ocr_carea' id='block_1_103' title="bbox 2218 3187 3836 3259">
    <p class='ocr_par' dir='ltr' id='par_1_103' title="bbox 2218 3187 3836 3259">
     <span class='ocr_line' id='line_1_103' title="bbox 2218 3187 3836 3259; baseline 0.004 -20"><span class='ocrx_word' id='word_1_761' title='bbox 2218 3193 2361 3259; x_wconf 70' lang='lat' dir='ltr'><strong>teeta</strong></span> <span class='ocrx_word' id='word_1_762' title='bbox 2406 3190 2690 3259; x_wconf 86' lang='lat' dir='ltr'><strong>volebant,</strong></span> <span class='ocrx_word' id='word_1_763' title='bbox 2735 3187 3149 3255; x_wconf 72' lang='lat' dir='ltr'><strong>consignabant.</strong></span> <span class='ocrx_word' id='word_1_764' title='bbox 3182 3188 3258 3244; x_wconf 92' lang='lat' dir='ltr'><strong>De</strong></span> <span class='ocrx_word' id='word_1_765' title='bbox 3288 3204 3396 3259; x_wconf 81' lang='lat' dir='ltr'><strong>quo</strong></span> <span class='ocrx_word' id='word_1_766' title='bbox 3426 3192 3541 3259; x_wconf 88' lang='lat' dir='ltr'><strong>ritu</strong></span> <span class='ocrx_word' id='word_1_767' title='bbox 3585 3199 3836 3245; x_wconf 84' lang='lat' dir='ltr'><strong>veterum</strong></span> 
     </span>
    </p>
   </div>
   <div class='ocr_carea' id='block_1_104' title="bbox 2220 3257 3839 3325">
    <p class='ocr_par' dir='ltr' id='par_1_104' title="bbox 2220 3257 3839 3325">
     <span class='ocr_line' id='line_1_104' title="bbox 2220 3257 3839 3325; baseline 0.004 -14"><span class='ocrx_word' id='word_1_768' title='bbox 2220 3257 2472 3325; x_wconf 85' lang='lat' dir='ltr'><strong>Plautus,</strong></span> <span class='ocrx_word' id='word_1_769' title='bbox 2517 3258 2748 3325; x_wconf 88' lang='lat' dir='ltr'><strong>Cicero,</strong></span> <span class='ocrx_word' id='word_1_770' title='bbox 2782 3259 3039 3314; x_wconf 82' lang='lat' dir='ltr'><strong>Martialis</strong></span> <span class='ocrx_word' id='word_1_771' title='bbox 3070 3270 3126 3315; x_wconf 91' lang='lat' dir='ltr'><strong>et</strong></span> <span class='ocrx_word' id='word_1_772' title='bbox 3171 3257 3471 3313; x_wconf 46' lang='lat' dir='ltr'><strong>aliifVide</strong></span> <span class='ocrx_word' id='word_1_773' title='bbox 3516 3259 3656 3315; x_wconf 81' lang='lat' dir='ltr'><strong>inter</strong></span> <span class='ocrx_word' id='word_1_774' title='bbox 3695 3259 3839 3317; x_wconf 86' lang='lat' dir='ltr'><strong>alios</strong></span> 
     </span>
    </p>
   </div>
   <div class='ocr_carea' id='block_1_105' title="bbox 2218 3327 3832 3399">
    <p class='ocr_par' dir='ltr' id='par_1_105' title="bbox 2218 3327 3832 3399">
     <span class='ocr_line' id='line_1_105' title="bbox 2218 3327 3832 3399; baseline 0.002 -17"><span class='ocrx_word' id='word_1_775' title='bbox 2218 3327 2460 3397; x_wconf 89' lang='lat' dir='ltr'><strong>Lipsium</strong></span> <span class='ocrx_word' id='word_1_776' title='bbox 2492 3332 2557 3385; x_wconf 89' lang='lat' dir='ltr'><strong>ad</strong></span> <span class='ocrx_word' id='word_1_777' title='bbox 2591 3331 2761 3387; x_wconf 85' lang='lat' dir='ltr'><strong>Taciti</strong></span> <span class='ocrx_word' id='word_1_778' title='bbox 2793 3332 3045 3385; x_wconf 84' lang='lat' dir='ltr'><strong>annalem</strong></span> <span class='ocrx_word' id='word_1_779' title='bbox 3078 3331 3164 3385; x_wconf 92' lang='grc'>11.</span> <span class='ocrx_word' id='word_1_780' title='bbox 3196 3330 3406 3399; x_wconf 82' lang='lat' dir='ltr'><strong>Quibus</strong></span> <span class='ocrx_word' id='word_1_781' title='bbox 3436 3329 3580 3386; x_wconf 86' lang='lat' dir='ltr'><strong>adde</strong></span> <span class='ocrx_word' id='word_1_782' title='bbox 3609 3332 3832 3397; x_wconf 88' lang='lat' dir='ltr'><strong>locum,</strong></span> 
     </span>
    </p>
   </div>
   <div class='ocr_carea' id='block_1_106' title="bbox 2219 3401 3836 3472">
    <p class='ocr_par' dir='ltr' id='par_1_106' title="bbox 2219 3401 3836 3472">
     <span class='ocr_line' id='line_1_106' title="bbox 2219 3401 3836 3472; baseline 0.003 -18"><span class='ocrx_word' id='word_1_783' title='bbox 2219 3414 2379 3470; x_wconf 89' lang='lat' dir='ltr'><strong>quem</strong></span> <span class='ocrx_word' id='word_1_784' title='bbox 2424 3414 2731 3471; x_wconf 86' lang='lat' dir='ltr'><strong>opportune</strong></span> <span class='ocrx_word' id='word_1_785' title='bbox 2772 3404 3042 3472; x_wconf 73' lang='lat' dir='ltr'><strong>suggessit</strong></span> <span class='ocrx_word' id='word_1_786' title='bbox 3071 3401 3366 3469; x_wconf 83' lang='lat' dir='ltr'><strong>Barthius,</strong></span> <span class='ocrx_word' id='word_1_787' title='bbox 3399 3416 3468 3457; x_wconf 80' lang='lat' dir='ltr'><strong>ex</strong></span> <span class='ocrx_word' id='word_1_788' title='bbox 3520 3402 3682 3457; x_wconf 84' lang='lat' dir='ltr'><strong>medii</strong></span> <span class='ocrx_word' id='word_1_789' title='bbox 3729 3402 3836 3459; x_wconf 72' lang='lat' dir='ltr'><strong>asvi</strong></span> 
     </span>
    </p>
   </div>
   <div class='ocr_carea' id='block_1_107' title="bbox 2224 3472 3840 3597">
    <p class='ocr_par' dir='ltr' id='par_1_107' title="bbox 2224 3472 3840 3597">
     <span class='ocr_line' id='line_1_107' title="bbox 2224 3472 3840 3597; baseline 0.004 -73"><span class='ocrx_word' id='word_1_790' title='bbox 2224 3481 2447 3597; x_wconf 43' lang='lat' dir='ltr'><strong>auctore</strong></span> <span class='ocrx_word' id='word_1_791' title='bbox 2487 3473 2751 3530; x_wconf 86' lang='lat' dir='ltr'><strong>Venantio</strong></span> <span class='ocrx_word' id='word_1_792' title='bbox 2782 3472 3117 3541; x_wconf 86' lang='lat' dir='ltr'><strong>Fortunato,</strong></span> <span class='ocrx_word' id='word_1_793' title='bbox 3150 3474 3241 3529; x_wconf 91' lang='lat' dir='ltr'><strong>lib.</strong></span> <span class='ocrx_word' id='word_1_794' title='bbox 3274 3490 3364 3541; x_wconf 79' lang='lat' dir='ltr'><strong>xi,</strong></span> <span class='ocrx_word' id='word_1_795' title='bbox 3406 3475 3475 3528; x_wconf 88' lang='lat' dir='ltr'><strong>de</strong></span> <span class='ocrx_word' id='word_1_796' title='bbox 3521 3474 3635 3529; x_wconf 85' lang='lat' dir='ltr'><strong>vita</strong></span> <span class='ocrx_word' id='word_1_797' title='bbox 3686 3475 3840 3531; x_wconf 82' lang='lat' dir='ltr'><strong>Beati</strong></span> 
     </span>
     <span class='ocr_line' id='line_1_108' title="bbox 2277 3555 2475 3597; baseline 0 0"><span class='ocrx_word' id='word_1_798' title='bbox 2277 3555 2437 3597; x_wconf 74' lang='lat' dir='ltr'><strong>aI‘Illll</strong></span> <span class='ocrx_word' id='word_1_799' title='bbox 2464 3563 2475 3597; x_wconf 76' lang='grc' dir='ltr'>ἒ</span> 
     </span>
    </p>
   </div>
   <div class='ocr_carea' id='block_1_108' title="bbox 2277 3545 2475 3599">
    <p class='ocr_par' dir='ltr' id='par_1_108' title="bbox 2277 3545 2475 3599">
     <span class='ocr_line' id='line_1_109' title="bbox 2277 3545 2475 3599; baseline 0.005 -2"><span class='ocrx_word' id='word_1_800' title='bbox 2277 3545 2437 3599; x_wconf 88' lang='lat' dir='ltr'><strong>artini</strong></span> <span class='ocrx_word' id='word_1_801' title='bbox 2464 3563 2475 3598; x_wconf 93' lang='lat'><strong>:</strong></span> 
     </span>
    </p>
   </div>
   <div class='ocr_carea' id='block_1_109' title="bbox 2320 3624 3678 3688">
    <p class='ocr_par' dir='ltr' id='par_1_109' title="bbox 2320 3624 3678 3688">
     <span class='ocr_line' id='line_1_110' title="bbox 2320 3624 3678 3688; baseline 0 -15"><span class='ocrx_word' id='word_1_802' title='bbox 2320 3624 2497 3688; x_wconf 72' lang='lat' dir='ltr'><strong>Totum</strong></span> <span class='ocrx_word' id='word_1_803' title='bbox 2518 3633 2688 3676; x_wconf 88' lang='lat' dir='ltr'><strong>auctor</strong></span> <span class='ocrx_word' id='word_1_804' title='bbox 2709 3626 2964 3677; x_wconf 82' lang='lat' dir='ltr'><strong>redimens</strong></span> <span class='ocrx_word' id='word_1_805' title='bbox 2986 3626 3220 3676; x_wconf 83' lang='lat' dir='ltr'><strong>thesauro</strong></span> <span class='ocrx_word' id='word_1_806' title='bbox 3243 3624 3462 3688; x_wconf 86' lang='lat' dir='ltr'><strong>corporis</strong></span> <span class='ocrx_word' id='word_1_807' title='bbox 3479 3625 3678 3688; x_wconf 72' lang='lat' dir='ltr'><strong>orbem,</strong></span> 
     </span>
    </p>
   </div>
   <div class='ocr_carea' id='block_1_110' title="bbox 2296 3686 3691 3799">
    <p class='ocr_par' dir='ltr' id='par_1_110' title="bbox 2296 3686 3691 3799">
     <span class='ocr_line' id='line_1_111' title="bbox 2296 3686 3691 3799; baseline 0.001 -63"><span class='ocrx_word' id='word_1_808' title='bbox 2296 3687 2441 3738; x_wconf 87' lang='lat' dir='ltr'><strong>.Cum</strong></span> <span class='ocrx_word' id='word_1_809' title='bbox 2462 3703 2660 3752; x_wconf 84' lang='lat' dir='ltr'><strong>gemma</strong></span> <span class='ocrx_word' id='word_1_810' title='bbox 2682 3701 2778 3739; x_wconf 84' lang='lat' dir='ltr'><strong>una</strong></span> <span class='ocrx_word' id='word_1_811' title='bbox 2802 3688 2911 3752; x_wconf 90' lang='lat' dir='ltr'><strong>fuit,</strong></span> <span class='ocrx_word' id='word_1_812' title='bbox 2935 3703 3047 3752; x_wconf 63' lang='lat' dir='ltr'><strong>quae</strong></span> <span class='ocrx_word' id='word_1_813' title='bbox 3070 3697 3247 3741; x_wconf 84' lang='lat' dir='ltr'><strong>cuncta</strong></span> <span class='ocrx_word' id='word_1_814' title='bbox 3266 3689 3319 3739; x_wconf 88' lang='lat' dir='ltr'><strong>in</strong></span> <span class='ocrx_word' id='word_1_815' title='bbox 3334 3686 3453 3799; x_wconf 53' lang='lat' dir='ltr'><strong>&#39;vtisa</strong></span> <span class='ocrx_word' id='word_1_816' title='bbox 3475 3686 3691 3738; x_wconf 82' lang='lat' dir='ltr'><strong>valeret.</strong></span> 
     </span>
     <span class='ocr_line' id='line_1_112' title="bbox 3406 3764 3580 3799; baseline -0.006 0"><span class='ocrx_word' id='word_1_817' title='bbox 3406 3764 3580 3799; x_wconf 56' lang='lat' dir='ltr'><strong>aesar.</strong></span> 
     </span>
    </p>
   </div>
   <div class='ocr_carea' id='block_1_111' title="bbox 3406 3764 3580 3800">
    <p class='ocr_par' dir='ltr' id='par_1_111' title="bbox 3406 3764 3580 3800">
     <span class='ocr_line' id='line_1_113' title="bbox 3406 3764 3580 3800; baseline -0.011 0"><span class='ocrx_word' id='word_1_818' title='bbox 3406 3764 3561 3800; x_wconf 63' lang='lat' dir='ltr'><strong>NCZR&#39;I&#39;</strong></span> <span class='ocrx_word' id='word_1_819' title='bbox 3569 3788 3580 3798; x_wconf 96' lang='lat'><strong>.</strong></span> 
     </span>
    </p>
   </div>
   <div class='ocr_carea' id='block_1_112' title="bbox 2299 3833 3838 3904">
    <p class='ocr_par' dir='ltr' id='par_1_112' title="bbox 2299 3833 3838 3904">
     <span class='ocr_line' id='line_1_114' title="bbox 2299 3833 3838 3904; baseline 0.002 -17"><span class='ocrx_word' id='word_1_820' title='bbox 2299 3833 2411 3903; x_wconf 69' lang='lat'><strong>(52)</strong></span> <span class='ocrx_word' id='word_1_821' title='bbox 2442 3833 2581 3889; x_wconf 88' lang='lat' dir='ltr'><strong>Bene</strong></span> <span class='ocrx_word' id='word_1_822' title='bbox 2603 3833 2898 3889; x_wconf 74' lang='lat' dir='ltr'><strong>subduxisti</strong></span> <span class='ocrx_word' id='word_1_823' title='bbox 2923 3835 3171 3889; x_wconf 88' lang='lat' dir='ltr'><strong>annulum</strong></span> <span class='ocrx_word' id='word_1_824' title='bbox 3192 3834 3275 3901; x_wconf 89' lang='lat' dir='ltr'><strong>iis,</strong></span> <span class='ocrx_word' id='word_1_825' title='bbox 3300 3835 3483 3903; x_wconf 83' lang='lat' dir='ltr'><strong>quibus</strong></span> <span class='ocrx_word' id='word_1_826' title='bbox 3505 3835 3710 3904; x_wconf 88' lang='lat' dir='ltr'><strong>aperire</strong></span> <span class='ocrx_word' id='word_1_827' title='bbox 3733 3852 3838 3890; x_wconf 85' lang='lat' dir='ltr'><strong>non</strong></span> 
     </span>
    </p>
   </div>
   <div class='ocr_carea' id='block_1_113' title="bbox 2225 3904 3835 3975">
    <p class='ocr_par' dir='ltr' id='par_1_113' title="bbox 2225 3904 3835 3975">
     <span class='ocr_line' id='line_1_115' title="bbox 2225 3904 3835 3975; baseline 0.002 -17"><span class='ocrx_word' id='word_1_828' title='bbox 2225 3905 2340 3959; x_wconf 83' lang='lat' dir='ltr'><strong>licet</strong></span> <span class='ocrx_word' id='word_1_829' title='bbox 2370 3906 2437 3959; x_wconf 83' lang='lat' dir='ltr'><strong>ad</strong></span> <span class='ocrx_word' id='word_1_830' title='bbox 2477 3911 2687 3975; x_wconf 69' lang='lat' dir='ltr'><strong>tantem.</strong></span> <span class='ocrx_word' id='word_1_831' title='bbox 2738 3906 3008 3962; x_wconf 84' lang='lat' dir='ltr'><strong>Alluditur</strong></span> <span class='ocrx_word' id='word_1_832' title='bbox 3046 3908 3114 3961; x_wconf 89' lang='lat' dir='ltr'><strong>ad</strong></span> <span class='ocrx_word' id='word_1_833' title='bbox 3154 3908 3319 3960; x_wconf 84' lang='lat' dir='ltr'><strong>verba</strong></span> <span class='ocrx_word' id='word_1_834' title='bbox 3360 3904 3570 3959; x_wconf 82' lang='lat' dir='ltr'><strong>Cautici</strong></span> <span class='ocrx_word' id='word_1_835' title='bbox 3614 3905 3835 3962; x_wconf 84' lang='lat' dir='ltr'><strong>Cantic.</strong></span> 
     </span>
    </p>
   </div>
   <div class='ocr_carea' id='block_1_114' title="bbox 2224 3976 3838 4049">
    <p class='ocr_par' dir='ltr' id='par_1_114' title="bbox 2224 3976 3838 4049">
     <span class='ocr_line' id='line_1_116' title="bbox 2224 3976 3838 4049; baseline 0.002 -20"><span class='ocrx_word' id='word_1_836' title='bbox 2224 3991 2345 4049; x_wconf 83' lang='lat' dir='ltr'><strong>cap.</strong></span> <span class='ocrx_word' id='word_1_837' title='bbox 2380 3993 2452 4042; x_wconf 87' lang='lat' dir='ltr'><strong>tv,</strong></span> <span class='ocrx_word' id='word_1_838' title='bbox 2490 3994 2537 4030; x_wconf 84' lang='lat' dir='ltr'><strong>v.</strong></span> <span class='ocrx_word' id='word_1_839' title='bbox 2575 3979 2660 4032; x_wconf 77' lang='grc'>12.</span> <span class='ocrx_word' id='word_1_840' title='bbox 2696 3976 2889 4032; x_wconf 84' lang='lat' dir='ltr'><strong>Hortus</strong></span> <span class='ocrx_word' id='word_1_841' title='bbox 2921 3978 3228 4049; x_wconf 73' lang='lat' dir='ltr'><strong>conclusus,</strong></span> <span class='ocrx_word' id='word_1_842' title='bbox 3258 3993 3405 4031; x_wconf 83' lang='lat' dir='ltr'><strong>soror</strong></span> <span class='ocrx_word' id='word_1_843' title='bbox 3448 3993 3559 4049; x_wconf 80' lang='lat' dir='ltr'><strong>mea</strong></span> <span class='ocrx_word' id='word_1_844' title='bbox 3598 3994 3795 4049; x_wconf 76' lang='lat' dir='ltr'><strong>sponsa</strong></span> <span class='ocrx_word' id='word_1_845' title='bbox 3819 4019 3838 4044; x_wconf 87' lang='lat'><strong>,</strong></span> 
     </span>
    </p>
   </div>
   <div class='ocr_carea' id='block_1_115' title="bbox 2226 4046 3839 4117">
    <p class='ocr_par' dir='ltr' id='par_1_115' title="bbox 2226 4046 3839 4117">
     <span class='ocr_line' id='line_1_117' title="bbox 2226 4046 3839 4117; baseline 0.003 -18"><span class='ocrx_word' id='word_1_846' title='bbox 2226 4047 2342 4115; x_wconf 74' lang='lat' dir='ltr'><strong>fons</strong></span> <span class='ocrx_word' id='word_1_847' title='bbox 2370 4049 2621 4117; x_wconf 82' lang='lat' dir='ltr'><strong>signatus.</strong></span> <span class='ocrx_word' id='word_1_848' title='bbox 2656 4048 2771 4103; x_wconf 87' lang='lat' dir='ltr'><strong>Non</strong></span> <span class='ocrx_word' id='word_1_849' title='bbox 2806 4049 3002 4103; x_wconf 85' lang='lat' dir='ltr'><strong>habent</strong></span> <span class='ocrx_word' id='word_1_850' title='bbox 3034 4046 3275 4103; x_wconf 69' lang='lat' dir='ltr'><strong>haeretici</strong></span> <span class='ocrx_word' id='word_1_851' title='bbox 3308 4046 3567 4102; x_wconf 85' lang='lat' dir='ltr'><strong>annulum</strong></span> <span class='ocrx_word' id='word_1_852' title='bbox 3609 4046 3720 4117; x_wconf 81' lang='lat' dir='ltr'><strong>quo</strong></span> <span class='ocrx_word' id='word_1_853' title='bbox 3760 4050 3839 4104; x_wconf 88' lang='lat' dir='ltr'><strong>si-</strong></span> 
     </span>
    </p>
   </div>
   <div class='ocr_carea' id='block_1_116' title="bbox 2223 4118 3841 4190">
    <p class='ocr_par' dir='ltr' id='par_1_116' title="bbox 2223 4118 3841 4190">
     <span class='ocr_line' id='line_1_118' title="bbox 2223 4118 3841 4190; baseline 0.005 -21"><span class='ocrx_word' id='word_1_854' title='bbox 2223 4119 2407 4187; x_wconf 86' lang='lat' dir='ltr'><strong>gillum</strong></span> <span class='ocrx_word' id='word_1_855' title='bbox 2456 4137 2597 4175; x_wconf 74' lang='lat' dir='ltr'><strong>verte</strong></span> <span class='ocrx_word' id='word_1_856' title='bbox 2639 4120 2762 4174; x_wconf 84' lang='lat' dir='ltr'><strong>ﬁdei</strong></span> <span class='ocrx_word' id='word_1_857' title='bbox 2809 4120 3023 4189; x_wconf 84' lang='lat' dir='ltr'><strong>aperire</strong></span> <span class='ocrx_word' id='word_1_858' title='bbox 3063 4121 3305 4190; x_wconf 89' lang='lat' dir='ltr'><strong>possint,</strong></span> <span class='ocrx_word' id='word_1_859' title='bbox 3349 4134 3412 4175; x_wconf 85' lang='lat' dir='ltr'><strong>ac</strong></span> <span class='ocrx_word' id='word_1_860' title='bbox 3448 4129 3701 4189; x_wconf 86' lang='lat' dir='ltr'><strong>apertum</strong></span> <span class='ocrx_word' id='word_1_861' title='bbox 3732 4118 3841 4177; x_wconf 86' lang='lat' dir='ltr'><strong>ite-</strong></span> 
     </span>
    </p>
   </div>
   <div class='ocr_carea' id='block_1_117' title="bbox 2225 4191 2874 4260">
    <p class='ocr_par' dir='ltr' id='par_1_117' title="bbox 2225 4191 2874 4260">
     <span class='ocr_line' id='line_1_119' title="bbox 2225 4191 2874 4260; baseline 0.002 -17"><span class='ocrx_word' id='word_1_862' title='bbox 2225 4206 2342 4260; x_wconf 86' lang='lat' dir='ltr'><strong>rum</strong></span> <span class='ocrx_word' id='word_1_863' title='bbox 2378 4192 2610 4260; x_wconf 83' lang='lat' dir='ltr'><strong>signare.</strong></span> <span class='ocrx_word' id='word_1_864' title='bbox 2649 4193 2725 4246; x_wconf 85' lang='lat' dir='ltr'><strong>Du</strong></span> <span class='ocrx_word' id='word_1_865' title='bbox 2756 4191 2874 4246; x_wconf 80' lang='lat' dir='ltr'><strong>PlN.</strong></span> 
     </span>
    </p>
   </div>
   <div class='ocr_carea' id='block_1_118' title="bbox 2302 4259 3836 4327">
    <p class='ocr_par' dir='ltr' id='par_1_118' title="bbox 2302 4259 3836 4327">
     <span class='ocr_line' id='line_1_120' title="bbox 2302 4259 3836 4327; baseline -0.001 -8"><span class='ocrx_word' id='word_1_866' title='bbox 2302 4259 2714 4327; x_wconf 17' lang='lat' dir='ltr'><strong>(55liVolebam</strong></span> <span class='ocrx_word' id='word_1_867' title='bbox 2758 4274 2813 4317; x_wconf 90' lang='lat' dir='ltr'><strong>ut</strong></span> <span class='ocrx_word' id='word_1_868' title='bbox 2864 4263 2987 4317; x_wconf 85' lang='lat' dir='ltr'><strong>solis</strong></span> <span class='ocrx_word' id='word_1_869' title='bbox 3030 4263 3399 4317; x_wconf 88' lang='lat' dir='ltr'><strong>damnarentur</strong></span> <span class='ocrx_word' id='word_1_870' title='bbox 3445 4261 3698 4316; x_wconf 75' lang='lat' dir='ltr'><strong>Itwretici.</strong></span> <span class='ocrx_word' id='word_1_871' title='bbox 3750 4261 3836 4319; x_wconf 81' lang='lat' dir='ltr'><strong>Ex</strong></span> 
     </span>
    </p>
   </div>
   <div class='ocr_carea' id='block_1_119' title="bbox 2226 4332 3833 4404">
    <p class='ocr_par' dir='ltr' id='par_1_119' title="bbox 2226 4332 3833 4404">
     <span class='ocr_line' id='line_1_121' title="bbox 2226 4332 3833 4404; baseline 0.003 -21"><span class='ocrx_word' id='word_1_872' title='bbox 2226 4332 2502 4404; x_wconf 69' lang='lat' dir='ltr'><strong>integrit&#39;t‘i</strong></span> <span class='ocrx_word' id='word_1_873' title='bbox 2518 4335 2811 4404; x_wconf 86' lang='lat' dir='ltr'><strong>exemplari</strong></span> <span class='ocrx_word' id='word_1_874' title='bbox 2830 4351 2930 4388; x_wconf 80' lang='lat' dir='ltr'><strong>ms.</strong></span> <span class='ocrx_word' id='word_1_875' title='bbox 2949 4333 3186 4389; x_wconf 85' lang='lat' dir='ltr'><strong>restituit</strong></span> <span class='ocrx_word' id='word_1_876' title='bbox 3209 4338 3260 4388; x_wconf 91' lang='lat' dir='ltr'><strong>in</strong></span> <span class='ocrx_word' id='word_1_877' title='bbox 3283 4335 3448 4388; x_wconf 86' lang='lat' dir='ltr'><strong>altera</strong></span> <span class='ocrx_word' id='word_1_878' title='bbox 3471 4333 3717 4404; x_wconf 83' lang='lat' dir='ltr'><strong>editione</strong></span> <span class='ocrx_word' id='word_1_879' title='bbox 3736 4332 3833 4389; x_wconf 87' lang='lat' dir='ltr'><strong>Fr.</strong></span> 
     </span>
    </p>
   </div>
   <div class='ocr_carea' id='block_1_120' title="bbox 2226 4402 3830 4473">
    <p class='ocr_par' dir='ltr' id='par_1_120' title="bbox 2226 4402 3830 4473">
     <span class='ocr_line' id='line_1_122' title="bbox 2226 4402 3830 4473; baseline 0.002 -18"><span class='ocrx_word' id='word_1_880' title='bbox 2226 4402 2536 4467; x_wconf 78' lang='lat' dir='ltr'><strong>Baltluinus,</strong></span> <span class='ocrx_word' id='word_1_881' title='bbox 2558 4423 2658 4459; x_wconf 87' lang='lat' dir='ltr'><strong>una</strong></span> <span class='ocrx_word' id='word_1_882' title='bbox 2672 4402 2917 4459; x_wconf 77' lang='lat' dir='ltr'><strong>sententia</strong></span> <span class='ocrx_word' id='word_1_883' title='bbox 2934 4406 3093 4469; x_wconf 80' lang='lat' dir='ltr'><strong>ferire</strong></span> <span class='ocrx_word' id='word_1_884' title='bbox 3121 4405 3348 4459; x_wconf 86' lang='lat' dir='ltr'><strong>voluisti.</strong></span> <span class='ocrx_word' id='word_1_885' title='bbox 3364 4403 3830 4473; x_wconf 66' lang='lat' dir='ltr'><strong>OptimeJncsn&#39;r.</strong></span> 
     </span>
    </p>
   </div>
   <div class='ocr_carea' id='block_1_121' title="bbox 2299 4473 3835 4542">
    <p class='ocr_par' dir='ltr' id='par_1_121' title="bbox 2299 4473 3835 4542">
     <span class='ocr_line' id='line_1_123' title="bbox 2299 4473 3835 4542; baseline 0 -12"><span class='ocrx_word' id='word_1_886' title='bbox 2299 4473 2411 4542; x_wconf 68' lang='grc'>(54)</span> <span class='ocrx_word' id='word_1_887' title='bbox 2446 4474 2617 4531; x_wconf 86' lang='lat' dir='ltr'><strong>Unum</strong></span> <span class='ocrx_word' id='word_1_888' title='bbox 2680 4478 2730 4530; x_wconf 88' lang='lat' dir='ltr'><strong>in</strong></span> <span class='ocrx_word' id='word_1_889' title='bbox 2771 4477 3066 4533; x_wconf 75' lang='lat' dir='ltr'><strong>traditione.</strong></span> <span class='ocrx_word' id='word_1_890' title='bbox 3119 4479 3500 4531; x_wconf 74' lang='lat' dir='ltr'><strong>l’crsecntione</strong></span> <span class='ocrx_word' id='word_1_891' title='bbox 3535 4474 3835 4541; x_wconf 77' lang='lat' dir='ltr'><strong>Maxentii,</strong></span> 
     </span>
    </p>
   </div>
   <div class='ocr_carea' id='block_1_122' title="bbox 2226 4546 3838 4609">
    <p class='ocr_par' dir='ltr' id='par_1_122' title="bbox 2226 4546 3838 4609">
     <span class='ocr_line' id='line_1_124' title="bbox 2226 4546 3838 4609; baseline 0.002 -10"><span class='ocrx_word' id='word_1_892' title='bbox 2226 4547 2379 4600; x_wconf 88' lang='lat' dir='ltr'><strong>multi</strong></span> <span class='ocrx_word' id='word_1_893' title='bbox 2431 4548 2482 4600; x_wconf 90' lang='lat' dir='ltr'><strong>in</strong></span> <span class='ocrx_word' id='word_1_894' title='bbox 2532 4547 2711 4602; x_wconf 80' lang='lat' dir='ltr'><strong>Africa</strong></span> <span class='ocrx_word' id='word_1_895' title='bbox 2764 4550 2980 4603; x_wconf 84' lang='lat' dir='ltr'><strong>codices</strong></span> <span class='ocrx_word' id='word_1_896' title='bbox 3025 4563 3211 4602; x_wconf 85' lang='lat' dir='ltr'><strong>sacros</strong></span> <span class='ocrx_word' id='word_1_897' title='bbox 3268 4546 3632 4609; x_wconf 83' lang='lat' dir='ltr'><strong>tradiderant,</strong></span> <span class='ocrx_word' id='word_1_898' title='bbox 3688 4548 3838 4602; x_wconf 84' lang='lat' dir='ltr'><strong>inter</strong></span> 
     </span>
    </p>
   </div>
   <div class='ocr_carea' id='block_1_123' title="bbox 2225 4616 3831 4686">
    <p class='ocr_par' dir='ltr' id='par_1_123' title="bbox 2225 4616 3831 4686">
     <span class='ocr_line' id='line_1_125' title="bbox 2225 4616 3831 4686; baseline 0.004 -18"><span class='ocrx_word' id='word_1_899' title='bbox 2225 4633 2362 4686; x_wconf 91' lang='lat' dir='ltr'><strong>quos</strong></span> <span class='ocrx_word' id='word_1_900' title='bbox 2389 4618 2710 4679; x_wconf 76' lang='lat' dir='ltr'><strong>Mensurius,</strong></span> <span class='ocrx_word' id='word_1_901' title='bbox 2742 4620 2915 4686; x_wconf 86' lang='lat' dir='ltr'><strong>Felix,</strong></span> <span class='ocrx_word' id='word_1_902' title='bbox 2949 4620 3269 4674; x_wconf 67' lang='lat' dir='ltr'><strong>Caecilianus</strong></span> <span class='ocrx_word' id='word_1_903' title='bbox 3298 4634 3330 4673; x_wconf 86' lang='lat' dir='ltr'><strong>a</strong></span> <span class='ocrx_word' id='word_1_904' title='bbox 3361 4616 3657 4674; x_wconf 74' lang='lat' dir='ltr'><strong>Deitatistis</strong></span> <span class='ocrx_word' id='word_1_905' title='bbox 3687 4618 3831 4674; x_wconf 80' lang='lat' dir='ltr'><strong>falso</strong></span> 
     </span>
    </p>
   </div>
   <div class='ocr_carea' id='block_1_124' title="bbox 2224 4688 3272 4746">
    <p class='ocr_par' dir='ltr' id='par_1_124' title="bbox 2224 4688 3272 4746">
     <span class='ocr_line' id='line_1_126' title="bbox 2224 4688 3272 4746; baseline 0.002 -3"><span class='ocrx_word' id='word_1_906' title='bbox 2224 4698 2279 4743; x_wconf 84' lang='lat' dir='ltr'><strong>et</strong></span> <span class='ocrx_word' id='word_1_907' title='bbox 2307 4688 2576 4744; x_wconf 86' lang='lat' dir='ltr'><strong>immerito</strong></span> <span class='ocrx_word' id='word_1_908' title='bbox 2605 4691 3014 4745; x_wconf 69' lang='lat' dir='ltr'><strong>uccmabatttur.</strong></span> <span class='ocrx_word' id='word_1_909' title='bbox 3044 4692 3272 4746; x_wconf 77' lang='lat' dir='ltr'><strong>ALBASP.</strong></span> 
     </span>
    </p>
   </div>
   <div class='ocr_carea' id='block_1_125' title="bbox 2302 4759 3834 4839">
    <p class='ocr_par' dir='ltr' id='par_1_125' title="bbox 2302 4759 3834 4839">
     <span class='ocr_line' id='line_1_127' title="bbox 2302 4759 3834 4839; baseline 0.003 -26"><span class='ocrx_word' id='word_1_910' title='bbox 2302 4760 2416 4839; x_wconf 77' lang='lat'><strong>(5_5)</strong></span> <span class='ocrx_word' id='word_1_911' title='bbox 2458 4759 2774 4839; x_wconf 79' lang='lat' dir='ltr'><strong>Tempestas.</strong></span> <span class='ocrx_word' id='word_1_912' title='bbox 2818 4762 3131 4839; x_wconf 61' lang='lat' dir='ltr'><strong>Bersecntio</strong></span> <span class='ocrx_word' id='word_1_913' title='bbox 3158 4778 3277 4833; x_wconf 79' lang='lat' dir='ltr'><strong>qua:</strong></span> <span class='ocrx_word' id='word_1_914' title='bbox 3301 4761 3560 4839; x_wconf 71' lang='lat' dir='ltr'><strong>Martyres</strong></span> <span class='ocrx_word' id='word_1_915' title='bbox 3590 4759 3743 4828; x_wconf 81' lang='lat' dir='ltr'><strong>facit,</strong></span> <span class='ocrx_word' id='word_1_916' title='bbox 3777 4771 3834 4817; x_wconf 83' lang='lat' dir='ltr'><strong>et</strong></span> 
     </span>
    </p>
   </div>
   <div class='ocr_carea' id='block_1_126' title="bbox 2227 4825 3681 4898">
    <p class='ocr_par' dir='ltr' id='par_1_126' title="bbox 2227 4825 3681 4898">
     <span class='ocr_line' id='line_1_128' title="bbox 2227 4825 3681 4898; baseline 0.001 -15"><span class='ocrx_word' id='word_1_917' title='bbox 2227 4825 2601 4898; x_wconf 69' lang='lat' dir='ltr'><strong>Confessores,</strong></span> <span class='ocrx_word' id='word_1_918' title='bbox 2634 4842 2691 4888; x_wconf 89' lang='lat' dir='ltr'><strong>ut</strong></span> <span class='ocrx_word' id='word_1_919' title='bbox 2718 4835 2792 4887; x_wconf 92' lang='lat' dir='ltr'><strong>ait</strong></span> <span class='ocrx_word' id='word_1_920' title='bbox 2818 4825 3210 4888; x_wconf 69' lang='lat' dir='ltr'><strong>Tertullianué.</strong></span> <span class='ocrx_word' id='word_1_921' title='bbox 3437 4825 3681 4886; x_wconf 49' lang='grc' dir='ltr'><strong>Ἄμμων.</strong></span> 
     </span>
    </p>
   </div>
   <div class='ocr_carea' id='block_1_127' title="bbox 2302 4903 3832 4975">
    <p class='ocr_par' dir='ltr' id='par_1_127' title="bbox 2302 4903 3832 4975">
     <span class='ocr_line' id='line_1_129' title="bbox 2302 4903 3832 4975; baseline 0.001 -20"><span class='ocrx_word' id='word_1_922' title='bbox 2302 4903 2422 4975; x_wconf 61' lang='grc' dir='ltr'>(5εξ)</span> <span class='ocrx_word' id='word_1_923' title='bbox 2455 4906 2583 4957; x_wconf 75' lang='lat' dir='ltr'><strong>Ante</strong></span> <span class='ocrx_word' id='word_1_924' title='bbox 2604 4921 2767 4959; x_wconf 84' lang='lat' dir='ltr'><strong>annos</strong></span> <span class='ocrx_word' id='word_1_925' title='bbox 2794 4906 3082 4975; x_wconf 72' lang='lat' dir='ltr'><strong>sexaginta,</strong></span> <span class='ocrx_word' id='word_1_926' title='bbox 3115 4915 3164 4959; x_wconf 88' lang='lat' dir='ltr'><strong>et</strong></span> <span class='ocrx_word' id='word_1_927' title='bbox 3192 4904 3330 4973; x_wconf 87' lang='lat' dir='ltr'><strong>quod</strong></span> <span class='ocrx_word' id='word_1_928' title='bbox 3353 4907 3596 4964; x_wconf 74' lang='lat' dir='ltr'><strong>excurrit,</strong></span> <span class='ocrx_word' id='word_1_929' title='bbox 3628 4921 3723 4970; x_wconf 82' lang='lat' dir='ltr'><strong>per</strong></span> <span class='ocrx_word' id='word_1_930' title='bbox 3750 4913 3832 4975; x_wconf 75' lang='lat' dir='ltr'><strong>to-</strong></span> 
     </span>
    </p>
   </div>
   <div class='ocr_carea' id='block_1_128' title="bbox 2224 4972 3829 5045">
    <p class='ocr_par' dir='ltr' id='par_1_128' title="bbox 2224 4972 3829 5045">
     <span class='ocr_line' id='line_1_130' title="bbox 2224 4972 3829 5045; baseline 0.003 -20"><span class='ocrx_word' id='word_1_931' title='bbox 2224 4980 2325 5045; x_wconf 67' lang='lat' dir='ltr'><strong>tam</strong></span> <span class='ocrx_word' id='word_1_932' title='bbox 2357 4972 2589 5040; x_wconf 74' lang='lat' dir='ltr'><strong>Africam</strong></span> <span class='ocrx_word' id='word_1_933' title='bbox 2629 4972 2993 5045; x_wconf 78' lang='lat' dir='ltr'><strong>persecutionis</strong></span> <span class='ocrx_word' id='word_1_934' title='bbox 3025 4988 3095 5031; x_wconf 88' lang='lat' dir='ltr'><strong>est</strong></span> <span class='ocrx_word' id='word_1_935' title='bbox 3133 4972 3375 5045; x_wconf 77' lang='lat' dir='ltr'><strong>dibagata</strong></span> <span class='ocrx_word' id='word_1_936' title='bbox 3421 4985 3713 5039; x_wconf 86' lang='lat' dir='ltr'><strong>tempestas.</strong></span> <span class='ocrx_word' id='word_1_937' title='bbox 3746 4973 3829 5030; x_wconf 80' lang='lat' dir='ltr'><strong>De</strong></span> 
     </span>
    </p>
   </div>
   <div class='ocr_carea' id='block_1_129' title="bbox 2229 5042 3831 5117">
    <p class='ocr_par' dir='ltr' id='par_1_129' title="bbox 2229 5042 3831 5117">
     <span class='ocr_line' id='line_1_131' title="bbox 2229 5042 3831 5117; baseline 0.003 -21"><span class='ocrx_word' id='word_1_938' title='bbox 2229 5042 2542 5117; x_wconf 80' lang='lat' dir='ltr'><strong>l_)toclctiani</strong></span> <span class='ocrx_word' id='word_1_939' title='bbox 2573 5042 2949 5115; x_wconf 74' lang='lat' dir='ltr'><strong>persecutione</strong></span> <span class='ocrx_word' id='word_1_940' title='bbox 2971 5046 3227 5117; x_wconf 89' lang='lat' dir='ltr'><strong>loquitur,</strong></span> <span class='ocrx_word' id='word_1_941' title='bbox 3250 5042 3370 5115; x_wconf 74' lang='lat' dir='ltr'><strong>qua:</strong></span> <span class='ocrx_word' id='word_1_942' title='bbox 3395 5045 3614 5113; x_wconf 70' lang='lat' dir='ltr'><strong>iucmpit</strong></span> <span class='ocrx_word' id='word_1_943' title='bbox 3636 5061 3831 5101; x_wconf 87' lang='lat' dir='ltr'><strong>mense</strong></span> 
     </span>
    </p>
   </div>
   <div class='ocr_carea' id='block_1_130' title="bbox 2223 5111 3828 5184">
    <p class='ocr_par' dir='ltr' id='par_1_130' title="bbox 2223 5111 3828 5184">
     <span class='ocr_line' id='line_1_132' title="bbox 2223 5111 3828 5184; baseline 0.004 -17"><span class='ocrx_word' id='word_1_944' title='bbox 2223 5111 2523 5170; x_wconf 80' lang='lat' dir='ltr'><strong>Februario</strong></span> <span class='ocrx_word' id='word_1_945' title='bbox 2551 5111 2673 5172; x_wconf 79' lang='lat' dir='ltr'><strong>anni</strong></span> <span class='ocrx_word' id='word_1_946' title='bbox 2705 5118 2830 5184; x_wconf 88' lang='grc'>505,</span> <span class='ocrx_word' id='word_1_947' title='bbox 2864 5127 2917 5171; x_wconf 94' lang='lat' dir='ltr'><strong>et</strong></span> <span class='ocrx_word' id='word_1_948' title='bbox 2946 5111 3106 5173; x_wconf 80' lang='lat' dir='ltr'><strong>desiit</strong></span> <span class='ocrx_word' id='word_1_949' title='bbox 3131 5117 3182 5172; x_wconf 89' lang='lat' dir='ltr'><strong>in</strong></span> <span class='ocrx_word' id='word_1_950' title='bbox 3215 5111 3509 5173; x_wconf 75' lang='lat' dir='ltr'><strong>occidente</strong></span> <span class='ocrx_word' id='word_1_951' title='bbox 3529 5111 3674 5170; x_wconf 76' lang='lat' dir='ltr'><strong>anno</strong></span> <span class='ocrx_word' id='word_1_952' title='bbox 3691 5117 3828 5181; x_wconf 83' lang='grc'>505.</span> 
     </span>
    </p>
   </div>
   <div class='ocr_carea' id='block_1_131' title="bbox 2224 5185 3826 5314">
    <p class='ocr_par' dir='ltr' id='par_1_131' title="bbox 2224 5185 3826 5314">
     <span class='ocr_line' id='line_1_133' title="bbox 2224 5185 3826 5314; baseline 0.004 -78"><span class='ocrx_word' id='word_1_953' title='bbox 2224 5185 2364 5240; x_wconf 88' lang='lat' dir='ltr'><strong>unde</strong></span> <span class='ocrx_word' id='word_1_954' title='bbox 2383 5188 2605 5260; x_wconf 84' lang='lat' dir='ltr'><strong>colliges</strong></span> <span class='ocrx_word' id='word_1_955' title='bbox 2620 5188 2875 5261; x_wconf 88' lang='lat' dir='ltr'><strong>Optatum</strong></span> <span class='ocrx_word' id='word_1_956' title='bbox 2900 5189 3016 5245; x_wconf 69' lang='lat' dir='ltr'><strong>haec</strong></span> <span class='ocrx_word' id='word_1_957' title='bbox 3036 5190 3276 5245; x_wconf 88' lang='lat' dir='ltr'><strong>scribere</strong></span> <span class='ocrx_word' id='word_1_958' title='bbox 3295 5189 3448 5314; x_wconf 51' lang='lat' dir='ltr'><strong>fire;</strong></span> <span class='ocrx_word' id='word_1_959' title='bbox 3478 5205 3677 5242; x_wconf 81' lang='lat' dir='ltr'><strong>annum</strong></span> <span class='ocrx_word' id='word_1_960' title='bbox 3694 5188 3826 5244; x_wconf 86' lang='grc'>570.</span> 
     </span>
     <span class='ocr_line' id='line_1_134' title="bbox 3345 5275 3521 5314; baseline -0.006 0"><span class='ocrx_word' id='word_1_961' title='bbox 3345 5276 3376 5314; x_wconf 87' lang='lat' dir='ltr'><strong>u</strong></span> <span class='ocrx_word' id='word_1_962' title='bbox 3451 5275 3521 5314; x_wconf 76' lang='lat' dir='ltr'><strong>in.</strong></span> 
     </span>
    </p>
   </div>
   <div class='ocr_carea' id='block_1_132' title="bbox 3302 5262 3521 5315">
    <p class='ocr_par' dir='ltr' id='par_1_132' title="bbox 3302 5262 3521 5315">
     <span class='ocr_line' id='line_1_135' title="bbox 3302 5262 3521 5315; baseline -0.009 0"><span class='ocrx_word' id='word_1_963' title='bbox 3302 5262 3376 5315; x_wconf 68' lang='lat' dir='ltr'><strong>lin</strong></span> <span class='ocrx_word' id='word_1_964' title='bbox 3411 5262 3521 5314; x_wconf 77' lang='lat' dir='ltr'><strong>Pin.</strong></span> 
     </span>
    </p>
   </div>
   <div class='ocr_carea' id='block_1_133' title="bbox 2305 5327 3831 5403">
    <p class='ocr_par' dir='ltr' id='par_1_133' title="bbox 2305 5327 3831 5403">
     <span class='ocr_line' id='line_1_136' title="bbox 2305 5327 3831 5403; baseline 0.001 -18"><span class='ocrx_word' id='word_1_965' title='bbox 2305 5328 2419 5402; x_wconf 81' lang='lat'><strong>(&#39;57)</strong></span> <span class='ocrx_word' id='word_1_966' title='bbox 2456 5332 2581 5398; x_wconf 73' lang='lat' dir='ltr'><strong>Qua:</strong></span> <span class='ocrx_word' id='word_1_967' title='bbox 2622 5333 2753 5387; x_wconf 80' lang='lat' dir='ltr'><strong>alios</strong></span> <span class='ocrx_word' id='word_1_968' title='bbox 2791 5327 2967 5402; x_wconf 76' lang='lat' dir='ltr'><strong>fecerit</strong></span> <span class='ocrx_word' id='word_1_969' title='bbox 3012 5343 3282 5403; x_wconf 74' lang='lat' dir='ltr'><strong>martyres.</strong></span> <span class='ocrx_word' id='word_1_970' title='bbox 3326 5330 3436 5386; x_wconf 85' lang='lat' dir='ltr'><strong>Eos</strong></span> <span class='ocrx_word' id='word_1_971' title='bbox 3482 5328 3698 5386; x_wconf 85' lang='lat' dir='ltr'><strong>scilicet</strong></span> <span class='ocrx_word' id='word_1_972' title='bbox 3732 5329 3831 5403; x_wconf 83' lang='lat' dir='ltr'><strong>qui</strong></span> 
     </span>
    </p>
   </div>
   <div class='ocr_carea' id='block_1_134' title="bbox 2231 5404 3061 5473">
    <p class='ocr_par' dir='ltr' id='par_1_134' title="bbox 2231 5404 3061 5473">
     <span class='ocr_line' id='line_1_137' title="bbox 2231 5404 3061 5473; baseline 0.008 -22"><span class='ocrx_word' id='word_1_973' title='bbox 2231 5412 2458 5455; x_wconf 80' lang='lat' dir='ltr'><strong>ttturtem</strong></span> <span class='ocrx_word' id='word_1_974' title='bbox 2495 5408 2788 5473; x_wconf 82' lang='lat' dir='ltr'><strong>oppetiere.</strong></span> <span class='ocrx_word' id='word_1_975' title='bbox 2830 5405 2903 5458; x_wconf 85' lang='lat' dir='ltr'><strong>Du</strong></span> <span class='ocrx_word' id='word_1_976' title='bbox 2946 5404 3061 5458; x_wconf 76' lang='lat' dir='ltr'><strong>PIN.</strong></span> 
     </span>
    </p>
   </div>
   <div class='ocr_carea' id='block_1_135' title="bbox 2303 5472 3826 5545">
    <p class='ocr_par' dir='ltr' id='par_1_135' title="bbox 2303 5472 3826 5545">
     <span class='ocr_line' id='line_1_138' title="bbox 2303 5472 3826 5545; baseline 0 -17"><span class='ocrx_word' id='word_1_977' title='bbox 2303 5472 2416 5545; x_wconf 82' lang='grc'>(58)</span> <span class='ocrx_word' id='word_1_978' title='bbox 2448 5472 2588 5527; x_wconf 79' lang='lat' dir='ltr'><strong>Alios</strong></span> <span class='ocrx_word' id='word_1_979' title='bbox 2617 5478 2950 5544; x_wconf 77' lang='lat' dir='ltr'><strong>confessores.</strong></span> <span class='ocrx_word' id='word_1_980' title='bbox 2980 5475 3084 5542; x_wconf 81' lang='lat' dir='ltr'><strong>Qui</strong></span> <span class='ocrx_word' id='word_1_981' title='bbox 3113 5473 3321 5545; x_wconf 87' lang='lat' dir='ltr'><strong>scilicet</strong></span> <span class='ocrx_word' id='word_1_982' title='bbox 3345 5481 3659 5528; x_wconf 68' lang='lat' dir='ltr'><strong>constanter</strong></span> <span class='ocrx_word' id='word_1_983' title='bbox 3685 5488 3826 5528; x_wconf 85' lang='lat' dir='ltr'><strong>con-</strong></span> 
     </span>
    </p>
   </div>
   <div class='ocr_carea' id='block_1_136' title="bbox 2227 5542 3829 5616">
    <p class='ocr_par' dir='ltr' id='par_1_136' title="bbox 2227 5542 3829 5616">
     <span class='ocr_line' id='line_1_139' title="bbox 2227 5542 3829 5616; baseline 0.002 -20"><span class='ocrx_word' id='word_1_984' title='bbox 2227 5542 2351 5616; x_wconf 73' lang='lat' dir='ltr'><strong>lesSi</strong></span> <span class='ocrx_word' id='word_1_985' title='bbox 2383 5542 2528 5611; x_wconf 80' lang='lat' dir='ltr'><strong>sunt,</strong></span> <span class='ocrx_word' id='word_1_986' title='bbox 2561 5562 2661 5601; x_wconf 85' lang='lat' dir='ltr'><strong>nec</strong></span> <span class='ocrx_word' id='word_1_987' title='bbox 2709 5542 2953 5600; x_wconf 67' lang='lat' dir='ltr'><strong>criminis</strong></span> <span class='ocrx_word' id='word_1_988' title='bbox 2992 5544 3309 5601; x_wconf 72' lang='lat' dir='ltr'><strong>idololatria:</strong></span> <span class='ocrx_word' id='word_1_989' title='bbox 3338 5545 3629 5616; x_wconf 74' lang='lat' dir='ltr'><strong>quidquam</strong></span> <span class='ocrx_word' id='word_1_990' title='bbox 3663 5545 3717 5598; x_wconf 93' lang='lat' dir='ltr'><strong>in</strong></span> <span class='ocrx_word' id='word_1_991' title='bbox 3764 5560 3829 5600; x_wconf 89' lang='lat' dir='ltr'><strong>se</strong></span> 
     </span>
    </p>
   </div>
   <div class='ocr_carea' id='block_1_137' title="bbox 2222 5614 3638 5687">
    <p class='ocr_par' dir='ltr' id='par_1_137' title="bbox 2222 5614 3638 5687">
     <span class='ocr_line' id='line_1_140' title="bbox 2222 5614 3638 5687; baseline 0 -19"><span class='ocrx_word' id='word_1_992' title='bbox 2222 5614 2576 5687; x_wconf 58' lang='lat' dir='ltr'><strong>admiserttnl,</strong></span> <span class='ocrx_word' id='word_1_993' title='bbox 2608 5618 2700 5671; x_wconf 87' lang='lat' dir='ltr'><strong>sed</strong></span> <span class='ocrx_word' id='word_1_994' title='bbox 2740 5634 2844 5671; x_wconf 88' lang='lat' dir='ltr'><strong>non</strong></span> <span class='ocrx_word' id='word_1_995' title='bbox 2874 5630 3158 5687; x_wconf 80' lang='lat' dir='ltr'><strong>propterea</strong></span> <span class='ocrx_word' id='word_1_996' title='bbox 3188 5614 3379 5671; x_wconf 76' lang='lat' dir='ltr'><strong>occisi.</strong></span> <span class='ocrx_word' id='word_1_997' title='bbox 3411 5614 3497 5671; x_wconf 20' lang='lat' dir='ltr'><strong>Du‘</strong></span> <span class='ocrx_word' id='word_1_998' title='bbox 3519 5617 3638 5670; x_wconf 69' lang='lat' dir='ltr'><strong>Plx.</strong></span> 
     </span>
    </p>
   </div>
   <div class='ocr_carea' id='block_1_138' title="bbox 2293 5684 3829 5759">
    <p class='ocr_par' dir='ltr' id='par_1_138' title="bbox 2293 5684 3829 5759">
     <span class='ocr_line' id='line_1_141' title="bbox 2293 5684 3829 5759; baseline 0.001 -17"><span class='ocrx_word' id='word_1_999' title='bbox 2293 5686 2409 5759; x_wconf 86' lang='grc'>(59)</span> <span class='ocrx_word' id='word_1_1000' title='bbox 2450 5684 2730 5741; x_wconf 85' lang='lat' dir='ltr'><strong>Prostravit</strong></span> <span class='ocrx_word' id='word_1_1001' title='bbox 2753 5690 2804 5742; x_wconf 87' lang='lat' dir='ltr'><strong>in</strong></span> <span class='ocrx_word' id='word_1_1002' title='bbox 2834 5684 3012 5743; x_wconf 79' lang='lat' dir='ltr'><strong>niorte.</strong></span> <span class='ocrx_word' id='word_1_1003' title='bbox 3056 5687 3309 5743; x_wconf 82' lang='lat' dir='ltr'><strong>Nonnulli</strong></span> <span class='ocrx_word' id='word_1_1004' title='bbox 3344 5690 3631 5744; x_wconf 86' lang='lat' dir='ltr'><strong>tormentis</strong></span> <span class='ocrx_word' id='word_1_1005' title='bbox 3658 5703 3829 5759; x_wconf 87' lang='lat' dir='ltr'><strong>supe-</strong></span> 
     </span>
    </p>
   </div>
   <div class='ocr_carea' id='block_1_139' title="bbox 2219 5758 3200 5832">
    <p class='ocr_par' dir='ltr' id='par_1_139' title="bbox 2219 5758 3200 5832">
     <span class='ocr_line' id='line_1_142' title="bbox 2219 5758 3200 5832; baseline 0.004 -24"><span class='ocrx_word' id='word_1_1006' title='bbox 2219 5760 2318 5810; x_wconf 83' lang='lat' dir='ltr'><strong>rati</strong></span> <span class='ocrx_word' id='word_1_1007' title='bbox 2352 5758 2621 5815; x_wconf 62' lang='lat' dir='ltr'><strong>Christum</strong></span> <span class='ocrx_word' id='word_1_1008' title='bbox 2654 5770 2935 5832; x_wconf 83' lang='lat' dir='ltr'><strong>negarunt.</strong></span> <span class='ocrx_word' id='word_1_1009' title='bbox 2970 5760 3200 5816; x_wconf 72' lang='lat' dir='ltr'><strong>ALBASP.</strong></span> 
     </span>
    </p>
   </div>
  </div>
