4206 6170
364 326 475 382 915

1174 327 1261 384 DE
1299 323 1706 384 SCHISMATE
1748 321 2306 384 DONATISTARUM
2345 324 2549 383 LIBER
2593 327 2868 388 PRIMUS.

3606 341 3715 399 9M-

370 442 475 516 15
493 439 609 516 (65)
635 441 946 500 Nundinarii
982 452 1106 499 tunc
1132 442 1348 499 diaconi
1374 441 1766 509 testantur,'et
1790 448 1984 496 vetus-
2012 454 2070 515 Α
2095 444 2488 521 increparetur,
2509 446 2652 517 quod
2673 457 2727 503 et
2749 449 2867 520 ipse
2889 449 2982 506 diu
3006 451 3148 522 apud
3165 452 3284 525 (67)
3311 456 3665 513 stationarios
3681 458 3710 498 ι)

364 544 449 589 tas
475 537 911 590 membranarum
944 536 1305 591 testiinonium
1333 534 1607 606 perhibet,
1643 546 1790 603 quas
1822 531 1981 587 dubi-

364 628 612 683 tantibus
639 625 879 696 proferre
908 629 1222 698 poterimus.
1259 628 1458 682 llarum
1476 639 1724 696 namque
1750 623 1985 688 plenitu-

362 721 549 776 dinem
571 729 803 786 reruina,
823 721 875 775 in
900 721 1188 776 novissima
1210 735 1361 791 parte
1384 721 1613 775 istorum
1636 716 1979 784 libellorum,

362 814 434 869 ad
470 812 803 883 implendam
838 814 1370 884 fidemadjuuximus.
1397 807 1975 883 ﬂiepiscopi,(64)in~

362 913 688 976 terrogante
734 903 985 961 Secundo
1011 904 1309 976 Tigisitano
1339 902 1484 976 (65),
1512 900 1816 958 tradidisse
1851 917 1983 958 con-

366 997 504 1054 fessi
537 1005 663 1051 sunt
693 991 833 1069 (66).
870 995 1082 1051 Etcum
1125 996 1242 1068 ipse
1293 995 1577 1053 Secundus
1627 1006 1661 1047 a
1710 992 1980 1063 Purpurio

2094 537 2279 604 fuerit,
2308 548 2363 593 et
2404 553 2512 593 nou
2556 540 2756 613 fugerit
2786 584 2802 610 ,
2850 544 2950 600 sed
2985 544 3248 603 dimissus
3282 549 3356 604 sit
3386 572 3400 615 ;
3441 567 3551 608 non
3595 554 3718 609 sine

2092 644 2256 685 causa
2280 630 2570 687 dimissum
2597 635 2787 702 fuisse,
2820 638 2927 693 nisi
2945 640 3067 710 quia
3092 641 3423 698 tradiderat:
3458 645 3575 718 (68)
3604 647 3718 716 jam

2092 734 2289 776 omnes
2314 723 2487 777 erecti
2515 735 2537 762 α
2573 725 2693 800 (69)
2727 740 3015 798 coeperant
3054 747 3414 789 murmurare.
3468 736 3716 805 Quorum

2090 812 2348 880 spiritum
2372 812 2658 872 Secundus
2685 831 2959 888 metuens,
2993 824 3285 880 consilium
3307 831 3515 899 accepit
3540 845 3569 883 a
3600 831 3719 887 filio

2089 901 2279 958 fratris
2319 906 2403 958 sui
2445 904 2701 965 Secundo
2745 911 2993 982 minore,
3037 924 3096 970 ut
3119 915 3236 990 (70)
3288 919 3450 975 talem
3495 936 3717 981 causam

2093 995 2205 1052 Deo
2227 1009 2489 1056 servaret
2515 999 2657 1075 (7i).
2686 1002 2936 1087 Consulti
2975 1016 3104 1065 sunt
3141 1009 3258 1085 (72)
3300 1014 3396 1084 qui
3438 1030 3721 1075 remanse-

1536 1111 1928 1172 LECTIONES
1991 1114 2437 1172 VAlilANTES.

429 1212 457 1241 ⁸
492 1211 656 1262 Deest
678 1212 728 1261 in
752 1223 864 1260 mss.
889 1211 943 1263 S.
972 1210 1033 1263 G.

422 1271 456 1312 Ι)
492 1274 549 1312 In
575 1288 664 1312 me,
692 1274 728 1312 ς
772 1270 829 1312 (ἓνΔ
856 1270 1108 1312 ςιηιίηηιηιὸ

426 1271 456 1312 ι’
492 1274 551 1324 In
575 1288 668 1324 ms.
692 1274 747 1325 S.
772 1270 831 1324 G.
856 1270 1207 1326 stationarium.

426 1339 451 1370 ε
488 1336 633 1388 Hanc
655 1335 1051 1388 emendationem
1071 1337 1318 1388 debemus
1337 1336 1494 1388 codici
1515 1336 1571 1388 S.
1595 1334 1660 1388 G.
1682 1334 1742 1387 In
1765 1334 1878 1387 aliis
1892 1348 1977 1388 co-

2084 1207 2375 1321 ggcsibglss
2395 1210 2449 1261 in
2470 1213 2615 1263 editis
2637 1227 2900 1279 perperam
2921 1220 3120 1271 omnino
3143 1218 3392 1285 hazretici,
3424 1226 3555 1289 quod
3576 1229 3721 1279 criti-

1738 1441 2110 1501 VARIORUM
2148 1440 2399 1505 NOTAE.

358 1536 697 1593 Diocletiano
736 1536 925 1608 novies,
973 1545 1024 1591 et
1069 1534 1398 1592 Maximiano
1441 1537 1599 1591 octies
1638 1536 1813 1608 pridie
1858 1537 1979 1593 idus

361 1606 897 1681 Februarias._Gesta
936 1617 1111 1663 autem
1154 1609 1474 1681 episcopalia
1503 1605 1697 1681 decreti
1728 1605 1978 1664 Cirtensis

358 1689 480 1751 post
509 1678 808 1751 earumdem
848 1678 1192 1735 consulatum
1223 1680 1378 1733 tertio
1423 1696 1586 1734 nonas
1616 1679 1867 1746 Martias,
1913 1696 1978 1734 ac

360 1749 457 1823 per
489 1752 590 1804 hoc
633 1749 871 1805 tredecim
911 1768 1110 1807 menses
1151 1752 1403 1806 interesse
1447 1752 1773 1823 inveniuntur
1801 1752 1979 1823 plures

359 1822 549 1892 utique
577 1838 731 1892 quam
759 1824 1017 1880 undecim.
1056 1840 1183 1894 quos
1209 1823 1355 1892 prius
1382 1822 1629 1894 catholici
1655 1822 1823 1877 minus
1853 1823 1978 1877 dili-

362 1903 546 1966 genter
577 1894 916 1966 compntando
948 1893 1459 1966 responderant,sed
1488 1894 1706 1964 ofﬁcium
1732 1903 1787 1947 ut
1815 1895 1970 1962 [alle-

362 1965 515 2019 retur
540 1976 587 2020 et
609 1980 826 2018 mensem
850 1965 1098 2020 interesse
1125 1965 1483 2036 responderet,
1516 1966 1749 2019 eumdem
1781 1981 1973 2019 consu-

362 2038 533 2091 latum
574 2036 767 2106 putavit
796 2052 815 2090 :
842 2045 958 2106 post
1005 2037 1543 2106 consulatumiautcm
1579 2052 1683 2088 non
1725 2036 1972 2104 advertit,

363 2108 454 2162 ubi
494 2124 671 2179 annus
695 2109 807 2179 jam
845 2105 989 2179 alius
1028 2108 1294 2178 agebatur.
1337 2105 1469 2161 llaec
1510 2117 1594 2179 est
1640 2107 1805 2179 igitur
1843 2122 1976 2162 vera

363 2178 587 2234 concilii
632 2177 898 2233 Cirtensis
942 2177 1151 2246 epocha
1202 2185 1326 2247 post
1365 2178 1977 2234 consulatuvaiocle—

368 2250 505 2305 tiaui
544 2250 732 2303 novies
755 2258 808 2303 et
843 2248 1154 2304 Maximiani
1185 2249 1382 2312 octies,
1430 2248 1533 2303 hoc
1562 2258 1646 2303 est
1672 2263 1817 2304 anno
1844 2249 1973 2317 505,

368 2320 537 2377 tertio
564 2335 733 2375 nonas
762 2321 999 2375 Martias.
1050 2321 1122 2375 De
1163 2334 1350 2374 mense
1381 2320 1628 2375 constitit
1656 2334 1877 2389 semper
1920 2322 1977 2376 in

366 2392 692 2455 collatione,
734 2408 854 2445 nam
898 2401 1053 2461 gesta
1101 2400 1407 2462 martyrum
1442 2399 1603 2444 erant
1629 2391 1820 2462 (pridie
1852 2390 1976 2446 idus

371 2463 680 2523 Februarii.
710 2470 765 2517 et
800 2477 1044 2518 mensem
1071 2461 1280 2517 tantum
1314 2463 1460 2517 inter
1498 2461 1803 2531 passionem
1833 2478 1978 2517 mar-

372 2543 555 2589 tvrum
586 2544 643 2589 et
665 2535 880 2589 concilii
909 2535 1055 2589 diem
1086 2535 1350 2589 interesse
1377 2532 1521 2587 dixit
1550 2531 1816 2588 officium.
1847 2533 1977 2588 Tre-

445 2607 550 2660 cim
576 2620 795 2660 menses
817 2605 1131 2660 interfuisse
1151 2606 1220 2659 ait
1242 2605 1597 2675 Augustinus.
1624 2602 1766 2675 Ergo
1791 2619 1979 2661 mense

372 2678 570 2732 Martio
612 2676 854 2733 habitum
894 2677 1181 2732 constabat
1224 2674 1343 2730 non
1365 2675 1542 2739 Maio;
1585 2674 1823 2744 alioquin
1866 2682 1979 2732 tres

370 2757 466 2802 aut
487 2748 1055 2821 quindecim‘menses
1083 2749 1227 2803 inter
1256 2747 1564 2821 passionem
1597 2756 1906 2821 martyrum
1923 2755 1981 2803 et

370 2817 589 2874 concilii
649 2817 1369 2875 diem'interfuissent.lta
1431 2831 1562 2885 ergo
1608 2817 1979 2873 emendandus

371 2892 551 2961 Optati
595 2892 766 2954 locus,
817 2900 873 2961 et
913 2906 1012 2960 pro
1045 2891 1194 2944 tertio
1233 2890 1419 2944 iduum
1467 2887 1751 2953 Maiarum,
1796 2888 1979 2960 legen-

369 2960 499 3018 dum
536 2978 592 3016 ιιι
624 2978 785 3015 nonas
814 2960 1015 3015 Martii.
1054 2962 1131 3017 Du
1159 2962 1276 3016 PIN.

445 3031 563 3104 (65)
601 3032 937 3088 Νυιιοικλιιιι.
982 3033 1062 3088 De
1105 3033 1209 3089 hoc
1250 3031 1791 3104 nundinarioqmulta
1823 3045 1981 3104 repe-

370 3102 589 3161 riuntur
640 3105 694 3158 in
733 3104 898 3176 gestis
942 3106 1282 3176 purgationis
1327 3102 1604 3228 Caecgiaui
1649 3113 1703 3157 et
1753 3102 1971 3159 Felicis.

1507 3189 1687 3228 LBASP.

1507 3189 1666 3230 LBASP
1675 3214 1687 3227 .

2083 1541 2496 1622 cesserant,_dc
2526 1544 2942 1622 ipsis-tanquam
2980 1548 3093 1618 jam
3145 1553 3287 1608 notis
3325 1569 3390 1609 ac
3436 1561 3703 1619 convictis

2084 1611 2365 1693 luereticis
2394 1611 2635 1693 locutbm
2660 1611 2832 1693 fuisse
2863 1611 3186 1693 ithatnm,
3210 1626 3301 1693 qui
3324 1626 3376 1679 id
3403 1611 3565 1683 modo
3581 1611 3701 1686 iii;

2083 1681 2333 1757 putabat.
2368 1695 2423 1739 et
2462 1701 2488 1738 a
2538 1686 2904 1743 Parmeuiano
2934 1681 3137 1747 factum
3173 1681 3554 1755 'v'ehementer
3595 1681 3707 1757 im-

2084 1754 2387 1830 probabat,
2441 1758 2586 1827 quod
2637 1761 3018 1816 sctiismaticos
3068 1763 3339 1820 haereticis
3390 1754 3703 1830 inconsulte

2006 1850 2054 1910 Β
2085 1824 2397 1910 miscuisset
2429 1824 2621 1909 {imos
2669 1830 2785 1898 ipse
2814 1830 3083 1910 _nimirum
3140 1852 3335 1910 magno
3373 1824 3697 1900 discrimine

2080 1898 2322 1978 separari
2382 1898 2616 1978 invicem
2662 1901 2876 1978 statuit,
2925 1919 3027 1978 nec
3066 1898 3258 1978 statui't
3298 1915 3503 1964 tantum
3534 1953 3549 1978 ,
3600 1898 3699 1970 sed

2080 1966 2372 2050 discrimen
2400 1970 2515 2050 ipse
2536 1987 2643 2050 non
2670 1966 3038 2050 perfunctorie
3063 1976 3221 2032 docet
3252 1979 3340 2033 vel
3369 1980 3467 2032 ista
3492 1966 3701 2050 espen:

2081 2037 2281 2126 dantur
2313 2040 2450 2126 ιδεμ
2481 2042 2642 2126 miror
2668 2037 2807 2114 quod
2836 2045 2929 2099 tibi
2956 2046 3123 2099 visum
3148 2058 3226 2126 est
3252 2064 3272 2100 :
3296 2050 3453 2126 etiam
3478 2037 3578 2105 vos'
3611 2037 3695 2126 ip-

2082 2126 2167 2194 sos
2189 2108 2447 2194 hazreticis
2472 2108 2785 2194 adjungére,
2805 2132 2934 2182 quos
2952 2132 3064 2194 esse
3093 2119 3443 2194 schismaticos
3468 2108 3691 2194 constart,

2088 2189 2194 2236 etc.
2221 2181 2340 2265 Mos
2392 2183 2590 2265 iterum
2621 2181 2882 2265 {Satiste
2904 2188 3085 2265 miror,
3115 2192 3295 2265 [raten
3326 2181 3695 2265 Parmenione;

2036 2288 2045 2297 .
2086 2252 2583 2337 cumse-Itismaticns
2602 2256 2696 2321 sis,
2725 2258 3080 2337 schismaticos
3115 2252 3374 2337 bwreticis
3401 2252 3695 2337 adjungeré

2082 2322 2325 2387 voluisse,
2359 2333 2495 2389 etc.,
2517 2340 2582 2379 ac
2614 2342 2838 2382 rursus:
2857 2326 3096 2382 Volebam
3118 2340 3175 2384 ut
3200 2332 3301 2384 soli
3321 2322 3697 2393 damnarentur

2083 2393 2344 2467 hwretici;
2366 2405 2610 2463 quantum
2640 2397 2696 2450 in
2725 2408 2772 2450 te
2794 2409 2888 2463 est,
2921 2406 2970 2452 et
2994 2415 3081 2453 vos
3106 2401 3245 2467 ipsos
3295 2418 3411 2456 cum
3469 2408 3544 2458 eis
3583 2424 3690 2463 una

2083 2465 2331 2541 sententia
2357 2467 2514 2541 ferire
2538 2467 2764 2541 voluisti,
2795 2478 2903 2524 etc.
2930 2469 3042 2541 Ego
3070 2465 3178 2524 non
3213 2471 3402 2526 dubito
3427 2473 3684 2541 Optatum

2083 2536 2389 2609 scripsisse,
2409 2538 2527 2608 jam
2546 2553 2721 2592 omnes
2753 2538 2990 2593 haeretici
3043 2554 3304 2609 cwperunt
3332 2536 3684 2603 murinurare.

2084 2603 2162 2680 lta
2190 2603 2314 2659 mox
2351 2603 2537 2680 eorum
2567 2610 2735 2663 verba
2764 2609 3044 2665 interserit
3069 2653 3085 2675 ,
3120 2603 3192 2666 ne
3212 2614 3335 2680 quis
3363 2614 3450 2669 hic
3481 2616 3683 2674 factum

2085 2677 2328 2758 miretur.
2375 2676 2519 2758 Jam_
2542 2687 2596 2732 ut
2643 2681 2722 2734 eis
2762 2683 2851 2751 qui
2881 2681 2954 2734 ita
2981 2676 3303 2758 premuntur
3331 2686 3444 2740 sive
3473 2688 3682 2757 verbis,

2084 2749 2201 2820 sive
2230 2750 2393 2802 rebus
2422 2749 2575 2816 ipsis,
2607 2760 2663 2803 ut
2689 2749 2963 2819 nequeant
2986 2749 3248 2820 evadere,
3273 2763 3368 2809 aut
3391 2766 3539 2812 certe
3571 2749 3681 2816 non

2084 2817 2242 2873 facile
2270 2834 2333 2898 se
2361 2817 2870 2898 queantespedire;
2904 2832 2961 2877 ut
2986 2825 3088 2898 eis,
3114 2817 3355 2898 inquam,
3411 2843 3546 2898 aqua
3592 2831 3680 2885 di-

2083 2889 2479 2965 catur‘lia‘arere
2510 2891 2594 2945 vel
2624 2893 2689 2945 iis
2711 2902 2920 2965 notum,
2950 2896 3039 2965 qui
3071 2889 3312 2952 nondum
3340 2889 3677 2955 aere'lavan-
3713 2936 3723 2945 -

2086 2969 2194 3033 t_ur.
2230 2960 2479 3015 Dativum
2508 2972 2711 3027 autem,
2743 2964 2787 3017 si
2816 2980 2922 3019 non
2954 2960 3313 3033 exprimatur,
3343 2970 3678 3027 subaudien-

2083 3031 2211 3111 dum
2237 3042 2583 3111 tamentesse,
2616 3048 2817 3111 eosque
2862 3035 2975 3111 falli
3016 3031 3109 3107 qui
3136 3031 3415 3111 exponunt
3445 3042 3499 3095 in
3542 3059 3682 3111 aqua

2084 3102 2264 3176 lueret,
2290 3117 2397 3176 uno
2419 3101 2699 3176 Ciceronis
2733 3101 2993 3176 exemplo
3022 3101 3443 3174 potest'abunde
3471 3101 3677 3167 contir-

2085 3174 2451 3250 mari_;_cujus
2476 3174 2543 3228 ad
2575 3175 2641 3242 Q.
2670 3177 2891 3250 fratrem
2905 3174 3081 3250 verba
3109 3179 3204 3235 lib.
3234 3196 3272 3235 ιι
3303 3224 3318 3247 ,
3378 3183 3514 3250 epis.
3554 3200 3627 3238 vn
3660 3203 3673 3238 :

445 3246 950 3324 (6i)Alnterrogante
982 3246 1379 3324 Secundo.__Qui
1413 3257 1542 3301 tunc
1554 3245 1820 3324 temporis
1856 3254 1974 3324 erat
2002 3240 2048 3305 C
2084 3243 2235 3308 Quod
2262 3240 2511 3324 Idibus-et
2537 3240 2785 3314 postridie
2805 3246 3018 3324 dictum_
3029 3249 3217 3324 fuerat,
3262 3240 3325 3306 de
3371 3240 3496 3324 apro
3522 3255 3676 3309 Cum-

368 3317 638 3375 Numidiae
654 3317 871 3387 primas,
892 3317 1226 3390 Augustinus
1248 3319 1468 3383 ibidem,
1483 3317 1777 3390 episcopum
1794 3318 1974 3390 primm

370 3391 655 3455 cathedrae,
688 3400 743 3445 et
769 3391 903 3445 libro
928 3388 1103 3461 primo
1125 3402 1311 3443 contra
1330 3389 1770 3461 Parmenianum,
1792 3388 1973 3461 eaiiite

370 3465 556 3529 tertio,
583 3466 674 3532 qui
693 3457 944 3516 venientes
972 3479 1092 3515 cum
1116 3462 1335 3530 primate
1362 3477 1457 3515 suo
1479 3470 1597 3532 tunc
1615 3458 1857 3532 Secundo
1886 3457 1974 3532 Ti-

371 3530 615 3606 gisitano‘.
632 3530 1059 3606 Caeterumgnota
1086 3532 1436 3606 primatumin
1453 3530 1636 3606 Africa
1665 3530 1970 3586 errtislocis
2011 3574 2015 3580 ,

371 3602 462 3660 aut
493 3605 740 3675 personis
769 3620 873 3659 non
899 3604 1064 3659 fuisse
1085 3603 1393 3675 addictum,
1417 3602 1604 3675 scd‘in
1651 3615 1971 3675 unaquaque

374 3671 648 3747 provincia
681 3686 1039 3747 prteterquam
1070 3676 1126 3728 in
1155 3672 1535 3745 Catlnaginensi
1568 3674 1813 3747 seniores
1831 3671 1970 3726 hanc

373 3742 668 3819 occupasse
682 3742 1032 3818 dignitatem,
1065 3755 1121 3799 ut
1150 3754 1298 3815 patet
1317 3742 1385 3801 ex
1413 3747 1588 3816 capite
1613 3742 1825 3799 decimo
1864 3752 1971 3799 ter-

378 3819 457 3873 tio
477 3819 751 3874 breviculi.
790 3824 1018 3874 ALBASP.

451 3890 562 3961 (65)
587 3891 825 3945 Secundo
853 3889 1161 3961 Tigisitano.
1196 3885 1468 3961 Episcopo
1505 3886 1750 3961 Tigiseos
1778 3888 1830 3941 in
1860 3886 1967 3942 Nu-

377 3958 657 4032 midia'qni
682 3970 793 4017 tum
820 3958 1226 4032 metropolitani
1256 3974 1480 4013 munere
1525 3958 1848 4032 fungebatur
1889 3963 1969 4013 in-

379 4042 461 4087 ter
482 4030 761 4102 episcopos
806 4031 1095 4095 Numidia},
1133 4031 1257 4093 quia
1284 4031 1466 4085 senior
1492 4039 1628 4102 erat.
1662 4030 1790 4102 [luas
1811 4042 1969 4102 erant

377 4099 534 4173 hujus
561 4099 797 4159 nominis
825 4104 989 4159 urbes
1034 4102 1089 4156 in
1149 4103 1364 4173 Africa;
1416 4102 1581 4173 altera
1606 4100 1658 4155 iu
1691 4099 1965 4173 Numidia,

375 4171 581 4246 deiqua
613 4176 932 4244 Proc0pius.
970 4174 1006 4228 Ι.
1040 4189 1089 4246 ιι
1127 4172 1195 4227 de
1245 4171 1395 4246 Bello
1422 4172 1716 4246 _Van_tlalicu
1744 4213 1787 4246 ,Α
1815 4172 1968 4246 cujus

374 4242 862 4315 episcopttsoratis
885 4245 1195 4309 Secundus;
1219 4245 1388 4297 altera
1419 4242 1471 4315 in
1505 4242 1823 4296 Mauritania
1845 4242 1965 4297 Can-

373 4313 622 4373 sarienSi.
649 4318 891 4387 Utraque
929 4317 1199 4387 reperitur
1245 4317 1296 4367 in
1349 4313 1536 4368 notitia
1583 4316 1966 4383 episeoporum

373 4387 587 4443 Africae.
628 4390 701 4444 [lu
737 4391 853 4443 PIN.

450 4459 892 4532 (66;Tradidisse
916 4459 1139 4531 confessi
1159 4466 1298 4512 sunt.
1322 4454 1459 4511 Vide
1500 4464 1621 4511 acta
1664 4455 1783 4527 ipsa
1832 4454 1968 4512 infe-

368 4531 508 4586 rius.
535 4533 607 4586 Du
631 4533 744 4588 PIN.

2079 3332 2215 3397 pano
2242 3326 2412 3397 actum
2430 3315 2519 3379 iri,
2548 3326 2746 3397 nonest
2773 3329 2960 3397 actum.
2988 3315 3054 3397 In
3079 3320 3176 3397 hac
3204 3315 3359 3397 causa
3379 3315 3502 3378 mihi
3537 3343 3676 3397 aqua

2078 3387 2255 3463 (iteret.
2299 3386 2432 3439 Cum
2473 3397 2652 3463 autem
2685 3387 2922 3463 breviter
2948 3391 3256 3463 scripsisset
3309 3394 3559 3463 Optatos,
3582 3386 3669 3452 "et

2079 3457 2310 3535 fortasse
2336 3467 2449 3535 tum
2471 3457 2790 3535 solerent_e_t
2823 3459 2989 3527 loqui,
3010 3457 3167 3535 liceret
3192 3465 3259 3528 ei,
3292 3457 3433 3531 quod
3455 3457 3669 3535 plenius

2076 3537 2203 3583 ante
2226 3528 2500 3594 dicebant,
2525 3545 2665 3599 aqua
2689 3532 2733 3584 ei
2762 3529 2957 3597 lueret;
2987 3547 3053 3587 ex
3075 3534 3285 3589 duobus
3307 3528 3416 3589 illis
3442 3528 3667 3594 vocibus

2075 3601 2236 3676 lueret
2259 3601 2310 3676 ei
2339 3601 2406 3654 ab
2432 3599 2688 3676 imperito
2713 3602 2913 3666 scriba,
2950 3606 3058 3676 cui
3082 3619 3221 3675 aqua
3274 3605 3361 3661 hic
3401 3607 3666 3676 merebat,

2074 3672 2219 3743 quod
2250 3672 2501 3750 Optatum
2534 3671 2666 3750 ipsis
2694 3689 2882 3728 eorum
2913 3674 3093 3750 verbis
3117 3671 3210 3750 uti
3248 3692 3354 3731 non
3398 3671 3668 3750 intellige;

2076 3742 2178 3816 ret,
2203 3751 2258 3798 et
2282 3742 2663 3816 veteris‘verbi
2701 3759 2806 3799 non
2840 3745 3089 3799 veniebat
3115 3747 3167 3801 in
3196 3756 3430 3803 mentem
3456 3790 3472 3816 ,
3504 3742 3672 3806 hw're-

2074 3815 2164 3868 tici
2194 3827 2301 3867 una
2327 3827 2457 3867 voce
2481 3811 2679 3869 factum
2706 3827 2809 3871 est.
2830 3816 2984 3883 Quod
3007 3831 3139 3873 sane
3175 3818 3264 3873 hic
3298 3811 3476 3875 locum
3525 3821 3665 3877 adeo

2075 3901 2182 3940 non
2211 3883 2473 3958 babet,_ut
2501 3899 2606 3939 una
2626 3884 2741 3958 hac
2766 3888 2989 3953 vocula,
3043 3889 3294 3958 superior
3338 3892 3515 3945 omnis
3557 3893 3671 3949 dis-

2074 3955 2281 4033 putatio
2309 3954 2667 4033 de_ha;reti_cis
2692 3970 2747 4013 et
2775 3954 3469 4033 scliismatieiskvertatur;
3500 3979 3664 4033 quam

2074 4030 2164 4098 qui
2187 4026 2524 4100 expenderit,
2556 4027 2624 4100 de
2646 4031 2969 4085 necessitate
2992 4026 3159 4100 hujus
3178 4026 3537 4089 correctionis
3562 4036 3667 4090 mi-

2074 4100 2218 4153 nime
2248 4098 2533 4153 dubitabit.
2556 4099 2624 4154 Μ.
2654 4101 2886 4157 CASAUB.

2146 4169 2282 4246 Ibid.
2313 4168 2579 4246 Haretici.
2611 4170 2780 4246 vocat
2812 4173 2911 4227 hos
2931 4173 3216 4246 episcopos
3238 4173 3545 4242 haereticos,
3570 4178 3665 4246 qui

2073 4242 2238 4311 paulo
2270 4250 2387 4310 post
2407 4240 2639 4294 scliisma
2672 4242 2917 4297 fecerunt
2939 4240 3168 4309 {eodem
3202 4247 3419 4301 nomine
3451 4240 3664 4301 ab'A'u-

2072 4314 2289 4389 gustan
2329 4319 2609 4389 vocantur,
2640 4314 2936 4389 et‘in‘actis
2983 4314 3131 4389 illius
3165 4316 3416 4389 concilii,
3448 4328 3665 4389 paratus

2073 4382 2298 4436 schisrna
2327 4382 2514 4451 facere,
2547 4392 2592 4435 et
2623 4386 2744 4450 quia
2766 4385 3019 4439 dimittere
3044 4394 3090 4439 te
3112 4386 3295 4440 habent
3316 4398 3361 4440 et
3382 4382 3509 4441 dare
3530 4389 3585 4442 in
3613 4398 3665 4443 te

2072 4454 2377 4507 sententiam
2408 4494 2422 4519 ,
2480 4461 2525 4505 et
2565 4454 2847 4513 remanebis
2910 4457 3049 4510 solus
3109 4457 3394 4512 Itmreticus.
3459 4459 3665 4516 Contra

2072 4522 2425 4599 Cresconium
2467 4523 2608 4599 libro
2635 4528 2805 4599 tertio
2834 4568 2875 4599 ,_
2903 4527 3231 4599 schismatici
3256 4544 3354 4599 pro
3386 4530 3665 4588 hzcreticis

448 4602 562 4682 (67)
585 4604 739 4690 Apud
771 4602 1145 4658 Stationarios.
1178 4605 1215 4655 Α
1228 4599 1333 4671 pud
1362 4599 1565 4655 milites
1613 4599 1667 4653 in
1729 4597 1967 4655 statione
1991 4630 2046 4690 Β
2075 4596 2362 4690 (labentur,
2390 4606 2443 4690 et
2466 4596 2605 4690 apud
2625 4597 2832 4690 judises
2863 4597 3031 4690 laicos
3056 4598 3156 4690 hoc
3180 4596 3398 4690 nomine
3418 4604 3662 4670 compel-

449 4676 597 4727 sitos.
626 4674 857 4730 ALnssr.

449 4688 597 4727 suos.
626 4688 857 4730 Αιιιιιςι).

372 4688 558 4816 p0(68)
578 4745 699 4800 lam
722 4763 899 4800 omnes
918 4744 1139 4799 Ittzretici
1154 4752 1415 4813 coeperunt
1452 4756 1798 4816 murmurare.
1819 4740 1967 4816 Quos

372 4813 657 4872 lia-reticos
678 4817 931 4883 intelligit
950 4818 1211 4885 Optatos;
1237 4829 1339 4885 qua
1371 4814 1591 4884 quidem
1624 4815 1835 4885 ratione
1865 4813 1965 4865 Do-

371 4886 604 4953 natistai,
638 4889 720 4943 vel
745 4895 805 4941 ut
831 4883 1129 4942 Cresconio
1158 4883 1422 4956 plaeebat,
1459 4884 1741 4956 Donatiani
1773 4883 1877 4937 dici
1910 4893 1965 4956 et

368 4959 553 5024 appeil
571 4963 631 5013 ll'l
666 4960 941 5027 potuerint
963 4955 1223 5025 haeretici,
1248 4957 1681 5023 multisdiSputat
1703 4955 1961 5025 Augusti-

369 5043 497 5096 nus,
522 5030 611 5085 lib.
641 5026 698 5095 ιι,
730 5043 919 5087 contra
937 5030 1190 5085 Crescon.
1234 5028 1377 5083 fdem
1410 5029 1462 5081 in
1504 5027 1597 5082 lib.
1630 5026 1699 5083 de
1731 5026 1959 5082 haeresi-

369 5100 478 5155 bus
504 5104 735 5158 schisma
787 5116 884 5156 eos
907 5103 959 5156 in
987 5100 1235 5155 haeresim
1262 5099 1493 5154 vertisse
1519 5098 1699 5165 docet,
1740 5107 1795 5153 et
1831 5113 1958 5154 raro

368 5172 535 5225 aliter
558 5189 714 5240 quam
745 5174 1032 5227 haereticos
1059 5181 1349 5239 nuncupat.
1377 5168 1521 5226 Olim
1537 5185 1749 5240 quoque
1770 5170 1963 5239 vulgus

373 5244 688 5299 haereticum
717 5261 814 5310 pro
834 5245 1179 5298 srhismatieo
1201 5244 1508 5312 promiscue
1529 5255 1819 5312 usurpasse
1842 5255 1967 5312 per-

369 5329 593 5370 suasum
631 5316 807 5373 habeo
835 5358 849 5374 .
906 5314 1175 5383 hodieque
1203 5310 1283 5368 Vin
1330 5314 1574 5382 epistolis
1601 5310 1965 5383 Constantini,

369 5388 600 5441 heretici
621 5389 701 5443 vel
728 5388 1061 5452 schismatici,
1092 5382 1246 5456 quasi
1277 5385 1505 5452 perinde
1535 5392 1703 5446 esset,
1750 5382 1817 5436 de
1862 5383 1969 5456 D07

368 5459 769 5530 natistisleges.
797 5457 914 5514 lam
938 5466 996 5512 ut
1024 5467 1080 5512 et
1105 5453 1232 5512 illud
1248 5456 1631 5530 concedamus,
1660 5469 1754 5530 eos
1784 5454 1872 5523 qui
1902 5453 1970 5507 ad

369 5531 483 5585 hoc
501 5525 789 5584 concilium
817 5536 1209 5592 convenerunt,
1256 5544 1377 5581 nam
1413 5529 1572 5596 hujus
1599 5525 1813 5595 quidem
1873 5540 1969 5577 oc-

369 5602 597 5658 casione
635 5600 876 5665 concilii,
906 5601 1000 5655 sed
1029 5602 1250 5655 eosdem
1285 5609 1462 5653 tamen
1488 5613 1676 5650 omnes
1712 5605 1805 5650 aut
1857 5598 1972 5662 ple-

371 5687 578 5741 rosque
607 5672 824 5737 saltem,
875 5675 925 5725 in
968 5671 1256 5739 posteriori
1306 5670 1538 5739 quodam
1566 5669 1797 5723 concilio
1843 5682 1974 5721 con-

374 5740 638 5817 gregatos
668 5743 976 5817 schismatis
1003 5752 1255 5797 auctores
1283 5740 1568 5817 enituisse;
1614 5741 1748 5817 quis
1795 5748 1974 5792 tamen

376 5810 569 5872 credat
600 5814 879 5887 Optatum,
911 5815 1039 5870 dum
1074 5822 1254 5869 narrat
1291 5813 1378 5868 illa
1401 5827 1520 5883 qua:
1548 5810 1784 5866 schisma
1835 5824 1974 5882 pra:-

2080 4669 2283 4741 Iantur,
2306 4668 2542 4741 instructi
2565 4678 2683 4722 sunt
2703 4669 2935 4722 advocati
2956 4669 3024 4721 ad
3051 4670 3150 4723 ista
3169 4669 3395 4741 judicia,
3449 4682 3496 4725 et
3540 4668 3661 4727 tan-

2077 4755 2229 4810 quam
2252 4739 2305 4792 in
2328 4738 2590 4810 (tmr'eticos
2617 4742 2834 4795 excitata
2865 4755 2883 4794 :
2920 4741 3004 4794 vel
3031 4755 3125 4795 eos
3147 4738 3304 4795 vocat
3357 4742 3662 4809 hmreticos,

2075 4811 2198 4880 quia
2229 4826 2297 4865 ex
2330 4809 2670 4866 Parmenioni
2698 4811 2965 4867 sententia
2992 4811 3329 4867 schismatici
3368 4823 3524 4869 erant
3554 4815 3667 4872 hcc-

2072 4882 2247 4936 retici.
2280 4880 2509 4937 ALBAsP.
2671 4920 2675 4924 -

2144 4952 2235 5035 (69
2249 4955 2280 5035 )_
2294 4952 2485 5006 Erecti.
2517 4951 2709 5035 Statim
2731 4965 2898 5035 atque
2918 4953 3315 5035 accusabantur
3343 4957 3659 5035 surgebant,

2069 5031 2126 5077 et
2154 5024 2207 5077 in
2233 5024 2462 5078 alteram
2486 5034 2692 5095 partem
2714 5026 3037 5092 transibant,
3072 5036 3129 5080 ut
3152 5028 3391 5152 exDactl'gs
3421 5024 3657 5086 constat.

3274 5114 3304 5152 ιι
3377 5115 3445 5152 ιιι.

3274 5114 3304 5154 U
3332 5114 3445 5155 PIN.

2140 5165 2255 5239 (70)
2284 5164 2467 5239 Talem,
2482 5183 2687 5239 causam
2718 5167 2827 5221 Deo
2850 5177 3090 5221 servaret.
3116 5167 3249 5225 Cum
3267 5172 3501 5239 aliquam
3530 5172 3661 5228 olim

2068 5238 2288 5294 causam
2319 5248 2410 5291 aut
2440 5238 2701 5294 delictum
2732 5239 2939 5294 nollent
2962 5239 3229 5308 judicare,
3258 5243 3324 5297 ad
3358 5244 3523 5298 Deum
3546 5259 3663 5299 rem

2069 5310 2386 5383 deferebant
2428 5319 2484 5383 et
2510 5310 2860 5383 remittebant
2887 5326 2919 5373 ε,
2959 5310 3261 5380 Cyprianum
3313 5314 3555 5383 pluribus
3609 5316 3663 5369 in

2073 5383 2227 5448 locis,
2250 5381 2347 5435 ubi
2376 5382 2485 5456 agit
2514 5382 2582 5437 de
2606 5381 2885 5456 lapsorum
2912 5383 3228 5451 pmuitentia
3260 5405 3273 5440 :
3314 5381 3369 5441 et
3410 5384 3668 5456 Augusti-

2076 5468 2178 5509 nus
2205 5464 2403 5528 contra
2423 5453 2777 5528 Cresconinm
2833 5453 2975 5528 libro
2990 5457 3170 5528 tertio,
3197 5457 3372 5528 capite
3401 5453 3667 5526 vigésnno
3704 5516 3709 5521 ί

2080 5535 2273 5580 octavo
2308 5567 2319 5585 .
2344 5525 2438 5580 illa
2466 5526 2639 5580 omnia
2662 5526 2834 5579 divino
2856 5524 3060 5595 judicio
3089 5524 3360 5583 dimisisse.
3396 5524 3625 5582 Ainasp.

2146 5596 2262 5668 (7t)
2296 5595 2472 5651 Talem
2501 5613 2709 5652 causam
2745 5595 2853 5651 Deo
2885 5609 3128 5653 servaret.
3168 5600 3521 5668 Relinqueret
3574 5597 3669 5651 Dei

2072 5667 2292 5738 judicio.
2328 5668 2404 5723 Du
2433 5668 2549 5724 PIN.

2149 5738 2425 5811 (72)Ωαὶ
2464 5748 2843 5795 remanserunt.
2896 5739 3239 5811 Aderantin
3290 5740 3380 5793 illo
3440 5738 3674 5811 concilio

2080 5807 2364 5864 duodecim
2395 5812 2656 5882 episcopi,
2686 5820 2744 5865 ut
2770 5819 2915 5880 patet
2939 5809 2993 5862 in
3017 5808 3293 5864 breviculo
3312 5850 3326 5875 ,
3377 5807 3555 5877 capite
3583 5809 3681 5863 dc-
