4206 6170
493 267 603 329 915

1711 259 1957 325 SANCTI
1994 256 2246 319 OP‘I‘ATI
2285 259 2593 323 EPISCOPI

3681 266 3789 323 9|6

484 391 612 437 rant
636 377 779 451 (73),
817 378 869 434 id
900 386 1004 444 est,
1039 376 1220 433 Victor
1251 373 1549 431 Garbensis
1573 383 1629 441 τι,
1678 373 1832 430 Felix
1864 389 1893 428 a
1925 372 2091 427 Rota-
2124 375 2176 436 Α
2202 373 2382 431 derint
2401 376 2644 446 judices;
2673 378 2761 432 ubi
2796 378 2867 431 sit
2892 377 2912 453 (
2935 376 3041 450 78)
3072 387 3249 434 actum
3294 381 3586 437 concilium
3617 398 3633 448 ;
3678 398 3802 454 qua-

491 474 579 531 rio
607 470 659 538 ι’,
693 479 746 527 ει
774 470 955 525 Nabor
993 486 1022 523 a
1068 467 1421 525 Centurionis
1446 476 1491 521 α.
1546 465 1583 521 Ii
1638 466 1892 522 dixerunt
1933 465 2099 520 talem

495 579 716 623 causam
748 562 978 618 Domino
1006 559 1208 616 debere
1238 557 1507 616 reservari
1535 554 1610 612 d':
1649 567 1701 613 et
1730 557 1866 613 dixit
1894 555 2102 612 Secun-

494 657 621 724 dus,
653 654 767 726 (74)
798 654 983 710 sedete
1025 667 1216 708 omnes
1262 650 1381 725 (75)
1414 668 1429 705 :
1463 651 1567 729 ιθ
1612 661 1739 707 tunc
1772 651 1975 705 dictum
2021 659 2106 705 est

492 748 566 805 ab
603 744 879 814 omnibus,
907 744 1019 801 Deo
1054 745 1249 818 gratias
1270 784 1285 810 ,
1318 750 1375 798 et
1402 744 1682 798 sederunt.
1730 742 1905 797 Habes
1946 755 2101 812 ergo,

498 840 672 897 frater
694 840 1074 911 Parmeniane,
1105 839 1197 910 qui
1227 835 1517 891 manifesto
1558 835 1756 891 fuerint
1792 835 2099 890 traditores.

571 932 693 989 XV.
732 930 819 988 Ea:
847 933 1173 989 ordinatione
1218 930 1472 1005 Majorini
1524 932 1749 985 schisma
1806 940 1993 985 ortum.
2034 956 2106 969 ——

498 1025 709 1084 Deinde
752 1039 859 1079 non
905 1032 1025 1093 post
1058 1024 1276 1093 longum
1331 1030 1543 1092 tempus
1580 1020 1737 1093 (76),
1787 1021 1905 1093 (77)
1944 1020 2105 1075 iidem

502 1117 631 1189 ipsi,
664 1125 742 1172 tot
772 1126 827 1170 et
854 1115 1008 1180 tales,
1042 1114 1111 1169 ad
1139 1113 1517 1184 Carthaginem
1543 1113 1770 1183 profecti
1796 1113 2102 1178 traditores,

504 1211 707 1267 thurati
741 1217 767 1245 θ
810 1207 1124 1270 ὴοωὶεἰάςιι,
1155 1206 1474 1276 Majorinum
1502 1206 1680 1276 (cujus
1707 1215 1761 1260 tu
1788 1205 2103 1261 cathedram

504 1299 704 1372 sedes)
755 1312 875 1372 post
918 1299 1314 1354 ordinationem
1362 1299 1638 1353 Caeciliani
1682 1298 2104 1365 ordinaverunt,

503 1399 741 1456 schisma
801 1395 1086 1451 facientes.
1138 1394 1206 1448 Et
1245 1393 1499 1463 quoniam
1563 1393 1871 1448 traditionis
1940 1407 2105 1458 reos,

506 1490 783 1563 principes
811 1495 1026 1544 vestros
1058 1487 1223 1543 fuisse
1253 1496 1610 1542 monStratum
1639 1496 1743 1553 est,
1767 1480 2109 1557 consequens

510 1584 639 1651 erit,
678 1582 904 1639 eosdem
936 1580 1105 1636 fuisse
1130 1589 1383 1636 auctores
1414 1577 1433 1619 ί
1468 1579 1800 1635 schismatis.
1833 1577 1966 1645 Quae
1997 1592 2103 1644 res,

508 1688 571 1735 ut
595 1679 742 1733 clara
769 1687 826 1733 et
848 1674 1138 1731 manifesta
1168 1688 1292 1729 esse
1314 1672 1568 1728 omnibus
1594 1673 1785 1743 possit,
1816 1672 2112 1727 oSIenden-

2210 466 2321 522 sint
2360 469 2579 537 prolatae
2611 471 2915 525 sententiae.
2966 471 3038 525 De
3079 470 3345 527 divisione
3393 474 3609 545 agitur:
3657 482 3710 529 ct
3758 476 3811 528 in

2208 559 2413 627 Africa,
2447 562 2585 618 sicut
2619 573 2669 618 et
2693 563 2747 619 in
2777 565 2993 620 cmteris
3028 566 3354 635 provinciis,
3394 582 3498 621 una
3545 576 3664 623 erat
3708 568 3819 623 Ec-

2208 653 2395 722 clesia,
2421 664 2709 727 antequam
2731 658 3065 714 divideretur
3093 658 3161 713 ab
3189 659 3595 716 ordinatoribus
3643 660 3813 731 Majo-

2210 747 2339 813 rini,
2371 748 2671 821 (79)cujns
2719 759 2775 805 tu
2818 749 3220 807 hrereditariam
3268 751 3585 808 cathedram
3632 751 3819 810 sedes.

2208 838 2517 895 Videndum
2575 850 2659 897 est
2704 842 2825 912 quis
2868 842 2983 915 (80)
3038 843 3092 898 in
3129 842 3312 899 radice
3362 858 3487 899 cum
3533 853 3646 899 toto
3687 844 3826 899 orbe

2208 935 2505 999 manserit;
2540 934 2660 1004 quis
2692 932 2836 989 foras
2868 935 3094 1002 exierit;
3133 935 3257 1006 quis
3300 934 3615 995 cathedram
3665 936 3827 991 sede-

2209 1023 2281 1076 rit
2314 1023 2561 1091 alteram,
2586 1040 2705 1095 quae
2735 1035 2862 1081 ante
2892 1041 2997 1081 non
3034 1025 3208 1081 fuerat
3228 1043 3242 1091 ;
3264 1027 3385 1097 quis
3425 1036 3625 1083 contra
3651 1027 3834 1083 altare

2212 1116 2386 1170 altare
2415 1119 2689 1183 erexerit;
2723 1118 2843 1187 quis
2872 1119 3271 1175 ordinationem
3296 1120 3505 1186 fecerit,
3552 1119 3702 1175 salvo
3743 1121 3827 1174 al-

2213 1218 2331 1263 tero
2374 1208 2660 1277 ordinato;
2724 1211 2846 1281 quis
2897 1211 3076 1281 jaceat
3113 1208 3223 1266 sub
3255 1212 3529 1269 sententia
3585 1212 3816 1269 Joannis

2211 1299 2481 1370 Apostoli,
2512 1302 2605 1370 qui
2649 1303 2791 1357 dixit
2820 1305 3020 1359 multos
3050 1304 3412 1361 Anticliristos
3448 1305 3593 1361 foras
3636 1306 3820 1360 exitu-

2212 1405 2342 1448 ros;
2372 1392 2492 1463 quia
2514 1409 2616 1446 non
2646 1403 2789 1449 erant
2814 1436 2829 1459 ,
2870 1396 3072 1465 inquit,
3111 1397 3304 1461 nostri,
3330 1413 3451 1450 nam
3476 1397 3521 1451 si
3551 1398 3710 1451 nostri
3739 1380 3826 1450 es:

2212 1494 2342 1553 sent,
2370 1488 2671 1543 mansissent
2706 1490 2972 1545 nobiscum
3000 1488 3225 1561 (lloan.
3273 1506 3330 1554 ιι.
3383 1488 3498 1563 19).
3547 1490 3691 1561 Ergo
3738 1491 3837 1560 qui

2213 1578 2269 1633 in
2301 1594 2408 1634 uno
2431 1594 2556 1635 cum
2582 1579 2840 1636 fratribus
2861 1598 3084 1640 manere
3116 1585 3309 1650 noluit,
3349 1584 3638 1641 haereticos
3658 1599 3833 1640 secu-

2214 1678 2327 1734 tus,
2361 1673 2512 1743 quasi
2540 1673 2907 1729 Antichristus
2937 1675 3082 1730 foras
3105 1675 3299 1732 exivit.

508 1772 637 1827 dum
672 1780 776 1834 est,
810 1783 877 1823 ex
905 1783 1010 1840 qua
1047 1765 1229 1822 radice
1264 1780 1386 1822 sese
1429 1780 1603 1836 usque
1641 1765 1695 1819 in
1746 1764 2067 1820 hodiernum
2093 1805 2110 1829 ,
2144 1780 2192 1840 Β
2292 1762 2434 1818 XVI.
2480 1762 2700 1821 ιιωξιιω
2744 1766 2986 1823 adversus
3038 1767 3369 1823 Caecilianum
3424 1769 3572 1825 rixas.
3610 1799 3685 1812 —
3721 1769 3838 1825 Hoc

509 1863 714 1923 erroris
727 1859 1103 1933 pretenderint
1126 1858 1293 1927 rami,
1316 1867 1372 1913 et
1396 1874 1460 1913 ex
1480 1872 1587 1929 quo
1606 1858 1753 1913 fonte
1782 1857 1986 1912 rivulus
2017 1859 2119 1915 iste
2228 1858 2373 1928 apud
2396 1857 2777 1929 Carthaginem
2804 1861 3332 1929 postordinationem
3346 1862 3616 1918 Caeciliani
3637 1863 3840 1918 iactum

513 1955 736 2025 maligni
767 1954 1015 2024 liquoris,
1045 1951 1260 2008 occulte
1288 1965 1540 2021 serpens,
1587 1965 1760 2021 usque
1790 1949 1845 2006 in
1870 1958 2118 2021 tempora
2227 1962 2370 2016 esse,
2404 1965 2562 2005 nemo
2588 1960 2673 2007 est
2700 1953 2792 2022 qui
2840 1956 3044 2009 nesciat
3075 1963 3099 2001 ε
3127 1972 3140 2009 :
3173 1970 3271 2027 per
3303 1956 3559 2012 Lucillam
3601 1956 3836 2024 scilicet,

516 2056 706 2104 nostra
736 2045 1057 2101 manaverit.
1094 2042 1391 2098 Dicendum
1431 2050 1546 2111 est,
1589 2041 1735 2099 unde
1774 2049 1827 2098 et
1866 2042 1956 2098 ubi
1998 2050 2054 2098 et
2088 2057 2118 2096 a
2227 2041 2415 2127 nescio
2445 2057 2605 2114 quam
2645 2042 2923 2102 heminam
2969 2045 3253 2104 factiosum
3304 2066 3317 2104 :
3370 2065 3493 2119 qua:
3532 2060 3658 2106 ante
3700 2064 3836 2105 con-

520 2141 717 2213 quibus
747 2149 926 2199 ortum
956 2146 1168 2193 constet
1199 2139 1301 2193 hoc
1327 2136 1558 2193 alterum
1579 2138 1818 2202 malum;
1847 2152 1967 2207 quae
1992 2150 2125 2191 cou-
2237 2146 2453 2190 cussam
2479 2138 2874 2206 persecutionis
2904 2138 3214 2195 turbinibus
3247 2155 3459 2211 pacem,
3499 2140 3628 2197 dum
3662 2141 3847 2197 adhuc

521 2231 776 2289 venerint
799 2244 1014 2293 cauam;
1047 2242 1170 2300 quae
1194 2226 1401 2283 fuerint
1427 2237 1664 2297 operata:
1709 2240 1992 2297 personae;
2030 2229 2122 2297 qui
2233 2224 2289 2281 in
2316 2226 2606 2298 tranquillo
2632 2238 2778 2284 esset
2809 2229 3080 2299 Ecclesia,
3107 2246 3230 2287 eum
3265 2231 3403 2304 (8t)
3433 2234 3839 2305 correptionem

522 2332 777 2379 auctores
804 2319 966 2391 hujus
1002 2320 1169 2385 mali;
1210 2319 1301 2389 qui
1348 2318 1677 2384 nutritores;
1716 2334 1745 2372 a
1786 2319 1981 2389 quibus
2018 2319 2127 2374 sint
2232 2321 2600 2378 archidiaconi
2628 2323 2905 2380 Czeciliani
2948 2326 3089 2382 l'erre
3117 2342 3224 2381 non
3254 2338 3441 2398 posset
3468 2324 3498 2364 ¹ι
3533 2345 3546 2380 :
3581 2325 3699 2396 (8‘2)
3723 2341 3849 2399 qua:

520 2417 669 2473 inter
690 2423 875 2486 partes
894 2413 963 2471 ab
989 2411 1321 2484 Imperatore
1352 2412 1624 2483 postulata
1649 2410 1853 2484 judicia
1877 2428 1891 2478 ;
1920 2412 2012 2483 qui
2041 2426 2129 2468 se-
2232 2423 2360 2470 ante
2382 2413 2685 2483 spiritalem
2710 2415 2890 2472 cibum
2917 2425 2972 2473 et
2994 2425 3202 2488 potum,
3232 2432 3295 2473 os
3319 2418 3506 2475 nescio
3524 2417 3680 2488 cujus
3701 2433 3852 2473 mar-

1768 2528 2153 2588 LECTIONES
2179 2528 2596 2586 VARIANTES.

594 2631 623 2660 ι
656 2628 713 2679 In
731 2640 848 2678 mss.
875 2626 928 2678 S.
953 2625 1014 2678 T.
1041 2630 1096 2676 et
1113 2626 1170 2676 P.
1198 2622 1553 2684 S.Gardensis;
1577 2623 1666 2673 sed
1702 2630 1872 2684 postea
1895 2622 1928 2673 l.
1959 2622 1990 2673 2
2013 2624 2139 2674 Gar-
2309 2618 2336 2660 ἀ
2373 2620 2428 2671 In
2448 2635 2538 2675 ms.
2563 2621 2617 2672 S.
2643 2621 2703 2673 G.
2724 2622 2827 2672 Deo
2847 2620 3024 2674 debere
3045 2621 3253 2674 servari.
3330 2683 3335 2684 ί
3494 2666 3499 2673 .

532 2692 707 2745 hensis.
737 2690 792 2740 In
814 2703 904 2739 ms.
931 2691 984 2741 S.
1011 2688 1071 2739 G.
1105 2684 1383 2739 Gabrensis.
1411 2685 1467 2735 lu
1502 2683 1647 2735 editis
1670 2683 1964 2748 Garbiensis.
1998 2684 2139 2748 Apud
2262 2745 2275 2748 Α
2321 2686 2345 2715 ε
2372 2684 2425 2733 ld
2447 2693 2541 2744 est,
2562 2686 2644 2748 qui
2667 2686 2782 2736 thus
2801 2684 2940 2748 idolis
2966 2684 3303 2748 adoleverant.
3326 2683 3399 2736 Ita
3418 2686 3471 2736 in
3494 2685 3718 2736 omnibus
3733 2698 3853 2736 mss.

531 2756 667 2825 ᾼυε..
689 2756 739 2803 in
779 2753 941 2803 eollat.
983 2750 1151 2804 Carth.
1175 2760 1227 2801 ct
1248 2754 1296 2799 in
1328 2749 1502 2798 notitia
1534 2748 1754 2812 cpiscOp.
1790 2747 1986 2798 Africae.
2015 2745 2139 2797 Gar-
2247 2745 2441 2825 Qu'an'to
2466 2745 2718 2825 errqi'enin
2742 2745 3169 2825 editis‘coniurati.

534 2821 717 2946 ’,αἲξαὲιῖ
742 2891 855 2946 mss.
883 2875 1019 2946 S.-T.
1042 2875 1255 2946 et_P._S.
1276 2842 1308 2946 a
1330 2872 1545 2946 Haterio.
1563 2872 1714 2945 “Apud
1738 2871 1868 2946 aug.
1889 2871 2105 2946 notario.

2315 2809 2335 2849 f
2374 2808 2429 2858 In
2454 2823 2544 2858 ms.
2565 2810 2617 2859 S.
2646 2808 2704 2859 G.
2730 2816 2777 2859 et
2801 2808 3039 2861 auctores.

2310 2875 2337 2945 ἕ
2372 2873 2426 2923 In
2447 2873 2640 2946 mss.nS.
2668 2872 2727 2921 T.
2754 2880 2805 2922 et
2836 2872 2891 2922 P.
2922 2874 3134 2923 S.nemo
3162 2871 3246 2937 qui
3281 2871 3482 2924 nesciat.
3508 2872 3564 2921 In
3587 2884 3677 2920 ms.
3704 2868 3758 2921 S.
3787 2871 3854 2921 G.

603 2943 626 2973 °
663 2942 736 2992 Ita
765 2942 912 2991 etiam
937 2940 987 2989 in
1023 2937 1137 2989 coll.
1174 2936 1336 3000 Carth.
1372 2936 1637 3000 Januarius
1674 2934 1929 3000 episcOpus
1962 2936 2137 3000 Ceutu-
2244 2935 2350 3000 quis
2372 2934 2594 3000 nesciat?

535 3004 791 3057 rionensis.
818 3001 875 3055 In
898 3014 1013 3053 mss.
1040 2993 1223 3053 notitiis
1246 2999 1507 3059 Africanae,
1535 2993 1921 3052 Ceaturianensis
1943 2998 2089 3047 male.
2254 2993 2268 3000 ’
2307 2996 2338 3036 h
2372 2997 2427 3047 In
2452 3010 2543 3047 ms.
2570 2998 2623 3047 S.
2648 2996 2709 3047 Τ.
2733 2993 2917 3047 Litt:an
2936 2995 3069 3062 ferre
3089 3009 3184 3050 non
3208 3003 3381 3061 posset.

1900 3107 2260 3164 VARIOBUM
2297 3105 2530 3161 NOTAE.

540 3209 683 3265 cimo
712 3207 967 3277 septimo,
996 3220 1226 3276 quorum
1249 3211 1770 3277 sexaecusarentur.
1796 3202 2141 3277 Caetericon-
2168 3210 2213 3272 ρ
2247 3199 2560 3277 Alexandro
2585 3240 2600 3265 ,
2644 3199 2735 3269 qui
2768 3198 3109 3277 tyrannidem
3160 3201 3212 3277 in
3238 3216 3322 3277 Aea
3374 3202 3597 3277 regione
3626 3215 3862 3277 egeret--

543 3280 674 3336 sulti
702 3270 849 3346 sunt,
875 3270 965 3348 qui
993 3270 1391 3348 responderunt
1419 3275 1558 3330 hanc
1587 3289 1806 3348 causam
1861 3288 1958 3342 pro
1995 3273 2141 3348 bono
2186 3270 2209 3272 7
2246 3272 2361 3348 bat.
2396 3272 2511 3348 Nun
2551 3280 2633 3348 est
2671 3270 2851 3348 autem
2893 3270 3157 3348 devict_u_s_g
3190 3270 3500 3348 Alexander
3532 3314 3547 3336 ,
3584 3273 3689 3348 n_isi
3736 3283 3863 3341 post

544 3349 695 3422 pacis
721 3342 1247 3422 Deo'reservandam
1268 3361 1392 3403 esse
1413 3387 1426 3408 ,
1457 3361 1666 3422 eosque
1686 3346 1773 3422 qui
1808 3345 2142 3422 accusaban-
2248 3342 2487 3398 Herculii
2514 3342 2720 3397 obitqu
2753 3342 2847 3413 qui
2886 3357 3031 3397 anno
3061 3343 3167 3398 510
3187 3345 3578 3422 eontigithtes'te
3610 3343 3857 3398 Zosnno.

544 3414 635 3475 iur
665 3423 832 3475 Deum
850 3419 1086 3490 judicem
1102 3417 1404 3485 habituros,
1422 3417 1579 3486 eique
1602 3418 1870 3471 rationem
1896 3414 2142 3470 redditu-

541 3507 659 3547 ros.
690 3494 920 3545 ALBASP.
1108 3546 1121 3552 ,
1311 3541 1315 3546 .

653 3562 741 3643 75)
785 3560 1033 3643 Cpnsulti
1044 3569 1167 3643 sunt
1178 3630 1189 3641 .
1205 3559 1292 3630 qui
1310 3639 1319 3643 _
1342 3563 1707 3643 remanserant.
1729 3554 1817 3643 fin
1862 3556 2147 3643 breviculn

550 3626 861 3689 collationis
906 3648 957 3693 c.
1014 3632 1099 3691 l7.
1137 3626 1393 3689 dicuntur
1419 3629 1670 3682 undecim
1728 3626 1812 3683 vel
1860 3626 2146 3689 duodecim

552 3704 821 3777 Episcopi
856 3701 926 3758 ad
956 3704 1059 3777 hoc
1083 3700 1376 3777 concilium
1406 3699 1860 3777 convenissent?
1893 3700 1994 3753 hac
2025 3715 2150 3777 nar.

551 3767 969 3845 ratione-Optasti
996 3782 1209 3828 constat
1233 3772 1485 3845 undecim
1520 3779 1726 3845 tantum
1757 3767 1948 3835 fuisse,
1979 3785 2009 3823 ε
2031 3771 2152 3840 qui—

556 3848 661 3902 bus
699 3860 798 3907 sex
824 3841 1081 3903 accusati.
1112 3841 1395 3901 Secundus
1424 3841 1754 3911 Tigisitanus
1785 3855 1987 3910 praeses
2028 3857 2154 3895 scn-

556 3918 783 3979 tentiam
813 3915 997 3971 dicere
1037 3929 1145 3973 non
1192 3922 1422 3984 poterat.
1456 3912 1737 3969 Secundus
1788 3913 1964 3967 minor
2012 3913 2153 3967 titius

558 3986 744 4045 fratris
772 3987 891 4057 ejus
914 3985 1026 4057 jam
1057 3983 1297 4041 mentem
1327 3999 1478 4057 suam
1500 3992 1807 4057 aperuerat.
1830 3983 2014 4053 itaque
2043 3994 2154 4039 tres

558 4070 770 4115 tantum
799 4055 956 4113 erant
983 4058 1303 4128 superstites
1329 4056 1418 4124 qui
1448 4055 1881 4128 considerentur,
1902 4069 2151 4128 _qu_urunt

564 4130 891 4188 sententiam
923 4123 1139 4185 secutus
1164 4137 1248 4184 est
1266 4123 1567 4193 SeCundns,
1590 4138 1643 4181 et
1670 4125 1741 4180 ita
1761 4138 1856 4180 sex
1900 4123 2155 4195 Epise0pi

564 4218 595 4258 a
622 4203 862 4274 quinque
886 4208 1016 4274 sunt
1035 4198 1290 4274 absoluti.
1316 4199 1389 4252 Du
1412 4196 1529 4274 Pus.

640 4262 1188 4344 (74)'Sed_ete_omnes.
1215 4270 1293 4324 Ex
1319 4270 1483 4344 gestis
1506 4264 1842 4344 purgationis
1859 4262 2156 4344 Caeciliani,

568 4354 627 4402 et
651 4337 720 4400 ex
739 4337 1055 4407 breviculo,
1094 4351 1150 4397 et
1178 4350 1369 4396 contra
1402 4337 1756 4395 CreSconium
1789 4338 1928 4394 libro
1977 4338 2157 4405 tertia,

569 4421 786 4472 cunStat
828 4409 927 4483 hos
953 4412 1240 4483 episcopus
1271 4413 1639 4483 interrogante
1684 4408 1937 4473 Secundo
1977 4423 2162 4483 assur-

567 4487 799 4552 rexisse,
828 4490 884 4539 et
915 4482 968 4539 in
989 4480 1157 4539 aliam
1186 4489 1390 4553 partem
1419 4482 1719 4553 transiisse,
1744 4494 1977 4553 moxque
1996 4480 2162 4535 abso-

567 4556 747 4621 lutos,
782 4550 849 4609 ad
887 4553 1063 4617 locum
1091 4550 1249 4610 suum
1268 4560 1393 4623 post
1421 4552 1537 4608 haec
1565 4550 1726 4623 verba
1753 4551 2010 4617 rediisse,
2042 4565 2163 4619 qua:

3414 3415 3489 3469 Du
3518 3415 3637 3469 Plu.

2322 3484 2439 3558 (77)
2467 3484 2639 3558 Iidem
2658 3485 2788 3558 ipsi.
2816 3484 2951 3558 Cum
2983 3485 3222 3558 Sylvano
3244 3486 3333 3555 qui
3362 3485 3543 3542 fuerat
3568 3486 3853 3541 ordinatus

2251 3556 2539 3628 episeupus
2564 3556 2822 3611 Cirtensis
2850 3556 2942 3628 illo
2970 3557 3219 3613 concilio.
3250 3560 3480 3613 ALBASP.

2325 3626 2439 3701 (78)
2488 3629 2672 3681 Actum
2715 3627 3009 3682 comitium.
3060 3628 3362 3683 Romanum
3402 3630 3504 3684 sub
3548 3628 3857 3685 Melcliiaile

3409 3708 3644 3756 Αιιηει».

2328 3768 2444 3837 (79)
2467 3765 2631 3839 Cujus
2656 3776 2709 3821 tu
2736 3765 3107 3821 Iucreditatem.
3132 3770 3382 3840 Episcopi
3404 3786 3513 3825 non
3532 3773 3712 3826 solum
3740 3779 3869 3826 sunt

2255 3839 2502 3913 bieredes
2522 3841 2877 3913 decessurum
2906 3854 3158 3913 suorum,
3190 3841 3287 3913 sed
3318 3839 3482 3897 etiam
3516 3844 3612 3897 lilii
3640 3858 3656 3906 ;
3693 3858 3866 3913 quare

2258 3913 2422 3985 talem
2447 3908 2638 3985 habuit
2657 3909 2973 3966 cathedram
3003 3912 3218 3982 qualem
3260 3912 3586 3971 decessores
3611 3908 3732 3985 ejus
3763 3916 3867 3969 tia-

2257 3982 2509 4039 buerunt.
2538 3983 2768 4036 ALBABP.

2331 4051 2454 4135 (80);
2486 4054 2551 4108 In
2588 4051 2805 4108 Radice.
2861 4051 3168 4135 Videndum
3195 4063 3282 4135 est
3323 4054 3445 4123 quis
3492 4056 3548 4111 in
3591 4052 3867 4135 Qathetlra

2260 4124 2482 4191 mansit,
2519 4138 2641 4177 cum
2678 4139 2782 4193 qua
2813 4132 3025 4179 caetera:
3053 4124 3343 4182 Cathedrze
3385 4129 3724 4181 consortiqu
3772 4125 3871 4180 ha-

2259 4195 2519 4262 beant,et
2548 4209 2670 4265 qua:
2694 4210 2815 4250 cum
2848 4195 3090 4250 Romana
3129 4212 3250 4266 qua:
3291 4207 3375 4252 est
3423 4197 3576 4251 radix
3614 4212 3867 4250 commu-

2262 4266 2426 4333 nieat,
2455 4282 2550 4338 per
2569 4280 2729 4335 quam
2754 4274 2868 4322 toto
2884 4266 3018 4321 orbe
3048 4283 3172 4337 pax,
3203 4276 3260 4323 et
3287 4268 3414 4323 unio
3429 4266 3742 4323 Christiana
3764 4282 3869 4321 nu-

2263 4340 2444 4395 tritur.
2477 4338 2705 4393 Annssr.

2336 4410 2454 4481 (81)
2473 4409 3111 4481 (.‘ogreptionem._Diaconi
3142 4423 3241 4478 per
3265 4410 3562 4466 Ecelesiam
3585 4408 3870 4465 discurre-

2265 4478 2416 4547 bant,
2436 4478 2506 4535 ἰιι
2534 4478 2720 4534 ﬁdeles
2751 4481 2799 4532 in
2822 4479 3004 4533 ofiicio
3023 4483 3367 4536 continerent
3386 4492 3440 4535 et
3457 4481 3872 4536 animadverte—

2267 4560 2411 4619 rent,
2441 4561 2497 4608 et
2523 4551 2858 4621 corrigerent
2883 4565 2980 4605 eos
3005 4554 3095 4620 qui
3125 4563 3312 4608 contra
3336 4553 3597 4608 Ecclesia:
3618 4552 3871 4622 discipli-

573 4602 791 4698 quu'ivde'm
819 4602 1249 4698 verhawaliquam:
1271 4602 1633 4698 absolutionis
1676 4622 1808 4698 vim_
1829 4633 1884 4675 et
1931 4602 2162 4676 fortnam
2192 4602 2241 4662 D
2270 4602 2620 4698 naufaliquid
2646 4602 2900 4698 agerent.
2918 4602 3145 4698 Amisse.

572 4691 778 4757 habere
806 4696 1055 4755 videntur
1086 4691 1208 4753 eum
1237 4695 1323 4753 his
1340 4695 1598 4763 acceptis,
1621 4702 1677 4748 et
1716 4691 1978 4748 sederunt
2000 4701 2055 4747 et
2078 4707 2161 4747 re-

576 4766 1078 4843 sponderunt,_l)eo
1102 4768 1319 4843 gratias.
1347 4769 1576 4843 _ALBASP.
1622 4833 1660 4843 ἢ
1702 4832 1714 4843 _
1738 4831 1750 4843 ‘
1796 4832 1806 4842 .
1954 4833 1964 4843 _
1992 4832 2005 4843 .

653 4840 788 4895 ibid.
846 4831 1030 4893 Sedete
1059 4831 1250 4893 omnes.
1281 4835 1362 4891 Ad
1386 4852 1447 4891 ea
1474 4850 1595 4904 quae
1621 4831 1916 4891 Balduinus
1953 4832 2041 4887 hic
2069 4847 2169 4888 no-

582 4921 680 4976 tat,
704 4909 844 4967 addo
870 4910 1047 4964 locum
1077 4924 1144 4965 ex
1174 4909 1465 4964 collatione
1506 4904 1818 4976 Carthagin.
1842 4904 2054 4959 'collat.
2114 4906 2165 4958 1.

581 4983 716 5039 Cum
743 4982 886 5037 enim
918 4992 1086 5051 partes
1112 4995 1208 5035 seu
1234 4987 1467 5051 auctores
1490 4977 1683 5051 sedere
1718 4975 1880 5039 vellet
1922 4976 2171 5045 cognitor

582 5048 953 5117 Marcellinus,
986 5054 1057 5108 ita
1082 5052 1220 5104 inter
1256 5048 1360 5103 alia
1414 5048 1743 5117 reSpondent
1786 5062 1850 5101 ac
1906 5054 2173 5101 excusant

582 5126 901 5189 Donatista}.
931 5114 999 5176 Id
1026 5129 1193 5181 autent
1214 5122 1359 5177 nobis
1388 5114 1608 5185 expedit,
1641 5119 1695 5177 id
1714 5134 1914 5177 necesse
1955 5127 2026 5172 est
2053 5159 2067 5182 ,
2114 5127 2172 5171 ut

587 5213 703 5258 cum
730 5211 885 5251 causa
910 5200 1198 5262 peruratur,
1229 5209 1343 5248 cum
1368 5193 1508 5264 prius
1533 5192 1793 5264 incipitur,
1813 5201 1863 5243 ut
1884 5189 2036 5264 etiam
2056 5207 2175 5259 per-

584 5284 723 5324 sona:
750 5261 1001 5332 constent,
1025 5275 1160 5329 stare
1171 5261 1399 5335 singulos
1411 5261 1621 5335 Adeceat,
1652 5261 1831 5332 quibus
1856 5261 2027 5319 subire
2054 5276 2177 5315 con-

585 5340 697 5408 tigit
720 5338 1087 5408 disputationis
1120 5331 1349 5408 examen.
1378 5332 1447 5408 hi.
1473 5331 1707 5408 (Lassus.

658 5405 774 5479 (75)
804 5401 988 5479 Sedete
1009 5421 1203 5461 omnes.
1224 5404 1293 5465 Ut
1316 5405 1543 5476 iudices.
1565 5405 1806 5475 Quisque
1821 5401 1999 5459 locum
2016 5416 2176 5465 suum

585 5477 937 5564 acémi‘atlpu
971 5477 1087 5564 Pin.
1119 5550 1157 5564 ,ί
1360 5557 1399 5564 __
1440 5562 1545 5564 γ
1614 5541 1683 5564 ,η

659 5541 773 5623 (ῗϋ)
813 5547 934 5604 Non
974 5558 1087 5623 post
1113 5550 1326 5623 longum
1353 5541 1827 5623 tesnpus._Aliijuos
1855 5552 2033 5605 tamen
2078 5558 2177 5623 an-

583 5615 683 5678 nos
715 5615 1085 5676 intercessisse
1112 5615 1370 5690 opo'rtuit.
1393 5615 1527 5690 Nam
1553 5615 1851 5690 Maxentius
1877 5624 2001 5686 post
2018 5615 2172 5690 cujus

580 5694 964 5767 ndulgentiam
996 5691 1136 5747 facta
1151 5685 1246 5747 ἐει
1264 5689 1550 5767 ordinatio
1576 5685 1891 5767 _Caecilia_n_i,_’
1924 5695 1983 5767 ut
2027 5685 2167 5767 intra

589 5757 805 5835 dicitur,
834 5763 1068 5822 Africam
1099 5780 1205 5820 non
1229 5761 1458 5819 obtinuit
1490 5759 1592 5816 nisi
1620 5775 1762 5816 anno
1788 5758 1915 5828 ΞΗ,
1947 5757 2166 5817 devicto

2342 4694 2460 4780 (82)
2475 4694 2623 4780 Quae.
2637 4705 2754 4747 ante
2767 4693 3254 4780 spiritalemfibstm
3280 4704 3328 4780 et
3358 4705 3561 4780 potum,
3582 4696 3656 4780 ‘si
3697 4704 3871 4780 tamen

2270 4764 2529 4835 martyris,
2566 4765 2725 4820 libare
2746 4764 3029 4836 dicebatur.
3066 4766 3190 4821 Rrec
3218 4764 3410 4836 religin
3433 4777 3553 4822 erat
3580 4773 3697 4821 tum
3726 4775 3869 4821 tem-

2274 4840 2443 4907 puris.
2478 4836 2639 4907 Paula
2694 4845 2749 4890 et
2809 4835 3158 4892 Eustochium
3201 4838 3268 4893 ad
3319 4835 3676 4899 Marcellam,
3728 4842 3873 4893 inter

2274 4905 2532 4977 epistolas
2568 4905 3053 4976 Hieronymianas:
3105 4908 3168 4962 Et
3222 4919 3508 4979 martyrum
3553 4909 3741 4978 ubique
3791 4925 3873 4963 se-

2275 4978 2495 5049 pulchra
2521 4993 2838 5044 veneramur,
2869 4987 2917 5032 et
2950 4990 3177 5035 sanctam
3209 4978 3444 5048 favillam
3497 4981 3661 5037 oculis
3703 4996 3873 5048 appo-

2277 5049 2536 5122 nentes,si
2564 5050 2731 5122 liceat,
2763 5049 2915 5103 etiam
2944 5067 3032 5105 ore
3065 5051 3427 5122 contingimus.
3446 5050 3735 5121 Martyrem
3766 5049 3873 5106 hoc

2276 5120 2398 5177 loco
2424 5130 2581 5174 vocat
2606 5118 2834 5189 Optatus
2862 5124 2953 5189 qui
2982 5118 3291 5178 declaratus
3319 5123 3393 5178 sit
3420 5118 3697 5178 communi
3751 5122 3874 5189 pio.

2275 5207 2397 5263 rum
2420 5192 2705 5257 sententia,
2733 5193 2784 5245 in
2815 5207 2934 5247 eam
2960 5209 3225 5249 summam
3246 5193 3590 5263 dignitatem.
3620 5193 3833 5249 Burri.

2350 5262 2483 5335 Ibid.
2522 5265 2649 5327 Quae
2671 5273 2789 5317 ante
2808 5264 3089 5334 spiritalem
3104 5265 3272 5320 cibum
3292 5262 3340 5320 et
3368 5274 3568 5335 potum,
3590 5275 3700 5321 etc.
3726 5264 3873 5319 Prae-

2277 5342 2361 5391 ter
2384 5334 2759 5389 Balsamonem
2801 5351 2829 5389 a
2877 5335 3139 5391 Balduino
3167 5334 3389 5393 citatum
3418 5377 3435 5403 ,
3484 5336 3607 5392 vide
3650 5346 3709 5392 et
3765 5337 3869 5390 Da-

2279 5420 2614 5471 mascenum.
2661 5403 2718 5460 in
2757 5404 3079 5464 Balsamone
3102 5409 3225 5477 jure
3254 5411 3371 5477 quis
3400 5409 3631 5465 miretur
3663 5449 3678 5471 ,
3710 5407 3873 5477 hujus

2283 5477 2424 5550 ossis
2455 5478 2526 5531 ita
2550 5476 2698 5531 illum
2728 5477 3061 5550 meminisse,
3089 5476 3244 5550 quasi
3275 5476 3376 5533 hoc
3405 5476 3868 5550 prmeipuumliu-

2279 5549 2368 5620 jus
2399 5557 2559 5602 sectte
2598 5554 2800 5621 esset,
2852 5549 3041 5606 ethoc
3089 5547 3426 5621 potissimum
3485 5547 3877 5621 superstitione

2279 5617 2573 5693 constaret.
2598 5617 2713 5693 Nisi
2735 5627 2911 5693 tamen
2936 5617 3105 5693 magis
3128 5625 3230 5678 hoc
3251 5622 3443 5677 mirum
3462 5617 3877 5693 εεεειιϐηεεος

2276 5691 2566 5763 plerosque
2614 5690 3175 5763 Donatistarum'non
3220 5693 3440 5749 omnino
3492 5690 3813 5747 meminisse
3852 5730 3873 5759 ,

2276 5761 2429 5832 quasi
2459 5776 2527 5817 ne
2549 5761 2709 5819 fando
2737 5762 2955 5837 quidem
2987 5772 3146 5823 notos
3173 5764 3505 5821 habuissent.
3551 5763 3626 5818 De
3676 5764 3879 5819 vindiq
