4206 6170
381 216 494 273 917

380 331 547 405 Iyris,
577 331 621 385 si
655 339 832 386 tamen
855 328 1126 402 martyris,
1149 324 1264 400 (8'5)
1297 326 1465 381 libare
1495 321 1617 396 (84)
1646 323 1989 385 dicebatur:

378 431 441 479 et
498 438 623 479 cum
654 421 771 494 (85)
801 428 1140 494 praeponeret
1189 419 1288 492 17
1333 417 1483 473 calici
1517 417 1749 471 salutari
1783 434 1849 473 os
1873 420 1992 493 (86)

377 517 574 575 nescio
601 516 753 587 cujus
782 517 1011 573 hominis
1035 515 1251 578 mortui,
1279 522 1334 570 et
1353 514 1398 568 si
1428 512 1705 583 martyris,
1740 512 1843 568 sed
1865 513 1987 587 (87)

377 609 623 666 necdum
650 608 899 664 vindicati
918 605 1058 681 (88),
1077 614 1343 676 correpta,
1363 618 1482 660 cum
1504 602 1852 672 confusione,
1872 605 1958 660 dis
1973 636 1987 645 -

374 703 556 758 cessit
586 702 743 756 irata.
766 702 1023 757 lrascenti
1044 708 1099 755 et
1127 697 1342 754 docenti
1383 737 1400 765 ,
1426 694 1543 768 (89)
1588 710 1653 750 ne
1675 695 1990 765 disciplina:

378 794 769 851 succumberet
834 793 983 865 (90),
1052 794 1290 848 occurrit
1350 789 1531 846 subito
1586 787 1990 860 persecutionis

309 938 313 943 .
382 900 547 945 enata
569 896 596 925 ι
629 895 943 957 tempestas.

454 978 627 1035 XVII.
664 976 951 1033 Mensurius
989 976 1057 1030 ad
1093 979 1291 1032 curiam
1333 977 1517 1030 citatus
1554 985 1856 1029 ornamenta
1886 972 1993 1029 Ec-

375 1052 556 1128 ἷιεείω
603 1070 768 1127 Botro
810 1080 856 1126 et
885 1071 1104 1126 Celestio
1145 1069 1488 1126 commendat.
1518 1099 1589 1110 —
1629 1069 1746 1143 (91)
1790 1067 1990 1125 Iisdem

372 1164 732 1235 temporibus
774 1162 918 1220 Felix
960 1163 1178 1235 quidam
1229 1164 1523 1228 diaconus,
1567 1163 1660 1233 qui
1702 1170 1924 1234 propter
1961 1159 1989 1202 δ

363 1262 650 1316 famosam
690 1257 876 1313 nescio
914 1271 1096 1327 quam,
1139 1256 1208 1312 de
1236 1263 1464 1327 tyranno
1505 1254 1618 1329 (9‘2)
1660 1253 1992 1324 imperatore

363 1363 503 1410 tunc
536 1351 750 1407 factam
793 1349 1076 1420 epistolam
1106 1359 1164 1415 ο,
1196 1348 1498 1419 appellatus
1525 1357 1607 1403 est
1627 1389 1643 1415 ,
1686 1347 1988 1419 periculum

356 1450 615 1515 timens,
651 1443 797 1515 apud
826 1442 1153 1499 Mensurium
1196 1443 1513 1513 episcopum
1548 1440 1662 1513 (95)
1704 1441 1989 1497 delituisse

351 1541 598 1599 dicitur.
656 1537 833 1606 Quem
876 1551 998 1592 cum
1047 1535 1379 1606 postulatum
1426 1534 1730 1591 Mensurius
1773 1535 1987 1607 publice

1605 1637 1989 1730 LECTIONIés

427 1795 461 1825 α
494 1792 562 1843 In
584 1803 710 1841 mss.
734 1787 930 1849 innata;
951 1787 1040 1837 sed
1064 1786 1242 1837 melius
1264 1790 1427 1836 enata.

430 1856 464 1899 b
500 1855 564 1904 In
588 1866 713 1903 mss.
736 1851 790 1916 S.
813 1850 871 1916 ἒ.
919 1856 971 1900 et
990 1850 1093 1916 Δ8.,
1114 1849 1175 1901 G.
1200 1860 1324 1916 per;
1346 1848 1437 1916 sed
1469 1848 1739 1916 legendum
1767 1857 1987 1916 propter.

437 1921 463 1951 ο
501 1918 562 1968 In
586 1928 707 1966 mss.
730 1914 784 1964 S.
815 1913 960 1975 T.,et
982 1913 1033 1962 S.
1061 1911 1125 1964 G.
1518 1909 1661 1975 (iussi
1684 1915 1729 1965 is
1757 1909 1994 1966 diaconus

392 1988 585 2046 trepter
604 1977 844 2046 famosam
866 1974 998 2046 illam
1025 1972 1299 2046 epistolam,
1323 1972 1631 2046 epistolarius
1652 1972 1803 2046 fuerit
1827 1977 1994 2046 appet:

394 2036 534 2107 auis;
560 2039 656 2091 sed
678 2038 829 2103 longe
859 2036 1357 2102 rectius'appellatus
1383 2038 1453 2086 ibi
1487 2037 1616 2089 idem
1638 2051 1695 2090 ac
1724 2036 1904 2092 citatus
1930 2040 1993 2092 ad

1184 211 1270 268 DE
1307 206 1705 269 SCHISMATE
1748 210 2308 278 DONATISTARUM
2347 215 2553 275 LIBER
2590 218 2871 280 PRIMUS.

3620 235 3735 294 9l8

2022 336 2078 396 Λ
2101 332 2420 402 denegaret,
2453 331 2655 387 relatio
2686 335 2854 390 missa
2885 345 3006 393 est:
3039 340 3375 414 rescriptum
3399 344 3569 415 venit,
3600 359 3662 405 ut
3691 354 3741 408 si

2100 425 2404 482 Meusurius
2427 423 2669 483 Felicem
2680 427 2974 485 diaconum
2990 446 3098 487 non
3125 434 3476 509 reddidisset,
3497 440 3567 496 ad
3583 442 3733 514 pala-

2099 519 2236 573 tium
2253 516 2607 588 dirigeretur.
2624 519 2741 592 (94)
2765 522 3089 581 Conventus
3114 541 3224 584 non
3247 529 3401 587 leves
3425 534 3741 604 patiebatur

2098 608 2381 701 angustias
2412 626 2426 664 :
2456 622 2614 667 erant
2642 615 2792 669 enim
2823 616 3091 673 Ecclesiae
3136 635 3208 676 ex
3235 636 3372 679 auro
3417 634 3473 682 et
3514 641 3745 701 argequ

2095 715 2266 773 quam
2293 699 2529 769 plurima
2558 717 2883 763 ornamenta
2908 752 2924 777 ,
2958 725 3083 782 quae
3115 729 3216 768 nec
3241 714 3503 776 defodere
3535 699 3698 780 terra:
3727 768 3742 780 .

2094 810 2207 852 nec
2234 808 2426 852 secum
2457 808 2681 869 portare
2712 811 2949 871 poterat.
2982 804 3117 874 Quae
3146 805 3174 844 ἀ
3213 808 3331 882 (95)
3367 815 3523 884 quasi
3566 784 3746 875 ﬁdeli;

2096 885 2212 942 bus
2231 926 2248 950 ,
2281 888 2597 948 senioribus
2617 896 3060 966 commendavit,
3087 899 3202 974 (96)
3226 912 3746 970 commemoratorio

2096 979 2305 1048 facto,
2342 984 2490 1052 quod
2524 987 2738 1043 cuidam
2778 992 3009 1048 aniculae
3039 994 3260 1053 dedisse
3298 999 3537 1058 dicitur:
3571 1004 3642 1060 ita
3684 1018 3747 1063 ut

2095 1071 2156 1125 si
2193 1071 2323 1139 ipse
2350 1090 2459 1130 non
2486 1078 2721 1145 rediret,
2750 1082 2961 1139 reddita
2994 1101 3128 1155 pace
3152 1087 3507 1158 Christianis,
3531 1096 3747 1154 anicula

2093 1160 2201 1216 illi
2237 1161 2401 1221 daret
2427 1178 2488 1234 θ,
2519 1185 2680 1241 quem
2724 1174 2777 1229 in
2823 1179 3122 1249 episcopali
3166 1181 3423 1241 cathedra
3468 1187 3747 1247 sedentem

2094 1254 2428 1346 inveniret.
2454 1261 2737 1321 Profectus
2757 1281 2973 1324 causam
2997 1270 3132 1327 dixit
3155 1291 3169 1326 :
3192 1273 3379 1346 jussus
3400 1288 3485 1335 est
3504 1284 3735 1339 reverti:

2093 1344 2185 1401 ad
2220 1345 2609 1425 Carthaginem
2640 1360 2925 1425 pervenire
2948 1377 3056 1417 non
3087 1344 3279 1433 potuit.

2125 1513 2147 1524 ο
2188 1437 2384 1499 XVIII.
2430 1445 2701 1505 Ordinatio
2730 1448 2999 1507 Caeciliani
3038 1456 3094 1510 in
3130 1459 3429 1532 episcOpum
3458 1463 3731 1540 Carthagi-

2093 1550 2349 1607 recusem,
2375 1556 2573 1596 necnon
2600 1559 2761 1598 causa
2776 1554 2931 1616 atque
2950 1547 3096 1619 origo
3125 1550 3442 1611 schismatis.
3471 1585 3543 1597 --
3562 1558 3722 1615 Tem-

2026 1671 2454 1732 VARIAN'I‘ES.

2024 1795 2074 1856 B
2099 1793 2311 1858 entiam,
2337 1800 2392 1858 ut
2414 1796 2678 1858 sequentia
2697 1795 2981 1847 ostendunt.

2100 1853 2469 1969 S.t1G.Suppleta
2488 1853 2578 1906 'est
2610 1858 2715 1908 haec
2736 1858 2971 1921 particula
2994 1862 3197 1913 omnino
3218 1867 3498 1934 necessaria
3537 1879 3601 1920 ex
3626 1883 3721 1922 ms.

2142 1952 2283 2029 ἐνΪη
2306 1992 2399 2030 ms.
2425 1981 2476 2031 S.
2503 1979 2562 2031 G.
2589 1981 2836 2034 redderet.

1719 2147 2083 2208 VARIORUM
2121 2152 2355 2211 NOTIE.

386 2274 511 2323 cato
539 2272 785 2334 martyre
803 2260 944 2334 quod
969 2260 1233 2329 sequitur,
1257 2258 1499 2315 Baronio
1513 2259 1674 2334 plane
1700 2262 1991 2334 assentior,

388 2341 444 2396 in
469 2329 883 2407 martyrologio,
907 2339 1238 2407 nonrecepto
1286 2347 1380 2407 nec
1438 2329 1675 2398 probato,
1726 2333 1997 2407 interpre-

392 2409 551 2474 tanti,
580 2402 725 2475 quod
758 2404 847 2459 alii
867 2402 1155 2476 sanctitatis
1201 2402 1570 2476 designatum,
1595 2404 1783 2457 nescio
1830 2402 1992 2473 quam

392 2481 555 2536 bene.
577 2474 765 2547 Neque
787 2476 929 2547 enim
957 2474 1148 2547 omnes
1177 2483 1467 2547 martyres,
1498 2474 1634 2547 sive
1686 2482 1913 2530 mortem
1940 2482 1996 2531 et

394 2543 790 2618 tormenta—pro
822 2546 923 2600 [ide
952 2545 1120 2618 passi,
1152 2544 1449 2618 sanctitntis
1473 2543 1759 2618 designati,
1779 2546 1993 2615 quando

393 2623 537 2678 inter
566 2614 1009 2687 illos‘aliquando
1037 2619 1199 2670 etiam
1227 2618 1317 2684 qui
1350 2614 1663 2687 facinerosi,
1684 2614 1994 2672 schismati-

397 2694 470 2757 ci,
499 2701 554 2747 et
584 2684 844 2755 lueretici,
877 2688 960 2759 (ut
989 2688 1233 2757 pluribus
1276 2687 1345 2741 ibi
1382 2684 1666 2759 Buronlius)
1705 2702 1842 2759 quos
1879 2688 1995 2758 opi-

398 2781 500 2820 nor
529 2780 627 2833 pro
658 2761 839 2826 beatis,
870 2757 986 2833 sive
1004 2759 1290 2812 sanctitatis
1315 2757 1591 2833 designatis
1614 2757 1857 2833 Ecclesia
1884 2757 1990 2813 non

400 2827 607 2890 habuit.
642 2834 908 2888 Cmterum
932 2830 1001 2885 de
1030 2836 1291 2899 martyre,
1334 2827 1477 2896 quod
1520 2827 1690 2882 haeret
1719 2829 1803 2901 llic
1830 2834 1987 2901 Opta-

402 2917 488 2962 tns
507 2915 564 2961 et
590 2904 817 2959 dubitat.
843 2917 952 2957 non
984 2901 1102 2956 sine
1130 2915 1291 2955 causa
1324 2901 1704 2964 factum,cum
1721 2899 1833 2970 jam
1863 2899 1990 2956 olim

400 2976 607 3048 reperti
634 2991 741 3030 non
781 2974 957 3044 pauci,
987 2972 1182 3042 quibus
1210 2970 1311 3048 boc
1340 2971 1601 3048 studium,
1632 2981 1685 3025 et
1711 2985 1882 3048 arsea
1914 2974 1995 3048 _vi-

400 3040 561 3103 vendi
591 3040 852 3109 unica,'ut
878 3040 1175 3114 martyrum
1216 3043 1380 3114 etiam
1431 3040 1690 3114 falsorum
1736 3043 1992 3114 reliquias

2100 2267 2383 2341 mitterent
2402 2270 2737 2325 consortium
2771 2270 2873 2326 nisi
2898 2272 3070 2327 sancti
3099 2283 3153 2329 et
3180 2274 3393 2341 ﬁdelis;
3425 2274 3499 2331 ita
3531 2277 3587 2332 in
3619 2278 3709 2332 iis-

2099 2337 2222 2417 dem
2250 2340 2418 2394 sacris
2441 2341 3121 2417 nolebaut‘communieari
3144 2360 3269 2417 cum
3292 2337 3538 2417 reliquiis
3566 2364 3709 2403 mar-

2102 2415 2314 2484 tyrum,
2345 2426 2480 2484 quos
2499 2412 2749 2484 Ecclesia
2779 2429 2886 2467 nou
2928 2416 3288 2484 agnoscebat,
3326 2431 3394 2472 ne
3414 2412 3516 2471 "Illa
3552 2434 3706 2474 com-

2099 2480 2355 2535 munione
2389 2481 2576 2536 iideles
2606 2480 2986 2539 inlicereuturf
3004 2483 3234 2539 ALBASP.

2173 2550 2289 2622 (90)
2326 2550 2411 2630 Ne
2434 2553 2735 2630 disciplina:
2761 2554 3124 2630 _succ_umberet.
3163 2555 3241 2612 Ne
3281 2566 3573 2628 propterea
3604 2575 3702 2630 pu-

2098 2622 2308 2694 niretur
2329 2623 2404 2694 ab
2432 2622 2722 2694 Episcopo.
2760 2627 2835 2681 Du
2870 2626 2986 2680 PIN.

2170 2691 2288 2833 (91)
2318 2690 2511 2748 Iisdem
2541 2690 2871 2766 temporibus.
2899 2696 3010 2753 Sub
3034 2696 3324 2753 Maxentio.
3354 2698 3589 2755 ALBABP.

2173 2763 2264 2833 (92
2308 2763 2381 2817 De
2405 2767 2946 2833 tyranno.Maxeutio.
2973 2769 3170 2823 Contra
3194 2768 3338 2824 hunc
3361 2770 3506 2824 Felix
3533 2785 3589 2824 sc

2173 2763 2290 2841 (92)
2308 2763 2381 2817 De
2405 2763 2946 2841 tyranno'ilaseutio.
2973 2769 3170 2841 Contra
3194 2768 3338 2824 hunc
3361 2770 3705 2841 Felixiscrip-

2095 2847 2244 2891 serat
2265 2836 2528 2890 famosum
2555 2838 2703 2892 illum
2733 2838 2970 2893 libellum
2996 2838 3122 2893 dum
3148 2840 3454 2895 Alexander
3479 2836 3701 2896 Maxen-

2095 2908 2169 2961 tio
2208 2906 2606 2963 iuiensissimus
2637 2910 2829 2964 Africae
2861 2910 3147 2977 potiretur.
3197 2911 3274 2965 Eo
3304 2918 3541 2974 mortuo,
3576 2911 3694 2966 Ma-

2095 2978 2310 3033 xentius
2335 2978 2630 3034 vindictam
2662 2980 2729 3035 de
2761 2980 2942 3037 Felice
2983 2996 3197 3036 sumere
3224 2982 3415 3037 voluit.
3444 2980 3702 3038 Zozimus

2096 3048 2251 3125 testis
2264 3058 2341 3102 est
2364 3048 2699 3125 Maxentium
2716 3053 2769 3106 in
2793 3052 3028 3107 fautores
3050 3052 3698 3125 Alexandripotissimum

397 3118 832 3181 circumferrem,
862 3128 913 3171 et
937 3111 1355 3183 simplicioribus
1384 3111 1747 3183 venditarent.
1775 3111 1991 3170 Testem
2020 3118 2063 3181 C
2103 3118 2361 3173 smviissc.
2402 3120 2475 3174 Du
2508 3120 2624 3175 PIN.

400 3190 616 3259 appello
643 3190 1024 3258 Augustinum,
1046 3182 1124 3239 de
1153 3200 1320 3253 opere
1351 3182 1626 3249 monach.,
1674 3198 1723 3259 c_.
1773 3183 1864 3239 28:
1887 3185 1993 3259 Alii

401 3253 630 3315 membra
644 3253 950 3330 martyrum,
979 3259 1023 3310 si
1054 3265 1224 3310 tamen
1249 3266 1539 3330 martyrum
1562 3253 1861 3330 venditant,
1900 3258 1994 3311 alii

401 3333 630 3403 fimbrias
650 3343 693 3387 et
716 3326 1036 3403 pliylacteria
1055 3343 1149 3383 sua
1176 3327 1533 3398 magniﬁcam,
1551 3326 1641 3378 alii
1661 3337 1894 3403 parentes
1916 3330 1995 3384 vel

399 3398 807 3476 consanguineos
825 3418 964 3467 suos,
979 3410 1083 3455 etc.
1096 3441 1112 3466 ,
1125 3408 1170 3452 et
1182 3415 1353 3476 omnes
1366 3406 1560 3476 petunt,
1576 3412 1749 3476 omnes
1760 3398 1990 3470 exigunt,

402 3483 492 3528 aut
518 3473 991 3543 sumptusiucrosa:
1035 3474 1295 3544 egestatis,
1340 3482 1429 3527 aut
1479 3473 1737 3527 simulata:
1770 3477 1990 3545 pretium

402 3548 707 3601 sanctitatis.
740 3546 812 3600 M.
837 3545 1070 3601 CASAUB.
1940 3548 1945 3551 ’

479 3618 593 3688 (85)
620 3618 805 3672 Libare
824 3618 1108 3673 dicebatur.
1138 3615 1800 3688 DeosculariAdicebatur:
1832 3620 1993 3688 paulo

402 3685 688 3760 antequam
717 3691 1113 3746 Eucliaristiam
1151 3698 1427 3760 sumerent
1450 3685 1763 3751 Christiani,
1794 3685 1992 3746 mutuis

404 3776 530 3817 sese
559 3762 682 3817 olim
710 3763 910 3817 osculis
949 3762 1014 3815 ad
1067 3774 1257 3832 pacem
1312 3759 1609 3832 faciendam
1660 3760 1989 3827 salutabant,

402 3834 762 3903 sacerdosque
783 3832 1201 3889 nomine-totius
1244 3831 1503 3903 Ecclesiae
1533 3841 1830 3903 martyrum
1865 3834 1992 3888 reli-

402 3905 579 3975 quias,
602 3906 647 3960 si
667 3901 784 3976 quae
810 3907 1043 3961 laterent
1084 3906 1135 3976 in
1166 3903 1321 3957 altari
1348 3901 1803 3976 deosculabatur:
1831 3917 1991 3976 quem

400 3972 564 4030 ritum
596 3972 800 4032 imitata
827 3977 1019 4031 mulier
1067 3975 1197 4038 illa,
1229 3988 1350 4028 cum
1399 3972 1620 4043 privatis
1670 3972 1992 4042 quibusdam

401 4047 646 4116 reliquiis
667 4063 798 4120 quas
821 4048 1087 4120 gestabat,
1122 4060 1309 4117 pacem
1340 4052 1397 4120 et
1429 4046 1867 4120 communionem
1898 4060 1997 4120 an:

402 4115 617 4188 sequam
657 4115 723 4175 ad
769 4115 1165 4175 Eucharistiam
1218 4116 1542 4181 accederet,
1582 4115 1812 4171 faciebat
1845 4135 1860 4182 ;
1898 4118 1995 4173 sed

402 4190 540 4263 quia
555 4201 757 4263 martyr
785 4192 877 4246 ille
900 4206 1011 4245 non
1034 4201 1179 4263 esset
1209 4188 1512 4263 vindicatus
1558 4198 1613 4263 et
1664 4189 2002 4257 approbatus,

400 4257 474 4316 ab
503 4257 762 4327 Ecclesia,
791 4272 1036 4332 correpta
1071 4260 1173 4315 fuit
1194 4274 1223 4312 a
1237 4257 1556 4332 licegiliano.
1580 4260 1814 4315 ALBASP.

477 4332 596 4404 (84)
621 4332 826 4388 Libare.
863 4328 1201 4404 Deoseulari.
1236 4328 1313 4383 Du
1344 4329 1464 4385 PIN.

475 4401 596 4476 (85)
624 4404 971 4476 Prceponeret)
992 4403 1211 4459 Libaret
1242 4409 1295 4455 et
1328 4409 1572 4470 tangeret
1601 4409 1725 4526 agite
1747 4401 1993 4459 calicem.

1669 4488 1850 4526 LBASP.

1669 4488 1850 4527 LBASP.

478 4546 592 4619 (86)
627 4545 814 4602 Nescio
850 4551 999 4620 cujus
1028 4544 1248 4599 hominis
1270 4543 1478 4598 mortui.
1510 4543 1585 4599 De
1604 4545 1759 4614 cujus
1789 4553 1992 4615 marty-

398 4622 487 4676 rio
512 4636 617 4674 non
642 4619 943 4674 constabat.
974 4619 1205 4673 ALBASP.
1664 4670 1667 4673 _

473 4691 593 4763 (87)
624 4689 857 4744 Necdum
886 4690 1148 4763 vindicati.
1180 4686 1428 4763 Nondum
1456 4688 1524 4763 ab
1546 4686 1783 4741 Ecclesia
1816 4685 1870 4741 in
1894 4702 1995 4763 nu-

398 4758 610 4818 merum
652 4770 946 4834 martyrum
985 4761 1182 4834 relati,
1227 4758 1466 4812 nondum
1513 4759 1564 4812 in
1611 4772 1783 4813 canon
1812 4798 1824 4822 ,
1856 4768 1911 4814 et
1940 4760 1991 4814 in

398 4835 655 4907 dypticba
685 4832 1013 4907 transcripti.
1045 4833 1274 4885 ALBASP.

477 4900 702 4961 Ibidem.
734 4900 1064 4959 Vindicatum
1093 4910 1390 4971 martyrem.
1424 4900 1588 4956 Vocat
1616 4901 1875 4970 Optatus,
1902 4902 1993 4972 qui

401 4976 709 5033 declaratus
755 4976 828 5031 sit
875 4974 1146 5031 communi
1198 4976 1403 5039 piorum
1454 4974 1718 5028 sententia
1770 4975 1820 5026 in
1874 4989 1990 5027 eam

400 5064 667 5105 summam
707 5048 1062 5117 dignitatem,
1105 5044 1309 5099 relatus
1359 5046 1500 5099 inter
1545 5045 1665 5170 (ἰωιὶ
1712 5044 1995 5114 indigetes.

1579 5130 1775 5170 nexus.

1579 5130 1775 5171 NCIBT.

476 5191 590 5261 (88)
627 5190 865 5247 Necdum
890 5189 1151 5261 vindicati.
1181 5186 1431 5261 Nondum
1456 5188 1509 5243 in
1537 5200 1819 5241 numerum
1851 5200 1996 5239 mar-

403 5259 583 5337 tyrum
613 5264 682 5318 ab
707 5263 945 5317 Ecclesia
977 5259 1152 5316 relati.
1182 5259 1260 5314 Du
1292 5259 1406 5314 PIN.

478 5354 596 5428 (89)
632 5354 723 5409 Ne
759 5353 1050 5428 disciplina:
1090 5350 1458 5428 succumberet.
1487 5350 1564 5406 Ne
1591 5356 1902 5428 carperetur
1930 5348 1998 5404 ab

402 5422 661 5498 episcopo
706 5434 762 5482 et
806 5422 1202 5498 castigaretur,
1249 5422 1393 5498 quod
1436 5438 1546 5488 non
1593 5422 1765 5476 solum
1809 5429 1996 5474 contra

401 5493 668 5556 Ecclesia:
707 5493 1083 5564 disciplinam,
1119 5493 1556 5563 communionem
1597 5508 1719 5548 cum
1766 5500 2002 5564 martyre

403 5573 619 5628 incerto
649 5577 703 5621 et
733 5568 799 5621 ab
833 5558 1077 5622 Ecclesia
1114 5565 1351 5619 nondum
1391 5558 1716 5634 approbato,
1760 5558 1962 5617 laceret
1984 5604 1999 5629 ,

409 5642 510 5699 sed
541 5640 687 5712 quod
710 5646 934 5693 ca-teros
962 5638 1124 5712 etiarn
1154 5635 1342 5712 ﬁdeles
1368 5638 1553 5712 eadem
1583 5636 1825 5712 inliceret
1852 5646 2001 5712 corn--

413 5704 675 5773 munione
701 5728 712 5761 :
746 5724 865 5764 nam
896 5707 1349 5783 quemadmodum
1389 5707 1442 5761 in
1488 5706 1655 5765 sacris
1686 5706 1880 5762 nullius
1911 5704 2004 5760 ad-

2021 4514 2074 4573 D

2171 3189 2287 3257 (9'5)
2318 3188 2593 3264 Delituisse
2619 3193 2826 3264 dicitur.
2861 3194 2940 3250 Ad
2963 3193 3340 3264 episcoporum
3362 3193 3552 3251 domos
3574 3204 3698 3252 tan-

2095 3274 2257 3335 quam
2284 3258 2351 3313 ad
2372 3263 2964 3335 aramﬁcoui‘ugiebant,
2992 3258 3124 3333 quas
3144 3258 3348 3320 violare
3378 3279 3446 3321 ne
3475 3267 3695 3335 quidem

2095 3332 2150 3386 in
2174 3333 2640 3399 persecutionibus
2667 3332 2749 3390 fas
2774 3346 2908 3391 erat.
2940 3332 3167 3390 Abesse.

2173 3399 2287 3473 (94)
2319 3400 2735 3480 Conventusnon
2764 3408 2892 3480 leves
2921 3408 3218 3480 patiebatlm
3232 3405 3517 3480 angustias.
3545 3407 3697 3464 Con-

2095 3482 2361 3530 venerant
2387 3473 2716 3533 Mcnsurium
2763 3473 2992 3539 milites.
3035 3485 3091 3531 ut
3129 3473 3365 3533 Felicem
3403 3478 3697 3536 diaconum

2095 3546 2163 3620 ad
2195 3545 2491 3620 principem
2523 3547 2802 3604 mitterent
2827 3568 2840 3604 :
2868 3557 3165 3605 conventus
3193 3547 3296 3602 hoc
3326 3550 3447 3605 loco
3475 3565 3571 3620 pro
3600 3552 3700 3605 ad-

2094 3617 2298 3691 jectivo
2328 3619 2573 3691 ponitur.
2607 3632 2658 3674 ut
2691 3620 2829 3688 apud
2861 3623 3223 3691 Augustinum,
3250 3617 3491 3691 pluribus
3516 3621 3653 3675 locis
3675 3663 3692 3688 ,

2096 3698 2150 3762 et
2199 3689 2249 3741 in
2283 3703 2491 3743 canone
2520 3689 2844 3746 duodecimo
2874 3688 3027 3762 primi
3056 3690 3271 3745 concilii
3300 3688 3696 3762 Carthaginien-

2097 3760 2203 3821 sis,
2243 3766 2300 3814 et
2331 3774 2539 3814 canone
2575 3764 2835 3830 vigesimo
2871 3760 3061 3817 octavo
3101 3762 3241 3815 tertii
3287 3760 3541 3828 concilii,
3574 3780 3687 3816 mo-

2098 3831 2237 3884 deste
2263 3840 2565 3899 conventus,
2600 3844 2657 3887 ut
2682 3835 2734 3889 in
2756 3835 2986 3890 concilio
3014 3831 3387 3903 Agrippinensi
3410 3850 3431 3903 ;7
3455 3847 3564 3889 non
3596 3850 3691 3887 au-

2100 3910 2221 3975 tem;
2254 3917 2352 3970 pro
2398 3904 2737 3959 substantivo
2776 3913 2832 3960 et
2876 3920 2975 3975 pro
3010 3902 3334 3959 conventibus
3364 3902 3562 3959 Africae
3588 3946 3603 3970 ,
3634 3914 3694 3959 ut

2097 3972 2313 4043 quidam
2348 3975 2789 4044 interpretantur.
2823 3972 3053 4033 Abesse.

2174 4044 2291 4114 (95)
2324 4045 2486 4114 Quasi
2513 4046 2747 4116 ﬁdelibus
2782 4047 3066 4102 senioribus
3095 4045 3488 4100 commendavit.
3520 4045 3694 4101 Erant.

2099 4114 2229 4188 olim
2262 4114 2522 4188 seniores
2564 4120 2717 4186 laici,
2767 4118 2886 4188 puri
2934 4118 3043 4187 puti
3087 4117 3397 4183 seculares;
3435 4125 3593 4188 erant
3636 4127 3694 4173 et

2099 4186 2190 4240 alii
2215 4186 2380 4259 ,_|aici
2412 4188 2627 4257 quidem
2657 4201 2709 4244 et
2739 4186 2876 4259 ipsi,
2905 4186 2999 4243 sed
3029 4188 3118 4257 qui
3162 4186 3690 4259 tamenquadamte-

2098 4257 2601 4330 nIIs__Ecclesiastici
2624 4257 2838 4330 quoque
2863 4259 2968 4314 dici
3004 4268 3329 4327 potuerunt:
3360 4257 3499 4330 haud
3527 4272 3688 4330 secus

2099 4342 2164 4383 ac
2182 4327 2263 4400 illi
2289 4330 2377 4398 qui
2404 4329 2567 4385 hodie
2593 4326 2731 4400 apud
2753 4326 2852 4385 nos
2876 4326 3182 4400 templorum
3201 4368 3216 4391 ,
3244 4330 3329 4384 vel
3357 4326 3691 4400 ecclesiarum

2100 4398 2373 4471 gardiam‘,
2408 4399 2571 4465 vulgo
2599 4398 2920 4456 vocitantur.
2953 4399 3032 4455 Illi
3075 4401 3444 4471 locorumiseu
3473 4399 3691 4456 urbium

2103 4470 2349 4543 seniores
2374 4473 2533 4543 vulgo
2561 4472 2721 4538 dieti;
2750 4472 2872 4535 isti,
2904 4470 3162 4543 Ecclesia;
3183 4470 3268 4543 vel
3296 4470 3685 4543 Ecclesiastici.

2103 4544 2205 4614 sed
2238 4543 2306 4598 de
2337 4540 2455 4598 istis
2473 4540 2657 4598 'multa
2703 4542 2973 4614 congessit
3003 4543 3087 4597 vir
3119 4541 3495 4614 doctissimus,
3519 4551 3584 4614 _et
3621 4542 3691 4597 de

2100 4613 2184 4669 his
2208 4614 2401 4669 litteris
2429 4614 2566 4670 adeo
2596 4611 3117 4670 Ineritus'CbristolI.
3147 4611 3438 4677 Justellus,
3467 4612 3532 4666 ad
3566 4626 3688 4666 can.

2098 4688 2342 4740 ecclesim
2392 4686 2658 4742 Africanae
2683 4728 2695 4751 ,
2737 4695 2795 4740 ut
2837 4685 3027 4756 dignus
3065 4685 3134 4740 sit
3162 4683 3254 4755 qui
3295 4681 3590 4756 diligentia;
3635 4693 3692 4738 et

2099 4757 2420 4812 eruditionis
2469 4773 2583 4813 suae
2631 4757 2860 4813 fructum
2896 4752 3048 4810 ierat
3092 4755 3159 4810 ab
3179 4752 3476 4808 “omnibus.
3532 4752 3689 4808 Illum

2099 4828 2259 4899 igitur
2284 4830 2443 4885 adeat
2467 4831 2555 4901 qui
2586 4830 2741 4902 plura
2764 4829 2831 4884 de
2859 4828 2976 4883 istis
3005 4828 3171 4898 cupit.
3206 4824 3278 4880 Μ.
3307 4824 3543 4880 Casum.

2171 4919 2396 4976 Ibidem.
2453 4922 2754 4977 Senioribus
2803 4920 3194 4975 commendavit.
3250 4917 3448 4973 Practer
3497 4917 3695 4975 Eccle-

2101 4990 2352 5047 siasticos
2381 5005 2435 5048 et
2474 4994 2705 5049 clericos
2751 4993 2965 5059 quidam
3004 5008 3070 5046 ex
3113 4989 3267 5059 plebe
3312 4989 3597 5055 seniores,
3638 4996 3697 5045 et

2102 5009 2352 5047 srasucos
2381 5009 2435 5048 et
2474 5009 2705 5049 clericos
2791 5009 2965 5047 uiuam
3004 5009 3070 5046 ex
3113 5009 3267 5059 plene
3312 5009 3597 5055 seutores,
3638 5009 3697 5045 cI.

2102 5064 2341 5132 probata:
2374 5065 2493 5117 vita:
2538 5080 2628 5120 res
2660 5009 2927 5120 Eccqesire
2957 5062 3219 5132 curabant
3237 5101 3268 5132 ,Α
3284 5059 3352 5115 de
3388 5061 3581 5130 quibus
3609 5061 3698 5116 hic

2100 5130 2250 5188 locus
2294 5135 2638 5204 accipiendus
2670 5145 2772 5191 est.
2806 5134 2861 5189 In
2890 5135 3092 5204 gestis,
3125 5130 3360 5204 adhibete
3385 5132 3697 5204 conciericos

2100 5214 2148 5260 et
2178 5207 2399 5261 seniores
2418 5202 2588 5276 plebis
2629 5202 2996 5260 ecclesiasticos
3032 5205 3190 5258 viros.
3212 5202 3355 5276 Item
3376 5243 3390 5267 ,
3410 5202 3621 5276 clericis
3636 5214 3699 5276 et

2101 5276 2387 5332 senioribus
2414 5272 2723 5332 Cirtensium
2750 5293 2768 5331 :
2802 5278 2928 5331 item
2955 5318 2969 5343 ,
2999 5291 3088 5330 vos
3111 5275 3336 5401 seniers
3372 5272 3691 5328 clamabatis.

3292 5360 3475 5400 LBASP.

3292 5360 3475 5400 LBASP.

2183 5421 2300 5499 (96)
2341 5419 2850 5499 Commemorntorio.
2879 5416 2955 5473 Ita
2981 5423 3139 5491 vocat
3167 5418 3397 5484 brevem,
3426 5424 3488 5499 ut
3507 5423 3699 5499 postea

2104 5487 2377 5564 loquitur,
2420 5494 2504 5549 cui
2550 5494 2825 5561 inscripta:
2870 5506 2957 5547 res
3002 5487 3228 5555 omnes,
3272 5502 3391 5564 quae
3434 5487 3487 5564 in
3536 5487 3693 5541 bonis

2107 5556 2261 5640 erant
2294 5564 2588 5640 Ecclesia),
2613 5556 2953 5640 quo—scilicet.
2981 5556 3608 5640 testaretur_(leposi_tor,
3634 5567 3695 5640 se

2106 5636 2160 5691 in
2196 5636 2353 5691 Iidem
2396 5628 2741 5704 suscipientis
2779 5650 2869 5692 res
2900 5630 3213 5702 deposuisse
3239 5671 3253 5696 ,
3287 5628 3374 5683 hic
3416 5634 3597 5681 autem
3637 5638 3698 5681 se

2108 5708 2402 5778 accepisse.
2429 5707 2631 5762 BARTII.
