4206 6170
563 286 670 343 θιθ
847 293 852 300 ·
1773 278 2018 336 SANCTI
2059 277 2308 335 ΟΡΤΑΤΙ
2351 275 2655 335 EPISCOPI
3073 251 3086 261 ’
3733 279 3823 334 920

564 409 750 473 pestas
792 399 1187 473 persecutionis
1232 404 1483 468 peracta,
1527 405 1581 452 et
1627 394 1747 468 (97)
1790 394 2012 450 definita
2060 405 2163 451 est.
2196 398 2245 457 Α
2272 394 2485 450 misceri
2527 393 2719 449 noluit.
2761 392 2852 450 Sic
2895 390 3068 447 tribus
3104 388 3554 447 convenientibus
3596 393 3750 448 causis
3782 404 3830 450 et

569 493 806 552 Jubente
836 495 978 560 Deo,
1019 490 1404 561 indulgentiam
1435 491 1683 546 mittente
1712 488 1983 544 Maxentio
2015 487 2167 562 (98),

572 585 900 641 Christianis
921 584 1146 639 libertas
1158 590 1243 638 est
1258 583 1527 637 restituta.
1548 582 1742 637 Botrus
1770 590 1823 636 et
1853 580 2120 636 Celestius
2144 591 2168 617 η

574 688 634 733 ut
687 677 912 743 dicitur,
948 675 1089 746 apud
1140 674 1524 745 Carthaginem
1569 673 1808 730 ordinari
1865 673 2170 744 cupientes,

573 784 794 834 operam
836 768 1143 832 dederunt,
1177 776 1234 822 ut
1271 765 1388 839 (99)
1429 766 1744 822 absentibus
1781 765 2026 820 Numidis
2056 763 2168 838 (1),

573 863 674 918 soli
724 862 884 918 vieini
937 861 1188 932 Episc0pi
1237 869 1586 931 peterentur,
1638 861 1730 931 qui
1774 859 2170 916 ordinationem

571 955 712 1026 apud
753 955 1134 1027 Carthaginem
1185 955 1546 1010 celebrarent.
1599 955 1748 1010 Tunc
1791 953 2046 1024 sull'ragio
2093 952 2173 1026 (2)

573 1050 740 1104 totius
784 1048 965 1118 populi
1003 1047 1327 1102 Caecilianus
1371 1047 1632 1116 eligitur:
1681 1056 1737 1100 et
1777 1061 1966 1100 manus
1995 1045 2174 1116 impo-

574 1149 737 1196 nente
790 1139 968 1195 Felice
1013 1139 1400 1193 Autumnitano
1447 1137 1474 1176 δ
1533 1138 1652 1209 (5),
1711 1141 1994 1208 episcopus
2032 1137 2177 1192 ordi-

574 1240 752 1289 natur.
781 1233 975 1288 Botrus
1003 1243 1057 1288 et
1088 1233 1352 1288 Celestins
1388 1243 1409 1271 ο
1441 1232 1509 1286 de
1529 1247 1625 1301 spe
1666 1247 1760 1286 sua
1793 1231 1986 1300 dejecti
2029 1241 2176 1286 sunt.

575 1322 809 1380 Brevisd
843 1325 958 1379 auri
991 1334 1044 1380 et
1067 1323 1273 1395 argenti
1297 1323 1509 1379 sedenti
1540 1325 1645 1396 18
1668 1322 1989 1388 Caeciliano,
2017 1322 2174 1377 sicuti

574 1417 878 1486 delegatum
901 1432 931 1470 a
960 1416 1230 1472 Mensurio
1257 1416 1458 1483 fuerat,
1491 1416 1721 1470 traditur
1742 1457 1755 1482 ,
1787 1415 2043 1470 adhibitis
2072 1425 2178 1470 tes-

576 1510 740 1564 tibus.
792 1509 1173 1563 Convocantur
1222 1523 1382 1578 supra
1431 1509 1714 1563 memorati
1762 1510 2046 1574 seniores,
2087 1509 2176 1579 qui

577 1601 822 1657 faucibus
860 1602 1101 1657 avaritias
1130 1601 1566 1657 commendatam
1603 1601 1882 1657 ebiberant
1915 1601 2174 1671 praedam.

575 1692 711 1748 Cum
744 1693 975 1749 reddere
1014 1703 1340 1765 cogerentur
1363 1736 1378 1760 ,
1409 1690 1491 1764 (4)
1523 1693 1895 1749 subduxerunt
1938 1708 2181 1748 commu-

580 1785 729 1839 nioni
760 1784 948 1854 pedem
986 1794 1030 1839 ο.
1063 1785 1179 1839 Non
1223 1786 1401 1840 minus
1437 1793 1494 1840 et
1538 1785 1869 1850 ambitores,
1903 1784 2100 1856 quibus
2129 1793 2182 1840 et
2212 1754 2259 1814 Β
2289 1795 2372 1838 cst
2407 1783 2418 1820 ί
2457 1803 2470 1838 :

580 1875 822 1931 ordinari
853 1891 959 1931 non
991 1876 1254 1948 contigit:
1288 1891 1497 1932 necnon
1541 1885 1595 1931 et
1622 1876 1860 1944 Lucilla,
1891 1893 2009 1946 qua:
2035 1877 2178 1946 jam-

582 1969 784 2024 dudum
839 1968 922 2041 (5)
962 1969 1106 2025 ferre
1150 1986 1257 2025 non
1304 1969 1476 2040 potuit
1516 1969 1855 2039 disciplinam
1899 1987 1911 2023 :
1953 1969 2032 2045 (6)
2061 1985 2183 2025 cum

584 2061 835 2118 omnibus
855 2062 968 2118 suis
993 2072 1182 2133 potens
1203 2071 1258 2119 et
1286 2061 1511 2118 factiosa
1535 2061 1756 2120 foemina
1775 2105 1789 2129 ,
1815 2063 2186 2119 communioni

2277 488 2548 560 personis,
2573 489 2770 542 factum
2803 494 2909 552 est,
2934 484 3311 556 utmalignitas
3351 483 3576 539 haberet
3595 486 3826 542 effectum.

2345 579 2492 636 XIX.
2525 579 2722 634 lllicita
2749 580 3003 634 ordinatio
3027 577 3278 652 Majorini
3300 587 3479 632 contra
3502 577 3800 633 Ctrcilianum
3817 622 3830 648 ,

2275 674 2337 727 ab
2359 673 2607 745 episcopis
2637 671 2920 726 Numidica.
2950 702 3020 711 —
3040 670 3284 725 Schisma
3315 671 3480 740 igitur
3501 671 3592 725 illo
3621 680 3833 740 tempore

2276 763 2518 819 confusa:
2558 764 2800 819 mulieris
2839 763 3112 818 iracundia
3157 764 3402 832 peperit,
3450 762 3716 818 ambitusf
3751 781 3837 820 nu-

2277 858 2465 923 trivit,
2515 858 2738 911 avaritia
2793 855 3090 911 roboravit.
3143 842 3228 909 Ali
3274 856 3358 909 bis
3406 856 3577 910 trilms
3625 860 3838 926 personis

2275 958 2464 1004 contra
2495 947 2849 1003 Cmciliannm
2880 963 3059 1002 causa:
3087 947 3334 1002 conficta:
3363 956 3524 1013 sunt,
3559 959 3609 1002 ut
3635 950 3751 1004 vitio
3773 950 3842 1006 di-

2277 1051 2513 1097 ceretur.
2547 1039 2628 1118 (7)
2657 1041 2736 1094 Ad
2764 1040 3060 1096 secundum
3092 1039 3449 1109 Tigisitanum
3480 1041 3687 1094 missum
3707 1050 3839 1111 ests,

2280 1143 2339 1188 ut
2407 1133 2785 1203 Carthaginem
2825 1133 3150 1187 veniretur:
3213 1131 3620 1201 proficiscuntur
3679 1147 3844 1188 omnes

2281 1223 2358 1297 (8)
2407 1239 2569 1296 supra
2625 1225 2909 1279 memorati
2951 1223 3241 1278 traditores
3291 1223 3401 1294 (9),
3453 1225 3680 1294 suscepti
3742 1225 3842 1296 (10)

2286 1318 2522 1390 hospitio
2553 1319 2620 1373 ab
2659 1319 2835 1373 avaris
2869 1316 3016 1390 (11),
3064 1319 3132 1374 ab
3159 1317 3548 1383 ambitoribus,
3581 1319 3645 1372 ab
3669 1319 3802 1374 iratis
3831 1339 3844 1375 :

2287 1427 2393 1468 non
2429 1428 2459 1466 a
2487 1411 2774 1466 catholicis
2795 1454 2808 1475 ,
2838 1426 3067 1482 quorum
3105 1410 3370 1481 petitione
3399 1410 3710 1467 Caecilianus
3751 1411 3848 1468 fue-

2289 1514 2374 1561 rat
2414 1505 2714 1560 ordinatus.
2753 1503 2962 1560 Interea
3014 1503 3128 1579 (12)
3172 1503 3236 1556 ad
3282 1503 3594 1568 Basilicam,
3619 1503 3704 1558 ubi
3743 1519 3849 1558 cum

2291 1595 2576 1652 Caeciliano
2606 1603 2712 1651 tota
2753 1597 2930 1650 civica
2971 1595 3267 1666 frequentia
3311 1593 3556 1666 fuerat’h,
3588 1595 3751 1650 nullus
3793 1595 3852 1650 de

2289 1691 2618 1762 supradictis
2660 1690 2910 1745 accessit.
2956 1691 3110 1745 Tunc
3157 1705 3186 1745 a
3236 1689 3531 1745 Czcciliano
3575 1689 3851 1744 mandatum

2536 1802 2554 1835 ι
2592 1783 2651 1838 Si
2683 1782 2933 1854 estquod
2965 1784 3014 1837 in
3061 1797 3149 1838 me
3193 1782 3486 1852 probetur,
3537 1793 3687 1837 exeat
3723 1796 3860 1836 accu-

2291 1885 2440 1932 sator
2470 1885 2524 1930 et
2557 1875 2767 1946 probet.
2801 1895 2818 1928 ι
2856 1875 2954 1931 Illo
2983 1886 3227 1945 tempore
3248 1891 3274 1927 a
3302 1884 3380 1929 tot
3401 1876 3630 1931 inimicis
3668 1875 3788 1929 nihil
3813 1875 3858 1930 in

2294 1986 2416 2026 eum
2472 1971 2644 2041 potuit
2687 1970 2958 2041 confingi:
2993 1969 3087 2025 sed
3125 1969 3193 2024 de
3237 1969 3355 2040 (15)
3399 1968 3703 2024 ordinatore
3744 1983 3858 2032 suo,

2297 2063 2442 2136 quob
2467 2063 2535 2119 ab
2565 2065 2631 2118 iis
2661 2063 2796 2119 falso
2841 2061 3070 2129 traditor
3096 2061 3365 2117 diceretur
3384 2104 3398 2126 ,
3427 2060 3546 2133 (14)
3593 2061 3774 2117 meruit
3795 2059 3862 2115 iu-

1826 2199 2205 2258 LECTIONES
2238 2200 2657 2259 VARIANTES.

652 2317 679 2345 ⁸
711 2314 787 2365 Ita
810 2315 858 2364 in
881 2329 973 2366 ms.
999 2315 1053 2365 8.
1080 2314 1142 2366 G.
1161 2313 1236 2364 Ita
1259 2315 1408 2364 etiam
1432 2326 1546 2364 eum
1580 2318 1719 2364 vocat
1741 2314 1791 2363 8.
1815 2313 2119 2375 Augustinus
2140 2317 2190 2366 in

675 2378 771 2427 lino
793 2377 1085 2427 abecedario
1124 2384 1295 2426 contra
1326 2376 1634 2426 Donatistas:
1656 2379 1808 2427 Erant
1832 2377 2006 2427 Botrus
2028 2384 2074 2428 et
2099 2379 2192 2427 Ce-

605 2437 751 2512 estius
787 2439 942 2512 [testes
977 2437 1236 2512 Graciliano
1267 2437 1436 2512 vage,
1471 2435 1637 2512 impii,
1669 2437 1835 2512 (ures,
1869 2437 2193 2512 superbi,_de

589 2501 758 2565 quibus
783 2500 975 2564 longum
996 2509 1069 2565 est
1087 2499 1292 2565 referre.
1323 2500 1482 2563 Hujus
1505 2499 1793 2552 auctoritate
1812 2499 1970 2565 fretus
1992 2499 2194 2565 restitui

590 2561 847 2675 (.I'Ielejtiiusm
864 2561 958 2627 "pro
985 2561 1191 2626 Celesio,
1211 2565 1299 2628 qui
1322 2561 1532 2614 habetur
1553 2565 1601 2612 in
1622 2562 1902 2627 mss..S.'l‘h.
1929 2564 2082 2614 eth.
2105 2565 2196 2616 Set

590 2641 603 2675 l
669 2642 694 2674 9
772 2641 788 2674 l
819 2663 830 2675 .

590 2635 642 2675 in
669 2635 830 2676 editis.

653 2687 681 2728 b
714 2687 786 2752 ita
810 2689 861 2737 in
884 2689 1112 2752 omnibus
1130 2702 1245 2752 mss.
1261 2696 1314 2752 et
1335 2691 1388 2738 in
1412 2689 1746 2752 actispurgat.
1767 2687 1971 2740 Felicis.

653 2753 676 2783 ε
713 2749 788 2801 Ita
809 2752 862 2801 in
886 2764 978 2802 ms.
1005 2752 1057 2802 S.
1085 2750 1144 2802 G.
1173 2751 1227 2802 In
1246 2751 1371 2815 aliis,
1400 2748 1629 2803 Celesius.

2361 2313 2390 2354 ά
2423 2315 2478 2366 In
2497 2328 2588 2367 ms.
2613 2317 2667 2367 S.
2691 2315 2752 2366 G.
2787 2315 2922 2367 Tunc
2944 2313 3122 2367 brevis.

2363 2382 2387 2410 θ
2424 2378 2550 2445 Male
2573 2381 2622 2428 in
2646 2381 3011 2445 recentioribus
3037 2378 3340 2445 editionibus
3361 2378 3587 2445 plebem,
3613 2391 3714 2429 nam
3737 2376 3874 2441 plrbis

2299 2452 2413 2504 pars
2432 2441 2598 2504 multo
2618 2442 2772 2504 major
2793 2454 2907 2504 cum
2925 2440 3183 2504 Caeciliano
3207 2445 3469 2493 remansit.

2363 2502 2385 2541 ί
2425 2502 2482 2551 In
2498 2517 2587 2552 ms.
2613 2504 2666 2552 S.
2692 2501 2751 2554 G.
2777 2501 2992 2554 ambitio.

2364 2568 2390 2606 ε
2426 2564 2482 2613 In
2506 2579 2595 2615 ms.
2618 2565 2670 2615 S.
2691 2564 2748 2616 G.
2771 2563 3003 2617 scrinium
3027 2571 3114 2616 est.

2361 2627 2391 2665 h
2426 2626 2496 2691 Ita
2523 2629 2572 2691 in
2596 2641 2686 2678 ms.
2711 2629 2761 2678 S.
2790 2628 2850 2678 G.
2873 2625 2933 2678 In
2957 2628 3065 2678 aliis
3089 2630 3208 2679 etin
3235 2627 3403 2691 editis,
3428 2634 3527 2680 tota
3551 2626 3710 2681 civitas
3729 2625 3772 2678 in
3790 2626 3876 2690 frt-

2300 2688 2493 2754 qnentia
2515 2688 2693 2754 fuerat.

2370 2752 2387 2791 ὶ
2428 2750 2585 2804 Deest
2610 2755 2659 2802 in
2679 2765 2770 2804 ms.
2791 2752 2843 2803 S.
2868 2750 2928 2803 G.

1927 2875 2187 2933 VARIOB
2199 2876 2295 2935 UM
2334 2877 2565 2934 ΝΟΤᾹΞ.

668 2995 783 3069 (97)
825 2995 1045 3069 Peracta
1076 3005 1132 3069 et
1161 2996 1395 3069 deﬁnita.
1447 2995 1606 3050 Prius
1650 2993 2000 3069 deferbuerat
2050 3011 2192 3069 anno

594 3067 701 3124 305
722 3110 736 3134 ,
764 3067 865 3123 sed
893 3068 1122 3124 subinde
1155 3067 1537 3133 reCruduerat,
1573 3082 1670 3121 nec
1694 3082 1797 3136 pax
1829 3067 2049 3121 omnino
2072 3068 2195 3123 red-

595 3139 709 3195 dita
729 3182 744 3204 ,
780 3139 884 3196 nisi
915 3149 1195 3210 postquam
1227 3139 1531 3194 Maxentius
1554 3153 1736 3192 rerum
1770 3140 1821 3193 iu
1855 3137 2029 3193 Alricn
2057 3141 2195 3209 poti-

596 3221 682 3265 tus
705 3220 789 3266 est
818 3226 960 3265 anno
986 3212 1112 3266 511.
1149 3212 1225 3266 Du
1259 3210 1374 3266 PIN.

667 3278 785 3354 (98)
817 3281 1202 3353 lndulgentiam
1234 3283 1461 3335 mittente
1483 3278 1768 3334 Maxentio.
1793 3280 1893 3354 Qui
1922 3280 2192 3354 licetcru-

596 3351 735 3408 delis
765 3351 831 3407 ac
860 3351 1042 3409 si-vus
1071 3355 1227 3408 fuerit
1247 3392 1262 3417 ,
1297 3353 1445 3408 visus
1475 3360 1558 3406 est
1590 3362 1766 3406 tamen
1797 3351 1976 3406 favere
2000 3351 2190 3407 Cbris-

595 3425 775 3477 tianis.
811 3424 885 3478 Du
918 3424 1034 3479 Pin.

672 3493 788 3566 (99)
832 3493 898 3548 Ut
925 3494 1217 3548 absentibus
1249 3493 1839 3566 NumidisaDonatistte
1865 3493 2193 3566 objiciebaut

599 3561 888 3619 C;L-'cili:ino
910 3606 925 3632 ,
955 3567 1096 3634 quod
1128 3581 1250 3619 cum
1283 3572 1429 3618 essi-t
1459 3565 1661 3634 primas
1684 3605 1699 3630 ,
1728 3579 1758 3618 a
1797 3561 2024 3632 primate
2061 3566 2193 3619 vici-

601 3636 738 3690 niori
770 3651 875 3690 non
907 3645 1056 3690 esset
1080 3635 1386 3700 ordinatus;
1420 3637 1617 3705 quibus
1645 3636 1923 3704 respondit
1944 3638 2196 3705 Augusti-

601 3722 703 3761 nus
742 3707 793 3762 in
824 3707 1100 3763 breviculo
1121 3747 1136 3773 ,
1173 3706 1430 3760 Romana:
1461 3706 1722 3762 Ecclesia:
1752 3708 2061 3775 episcopum
2086 3724 2190 3762 non

599 3779 839 3834 ordinari
877 3794 906 3833 a
951 3779 1183 3848 quodam
1228 3777 1677 3848 metropolitano,
1719 3779 1815 3832 sed
1853 3779 1922 3832 ab
1959 3777 2193 3834 Ostiensi

599 3851 877 3919 episeopo.
907 3851 1136 3904 ALBASP.

675 3917 754 3992 (1)
785 3917 1082 3974 Ᾰὺεεηιὶὁιιδ
1115 3918 1379 3992 Numidis.
1417 3921 1706 3992 Donatistae
1734 3919 2063 3992 objiciebaitt
2089 3920 2193 3975 Ca:-

600 3989 796 4044 cili’ano
817 4031 832 4052 ,
866 3992 1007 4059 quod
1037 4005 1160 4046 cum
1191 3991 1336 4044 esset
1365 3991 1599 4058 primas,
1631 4006 1658 4044 a
1692 3991 1919 4059 primate
1950 3992 2193 4046 viciniori

601 4076 709 4116 non
752 4071 896 4116 esset
920 4061 1223 4117 ordinatus.
1253 4061 1481 4130 Optatus
1524 4062 1777 4117 observat
1804 4063 2064 4130 ipsosmet
2095 4063 2195 4116 Bo-

602 4142 741 4204 truﬁm
770 4142 822 4187 et
848 4132 1141 4188 Celestium
1171 4133 1468 4189 ambitores
1495 4133 1870 4204 episcopatus,
1894 4133 1983 4203 qui
2013 4143 2196 4204 postea

601 4219 629 4255 a
662 4203 951 4258 Caeciliano
980 4204 1355 4269 desciverant,
1384 4213 1631 4258 auctores
1661 4203 1826 4258 fuisse
1847 4245 1861 4269 ,
1905 4216 1958 4258 nt
2004 4206 2197 4260 absen-

602 4274 744 4329 tibus
773 4275 1017 4329 Numidis
1048 4277 1203 4330 tierct
1234 4274 1520 4329 ordinatio.
1549 4274 1884 4344 Augustinus
1921 4276 2198 4344 re5p0ndit

602 4361 708 4399 non
736 4362 857 4401 esse
882 4348 1247 4402 necessarium
1273 4353 1333 4400 ut
1353 4347 1555 4416 primas
1580 4346 1922 4400 ordinaretur
1943 4362 1972 4399 a
2002 4357 2198 4403 metro-

603 4419 877 4485 politano,
904 4428 958 4472 et
999 4418 1053 4472 in
1079 4419 1384 4486 exemplum
1410 4417 1590 4470 attulit
1637 4419 1949 4488 episcopum
2001 4417 2196 4474 Roma-

602 4503 728 4542 num
761 4489 852 4557 qui
881 4488 1234 4542 ordinabatur
1260 4489 1328 4541 ab
1356 4488 1613 4543 Ostiensi.
1645 4488 1721 4542 Du
1752 4489 1866 4543 Pus.

675 4557 758 4630 (2)
789 4557 969 4613 Totius
1006 4559 1202 4630 populi.
1239 4559 1546 4615 Electiones
1576 4558 1780 4614 fiebant
1804 4576 1830 4612 a
1863 4560 2059 4630 populo
2087 4569 2140 4614 et
2165 4575 2194 4613 a

599 4608 755 4684 aea;
769 4608 2194 4701 {aii-Ianus"sinitis;‘aaaséigaglassatus}:
2223 4608 2273 4667 Β

599 4701 742 4771 quod
780 4711 964 4768 postea
989 4700 1261 4756 sublatum
1291 4700 1411 4756 fuit.
1440 4700 1673 4756 ALBASP.

671 4772 750 4843 (5)
792 4773 1181 4826 Autumnitano.
1214 4773 1288 4825 lla
1335 4773 1386 4825 in
1418 4773 1676 4843 omnibus
1698 4785 1832 4826 mss.
1857 4780 1925 4843 et
1965 4772 2015 4824 in
2058 4773 2194 4828 actis

599 4841 935 4913 purgationis
977 4843 1196 4913 Felicis.
1232 4843 1384 4911 Apud
1423 4842 1557 4911 Aug.
1595 4841 1791 4913 ubique
1830 4842 2147 4913 Aptngncnsi
2173 4860 2192 4898 :

599 4915 651 4985 iii
685 4911 843 4985 editis
882 4913 1060 4980 Optati
1101 4911 1469 4985 Aptungitano.
1503 4913 1582 4966 Ex
1619 4912 1720 4985 hoc
1768 4912 1886 4967 loco
1926 4911 2192 4982 celligitur

598 4981 941 5052 Carthaginis
971 4981 1202 5037 vicinam
1238 4981 1403 5038 fuisse
1431 4983 1570 5037 hanc
1599 4983 1787 5037 urbem
1813 4994 1868 5038 et
1901 4981 2190 5052 provincia:

601 5054 1021 5124 proconsularis.
1050 5053 1217 5109 Miror
1246 5055 1392 5110 urbis
1422 5063 1549 5108 tunc
1578 5054 1716 5109 adeo
1737 5055 1966 5110 celebris
1991 5057 2187 5111 nullam

597 5127 1077 5251 essﬁngaiitfionem
1110 5127 1161 5180 in
1191 5127 1379 5181 notitia
1423 5126 1800 5196 episcoporum
1828 5125 2025 5182 Africae
2047 5168 2062 5193 ,
2093 5143 2191 5184 nec

599 5211 628 5250 a
659 5214 669 5249 l
715 5214 752 5251 ι.
825 5212 855 5251 υ
930 5213 1000 5251 ιη.

599 5211 752 5251 alii".
782 5211 855 5252 UU
883 5211 913 5251 l‘
930 5213 1000 5252 IN.

673 5287 754 5358 (4)
799 5289 1168 5344 Subduxerunt
1211 5290 1558 5344 communioni
1587 5288 1806 5360 plebem.
1840 5291 1878 5342 Α
1919 5287 2188 5346 Οιωοίῑίθηί

598 5361 977 5414 Communium.-
1011 5363 1218 5429 plebem
1245 5363 1651 5415 subtraxcrunt.
1677 5361 1905 5414 ALBASP.

673 5431 804 5485 Ibid.
831 5431 1198 5486 Subtluxerunt
1224 5432 1569 5484 communioni
1598 5432 1810 5499 plebem.
1840 5429 2027 5484 Melius
2049 5431 2190 5500 quod

592 5501 702 5568 jam
752 5504 880 5557 olim
935 5504 1111 5557 fuerat
1154 5503 1399 5564 editum,
1445 5501 1797 5554 subduxerunt
1847 5503 2205 5555 communioni-

597 5573 792 5638 petlem.
829 5575 969 5626 Ideni
1007 5587 1128 5625 mox
1175 5572 1295 5624 aliis
1325 5573 1502 5624 verbis
1541 5573 1753 5640 repetit.
1787 5569 1910 5624 Non
1949 5572 2115 5624 minus
2143 5579 2192 5626 et

595 5645 896 5700 ambitores.
925 5641 1030 5696 etc‘
1051 5682 1064 5703 ,
1095 5656 1292 5693 necnon
1321 5651 1367 5692 et
1401 5640 1598 5694 Luci/lu
1621 5642 1964 5696 communioni
1986 5644 2188 5697 misceri

595 5715 756 5767 uoluit
812 5714 880 5766 Μ.
912 5716 1139 5767 (Itis/tun.

663 5787 741 5854 (5)
784 5783 945 5840 Ferre
991 5801 1094 5839 non
1141 5785 1322 5853 potuit.
1354 5782 1432 5838 Ne
1478 5797 1662 5840 acrius
1711 5787 1778 5844 ab
1826 5785 2020 5844 eodem
2068 5794 2180 5842 tum

677 5949 702 5956 ..ο

2300 2996 2555 3068 episcOpo
2587 2996 2982 3066 corriperetur,
3029 2995 3286 3068 timebat,
3325 2997 3478 3068 quod
3521 2996 3588 3054 ab
3631 3009 3725 3062 eo,
3769 3006 3875 3048 cum

2301 3079 2447 3123 esset
2474 3067 2763 3138 diaconus,
2791 3078 3038 3138 correpta
3068 3067 3282 3123 fuisset.
3309 3067 3553 3125 Ᾱιηιερ.

2373 3138 2453 3212 (6)
2488 3137 2617 3212 Cum
2642 3139 2875 3212 omnibus
2899 3137 3025 3193 suis.
3060 3139 3251 3208 Ampla
3291 3138 3370 3193 illi
3414 3151 3471 3194 et
3500 3154 3684 3212 magna
3709 3137 3878 3212 domus

2216 3217 2261 3279 α
2297 3207 2405 3263 erat
2432 3207 2446 3275 ζ
2476 3221 2530 3268 et
2577 3211 2771 3264 familia
2794 3251 2810 3276 ,
2839 3225 3000 3280 quam
3034 3207 3250 3265 omnem
3293 3226 3426 3266 cum
3461 3207 3654 3267 amicis
3678 3252 3692 3273 ,
3731 3207 3878 3280 clien-

2297 3281 2440 3336 tibus
2467 3323 2483 3347 ,
2515 3290 2568 3337 et
2609 3283 2782 3338 servis
2809 3279 3265 3337 a’commuuione
3305 3281 3591 3338 Caeciliani
3631 3279 3877 3339 subduxit.

3310 3355 3551 3410 Annasr.

2367 3420 2450 3496 (7)
2489 3423 2568 3496 Ad
2616 3423 2896 3479 secundum
2940 3423 3302 3494 Tigisitanum.
3351 3427 3492 3492 Quia
3542 3432 3659 3480 erat
3704 3421 3877 3496 primas

2294 3492 2589 3562 Numidiae,
2619 3511 2738 3566 qua:
2767 3492 3055 3567 provincia:
3085 3496 3517 3567 Carthaginensi
3549 3492 3764 3566 adjacet.
3789 3492 3880 3546 Ai.-

2295 3582 2451 3621 BASP.

2367 3637 2447 3709 (8)
2491 3637 2665 3709 Supra
2709 3638 2974 3709 memorati
3029 3638 3329 3694 traditam.
3389 3639 3688 3695 Duodecim
3729 3635 3796 3690 illi
3833 3634 3878 3688 iu

2296 3707 2528 3778 concilio
2567 3708 2798 3763 Cirtensi
2830 3707 3122 3778 Sylvanum
3153 3711 3504 3766 ordinarunt.
3535 3710 3757 3766 Auusr.

2369 3777 2965 3857 (9)n§upra_n_temor_ati
3006 3782 3299 3857 traditores.
3339 3783 3598 3857 Episcopi
3641 3781 3726 3850 qui
3763 3790 3880 3857 cpn-

2297 3848 2422 3904 cilio
2449 3848 2681 3905 Cirtensi
2725 3851 3118 3916 interfuerant,
3163 3848 3429 3918 adjnnet'o
3477 3848 3695 3910 Silvano
3720 3848 3817 3918 qui
3839 3848 3882 3899 in

2298 3934 2367 3998 eo
2403 3922 2635 3998 concilio
2675 3923 2956 3998 ordinatus
3001 3922 3176 3978 fuerat
3211 3917 3384 3978 Cirta:
3432 3917 3880 3998 ΕρὶξεοιιυεέλΝρη

2299 3991 2436 4067 alios
2468 3993 2692 4067 videtur;
2717 3993 2941 4067 Optatos
2985 4009 3287 4067 agnoscere
3338 3991 3508 4067 quam
3555 3996 3704 4067 istos.
3735 3992 3798 4067 At
3837 3991 3885 4042 ἰιι

2300 4064 2435 4116 actis
2468 4063 2625 4134 hujus
2653 4062 3036 4136 Οοηνειιιίοιιιῖ
3053 4062 3400 4136 septuaginta
3442 4067 3609 4121 fuisse
3654 4063 3881 4136 fereban-

2303 4141 2387 4187 tur
2410 4174 2425 4198 ,
2458 4144 2514 4189 ut
2537 4129 2730 4205 'legere
2766 4146 2848 4191 est
2876 4137 2929 4191 in
2960 4129 3222 4192 brevicul.
3248 4129 3454 4194 collat.
3487 4136 3673 4193 Carth.
3713 4147 3762 4188 c.
3788 4129 3844 4185 14
3864 4169 3880 4195 ,

2303 4221 2354 4257 ιι.
2384 4204 2474 4260 26.
2512 4207 2586 4260 Du
2617 4208 2730 4260 PIN.

2301 4221 2354 4257 ll.
2384 4221 2474 4260 20.
2513 4221 2586 4261 UU
2617 4221 2730 4261 I’IN.

2376 4277 2488 4349 (10)
2521 4277 2759 4348 Suscepti
2788 4277 3030 4350 hospitio.
3072 4278 3331 4350 Episcopi
3378 4281 3474 4350 qui
3518 4279 3647 4333 olim
3679 4275 3741 4350 ad
3783 4271 3882 4340 epi-

2301 4347 2522 4416 scopum
2566 4351 2615 4403 in
2665 4347 2838 4404 lucum
2878 4347 3518 4405 defunctiordinandum
3548 4347 3880 4405 vocabantur,

2305 4417 2537 4494 hospitio
2559 4421 2878 4494 clericorum
2905 4429 2958 4476 et
2978 4421 3254 4494 seniorum
3289 4424 3565 4494 laicorumr
3591 4423 3883 4494 utebantur;

2302 4489 2396 4560 sed
2430 4491 2710 4546 Secundus
2745 4502 2932 4547 contra
2965 4492 3314 4560 disciplinam
3351 4493 3620 4548 Ecclesia:
3649 4506 3763 4544 cum
3790 4489 3888 4560 sitis

2303 4557 2556 4636 Numidis
2578 4573 2836 4636 exceptus
2865 4563 2963 4636 fuit
2997 4556 3269 4636 hospitio,
3304 4581 3334 4618 a
3366 4565 3578 4620 Lucilla
3611 4564 3738 4636 irata
3762 4601 3777 4626 ,
3804 4556 3888 4636 Βοῖ

2303 4639 2384 4683 tro
2423 4643 2476 4687 et
2518 4633 2730 4688 Celesio
2777 4635 3078 4690 ambitiosis
3104 4633 3164 4689 et
3205 4636 3532 4690 senioribus
3568 4634 3774 4693 avariS.
3812 4633 3890 4693 (1⁸η

2297 4699 2598 4771 depositum
2633 4705 2886 4760 Ecclesia:
2920 4705 3297 4775 denegabant;
3330 4707 3483 4776 quod
3515 4704 3718 4760 notavit
3741 4700 3887 4776 ρρω-

2297 4781 2384 4852 lus
2406 4816 2418 4838 ,
2446 4789 2501 4852 ιιι
2528 4773 3118 4852 Maiorinielectionem
3146 4773 3646 4833 contra—Ecclesiae
3666 4773 3887 4830 ordinem

2297 4847 2583 4912 iiicwpisse
2609 4847 2937 4902 ostenderet.
2974 4850 3198 4902 Awasr.

2372 4916 2421 4985 (1
2425 4911 2487 4992 _l)
2522 4917 3010 4992 Susceptioltospitio
3034 4922 3098 4992 ali
3118 4920 3292 4992 avaris
3311 4961 3328 4985 ,
3353 4928 3468 4976 etc.
3500 4920 3544 4976 A
3572 4915 3772 4992 Lucilla
3798 4911 3888 4992 iter

2297 4993 2346 5038 la
2373 4984 2388 5051 ,
2423 4987 2583 5042 Botro
2615 4999 2664 5042 et
2685 4984 2927 5044 'Celesti'o
2951 4984 3354 5056 ambitoribus,
3381 5001 3440 5047 et
3466 4989 3770 5047 senioribus
3797 4984 3887 5038 illis

2295 5058 2471 5112 avaris
2495 5074 2558 5113 ac
2584 5058 2813 5114 furibus.
2839 5061 2918 5115 Du
2947 5061 3062 5115 Pin.

2395 5149 2485 5219 ιε)
2524 5150 2604 5203 Ad
2626 5150 2921 5207 Basilicam.
2950 5150 3263 5223 Electiones
3286 5153 3426 5206 olim
3450 5153 3823 5223 episcoporum
3841 5150 3888 5199 et

2296 5222 2665 5293 ordinationes
2688 5223 2885 5277 fiebant
2912 5225 2964 5277 in
2988 5222 3236 5285 ecclesiis
3254 5263 3270 5288 ,
3309 5233 3370 5278 ut
3395 5241 3464 5279 ex
3495 5225 3582 5278 his
3605 5238 3724 5293 qua:
3744 5229 3887 5293 supra

2296 5289 2407 5365 dixi
2438 5291 2505 5346 de
2530 5292 2794 5365 electione
2820 5294 3036 5365 Sylvaui
3069 5284 3340 5348 Cirtensis
3372 5284 3764 5365 episcopi'licet
3788 5284 3885 5365 col-

2299 5361 2501 5432 ligere;
2539 5363 2632 5418 sed
2674 5359 2916 5433 Majorini
2947 5365 3141 5419 electio
3165 5403 3180 5424 .
3226 5381 3359 5433 qua:
3391 5359 3781 5420 fiebat-contra
3819 5359 3883 5412 le-

2295 5447 2422 5501 ges,
2457 5450 2571 5501 non.
2595 5434 2688 5488 fuit
2718 5434 2852 5489 facta
2887 5436 2936 5489 in
2969 5433 3162 5503 majori
3213 5435 3468 5490 basilica.
3520 5441 3748 5490 ALBASP.

2373 5505 2486 5574 ’13)
2517 5504 2824 5559 Ordinatore
2842 5522 2955 5560 suo.
2987 5506 3166 5560 Felice
3193 5505 3600 5576 Aptungitano.
3626 5507 3840 5561 ALBASP.

2367 5535 2484 5645 (li)
2518 5576 2702 5629 Meruit
2730 5577 2992 5644 infamari.
3027 5576 3140 5631 Hoc
3176 5585 3266 5630 est
3305 5593 3433 5632 cum
3465 5581 3517 5632 in
3554 5579 3840 5632 Caecilianui

2401 5577 2484 5645 li)
2518 5576 2702 5629 Meruit
2730 5577 2992 5644 infamari.
3027 5576 3140 5631 Hoc
3176 5585 3266 5630 est
3305 5593 3433 5632 cum
3465 5581 3517 5632 in
3554 5579 3878 5632 Caecilianum

2294 5645 2424 5717 nihil
2462 5655 2681 5712 possent
2708 5651 2938 5715 lingere,
2971 5646 3210 5702 Felicem
3242 5648 3626 5705 ordinatorem
3656 5648 3764 5717 ejus
3791 5653 3883 5696 ιη-
3925 5689 3927 5692 1

2289 5716 2508 5772 ditionis
2531 5731 2584 5772 et
2628 5720 2946 5774 idololatria!
2992 5717 3425 5785 insimularuut,
3453 5733 3512 5774 ut
3555 5722 3652 5774 bac
3687 5716 3882 5785 ratione

2287 5788 2559 5845 Caeciliani
2585 5791 2976 5852 ordinationem
2996 5788 3387 5847 rescinderent
3411 5783 3665 5864 tanquam
3689 5790 3752 5844 ab
3781 5783 3879 5838 ίόυο
