4206 6170
449 232 461 249 ’
518 276 626 336 925

1724 272 1971 335 SANCTI
2007 272 2264 333 ΟΡΤΑΤΙ
2306 276 2613 337 EPISCOPI

3711 288 3815 345 ρει

514 393 856 459 obtulerant,
903 368 1205 466 Cyprianus
1227 434 1240 459 ,
1286 392 1554 448 Lucianus
1596 400 1623 429 ιι
1670 398 1724 451 et
1748 390 1952 446 caeteri.
2000 387 2119 463 (33)
2147 390 2195 452 A
2224 400 2351 449 runt
2383 410 2395 442 :
2428 391 2543 465 (43)
2580 393 2924 464 providentes
2953 397 3095 468 quod
3131 397 3271 454 fama
3313 398 3452 456 duas
3487 414 3577 456 res
3617 401 3824 456 similes

517 486 609 544 Sic
644 487 847 543 exitum
878 497 963 542 est
1010 484 1197 553 foras,
1244 493 1299 540 et
1349 482 1467 555 (34)
1514 485 1683 540 altare
1729 490 1918 539 contra
1946 482 2119 538 altare

515 592 759 638 erectum
800 587 921 636 est:
953 589 1008 637 et
1033 579 1308 636 ordinatio
1333 578 1523 637 illicite
1552 576 1581 616 ιι
1609 576 1879 634 celebrata
1906 582 2030 632 est:
2062 583 2119 631 et

512 673 808 744 Majorinus
828 716 842 739 .
865 672 982 747 (35)
1010 674 1102 745 qui
1135 674 1306 730 lector
1327 673 1442 745 (36)
1474 674 1527 729 in
1565 671 1817 729 diaconio
1842 670 2117 727 Caeciliani

512 768 689 824 fuerat
715 766 869 838 (37),
913 767 1248 825 domesticus
1288 766 1539 831 Lucillai,
1586 767 1702 837 (38)
1754 765 1869 834 ipsa
1917 762 2115 821 suifra-

510 868 673 932 gante
713 857 828 931 (39)
850 902 868 925 ,
897 861 1188 931 episcopus
1214 859 1497 915 ordinatus
1539 867 1620 915 est
1652 872 1683 915 a
1723 856 2074 913 traditoribus
2095 896 2112 921 ,

511 954 601 1025 qui
647 954 700 1010 in
729 954 961 1010 concilio
989 951 1107 1026 (ιο)
1138 952 1404 1009 Numidia:
1449 956 1530 1025 (ut
1560 952 1811 1022 superius
1850 950 2110 1019 diximus)

508 1048 735 1103 crimina
766 1063 862 1103 sua
892 1048 993 1103 sibi
1024 1047 1255 1103 confessi
1288 1056 1452 1111 sunt,
1486 1054 1541 1101 et
1573 1044 1689 1116 (41)
1733 1044 2117 1115 indulgentiam

510 1140 612 1195 sibi
643 1139 875 1199 invicem
909 1140 1235 1195 tribuerunt.
1291 1139 1630 1199 Manifestum
1660 1148 1741 1194 est
1768 1152 1927 1207 ergo,
1954 1136 2120 1195 exiis-

515 1247 576 1289 se
604 1231 673 1287 de
697 1231 938 1287 Ecclesia
966 1242 1019 1287 et
1045 1230 1161 1304 (42)
1187 1232 1526 1286 ordinatores
1547 1229 1639 1301 qui
1664 1228 2034 1295 tradiderunt,
2062 1235 2119 1283 et

518 1325 837 1395 Majorinum
862 1365 876 1389 ,
908 1325 998 1395 qui
1028 1324 1307 1379 ordinatus
1348 1334 1451 1378 est.

512 1462 519 1481 τ
587 1414 704 1470 XX.
759 1414 969 1471 Litterae
1012 1416 1365 1488 episcOporum
1400 1413 1669 1468 Numidiae
1696 1413 1937 1467 adversus
1966 1410 2113 1467 Feli-

512 1525 622 1564 cem
651 1508 996 1564 ordinatorem
1029 1507 1314 1563 chiliani.
1343 1537 1415 1548 -—
1437 1506 1641 1563 [nterea
1667 1506 1733 1561 de
1764 1519 1985 1560 suorum
2013 1505 2121 1560 cri-

513 1603 721 1658 minum
771 1600 938 1667 fonte,
975 1601 1065 1671 qui
1114 1600 1255 1670 apud
1301 1614 1395 1654 eos
1445 1600 1737 1655 multorum
1789 1596 2116 1669 ﬂagitiorum

511 1696 670 1751 venis
705 1694 1136 1759 exuberaverat,
1166 1709 1331 1749 unum
1380 1692 1684 1748 traditionis
1705 1694 2014 1748 convicium
2065 1694 2116 1747 in

2219 498 2329 538 uno
2347 492 2590 555 tempore
2606 487 2747 558 loqui
2770 503 2877 544 non
2901 500 3120 561 posset;
3146 499 3203 547 ut
3222 494 3448 548 crimina
3475 495 3526 547 in
3551 494 3824 551 silentium

2218 576 2496 634 mitterent
2544 593 2644 635 sua
2668 620 2683 646 ,
2725 582 2890 638 vitam
2932 583 3196 642 infamare
3223 586 3402 641 conati
3435 596 3563 642 sunt
3590 588 3820 645 alienam

2220 666 2334 742 (44)
2359 686 2373 724 :
2398 678 2453 726 et
2474 686 2595 726 cum
2621 681 2843 742 possent
2868 675 2966 747 ipsi
2999 677 3107 748 ao
3145 677 3211 733 ab
3236 678 3616 734 innocentibus
3644 679 3822 751 argui,

2218 760 2536 818 innocentes
2565 776 2793 837 arguere
2830 766 3172 834 studuerunt,
3207 770 3483 824 mittentes
3506 770 3703 841 ubique
3730 772 3823 826 lit-

2221 865 2365 912 teras
2398 856 2509 930 (45)
2545 857 2710 915 livore
2738 859 2974 919 dictante
2994 862 3349 933 conscriptas,
3375 880 3507 933 quas
3533 862 3648 934 (66)
3680 866 3826 921 inter

2219 961 2447 1007 creteros
2486 962 2637 1008 actus
2678 954 2936 1010 habemus
2961 957 3012 1012 in
3045 965 3344 1027 posterum.
3375 958 3565 1013 Adhuc
3594 957 3831 1015 Cartha-

2218 1045 2342 1117 gine
2387 1044 2547 1117 positi
2588 1045 2705 1119 (47)
2742 1060 3137 1117 prmcesserunt
3177 1065 3236 1105 se
3261 1051 3509 1119 epistolis
3539 1051 3650 1106 suis
3677 1049 3824 1123 (48),

2220 1145 2280 1191 ut
2332 1138 2641 1193 rumoribus
2686 1139 2837 1195 falsis
2889 1142 3221 1197 cunctorum'
3250 1142 3474 1199 auribus
3515 1142 3829 1199 insererent

2220 1229 2582 1293 mendacium,
2613 1246 2794 1300 sparsa
2825 1230 2963 1287 fama
3017 1249 3113 1302 per
3156 1233 3384 1304 populos
3416 1251 3430 1291 :
3459 1243 3513 1290 et
3552 1234 3667 1307 (49)
3693 1236 3825 1291 dum

2220 1320 2290 1379 de
2331 1337 2437 1379 uno
2463 1323 2731 1378 celebrata
2762 1334 2885 1378 sunt
2920 1323 3075 1391 falsa,
3108 1338 3269 1395 supra
3294 1326 3569 1381 dictorum
3602 1329 3824 1384 verissi-

2220 1429 2304 1469 ma
2332 1415 2559 1469 crimina
2610 1415 2713 1470 sub
2751 1415 2966 1470 silentio
3007 1416 3298 1471 latuerunt.
3332 1418 3448 1487 (50)
3490 1418 3832 1491 Frequenter

2220 1505 2364 1562 solet
2393 1506 2641 1561 erubesci
2677 1506 2744 1562 de
2769 1507 2997 1563 crimine
3026 1524 3038 1560 :
3073 1506 3165 1562 sed
3199 1508 3292 1563 illo
3322 1518 3562 1580 tempore
3595 1526 3697 1567 non
3726 1512 3834 1571 fuit

2221 1599 2307 1655 cui
2338 1599 2750 1655 erubesceretur
2783 1617 2795 1654 :
2824 1600 2948 1671 quia
2994 1610 3188 1670 praeter
3219 1600 3337 1673 (51)
3371 1618 3569 1672 paucos
3597 1606 3834 1663 catholi-

2221 1707 2337 1759 cos,
2370 1692 2488 1766 (5:2)
2517 1702 2873 1763 peccaverant
2896 1694 3168 1759 universi;
3196 1703 3251 1749 et
3280 1696 3397 1766 (53)
3429 1698 3582 1767 quasi
3630 1710 3653 1737 ο
3687 1699 3829 1754 ima-

514 1789 882 1846 ordinatorem
947 1788 1219 1845 Caeciliani
1285 1787 1641 1845 derivandnm
1704 1802 1826 1844 esse
1889 1797 2114 1860 putave-
2147 1783 2196 1843 B
2220 1802 2289 1859 go
2315 1786 2491 1840 fuerat
2524 1784 2851 1843 innocentiae
2872 1826 2888 1855 ,
2920 1785 3065 1842 inter
3093 1786 3293 1843 multos
3323 1788 3476 1843 nefas
3507 1788 3828 1847 admiSsum.

1747 1925 2133 1984 LECTIONES
2169 1924 2589 1984 VARIANTES.

582 2046 609 2076 ⁸
645 2044 699 2094 ln
721 2056 813 2107 ms.
839 2043 892 2094 S.
914 2042 973 2107 (ᾖ.
999 2043 1128 2092 inter
1146 2040 1433 2107 Cyprianum
1459 2045 1512 2092 et
1529 2038 1798 2091 Lucianum
1821 2041 1999 2091 tertius
2022 2038 2121 2090 col-

515 2107 704 2170 locatur
733 2105 1091 2170 Cen-papliorus.

582 2167 612 2209 δ
646 2170 702 2221 In
737 2163 840 2220 ms."
854 2163 907 2219 S'.
932 2168 990 2219 G.
1015 2163 1207 2220 illicita.

2292 2040 2315 2111 ξ
2352 2037 2420 2090 Ita
2441 2041 2492 2089 in
2517 2052 2607 2090 ms.
2624 2039 2688 2111 _S._
2710 2038 2772 2111 G.
2798 2038 2855 2111 In
2878 2054 2994 2091 mss.
3019 2042 3074 2111 _S.
3094 2041 3153 2093 T.
3174 2040 3234 2093 P.
3258 2042 3396 2111 S._et
3417 2045 3469 2095 in
3494 2046 3657 2108 editis,
3679 2049 3842 2111 quod;

2223 2101 2312 2151 sed
2333 2114 2513 2152 sensus
2531 2102 2761 2165 postulat,
2782 2110 2837 2155 ut
2859 2105 3173 2168 emendetur,
3198 2104 3356 2169 quasi.

1854 2248 2220 2309 VARIORUM
2256 2249 2487 2308 NOTAE.

593 2369 707 2443 (33)
737 2367 828 2443 Sic
849 2368 1038 2423 exitum
1060 2371 1220 2439 foras.
1253 2366 1343 2424 Sic
1364 2365 1597 2423 schisma
1620 2372 1705 2423 est
1728 2363 1925 2422 factum
1954 2381 1984 2422 a
2011 2365 2115 2422 Ma-

517 2440 718 2513 jor'iuo.
746 2440 980 2497 ALBASP.

594 2512 713 2582 (3t)
745 2512 921 2566 Altore
948 2520 1128 2567 contra
1163 2510 1346 2564 altare.
1379 2507 1540 2582 Aliud
1578 2523 1774 2578 corpus
1802 2508 1999 2563 Christi
2025 2524 2120 2565 ac-

524 2580 634 2639 tum
662 2592 766 2650 est,
799 2592 854 2638 et
884 2582 986 2638 alia
1015 2582 1325 2637 communio
1352 2580 1579 2636 conﬂata
1601 2622 1617 2648 ,
1645 2582 1769 2651 quia
1821 2595 1926 2636 non
1971 2594 2121 2635 com-

523 2654 819 2710 municavit
859 2653 1154 2723 Majoriuus
1181 2669 1302 2707 cum
1334 2652 1605 2724 Cypriauo
1624 2693 1638 2715 ,
1664 2666 1786 2724 cum
1818 2666 1926 2723 quo
1955 2653 2121 2707 totius

523 2726 698 2797 plebis
726 2740 923 2797 eorpns
950 2722 1005 2778 et
1031 2725 1343 2797 communio
1360 2722 1691 2797 a‘dbrerebat.
1708 2722 1953 2797 AALBASP:

595 2798 725 2869 (35)
747 2793 847 2869 Qui
874 2796 1031 2850 lector
1056 2796 1378 2869 in__diaconio
1409 2793 1671 2869 Caeciliani
1693 2794 1882 2863 fuerat.
1907 2793 1982 2869 _ld
2009 2804 2114 2860 est,

522 2865 646 2924 cum
692 2867 1010 2923 Caecilianus
1056 2866 1229 2921 adhuc
1260 2877 1372 2921 crat
1413 2865 1856 2929 archidiaconus,
1888 2865 2117 2921 durante

484 2940 493 2947 ’
524 2939 645 3010 ejus
689 2937 1146 3010 archidiaconatn.
1196 2936 1327 2991 Nam
1371 2936 1605 3010 a_lioquiu
1637 2936 1967 3010 diacouium.
2000 2938 2115 2992 sive

424 3013 428 3018 ’
521 3007 800 3067 δὶακονικὸν
849 3008 917 3064 de
957 3009 1328 3064 sacratissimo
1383 3008 1637 3063 Ecclesia:
1681 3008 1797 3067 loco
1846 3007 1953 3061 dici
2008 3024 2112 3065 non

521 3083 856 3157 ignoramus,
882 3082 969 3157 qui
993 3094 1112 3157 cati.
1139 3095 1291 3135 conc.
1322 3077 1542 3157 Laodic.
1567 3075 1648 3157 ᾆτι
1668 3081 1726 3157 ob
1743 3076 1834 3157 Δδεῖ
1851 3080 2114 3157 ὑπηρέτας

520 3150 873 3231 ἔχεινλῴραν
899 3154 947 3206 ἐν
976 3159 1049 3231 τῷ
1077 3150 1425 3231 διακονικᾷξ-θι
1451 3150 1712 3231 ministris
1743 3150 2109 3231 interdicitur;

520 3176 665 3226 εχειν
742 3176 873 3231 ωραν
899 3176 947 3206 εν
976 3176 1049 3226 τῳ
1077 3176 1343 3223 οιακονικῳ
1371 3176 1425 3205 υι
1451 3176 1712 3205 ΙΙΙΙΙΙΙδΙΙΊδ
1743 3176 2109 3231 ιιιισςιτυιυιψιη

519 3228 609 3280 ubi
668 3176 949 3300 lﬁlsautun
1010 3227 1293 3300 émpi‘t’a‘s‘n
1323 3221 1736 3300 liypodiaconos
1768 3238 1788 3300 ξ
1821 3223 2110 3300 cunciltutu

518 3304 697 3350 autem
722 3296 1049 3365 Agatbcnse,
1079 3293 1197 3350 can.
1229 3293 1319 3360 66,
1346 3294 1397 3348 in
1428 3303 1669 3349 sacratos
1719 3294 1996 3349 miniStros
2027 3294 2111 3348 iu-

521 3376 907 3433 terpretantur.
944 3365 1011 3420 M.
1046 3367 1275 3421 Cassun.

594 3436 710 3508 (56)
739 3435 805 3491 In
830 3438 1089 3491 diaconio.
1114 3434 1579 3508 Omnestniuores
1607 3433 1786 3508 clerici
1811 3436 1913 3491 sub
1934 3438 2115 3508 diaco-

518 3505 637 3575 nis',
669 3505 883 3562 diaconi
912 3508 1011 3562 sub
1039 3506 1367 3577 presbyteris
1394 3547 1407 3568 ,
1440 3505 1741 3577 presbyteri
1771 3508 1872 3560 sub
1898 3507 2108 3575 cpisco-

519 3580 622 3648 pis,
658 3589 908 3649 tauquam
959 3576 1051 3645 per
1094 3576 1295 3649 classes
1340 3576 1792 3649 diSponebautur;
1849 3587 2010 3647 atque
2057 3591 2112 3633 ut

516 3646 698 3705 nullus
740 3646 1023 3720 presbyter
1068 3650 1199 3720 siue,
1227 3648 1488 3720 diacono,
1532 3648 1604 3701 ita
1635 3646 1816 3702 nullus
1852 3646 2114 3707 diaconus

515 3720 635 3775 sine
683 3719 986 3775 minoribus
1026 3719 1236 3776 clericis
1280 3719 1697 3783 instituebatur,
1745 3719 1869 3787 quia
1920 3736 2110 3778 eorum

515 3793 756 3861 omnium
789 3807 1004 3856 mimus,
1036 3792 1153 3848 sine
1176 3792 1399 3846 alterius
1428 3804 1589 3861 opera
1620 3799 1675 3861 et
1703 3787 1981 3847 functione
2009 3793 2113 3850 rite

516 3860 631 3915 fieri
663 3864 919 3935 nequibat
945 3885 957 3918 :
983 3879 1237 3919 caeterum
1261 3859 1577 3929 Majorinum
1602 3877 1629 3916 e
1654 3859 1975 3935 lectionc‘ad
2000 3867 2115 3935 epi-

514 3944 794 4002 scopatum
822 3934 1072 3990 allectum
1105 3943 1257 3988 notat
1286 3935 1533 4002 Uptatus,
1565 3941 1620 3986 ut
1659 3933 1775 4002 ejus
1810 3933 2111 3990 ordinatio.

515 4018 640 4058 ncm
680 4005 855 4059 minus
904 4006 1025 4076 jure
1074 4016 1128 4060 et
1174 4004 1364 4076 ordine
1412 4004 1605 4058 factam
1653 4004 1934 4076 ostendat;
1977 4009 2114 4062 ordo

513 4078 656 4130 enim
687 4073 1034 4145 postulabat,
1069 4086 1125 4133 ttt
1167 4075 1465 4148 presbyteri
1508 4083 1600 4148 aut
1633 4073 1845 4148 diaconi
1886 4076 2110 4132 ordina-

517 4159 709 4204 rentur
763 4155 890 4204 aute
943 4152 1215 4216 lectores,
1259 4146 1443 4218 siqui
1495 4146 2107 4272 idoueiAreperirentur.

1717 4234 1895 4272 LBASP.

1717 4234 1895 4274 ωηεν.

582 4288 699 4364 (37)
729 4289 833 4359 Qui
872 4293 1028 4347 lector
1075 4294 1129 4347 in
1177 4292 1415 4347 diaconio
1456 4289 1724 4346 chiliani
1769 4294 1958 4414 (uerat.
2009 4291 2112 4361 Qui

582 4370 690 4414 ctor
747 4366 918 4414 fuerat
974 4365 1099 4414 dum
1153 4365 1473 4414 Cmciliauus
1519 4373 1637 4414 erat
1667 4362 2106 4414 aretidiaconus.

517 4360 690 4417 lector
747 4366 918 4419 fuerat
974 4365 1099 4421 dum
1153 4365 1473 4421 Caaciliauus
1519 4360 2106 4489 eratalgcbildiaconus.

1744 4450 1774 4489 u
1846 4450 1915 4489 tu.

1744 4450 1774 4490 υ
1804 4450 1915 4490 ΗΝ.

583 4501 699 4576 (38)
731 4504 1213 4577 lpsoisulfrugante.
1245 4505 1407 4574 Quasi
1430 4503 1739 4575 suffragium
1763 4506 1924 4561 dante
1947 4526 1960 4563 :
1984 4506 2110 4576 quia

512 4576 1018 4649 pecuniasulfragia
1045 4576 1378 4649 corruperat.
1417 4576 1650 4634 ALBASP.

584 4645 699 4722 (39)
725 4645 853 4716 Ipsa
873 4645 1220 4722 suffragante;
1251 4650 1533 4720 Episcopis
1550 4647 1782 4722 pecunia
1805 4648 2104 4722 corruptis;

509 4719 930 4790 quadringentos
975 4717 1120 4777 enim
1169 4717 1321 4776 folles
1364 4717 1483 4776 eam
1533 4717 1749 4775 dedisse
1778 4718 2021 4775 constitit
2051 4718 2106 4774 in

511 4792 851 4863 actiscoram
884 4792 1204 4863 Zenopbilo.
1241 4794 1315 4846 Du
1345 4792 1462 4847 PIN.

610 4862 702 4934 49)
735 4860 1045 4934 Νωηὶάὶεεζ
1062 4863 1315 4920 Cirtensi.
1350 4868 1579 4934 Antissa.

608 4930 698 5006 _H)
729 4932 1136 5006 Indulgentiam.
1167 4931 1447 5006 Secundus
1480 4931 1787 5006 traditionis
1814 4946 1941 4987 reus
1971 4930 2111 4988 alios

484 5032 487 5035 ν
511 5001 832 5060 idololatras
856 5001 1107 5072 absolvit,
1131 5014 1187 5059 ct
1211 5005 1279 5057 ab
1307 5004 1426 5058 aliis
1448 5003 1725 5058 alisiilutus
1746 5013 1848 5059 est.
1878 5007 2105 5060 Auusr.

585 5074 699 5148 (42)
725 5076 1082 5132 Ordinatores.
1113 5076 1212 5143 Qui
1243 5077 1390 5129 salvo
1409 5074 1649 5148 legitimo
1666 5076 1921 5147 episcopo
1941 5076 2109 5133 alium

510 5146 760 5219 ordinat,
805 5149 1100 5203 Ecclesium
1128 5163 1233 5202 non
1263 5147 1440 5203 minus
1465 5147 1685 5214 scindit,
1708 5146 1875 5219 uuam
1906 5148 1993 5219 qui
2021 5163 2108 5204 or-

511 5218 749 5273 dinatur.
785 5219 1015 5273 ΑιΒΑδρ.

587 5287 701 5361 (43)
736 5286 1069 5346 Providentes
1092 5290 1231 5357 quod
1260 5294 1422 5361 fama.
1462 5288 1542 5349 Ne
1567 5306 1593 5343 a
1622 5288 1912 5347 Caeciliano
1938 5290 2103 5344 tradi-

513 5359 687 5413 tionis
714 5373 1124 5426 accusarentur,
1151 5359 1357 5418 litteras
1386 5360 1452 5415 ad
1493 5377 1681 5417 omnes
1723 5363 2007 5430 episcopus
2054 5370 2110 5417 et

514 5430 723 5502 vicinos
765 5431 1118 5502 scripserunt,
1151 5433 1346 5500 quibus
1374 5431 1606 5487 Felicem
1639 5431 1881 5502 ejusdem
1918 5432 2103 5502 crimi-

513 5500 600 5555 nis
621 5514 769 5554 reum
795 5501 1092 5569 faciebant;
1126 5503 1228 5558 hoc
1250 5518 1445 5573 nempe
1466 5500 1692 5558 consilio
1723 5518 1790 5556 ne
1818 5500 2103 5573 traditores

519 5573 870 5643 baberentur,
902 5590 1003 5628 una
1033 5576 1177 5631 enim
1209 5571 1509 5643 eademque
1556 5588 1643 5628 res
1680 5573 1747 5627 de
1775 5571 1985 5626 duobus
2019 5588 2113 5627 eo-

518 5642 642 5698 dem
669 5653 911 5714 tempore
926 5664 1030 5702 nou
1051 5645 1203 5701 facile
1215 5642 1455 5701 creditur
1472 5662 1487 5712 ;
1516 5644 1709 5716 prioris
1731 5644 1965 5700 rumoris
1984 5658 2113 5705 aura

525 5727 741 5783 semper
768 5719 1039 5787 praevalet.
1069 5718 1298 5776 Anassr.

609 5789 740 5844 Ibid.
776 5789 1111 5851 Providentes
1139 5792 1276 5863 quod
1317 5794 1458 5866 [auia
1498 5789 1630 5849 duas
1663 5806 1743 5847 res
1770 5789 1961 5849 similes
1989 5805 2114 5849 uno.

2226 2368 2441 2432 Scribe,
2468 2366 2609 2436 quod
2637 2367 2776 2437 fama
2801 2365 2931 2421 duas
2956 2367 3186 2423 diversas
3210 2386 3294 2424 res
3322 2371 3479 2427 simul
3502 2381 3552 2428 et
3577 2388 3677 2429 uno
3699 2383 3831 2430 lem-

2225 2456 2351 2511 pore
2395 2439 2533 2516 loqui
2576 2454 2695 2516 non.
2723 2447 2893 2505 posset
2917 2480 2939 2516 ,_
2978 2454 3075 2509 pro
3104 2441 3698 2516 diversas,exscriptor
3727 2463 3832 2516 per

2222 2509 2629 2583 Compendium,
2660 2509 2804 2573 drus,
2837 2509 3148 2583 scripserat,
3182 2514 3324 2582 quod
3359 2525 3541 2583 postea
3574 2509 3643 2572 ob
3667 2509 3823 2573 sifui-

2223 2580 2505 2655 litudinem
2546 2597 2665 2655 cum
2712 2580 3049 2649 pra'cedcute
3090 2580 3250 2655 duas,
3278 2580 3577 2655 emissum,
3620 2599 3715 2642 aut
3756 2604 3826 2644 ex

2222 2652 2850 2727 dras_fecit_duas,j__quo
2880 2654 3143 2727 sententia
3190 2671 3377 2711 carere
3423 2652 3573 2713 recte
3614 2668 3823 2727 potest.

2222 2723 2374 2795 [laud
2408 2723 2654 2795 absimile
2686 2722 2835 2787 illud,
2867 2722 2934 2795 ad
2963 2724 3122 2779 verba
3155 2727 3296 2795 quod
3328 2731 3546 2793 attinet,
3573 2722 3666 2786 lib.
3698 2746 3769 2785 vtt
3806 2750 3825 2787 :

2224 2793 2351 2871 Non
2372 2802 2534 2861 potest
2559 2793 2694 2871 idem
2721 2794 3137 2871 operariusduas
3156 2793 3239 2852 res
3260 2811 3600 2871 repugnantes
3622 2811 3667 2855 et
3695 2818 3825 2855 con-

2220 2867 2432 2932 trarias,
2467 2865 2609 2935 quod
2640 2865 2726 2918 bic
2773 2864 2931 2935 (duas
2975 2866 3217 2927 diversas
3245 2864 3340 2995 rebs1
3346 2868 3367 2940 )
3387 2864 3578 2993 'Csimul
3623 2871 3822 2939 facere.

3351 2981 3363 2995 .
3440 2958 3623 2995 assus.

3351 2981 3363 2995 .
3394 2958 3623 2999 LASAUB.

2293 3006 2406 3080 (44)
2445 3006 2619 3080 Vitam
2645 3008 2902 3080 infamare
2927 3009 3098 3062 conati
3121 3020 3243 3063 sunt
3269 3011 3514 3066 alienam.
3546 3012 3821 3070 Caeciliani

2217 3079 2446 3154 scilicet,
2481 3079 2805 3154 collegarum
2838 3080 2956 3154 ejus
2983 3092 3037 3135 et
3062 3080 3258 3137 Felicis
3284 3081 3656 3154 Aptungitaui.
3701 3086 3822 3139 (Iw-

2217 3150 2473 3225 ciliunum
2493 3151 2751 3225 criminati
2770 3161 2914 3225 sunt,
2926 3152 3106 3225 inquit
3134 3150 3381 3221 Augusti,
3408 3150 3504 3210 libV.
3537 3164 3677 3225 post.
3703 3158 3819 3210 col-

2220 3221 2337 3286 lat.,
2367 3236 2414 3276 c.
2449 3222 2541 3286 ‘22,
2562 3223 2711 3296 Aquod
2737 3240 2768 3275 ιι
2797 3221 3131 3296 traditoribtts
3151 3233 3277 3277 esset
3302 3221 3594 3291 ordinatus,
3627 3239 3671 3281 et
3700 3229 3826 3296 quia

2218 3309 2335 3367 cum
2360 3303 2485 3346 esset
2517 3294 2784 3367 diaconus,
2812 3294 3006 3367 pictum
3033 3293 3222 3367 a/Ter_re
3254 3298 3566 3367 martyribus
3606 3298 3662 3351 in
3698 3293 3823 3352 cus-

2219 3365 2362 3436 todia
2390 3365 2679 3418 constitutis
2707 3363 3068 3433 prohibuisset.
3120 3363 3632 3436 Nominati'quidam
3655 3370 3819 3423 colle-

2217 3450 2297 3508 ga:
2326 3433 2610 3499 chiliuni,
2641 3436 2731 3507 qui
2760 3436 3038 3491 traditores
3066 3433 3680 3506 asserebantur'publicis
3706 3457 3822 3508 ges-

2218 3506 2306 3579 tis,
2334 3523 2447 3578 qua:
2475 3506 2810 3579 tamen’gesta
2840 3523 2939 3563 non
2964 3507 3281 3579 legebantur.
3305 3508 3451 3564 Inter
3476 3513 3574 3564 bos
3598 3506 3823 3566 fuerunt

2217 3575 2470 3635 Novellus
2506 3575 2828 3649 j‘yziécusis
2874 3588 2930 3632 ct
2971 3575 3257 3634 Faustinus
3298 3579 3724 3648 Tuburbinatus,
3755 3597 3828 3639 ac

2218 3650 2450 3722 maxime
2504 3647 2656 3722 Felix
2701 3651 3063 3722 Aptungensis
3101 3650 3199 3722 qui
3234 3652 3483 3706 acerbius
3532 3647 3829 3709 accusatus

2217 3730 2299 3774 est
2331 3721 2400 3774 ita
2433 3729 2489 3773 ut
2540 3718 2712 3774 forum
2757 3718 3019 3775 malorum
3058 3718 3297 3775 omnium
3348 3723 3645 3779 diceretur.
3694 3724 3831 3780 Haec

2214 3792 2568 3861 continebant
2591 3801 2740 3861 gesta
2770 3791 2981 3846 concilii
3016 3792 3173 3860 hujus
3214 3791 3351 3848 lecta
3383 3794 3434 3847 iu
3463 3794 3649 3850 t-ollat.
3680 3796 3829 3849 Car-

2218 3862 2296 3915 tli.
2355 3871 2410 3915 ut
2461 3860 2618 3916 habet
2666 3861 2891 3932 August.
2959 3864 3009 3917 in
3062 3864 3350 3920 Breviculo
3403 3866 3591 3920 collat.
3638 3881 3690 3920 c.
3728 3865 3830 3934 l4,

2217 3948 2272 3987 η.
2298 3934 2387 3988 '26.
2419 3934 2539 3988 llaec
2553 3935 2905 3990 continebant
2927 3934 3277 3990 Numidarqu
3301 3936 3677 3992 litteraalivore
3703 3938 3831 3992 dic-

2215 4013 2365 4059 tante
2390 4006 2733 4077 cousl-riptaz,
2756 4021 2894 4077 quas
2937 4006 3195 4061 retulerat
3241 4007 3469 4077 Optatns
3511 4009 3564 4064 in
3599 4008 3705 4063 line
3734 4011 3829 4063 sui

2214 4077 2415 4146 operis.
2448 4077 2521 4129 Du
2554 4074 2669 4131 Puv.

2324 4146 2408 4217 45)
2438 4146 2648 4219 _Livore.
2683 4148 2896 4213 Livore,
2926 4147 3063 4203 infra
3094 4148 3252 4219 pleno
3277 4149 3466 4205 livore.
3495 4152 3725 4206 ALBASP.

2324 4216 2399 4286 lli)
2429 4216 2575 4272 Inter
2594 4227 2803 4274 crateras
2824 4229 2967 4290 actus
2991 4216 3234 4274 habemus
3260 4222 3314 4273 in
3337 4232 3619 4290 posterum.
3653 4221 3837 4279 Forte

2214 4289 2412 4345 melius
2437 4291 2489 4343 in
2520 4291 2825 4364 posteriori.
2858 4289 3035 4358 Supra
3067 4290 3168 4345 hoc
3211 4291 3371 4353 libro,
3404 4292 3628 4364 pag.,16
3660 4312 3673 4346 :
3704 4291 3837 4349 Ha-

2212 4376 2327 4413 rum
2353 4376 2571 4435 namque
2592 4361 2962 4435 plenitudinem
2986 4378 3181 4435 rerum,
3205 4361 3491 4435 novissima
3510 4374 3658 4435 parte
3689 4368 3831 4418 isto-

2212 4447 2329 4504 rum
2354 4431 2645 4504 libellorum
2681 4431 2748 4504 ad
2782 4433 3095 4504 implendam
3141 4433 3296 4500 ﬁdem
3338 4431 3696 4504 adjunatimus.
3757 4436 3833 4489 Et

2214 4502 2349 4557 infra
2379 4521 2391 4556 :
2416 4501 2495 4557 De
2534 4504 2597 4557 iis
2635 4502 2782 4557 rebus
2810 4503 3053 4558 habemus
3080 4504 3338 4558 volumina
3363 4501 3598 4558 actorum
3624 4521 3642 4559 :
3672 4508 3831 4575 quod

2136 4574 2190 4634 D
2214 4574 2257 4628 si
2285 4576 2397 4648 quis
2427 4574 2660 4648 voluerit,
2683 4575 2737 4628 in
2770 4576 3054 4630 novissimis
3084 4576 3313 4648 partibus
3336 4576 3488 4648 legat.
3520 4574 3740 4648 lucent.

2286 4644 2401 4718 (47)
2448 4645 2923 4719 Ρναξεεεδετωιρδθ
2960 4644 3188 4719 epistolis
3226 4647 3352 4701 suis.
3384 4644 3839 4718 Elegantissime

2212 4716 2368 4783 dixit,
2400 4717 2551 4788 quasi
2600 4716 2854 4772 adventui
2895 4716 2998 4771 suo
3021 4731 3115 4774 eas
3157 4716 3839 4788 pra-mitterc,'quomodo

2213 4789 2514 4861 prteveuire
2541 4788 2799 4855 lauream,
2826 4803 3098 4861 rumorem
3125 4789 3269 4861 belli,
3294 4798 3350 4843 et
3370 4805 3648 4861 [utiliorem
3680 4806 3833 4861 pra:-

2213 4860 2400 4915 venire
2425 4860 2806 4929 imperatorem
2836 4860 2965 4913 dicit
2994 4857 3347 4914 Claudianus.
3380 4859 3595 4916 Bsn'ru.

2288 4929 2401 5004 (48)
2448 4928 2827 5004 Priscesserunt
2858 4946 2911 4985 se
2928 4931 3326 5004 (epistolisgsuis.
3378 4931 3688 5002 Antequam
3722 4948 3839 4990 ve-

2215 5001 2396 5058 nirent
2422 5001 2486 5057 ad
2521 5001 2819 5064 Ecclesias,
2854 5002 3139 5072 epistolam
3174 5002 3300 5057 illuc
3329 5001 3596 5059 miserant
3624 5020 3657 5058 e
3683 5019 3838 5061 con-

2212 5074 2341 5129 cilio
2368 5074 2640 5136 seriptam.
2676 5073 2751 5128 Du
2781 5072 2895 5129 PIN.

2287 5143 2405 5216 (49)
2437 5141 2506 5199 Et
2560 5144 2683 5199 dum
2713 5147 2777 5201 de
2807 5162 2927 5201 uno.
2975 5143 3052 5199 Dc
3104 5142 3395 5200 Cruciliano
3425 5152 3550 5270 Aaut.
3604 5145 3831 5204 Felice.

3473 5232 3655 5270 LBASP.

3473 5232 3655 5272 LBASP.

2285 5284 2403 5360 (50)
2442 5283 2774 5357 Frequenter.
2815 5285 2941 5343 limo
2964 5285 3225 5361 periodus
3258 5288 3517 5361 pertingit
3550 5290 3833 5361 usquead

2211 5356 2322 5433 illa,
2342 5356 2702 5433 paruumerat,
2726 5367 2781 5433 et
2803 5374 2906 5412 non
2929 5359 3196 5414 clauditur
3221 5359 3320 5414 nisi
3345 5356 3467 5429 pust
3489 5361 3605 5415 haec
3623 5356 3833 5433 verba,

2208 5432 2355 5500 nefas
2386 5430 2947 5500 adurissunnﬁmsse.
3010 5499 3013 5500 ν
3578 5499 3581 5500 ν
3614 5488 3622 5494 ξ

2290 5500 2405 5573 (51)
2435 5499 2638 5573 Paucos
2659 5498 2981 5573 _Catliolicos.
3005 5499 3209 5556 Praeter
3240 5500 3427 5567 laicos,
3456 5500 3549 5573 qui
3573 5499 3696 5557 huic
3720 5517 3834 5557 or-

2188 5570 2479 5629 —din;ntioui
2510 5570 2882 5627 interfuerant.
2920 5573 3144 5628 ALBASP.

2293 5640 2408 5715 (52)
2436 5640 2797 5715 Peccauerunt.
2824 5642 3393 5715 Traditorespfuerant.
3426 5646 3655 5701 ALBASP.

2296 5712 2408 5842 (55)
2442 5714 2543 5767 Aut
2569 5713 2707 5795 quod
2730 5716 2899 5785 imago
2919 5714 3117 5798 fuerat:
3135 5712 3351 5785 Aliquid
3372 5716 3689 5782 antdeesse,
3719 5727 3842 5773 ant

2296 5783 2534 5842 mundare
2560 5784 2771 5842 Videtur
2799 5804 2812 5842 :
2844 5800 2964 5842 nam
3002 5786 3285 5842 periodum
3327 5801 3550 5842 necesse
3582 5795 3663 5842 est
3702 5784 3842 5842 hoc

2228 5783 2534 5847 redundare
2560 5783 2771 5843 Videtur
2799 5804 2812 5842 :
2839 5783 2964 5844 nam
3002 5783 3285 5859 periodum
3327 5801 3550 5853 necesse
3582 5795 3663 5846 est
3702 5784 3846 5855 hoc
