4206 6170
466 276 611 351 Δξων

1724 282 1968 341 SANCTI
2009 283 2187 342 ΟΡΤΑ
2197 283 2264 342 τι
2306 282 2613 343 EPISCOPI

3695 281 3808 338 928

500 400 889 473 indulgentiam
921 402 1115 458 meruit
1148 402 1323 476 (lana:
1350 403 1448 477 tu)
1477 412 1527 459 ι.
1580 402 1696 478 (64)
1726 404 2019 461 Videamus
2056 405 2101 461 si
2130 409 2179 467 Α
2208 404 2508 461 absorbuit.
2539 402 2658 477 (65)
2691 402 2834 459 Intra
2867 401 3127 460 momenti
3155 399 3413 476 spatium,
3436 399 3505 456 ad
3539 399 3813 471 transglu-

504 495 707 565 aliquid
738 496 842 551 tale
871 496 1144 551 consecuti
1174 505 1296 552 sunt
1330 497 1382 552 hi
1406 499 1497 568 qui
1526 498 1753 568 populos
1783 498 1877 553 Dei
1911 498 2096 566 primi-

504 593 594 642 tus
616 588 734 642 ausi
765 596 892 643 sunt
920 587 1187 643 scindere.
1218 588 1322 643 Tot
1351 589 1590 645 millibus
1635 589 1865 645 tiliormn
1912 589 2099 658 lsrael,

504 692 735 749 quorum
779 694 809 733 a
854 679 1155 735 cervicibus
1192 679 1375 735 divina
1407 682 1741 751 providentia
1767 683 1951 754 jugnm
1981 697 2101 739 ser-

505 772 612 828 vile
641 771 938 843 dejecerat,
969 776 1145 829 Aaron
1172 786 1417 830 sanctum
1460 791 1623 831 unum
1669 777 1986 848 prtefecerat
2018 790 2106 830 sa—

504 863 782 920 cerdotem
810 858 999 938 (Num.
1033 865 1175 935 xvr).
1209 865 1317 923 Sed
1349 883 1469 924 cum
1504 868 1737 923 ministri
1769 868 1888 939 ejus
1916 882 2102 923 sacer-

505 958 711 1015 dotium
763 974 872 1014 non
925 960 1029 1019 sibi
1078 959 1321 1015 debitum
1371 961 1850 1031 concupiscentes.
1880 960 2104 1016 seducta

510 1062 667 1123 parte
696 1051 879 1123 populi
912 1051 1100 1107 illicite
1128 1052 1477 1120 invaderent,
1510 1053 1671 1109 ritum
1698 1053 1889 1109 imitati
1919 1069 2104 1110 sacro-

507 1160 653 1212 rum,
682 1144 944 1201 ducentos
967 1186 984 1212 ,
1010 1153 1067 1200 et
1094 1144 1235 1214 quod
1266 1146 1528 1209 excurrit,
1563 1147 1837 1201 ministros
1864 1161 2049 1202 secum
2076 1146 2107 1187 b

442 1262 445 1267 η
510 1239 813 1310 perituros,
841 1252 966 1293 eum
1008 1237 1297 1293 thuribulis
1343 1238 1397 1295 in
1445 1238 1626 1295 fronte
1673 1239 1882 1296 seducti
1925 1239 2108 1311 populi

515 1338 819 1402 posuerunt
847 1348 862 1386 :
890 1329 1035 1386 Dens
1055 1331 1140 1386 cui
1170 1331 1422 1402 displicet
1461 1332 1718 1395 schisma,
1750 1331 1853 1387 hoc
1878 1331 2112 1387 libenter

514 1421 698 1478 videre
727 1438 833 1487 non
865 1424 1056 1492 potuit.
1100 1422 1409 1479 lndixerant
1437 1423 1835 1494 quodammodo
1866 1424 1973 1478 Deo
2000 1422 2112 1478 bel-

515 1515 649 1579 lum,
677 1515 829 1583 quasi
854 1523 999 1571 esset
1028 1516 1165 1572 alter
1193 1516 1351 1580 Deus,
1377 1517 1467 1587 qui
1488 1516 1716 1571 alterum
1740 1517 2009 1585 acciperet
2027 1530 2113 1570 sa-

518 1608 807 1666 crilleium.
850 1610 1020 1681 Igitur
1052 1611 1197 1667 Deus
1232 1625 1328 1680 pro
1355 1610 1613 1683 neglectis
1646 1611 1913 1665 mandatis
1944 1612 2057 1665 suis
2084 1615 2109 1646 °

519 1702 689 1759 iratus
720 1711 802 1757 est
831 1703 908 1757 ira
936 1718 1149 1775 magna,
1181 1713 1238 1759 et
1275 1704 1415 1774 quod
1448 1705 1498 1758 in
1538 1704 1832 1773 sacrilegos
1857 1714 1910 1758 et
1939 1703 2112 1772 parri-

2210 498 2420 553 tiendos
2449 498 2740 568 praedictos
2771 508 2910 553 terra
2941 498 3133 568 patuit,
3166 497 3362 568 rapuit,
3398 494 3580 551 clausa
3609 503 3709 550 est.
3736 494 3810 551 Et

2207 607 2276 647 ne
2304 592 2624 647 beneﬁcium
2655 592 2723 647 de
2765 593 2955 647 mortis
3002 591 3325 662 compendio
3363 590 3622 661 consequi
3652 588 3805 645 vide-

2206 696 2416 753 rentur,
2443 685 2570 741 dum
2617 701 2723 740 non
2770 695 2953 741 essent
2996 684 3141 755 digni
3171 686 3376 749 vivere,
3406 684 3472 738 iis
3520 698 3621 740 nec
3668 682 3809 738 mori

2207 793 2523 834 Concessum
2554 786 2639 834 est
2667 796 2680 833 :
2715 785 2953 833 tartareo
2987 792 3207 832 carcere
3242 776 3421 831 subito
3450 775 3649 840 clausi.
3682 784 3814 831 ante

2209 880 2337 925 sunt
2370 870 2564 938 sepulti
2594 886 2753 941 quam
2787 868 3005 924 mortui.
3026 869 3370 923 Etmiramini
3401 865 3816 938 vobis‘aliquid

2211 964 2317 1019 tale
2346 978 2539 1032 aSpere
2569 961 2766 1016 factum
2788 1003 2801 1025 ,
2834 961 2924 1031 qui
2966 960 3200 1016 schisma
3230 971 3324 1015 ant
3349 959 3526 1014 facitis
3553 967 3646 1013 aut
3673 952 3816 1013 coli-

2210 1054 2279 1110 tis
2308 1064 2357 1122 α,
2385 1070 2507 1109 cum
2533 1053 2763 1110 videatis
2792 1052 2921 1126 quid
2968 1053 3207 1122 magistri
3253 1053 3410 1123 primi
3437 1049 3467 1089 ¹ι
3505 1050 3819 1107 schismatis

2212 1149 2321 1220 pati
2351 1156 2685 1204 meruerunt.
2712 1146 2829 1221 (66)
2861 1148 2943 1204 An
2974 1146 3105 1219 quia
3133 1156 3309 1203 cessat
3339 1145 3459 1201 talis
3500 1145 3662 1201 modo
3688 1144 3817 1200 vin-

2213 1240 2378 1305 dicta,
2409 1240 2531 1296 idco
2564 1240 2657 1296 tibi
2687 1255 2808 1296 cum
2835 1240 2940 1295 tuis
2963 1239 3206 1295 vindicas
3237 1236 3640 1294 innocentiam?
3671 1236 3818 1293 Deus

2214 1333 2266 1388 in
2295 1333 2519 1403 singulis
2560 1333 2723 1388 rebus
2751 1333 3128 1402 exemplorum
3172 1330 3353 1403 posuit
3399 1329 3659 1395 formam;
3692 1329 3818 1402 {67)

2218 1435 2275 1481 ιιι
2318 1427 2387 1481 sit
2430 1426 2572 1497 quod
2619 1427 2848 1497 imputet
2878 1425 3221 1481 imitantibus
3253 1442 3267 1479 :
3301 1425 3471 1495 prima
3502 1431 3718 1493 peccata
3748 1421 3823 1478 ad

2216 1518 2523 1588 exemplum
2557 1532 2797 1588 pratsens
2826 1532 2981 1587 pt'ena
3019 1517 3380 1587 compressit,
3416 1514 3651 1571 secunda
3675 1513 3826 1585 judi-

2218 1609 2304 1665 cio
2332 1609 2629 1664 reservabit
2658 1607 2702 1666 ί.
2732 1609 2872 1679 Quid
2902 1610 2970 1664 ad
3004 1609 3119 1664 haec
3148 1606 3346 1663 dicturi
3377 1608 3531 1672 estis,
3560 1607 3649 1676 qni
3677 1607 3829 1662 sebi-

2220 1710 2630 1773 sma,usurpato
2655 1701 2913 1757 Ecclesiae
2941 1702 3188 1767 nomine,
3213 1709 3269 1757 et
3298 1701 3510 1755 occulte
3542 1700 3555 1751 i
3582 1699 3825 1769 nutritis,

517 1796 692 1850 oidam
727 1809 831 1849 non
874 1794 1096 1860 fecerat,
1126 1796 1180 1851 iu
1214 1796 1588 1852 schismaticos
1628 1796 1773 1851 fecit.
1802 1795 1988 1851 Stabat
2017 1795 2119 1849 mi—
2148 1803 2196 1862 Β
2221 1802 2277 1849 et
2306 1793 2650 1863 impudenter
2676 1792 3009 1850 defenditis?

520 1885 811 1941 niszrorum
843 1888 988 1942 acies
1014 1895 1071 1943 et
1106 1887 1393 1941 multitudo
1419 1888 1704 1957 sacrilega,
1733 1902 1853 1942 cum
1885 1886 2111 1941 interdi-

517 1979 619 2034 ctis
647 1980 928 2060 sacriﬁciis
954 1981 1067 2037 suis
1109 1982 1253 2035 illico
1302 1986 1571 2051 peritura;
1621 1989 1872 2052 negatum
1909 1989 1963 2036 et
1991 1981 2121 2036 sub-

521 2071 746 2128 ductum
789 2082 870 2129 est
918 2074 1251 2141 ptenitentia:
1300 2083 1533 2145 tempus,
1565 2075 1687 2144 quia
1720 2089 1828 2129 non
1856 2075 1977 2129 talis
2004 2080 2123 2129 erat

521 2164 681 2234 culpa
711 2180 832 2235 qua:
864 2166 1076 2220 veniam
1117 2175 1437 2222 mereretur.
1471 2166 1719 2222 Mandata
1748 2176 1832 2222 est
1860 2178 2018 2223 terrae
2046 2168 2122 2222 la-

531 2272 647 2314 mes
681 2275 694 2310 :
725 2258 907 2312 statim
957 2257 1137 2313 lances
1176 2273 1302 2314 suas
1327 2259 1381 2314 in
1416 2260 1597 2329 populi
1640 2260 1908 2315 divisores
1938 2257 1964 2297 (ι
1994 2274 2123 2331 ape—

526 2349 654 2419 ruit,
677 2359 730 2405 et
760 2360 1165 2422 contemptores
1210 2351 1588 2408 mandatorum
1634 2353 1750 2420 Dei,
1779 2352 1940 2407 avido
1968 2367 2066 2409 ore
2094 2357 2119 2386 θ

2294 1890 2398 1961 22
2427 1887 2594 1943 XXII.
2653 1887 2869 1944 Littera
2919 1889 3277 1962 episcOporum
3307 1888 3472 1958 partis
3513 1884 3705 1942 Donati
3756 1886 3832 1941 ad

2220 1980 2615 2036 Constantinum
2636 1982 2822 2049 imper.
2851 1981 3037 2052 quibus
3059 1981 3156 2034 sibi
3175 1989 3351 2052 petunt
3372 1980 3490 2034 dari
3508 1978 3824 2053 judiccs.—-

2225 2074 2330 2131 Sed
2358 2076 2481 2146 quia
2526 2075 2688 2129 audio
2717 2075 2930 2145 aliquos
2960 2074 3026 2130 de
3054 2074 3319 2130 societate
3362 2080 3450 2127 tua
3469 2114 3485 2139 ,
3516 2070 3760 2143 litigandi
3799 2069 3832 2108 ιι

2225 2169 2408 2227 studio
2439 2170 2551 2242 (68)
2580 2169 3024 2226 chartas‘habere
3056 2169 3238 2224 nescio
3264 2182 3437 2239 quas;
3473 2165 3835 2238 qnmrendum

2225 2271 2309 2318 est
2329 2305 2343 2329 ,
2373 2262 2571 2335 quibus
2593 2262 2666 2317 sit
2697 2260 3083 2317 accommanda
3138 2259 3293 2327 ﬁdes,
3323 2275 3445 2331 quae
3468 2274 3590 2314 cum
3619 2258 3835 2313 ratione

2224 2355 2591 2423 concordent,
2635 2371 2755 2428 qua:
2786 2355 2901 2427 (69)
2957 2369 3079 2410 cum
3126 2353 3353 2409 veritate
3405 2351 3739 2408 conlibulent
3769 2348 3838 2407 1?

1732 2472 2113 2531 LECTIONES
2150 2474 2569 2532 VARIANTES.

550 2624 562 2635 .
588 2565 613 2594 ⁸
649 2564 704 2615 Ιιι
728 2580 816 2615 ms.
845 2568 895 2617 S.
921 2566 980 2618 G.
994 2566 1186 2631 jejunio
1202 2569 1343 2634 parvi
1363 2568 1591 2634 temporis
1607 2566 1846 2621 celebrato
1868 2566 2122 2634 indulgen-

524 2631 642 2677 tiam
669 2637 964 2682 meruerunt.

587 2687 614 2725 δ
651 2690 805 2742 Deest
828 2694 877 2741 in
902 2705 993 2742 ms.
1013 2694 1062 2742 S.
1092 2692 1152 2744 G.

588 2754 613 2819 ἒ
652 2753 721 2803 Ita
754 2760 803 2805 in
842 2769 956 2806 mss.
991 2758 1043 2805 S.
1071 2755 1135 2819 'l'.
1158 2762 1211 2806 et
1245 2756 1313 2819 P1
1333 2757 1387 2806 S.
1426 2767 1487 2805 ex
1519 2757 1699 2818 quibus
1736 2756 1875 2819 suppl
1899 2761 1992 2805 ~tnr
2030 2768 2123 2805 vox

523 2818 645 2876 suis,
671 2830 781 2881 qua:
804 2819 980 2881 deerat
1009 2819 1056 2866 in
1080 2818 1241 2868 editis.
1278 2818 1565 2881 Exscriptor
1588 2819 1767 2867 codicis
1795 2818 1847 2867 S.
1873 2819 1933 2868 [ἰ.
1966 2826 2124 2867 marte

523 2891 614 2929 suo
641 2879 1130 2944 videturesplicasse
1155 2881 1260 2931 haec
1283 2879 1588 2944 verba,‘cum
1624 2882 1730 2930 loco
1752 2894 1922 2930 eorum
1942 2884 2122 2943 posuit,

524 2953 615 3004 pro
635 2936 762 3004 facta
784 2936 1055 3004 schismate.

589 3011 616 3041 ιι
655 3002 705 3069 [n
735 3020 823 3056 ms.
851 3006 902 3055 S.
930 3004 990 3069 β.
1013 3002 1068 3069 in
1092 3017 1257 3055 necem
1279 3002 1447 3069 pepuli
1471 3003 1714 3067 divisoris,
1753 3008 1915 3057 minus
1938 3005 2089 3056 bene.

593 3068 617 3097 θ
653 3065 705 3116 In
730 3082 818 3119 ms.
841 3070 890 3118 S.
922 3067 978 3118 G.
1004 3065 1156 3120 hiatu.

596 3126 615 3165 τ
652 3129 705 3179 In
727 3146 816 3181 ms.
843 3132 896 3181 S.
920 3129 980 3180 (ἶ.
1004 3130 1053 3181 in
1076 3144 1175 3182 vos.

591 3194 618 3233 Β
646 3196 697 3244 In
722 3208 813 3244 ms.
839 3196 899 3257 S.
909 3192 1080 3257 linqui
1100 3189 1311 3245 schisma
1328 3199 1557 3257 usurpato
1580 3192 1812 3245 Eccksitz
1832 3194 2021 3244 nomine
2042 3200 2124 3243 aut

524 3255 688 3317 facitis
719 3263 799 3307 aut
824 3253 1066 3317 colligitis.

586 3318 617 3357 h
655 3320 708 3369 lu
731 3334 819 3369 ms.
846 3320 900 3369 S.
925 3315 983 3369 G.
1010 3315 1229 3382 magistri
1246 3317 1393 3367 vestri
1413 3315 1658 3382 primitivi.

598 3382 612 3420 ί
655 3382 811 3432 Locus
835 3383 928 3431 iste
951 3380 1246 3442 perdtlﬁcilis
1266 3380 1555 3442 quihusdam
1582 3383 1713 3430 visus
1736 3387 1831 3439 est,
1856 3388 1909 3430 et
1934 3382 2069 3430 varie
2096 3396 2123 3431 a

527 3446 675 3494 variis
702 3452 932 3504 vexatus;
959 3443 1102 3504 hujus
1127 3451 1290 3491 tamen
1321 3442 1473 3492 facilis
1502 3456 1554 3492 et
1580 3442 1717 3503 plaua
1743 3451 1819 3492 est
1840 3444 2088 3493 Sententia
2107 3478 2121 3504 ,

527 3504 570 3553 si
596 3504 739 3556 modo
764 3508 827 3554 ita
848 3507 1241 3565 interpungatur,
1274 3511 1327 3565 nt
1346 3517 1373 3551 a
1394 3505 1535 3552 nobis
1557 3504 1731 3553 laetum
1753 3512 1849 3560 est.
1875 3513 1926 3553 et
1949 3504 2124 3555 obser-

531 3574 690 3617 vatum
710 3568 760 3617 in
782 3580 875 3616 ms.
895 3567 950 3617 S.
974 3563 1033 3619 Τ,
1060 3569 1124 3616 ita
1151 3573 1203 3615 ut
1225 3563 1386 3628 prima
1406 3571 1624 3629 peccata,
1648 3579 1741 3615 nou
1764 3566 2043 3617 referantur
2064 3569 2123 3618 ad

2228 2569 2532 2632 participium
2554 2565 2866 2624 imitantibus.
2889 2568 2980 2617 sed
3005 2567 3065 2616 sd
3093 2566 3389 2632 sequentia:
3413 2571 3528 2632 tunc
3554 2563 3686 2632 enim
3707 2561 3848 2612 nihil

2225 2624 2434 2695 amplius
2450 2631 2764 2695 obscuritatis
2792 2640 2888 2692 est,
2915 2633 2963 2679 in
2990 2624 3250 2693 posteriori
3291 2627 3545 2695 membro,
3570 2624 3639 2674 ad
3661 2636 3846 2695 exem-
3880 2636 3885 2645 '

2225 2686 2360 2756 plu'm
2382 2690 2543 2754 prima
2565 2700 2763 2756 pe_rca_ta
2783 2686 3002 2756 μνώεο)ιὲ
3017 2704 3169 2756 pmua
3182 2688 3495 2756 compressit,
3512 2686 3732 2756 secunda
3753 2686 3847 2750 itt-

2382 2728 3495 2823 ,πέςξῑτηςάιῖξῖὲῖιςϊῑξίξπιρνέῖι’έ“εεῖνέέίξέῐέῖῖς
3508 2728 3847 2823 {missi

2229 2818 2306 2885 hic
2324 2818 2488 2885 jacet,
2509 2820 2608 2885 nisi
2642 2817 2769 2881 quod
2804 2824 2914 2885 post
2940 2817 3147 2885 verbum
3168 2814 3377 2885 nuptaet
3401 2855 3415 2879 ,
3438 2814 3596 2885 addita
3622 2818 3696 2860 est
3717 2823 3846 2885 eoq-

2221 2872 2412 2942 junétio
2434 2872 2487 2930 εί
2508 2882 2554 2929 in
2585 2872 2712 2930 lttn'tc
2740 2872 2951 2936 modum,
2974 2879 3174 2942 imputet
3196 2872 3586 2942 et'imitahtipus,
3609 2872 3741 2936 quod
3764 2875 3847 2922 Vi-

2225 2937 2374 3005 detur
2397 2943 2719 3005 superﬂuum.
2751 2942 2811 2990 At
2845 2937 3119 3005 exscrier
3153 2942 3334 3005 codicis
3373 2941 3428 2991 S.
3455 2937 3515 2988 (ἶ.
3542 2938 3698 3005 loeu_m
3738 2949 3844 3005 non

2232 2998 2537 3074 intelligens,
2574 3005 2856 3074 depravavit
2890 3012 2944 3054 et
2971 2998 3284 3074 interpolavit
3312 3003 3404 3053 hoc
3434 3008 3603 3074 9³639³

2229 3058 2435 3133 singulis
2455 3058 2606 3133 rebus
2626 3058 2959 3133 exemplorum
2983 3058 3139 3130 posuit
3157 3062 3385 3133 formam,
3407 3058 3461 3115 ut
3587 3058 3718 3126 quod
3743 3058 3845 3109 im—

2230 3126 2357 3191 put'et
2382 3127 2676 3181 imitantibus
2698 3142 2716 3180 :
2738 3126 2909 3200 prima
2936 3126 3183 3200 prwcepta
3201 3128 3281 3200 .ad_
3291 3188 3301 3199 _
3313 3126 3590 3199 ea‘emplum
3827 3162 3843 3184 ν

2230 3188 2444 3254 praesens
2467 3204 2609 3253 paena
2630 3188 3168 3254 compressit,'serunda
3194 3188 3379 3253 iudicio
3403 3188 3681 3241 reservabit.

2301 3253 2317 3305 ἰ
2361 3254 2416 3304 In
2440 3252 2528 3305 ms.
2555 3255 2605 3303 S.
2634 3253 2691 3303 G.
2712 3252 2872 3303 stulte.

2295 3316 2321 3379 lt
2356 3316 2410 3366 In
2435 3331 2525 3367 ms.
2552 3317 2604 3365 Β.
2632 3314 2689 3379 G.
2713 3313 2974 3379 litigantes,
3002 3314 3093 3379 sed
3116 3312 3259 3363 male.

2296 3378 2315 3419 1
2356 3379 2410 3428 In
2434 3394 2549 3429 mss.
2566 3375 2882 3448 confabulértt.
2904 3378 2960 3428 In
2982 3378 3143 3448 editis,
3162 3375 3549 3448 confabulemur.
3562 3376 3840 3448 (Aptii'sjtne

2226 3442 2285 3504 ad
2310 3455 2529 3504 sensum,
2553 3440 2861 3504 con/ibulent,
2884 3454 2971 3504 pro
2993 3440 3263 3504 concinam,
3288 3440 3649 3504 conuerttmtur.
3677 3440 3843 3494 Fibu-

2226 3474 2361 3565 ῖᾶἓιέῖ
2369 3474 2537 3556 ’ἑῖἭᾶ
2553 3474 3515 3565 ἓέΒξιῖ“ἷιῖ”ιὶἒιιῗ’ἔεῖ“ἔιέἵὲι“ἰὲἰυῖἷι”ἑὶῑέἲὶἑζ

1870 3674 2227 3733 VARIORUM
2265 3675 2495 3732 NOTJE.

606 3772 662 3846 (6
667 3771 719 3846 _l_)
754 3771 1027 3846 Videamus
1048 3769 1331 3846 si_aliquid
1356 3769 1457 3825 tale
1479 3770 1734 3825 consecuti
1758 3780 1899 3829 sunt.
1927 3768 1988 3826 Si
2017 3774 2130 3828 ἀντὶ

536 3842 637 3898 Art.
666 3843 781 3898 Val.
815 3842 1043 3898 Flaccus
1069 3843 1162 3900 lib.
1205 3858 1297 3898 vut
1331 3860 1344 3896 :

783 3956 963 4020 Oculos
985 3956 1131 4020 longe
1153 3962 1314 4020 tenet,
1341 3970 1490 4006 aurea
1514 3961 1552 4007 si
1572 3960 1669 4019 jam

724 4019 895 4083 Pellis,
924 4025 976 4069 et
992 4019 1172 4070 oblatis
1189 4019 1458 4070 clarescant
1480 4020 1603 4070 atria
1628 4019 1771 4070 villis.
1839 4021 2034 4072 INCIIIT.

606 4146 718 4219 (63)
760 4147 909 4219 Infra
940 4148 1182 4219 momenti
1209 4148 1769 4216 spatium,adtransg.,
1796 4157 1903 4205 etc.
1938 4146 2132 4203 Trans-

574 4218 725 4274 lntire
751 4218 887 4274 dixit
918 4234 1015 4286 pro
1045 4218 1109 4273 de
1147 4221 1315 4274 lutire.
1362 4220 1643 4287 Quomodo
1682 4220 1982 4290 Cyprianus
2033 4223 2125 4284 (an

532 4233 959 4344 ierlullianus?)
1013 4291 1063 4343 in
1110 4237 1306 4344 éenesi
1363 4298 1650 4344 poemate.
1702 4306 1755 4344 ν.
1810 4290 1875 4344 51
1923 4301 1976 4344 et
2021 4289 2125 4344 57.

581 4290 959 4355 erlullianus?)
1013 4291 1063 4343 in
1111 4289 1306 4346 Genesi
1363 4298 1650 4359 poemate.
1702 4289 1755 4346 vi.
1810 4290 1875 4345 51
1923 4301 1976 4347 et
2021 4289 2125 4359 57,

534 4368 805 4416 trnnsvena
839 4376 933 4429 pro
952 4362 1148 4415 advena
1175 4360 1360 4415 utitur.
1405 4362 1620 4417 INCER‘I‘.

607 4432 739 4487 Ibid.
775 4430 924 4486 Intra
948 4434 1187 4488 momenti
1217 4433 1464 4498 spatium,
1497 4442 1603 4488 etc.
1635 4431 1926 4503 Eleganter
1954 4432 2040 4487 hic
2058 4431 2128 4488 ab

536 4500 734 4568 Optato
772 4504 839 4558 ad
868 4503 1280 4570 exprimendam
1311 4504 1390 4559 rei
1417 4500 1759 4560 celeritatem
1777 4505 1973 4571 oratio,
2004 4520 2127 4574 quae

540 4583 764 4655 vocatur
800 4573 1449 4655 éedvds-ro;_adhi_|_tetur,_
1483 4576 1637 4655 (ωδειί
1690 4575 1930 4655 imitatus
1982 4573 2127 4655 esset
2159 4596 2205 4655 υ

536 4643 665 4699 illttd
692 4644 923 4701 Caesaris
943 4688 958 4711 ,
1000 4647 1141 4712 veni,
1172 4647 1297 4710 vidi,
1350 4647 1468 4701 vici.
1502 4645 1571 4701 Et
1611 4660 1742 4701 sane
1769 4645 1911 4700 haud
1940 4645 2132 4714 vulga-

537 4730 649 4771 rem
680 4717 796 4786 ejns
823 4718 1142 4787 elegantiam
1166 4760 1180 4783 ,
1206 4733 1305 4771 nec
1327 4718 1504 4771 minus
1530 4718 1826 4786 ingenium,
1861 4715 2129 4785 prmcipue

536 4803 659 4859 cum
701 4790 974 4859 quippiam
1019 4800 1200 4843 narrat
1232 4796 1325 4841 aut.
1353 4788 1617 4859 describit
1640 4788 1804 4840 multa
1835 4796 2126 4859 testantur.

538 4857 754 4914 Utinam
789 4857 885 4930 par
913 4860 1104 4915 fuisset
1129 4860 1384 4913 eruditio.
1414 4857 1551 4930 Nam,
1570 4858 1878 4930 disputante
1904 4858 1994 4913 illo
2018 4860 2132 4925 ple-

539 4946 766 5001 rumque
792 4928 812 4985 ':
850 4933 943 4987 sed
976 4931 1044 4985 de
1072 4939 1258 4985 sancto
1306 4930 1425 4983 viro
1469 4928 1595 4983 nolo
1646 4928 1937 5001 quidquam
1981 4945 2134 5001 acer-

538 4999 691 5074 binsi
721 5004 988 5074 prmcipue
1014 5017 1137 5074 cum
1171 5001 1430 5074 temporis
1474 5015 1635 5069 quam
1678 4999 1908 5055 hominis
1958 5000 2135 5057 infeli-

538 5072 675 5128 t-itas
706 5070 821 5131 limo
850 5070 1030 5130 fuerit.
1064 5072 1132 5127 Μ.
1165 5070 1398 5127 Csssus.

612 5144 726 5219 (66)
784 5148 863 5200 An
889 5146 1009 5219 quia
1036 5144 1614 5219 cessat._'l‘ertul|ianus
1636 5144 1704 5219 de
1734 5143 1998 5219 Patientia
2034 5155 2137 5219 aut

536 5216 631 5269 sua
660 5218 755 5271 sibi
787 5217 1030 5285 patientia
1068 5216 1335 5283 detrahat;
1362 5219 1534 5286 plures
1575 5216 1709 5270 enim
1754 5216 2028 5271 Dominum
2054 5217 2137 5270 id-

536 5289 674 5341 circo
700 5304 802 5341 non
832 5289 1043 5341 credunt
1060 5327 1076 5354 ,
1105 5289 1225 5354 quia
1243 5290 1432 5343 steculo
1450 5288 1640 5341 iratum
1663 5287 1855 5342 tamdiu
1878 5288 2133 5345 nesciunt.

1716 5363 1857 5413 Ausa
1866 5373 1942 5412 sv.

613 5428 632 5499 (
640 5427 735 5498 67)
762 5428 829 5483 Ut
848 5430 912 5484 sit
927 5430 1066 5500 quod
1088 5428 1300 5497 imputet
1311 5440 1357 5484 et
1376 5430 1699 5501 imitantibus
1718 5431 1886 5501 prima
1905 5440 2130 5496 peccata.

542 5502 610 5557 Τὸ
639 5509 723 5565 et,
757 5517 861 5555 non
885 5513 969 5557 est
999 5504 1090 5558 bie
1137 5506 1370 5555 otiosum
1393 5542 1408 5564 ,
1452 5500 1547 5553 sed
1585 5500 1761 5570 magni
1787 5508 1842 5555 et
1870 5501 2137 5570 elegantis

545 5588 693 5628 usus.
731 5570 800 5627 Ut
821 5574 893 5641 sit
915 5615 928 5637 ,
961 5574 1169 5643 inquit,
1197 5571 1341 5643 quod
1373 5570 1570 5626 merito
1617 5570 1682 5625 iis
1713 5572 1933 5639 imputet
1957 5615 1971 5639 ,
2000 5588 2136 5643 quo-

541 5659 644 5724 que
671 5647 1070 5724 ἀναπολογήτοις
1100 5662 1200 5724 eos
1226 5646 1418 5724 reddat
1433 5685 1449 5710 ,
1474 5646 1796 5724 quicumque
1826 5654 2138 5724 peccatores

544 5720 745 5788 primos
777 5727 886 5777 tam
904 5716 1293 5788 exemplariter
1323 5733 1352 5771 a
1387 5716 1496 5772 Deo
1526 5717 1760 5786 punitos,
1792 5730 1954 5788 porro
1976 5721 2137 5774 susti-

532 5801 658 5847 nent
688 5791 907 5850 imitari.
936 5790 1090 5865 Quod
1118 5800 1298 5849 autem
1327 5790 1573 5863 suquiutr
1600 5791 1654 5847 iu
1685 5792 1875 5848 eadem
1910 5800 2134 5847 senten-

2236 3771 2306 3825 tia
2343 3796 2355 3824 -.
2386 3769 2453 3824 ad
2481 3768 2769 3833 exemplum
2805 3782 3212 3840 prtesenspuma
3241 3766 3575 3840 compressit.
3605 3773 3852 3827 securula

2226 3842 2432 3915 judicio
2459 3840 2763 3915 reservabit,
2796 3838 2931 3915 cum
2951 3838 3106 3915 nulla
3135 3838 3421 3915 commoda
3468 3842 3744 3894 sententia
3776 3861 3851 3899 ex

2238 3909 2322 3969 his
2363 3914 2504 3970 eilici
2552 3911 2761 3979 possit,
2812 3909 2968 3966 facile
3016 3909 3147 3963 mihi
3197 3909 3440 3979 quemvis
3486 3925 3847 3970 accessurum

2238 3994 2366 4053 pttto
2385 4026 2400 4050 ,
2435 3999 2531 4052 per
2558 3999 2715 4052 quem
2749 3982 2852 4038 levi
2879 3996 2941 4036 ac
2962 3981 3106 4035 nulla
3130 3994 3307 4053 prOpe
3327 3981 3627 4036 litterarum
3652 3995 3851 4039 muta-

2237 4052 2384 4111 tione
2411 4054 2789 4123 corrignndutn
2819 4068 2941 4108 esse
2962 4093 2978 4117 ,
3005 4053 3075 4105 ad
3103 4052 3396 4114 exemplum
3426 4068 3653 4123 presseris
3681 4073 3851 4123 paena

2238 4144 2355 4181 cum
2383 4126 2636 4194 ντωεεδδὶι
2656 4167 2670 4188 ,
2700 4123 2978 4180 secundam
3014 4125 3219 4194 judicio
3263 4124 3579 4187 reservabit,
3615 4123 3705 4181 vel
3756 4146 3852 4182 se-

2236 4200 2403 4271 cunda
2420 4198 2625 4271 judicio
2647 4195 3003 4271 reservabitur.
3037 4195 3170 4249 Cum
3202 4194 3391 4271 inquit,
3411 4210 3563 4271 patrm
3583 4212 3851 4271 prta-seris,

2238 4269 2290 4324 id
2320 4266 2503 4324 est'in
2534 4274 2635 4323 hoc
2685 4267 2882 4322 steculo
2925 4276 3112 4321 exacta
3147 4266 3361 4335 publice
3389 4276 3444 4319 et
3483 4268 3535 4321 in
3586 4266 3852 4326 omnium

2236 4350 2560 4408 couSpectu,
2590 4340 2655 4394 ad
2686 4338 3026 4407 exemplum;
3059 4346 3356 4410 postquam,
3387 4336 3506 4410 lucc
3534 4352 3694 4407 ptent:
3723 4340 3851 4410 jam

2236 4406 2552 4481 praecessit,
2568 4426 2673 4465 non
2697 4406 2889 4464 mirum
2918 4418 3032 4475 est,
3061 4406 3106 4464 si
3142 4408 3285 4464 Deus
3312 4406 3520 4464 similes
3538 4406 3741 4478 ptenas'
3774 4414 3854 4469 ab

2236 4480 2488 4537 omnibus
2512 4480 2875 4536 schismaticis
2902 4495 3007 4534 non
3041 4483 3257 4548 exigat,
3286 4494 3407 4534 cum
3448 4482 3753 4537 secundam
3789 4493 3853 4539 et

2236 4550 2597 4625 quaecumque
2615 4563 2796 4621 postea
2822 4552 3164 4625 debebuntur
3193 4550 3511 4625 eonomine
3535 4555 3855 4621 peccatori-

2234 4624 2332 4679 bus
2361 4621 2567 4691 ptnuaa,
2601 4638 2791 4679 omnes
2815 4637 2909 4679 eas
2936 4622 3227 4677 universali
3265 4621 3469 4689 judicio
3517 4638 3856 4681 reservave-

2230 4696 2321 4750 rit.
2354 4693 2585 4751 Possunt
2609 4694 2772 4750 etiam
2802 4696 2917 4748 lucc
2944 4695 3102 4749 latins
3131 4693 3197 4748 de
3224 4693 3504 4762 quibusvis
3527 4697 3850 4764 peccatori-

2233 4765 2331 4823 bus
2363 4766 2607 4837 intelligi.
2638 4766 2704 4821 M.
2735 4764 2967 4821 Csswn.

2308 4860 2427 4933 (68)
2457 4860 2675 4933 Chartas
2699 4859 2903 4933 habere.
2929 4856 3176 4933 Mandata
3206 4857 3535 4933 principum,
3564 4868 3684 4933 acta
3706 4874 3855 4916 con-

2235 4929 2508 4998 ciborum,
2533 4932 2793 4996 epistolas
2820 4929 3108 4996 Mensurii,
3131 4937 3185 4983 et
3214 4929 3411 4984 similia
3453 4930 3524 4985 de
3552 4932 3759 5000 quibus
3791 4935 3852 4988 in

2237 5004 2528 5059 collatione
2554 5000 2691 5057 facta
2724 5009 2808 5056 est
2832 5001 3054 5056 mentio.
3087 5007 3313 5055 Messe.

2316 5074 2433 5147 (69)
2467 5071 2596 5128 Cum
2624 5074 2833 5128 veritate
2862 5072 3277 5147 confabulemur.
3321 5069 3662 5142 Confabulari
3687 5113 3703 5140 ,
3741 5089 3857 5147 pro

2241 5143 2558 5208 consentire,
2592 5154 2831 5214 usurpat.
2864 5143 3070 5198 Banrn.

2315 5216 2449 5273 lbid.
2481 5216 2607 5283 Quae
2626 5212 2742 5269 cum
2768 5216 2975 5269 veritate
2995 5212 3409 5285 confabulemur.
3433 5213 3549 5269 Non
3577 5217 3855 5272 observa-

2242 5299 2353 5344 tum
2384 5290 2511 5341 mihi
2543 5287 2670 5342 alibi
2698 5286 2918 5341 verbum
2953 5286 3052 5340 hac
3079 5290 3318 5341 notione.
3339 5286 3851 5355 Egoadulterinum

2240 5373 2537 5425 censeo,ae
2564 5359 2683 5413 loco
2704 5358 2847 5413 illius
2868 5356 3256 5428 reponendum,
3283 5356 3674 5424 con/ibstentur.
3699 5358 3856 5415 Ter-

2244 5431 2495 5485 tullianus
2536 5431 2612 5484 sic
2657 5440 2877 5500 usurpat
2906 5445 3011 5481 non
3040 5427 3208 5500 semel
3230 5469 3243 5490 ,
3276 5438 3331 5483 ct
3374 5427 3595 5500 quidem
3627 5446 3853 5497 praece—

2239 5500 2403 5557 dente
2427 5544 2442 5568 ,
2477 5510 2534 5554 nt
2563 5501 2667 5562 hic,
2696 5499 2983 5554 concordia:
3013 5499 3094 5554 vel
3125 5499 3472 5552 concordandi
3498 5500 3701 5557 verbo.
3740 5502 3847 5557 lib.

2242 5571 2311 5627 de
2334 5573 2528 5629 Triuit.
2562 5572 2697 5643 (sive
2721 5572 2810 5625 ille
2836 5571 3152 5643 Tertulliani
3179 5571 3340 5626 fmtns
3370 5577 3456 5625 est
3475 5613 3490 5635 ,
3517 5571 3629 5643 sive
3650 5569 3853 5626 Nova-

2242 5646 2397 5719 tiani)
2442 5646 2508 5701 de
2556 5642 2773 5719 Christo
2802 5643 3029 5719 loquens
3059 5661 3072 5697 :
3120 5642 3375 5719 Quoniam
3404 5644 3447 5697 si
3474 5642 3543 5695 ad
3572 5642 3852 5719 hominem

2238 5712 2497 5781 veniebat,
2523 5725 2579 5770 ut
2607 5715 2853 5770 mediator
2874 5712 2996 5769 'Dei
3042 5724 3087 5770 et
3136 5715 3401 5769 hominum
3441 5731 3550 5769 esse
3591 5712 3847 5780 deberet,

2237 5791 2462 5862 oportuit
2485 5789 2632 5845 illum
2660 5802 2774 5843 cum
2796 5803 2858 5843 eo
2878 5802 3006 5853 esse,
3026 5797 3074 5841 et
3109 5785 3333 5842 Verbum
3362 5803 3566 5843 carnem
3592 5784 3710 5875 ﬁeri
3732 5826 3751 5852 ,
3775 5797 3845 5842 ut
