4206 6170
387 229 504 288 948

1164 236 1256 293 ne
1292 236 1686 297 SCillSMATE
1725 222 2275 325 nous't'ts‘rsnun
2342 252 2544 309 LIBER
2583 251 2967 311 SECUNDUS.

3614 265 3721 322 946

390 346 499 414 tur,
552 345 688 402 facta
711 355 818 413 est,
854 359 909 403 ct
933 348 1102 406 debet
1130 350 1319 406 laudes
1343 356 1579 409 creatori
1612 370 1733 411 suo.
1768 357 2010 429 Denique
2037 366 2089 423 Α
2116 359 2384 430 Ecclesia,
2413 381 2534 436 qum
2561 367 2614 422 in
2639 368 2757 438 lege
2783 369 2911 422 est?
2938 384 3098 440 quam
3128 372 3173 428 si
3201 376 3344 443 apud
3364 391 3460 433 vos
3481 386 3720 434 tantum-
3794 422 3801 435 κ

388 448 871 506 commemoratur,
907 443 1117 513 Spiritu
1147 453 1340 499 sancto
1382 444 1660 512 hortante,
1690 458 1745 503 et
1797 449 2013 508 dicente

2117 452 2281 507 modo
2328 471 2452 512 esse
2481 458 2683 523 dicitis,
2717 458 2980 517 fraudatis
3005 477 3165 519 aures
3202 466 3318 522 Dei.
3366 468 3423 526 Si
3477 484 3576 525 vos
3619 470 3725 526 soli

389 531 448 587 in
475 532 992 623 cxnpsalmo,ldum
1026 534 1197 590 dicit:
1231 535 1559 592 laudandum
1592 556 1776 594 nomen
1804 541 2012 597 Domini
2113 541 2364 606 laudatis.
2398 555 2543 603 totus
2572 548 2770 604 tacebit
2803 551 2951 606 orbis
2975 594 2992 620 ,
3047 555 3135 624 qui
3192 567 3274 611 est
3322 559 3392 613 ab
3424 569 3546 615 ortu
3593 560 3728 616 solis

388 624 457 678 ab
504 634 619 677 ortu
648 624 771 679 solis
797 641 960 696 usque
1001 626 1075 680 ad
1122 641 1410 681 occasum:
1459 637 1519 684 et
1562 631 1759 684 iterum
1804 631 1858 686 in
1904 648 2009 688 xcv
2110 649 2286 703 usque
2307 639 2372 693 ad
2395 656 2671 696 occasum.
2702 641 2980 701 Clausistis
3006 661 3098 702 ora
3118 638 3359 706 omnium
3387 652 3733 711 Christiana-

388 717 638 788 psalmo:
669 726 868 772 cantate
909 718 1138 774 Domino
1180 720 1446 774 canticum
1496 736 1707 776 novum.
1758 722 1812 779 Si
1866 723 2007 780 hunc

389 823 610 864 versum
656 809 831 863 solum
870 810 1098 875 diceret,
1149 809 1388 881 possetis
1444 811 1467 831 ‘
1520 812 1728 879 dicere,
1755 794 1878 884 quia
1907 830 2005 871 vos

391 901 540 956 solos
571 902 812 957 hortatus
854 912 938 959 cst
964 904 1197 974 Spiritus
1226 911 1482 957 sanctus.
1517 905 1626 960 Sed
1661 915 1718 960 ut
1746 907 2001 963 ostende-

392 1003 499 1059 ret,
531 995 651 1065 quia
681 1010 785 1049 non
814 996 880 1050 ad
908 1012 1003 1053 vos
1029 998 1171 1053 solos
1194 995 1401 1051 dictum
1437 1006 1571 1063 est,
1601 998 1696 1053 sed
1720 999 1786 1054 ad
1819 1000 2003 1056 Eccle-

390 1086 529 1141 siam
572 1101 691 1157 qute
736 1087 936 1157 ubique
982 1098 1084 1153 est,
1132 1095 1349 1142 secutus
1385 1095 1510 1150 est,
1545 1088 2002 1146 dicenszcantate

387 1176 650 1239 Dominob
670 1221 684 1245 ,
716 1181 883 1234 omnis
909 1188 1043 1234 terra
1063 1197 1082 1235 :
1104 1180 1441 1251 pronuntiata
1474 1180 1534 1233 in
1565 1182 1799 1252 gentibus
1829 1195 1851 1223 ε
1882 1184 1998 1257 glo-

384 1270 517 1324 riam
545 1270 730 1340 ipsius,
773 1273 828 1324 in
868 1271 1100 1325 omnibus
1132 1268 1337 1343 populis
1380 1269 1661 1326 mirabilia
1699 1275 1828 1345 ejus.
1859 1273 1996 1328 Pro-

383 1365 638 1429 nuntiate,
662 1364 855 1435 inquit,
888 1365 940 1419 in
967 1363 1198 1438 gentibus
1225 1359 1287 1416 d:
1329 1377 1441 1418 non
1471 1363 1615 1419 dixit
1644 1365 1697 1420 in
1728 1367 1991 1436 particula

382 1454 596 1523 Africae,
641 1456 729 1511 ubi
765 1470 860 1511 vos
896 1456 1026 1511 estis
1054 1472 1067 1510 :
1099 1455 1432 1527 pronuntiata
1456 1497 1474 1518 ,
1513 1456 1709 1525 inquit,
1738 1457 1793 1511 in
1821 1459 1989 1512 omni-

382 1549 475 1605 bus
499 1550 703 1622 populis
737 1545 762 1605 :'
784 1551 873 1621 qui
901 1563 1092 1605 omnes
1120 1547 1348 1619 populos
1389 1546 1561 1615 dixit,
1592 1550 1863 1606 neminem
1894 1566 1990 1606 ex-

379 1643 561 1713 cepit:
613 1649 670 1698 et
704 1657 802 1698 vos
837 1642 985 1697 solos
1027 1641 1094 1696 ab
1132 1640 1383 1695 omnibus
1414 1641 1657 1710 populis,
1696 1641 1766 1697 de
1791 1643 1989 1713 quibus

379 1736 485 1792 hoc
515 1737 825 1793 mandatum
868 1744 972 1805 est,
1018 1743 1297 1806 separatos
1326 1747 1454 1789 esse
1484 1734 1831 1804 gratulamiui
1863 1755 1878 1791 :
1928 1745 1983 1792 et
2015 1742 2065 1803 Β

380 1829 544 1885 vultis
590 1843 688 1885 vos
743 1829 893 1886 solos
945 1842 1069 1883 esse
1121 1835 1285 1881 totum
1311 1866 1327 1888 ,
1358 1825 1456 1894 qui
1480 1826 1535 1879 in
1557 1828 1703 1881 omni
1737 1835 1851 1883 toto
1878 1844 1987 1883 non

378 1925 514 1979 estis
546 1932 591 1975 ε’.
637 1920 1018 1987 Laudandum,
1042 1918 1243 1989 inquit,
1273 1933 1458 1971 nomen
1482 1916 1710 1986 Domini,
1744 1930 1793 1973 et
1822 1937 1855 1974 a
1875 1929 1983 1975 tota

379 2024 537 2079 terra,
578 2022 625 2067 et
661 2012 723 2066 ab
756 2022 874 2067 ortu
915 2011 1042 2067 solis
1069 2025 1227 2080 usque
1264 2009 1331 2063 ad
1353 2024 1629 2077 .occasum.
1664 2010 1781 2080 (10)
1812 2011 1978 2067 Num-

379 2105 510 2175 quid
539 2103 738 2174 Pagani
765 2112 917 2158 extra
945 2101 1149 2174 legales
1185 2098 1203 2138 ί
1236 2099 1352 2171 (11)
1387 2110 1615 2169 possunt
1638 2113 1729 2156 aut
1758 2112 1979 2158 cantare

310 2234 315 2237 -
381 2195 519 2265 Deo,
560 2203 652 2250 aut
680 2193 900 2250 laudare
931 2208 1130 2249 nomen
1175 2191 1412 2257 Domini,
1459 2199 1515 2247 et
1562 2207 1670 2247 non
1708 2194 1821 2249 sola
1851 2194 1974 2265 (l2)

2108 742 2228 783 rum
2259 734 2499 799 gentium
2528 753 2541 788 :
2575 734 2845 790 indixistis
2875 737 3150 795 silentium
3182 745 3396 813 pOpulis
3424 726 3745 816 universis;

2068 822 2073 827 ’
2106 820 2277 877 Deum
2308 839 2407 894 per
2433 835 2710 881 momenta
2743 827 2967 884 laudare
2994 836 3359 902 cupientibus.
3394 837 3569 909 Igitur
3594 840 3640 895 si
3671 852 3729 896 et

2105 912 2248 968 Deus
2274 915 2487 973 debitas
2519 918 2624 971 sibi
2654 918 2841 975 laudes
2872 933 3241 993 exspectat,et
3262 936 3322 982 ut
3352 942 3579 996 sonent,
3602 930 3728 1002 Spi-

2101 1003 2238 1059 ritus
2279 1016 2501 1063 sanctus
2548 1007 2821 1076 hortatur,
2870 1021 2926 1067 et
2966 1021 3110 1070 totus
3158 1019 3308 1073 orbis
3360 1022 3512 1090 quod
3561 1022 3731 1080 debet

2100 1092 2235 1159 Deo,
2297 1106 2522 1166 paratus
2547 1108 2632 1154 est
2654 1101 2905 1170 reddere,
2938 1120 3008 1161 ne
3034 1107 3316 1166 fraudetur
3346 1112 3527 1170 Deus:
3560 1117 3727 1173 etiam

2098 1208 2201 1249 vos
2223 1194 2328 1265 ipsi
2357 1199 2575 1254 laudate
2596 1216 2718 1255 cum
2741 1204 3028 1273 omnibus;
3056 1218 3150 1264 aut
3174 1212 3298 1281 quia
3326 1215 3588 1272 noluistis
3605 1234 3732 1283 esse

2095 1308 2219 1350 cum
2244 1299 2533 1367 omnibus,
2566 1302 2671 1356 soli
2702 1306 3067 1364 conticescite.

2163 1394 2231 1449 II.
2265 1395 2622 1467 Cat/tedram,
2672 1405 2891 1473 primam
2919 1406 3166 1467 Ecclesiae
3195 1414 3385 1480 dotem,
3426 1416 3730 1479 Catholica-

2091 1509 2210 1548 rum
2232 1512 2375 1562 esse,
2407 1516 2514 1555 non
2539 1501 2950 1576 Donatistarum,
2994 1513 3173 1582 probat
3214 1531 3281 1570 ea:
3318 1515 3585 1576 Cat/tcdra
3620 1522 3728 1580 Pe-

2092 1595 2179 1648 tri.
2207 1625 2287 1637 —
2314 1596 2465 1670 Ergo
2489 1604 2840 1674 probavimus
2869 1623 2987 1663 cant
3018 1624 3141 1667 esse
3179 1611 3482 1671 Ecclesium
3534 1623 3722 1678 catho-

2089 1693 2277 1759 licam,
2330 1713 2453 1769 qua:
2478 1710 2567 1756 est
2592 1712 2617 1749 ις
2648 1703 2702 1758 in
2732 1712 2846 1761 toto
2870 1718 3132 1765 terrarum
3173 1713 3307 1769 orbe
3335 1715 3569 1786 diffusa;
3603 1722 3721 1793 ejus

2091 1793 2204 1865 jam
2253 1804 2745 1858 commemoranda
2776 1818 2902 1862 sunt
2945 1821 3261 1868 ornamenta
3289 1831 3302 1868 :
3334 1825 3389 1871 et
3418 1818 3713 1879 videndum

2092 1895 2185 1952 ubi
2226 1898 2346 1953 sint
2371 1900 2477 1973 31
2503 1902 2622 1975 (15)
2650 1905 2886 1976 quinque
2930 1908 3107 1977 dotes,
3160 1928 3294 1984 quas
3347 1927 3404 1971 tu
3447 1932 3548 1974 sex
3592 1937 3715 1980 esse

2087 1993 2275 2053 dixisti
2307 1997 2426 2073 (η)
2456 2018 2469 2054 :
2505 2002 2652 2057 inter
2688 2020 2821 2074 quas
2859 2006 2974 2079 (l5)
3001 2009 3255 2065 cathedra
3285 2022 3367 2069 est
3397 2016 3591 2086 prima,
3624 2021 3713 2078 ubi

2092 2097 2198 2154 nisi
2229 2099 2443 2157 sederit
2471 2100 2785 2174 episcopus,
2817 2104 2937 2178 (l6)
2966 2108 3220 2181 conjungi
3246 2112 3416 2169 altera
3466 2118 3571 2173 dos
3598 2135 3705 2176 non

2080 2205 2257 2267 potest
2322 2197 2353 2237 ιι
2406 2198 2527 2271 (17)
2584 2203 2675 2272 qui
2726 2215 2809 2259 est
2869 2206 3093 2277 angelus
3129 2219 3143 2246 ι
3208 2228 3220 2263 :
3272 2213 3563 2273 videndum
3626 2229 3712 2276 est

1591 2290 1972 2384 LECTIONES
2018 2326 2448 2389 VARIANTES.

446 2444 475 2474 ⁸
505 2443 562 2493 In
583 2455 677 2493 ms.
703 2441 758 2492 S.
778 2442 836 2492 G.
862 2436 1155 2493 potuissetis.

446 2501 475 2542 ι)
508 2505 560 2554 ln
582 2519 674 2555 ms.
701 2504 754 2553 S.
781 2503 839 2554 G.
863 2501 985 2554 Deo.

445 2569 471 2629 ίῗ
509 2566 564 2629 in
586 2579 678 2616 ms.
696 2565 750 2616 S.
775 2566 835 2629 (ἓ.
863 2565 992 2616 inter
1019 2570 1202 2629 gentes.

444 2627 473 2668 εἰ
507 2628 563 2691 In
588 2642 681 2678 ms.
706 2629 761 2678 S.
789 2628 849 2691 β.
867 2629 993 2691 inter
1016 2627 1201 2691 gentes.

448 2694 475 2722 ο
507 2690 678 2758 Iu_tus.
701 2691 752 2740 S.
778 2689 839 2741 G.
864 2688 948 2758 qui
971 2683 1169 2758 admitto
1190 2688 1240 2738 in
1261 2692 1363 2758 toto
1391 2699 1488 2737 non
1509 2683 1876 2758 estis.:melius,
1900 2689 1985 2758 qui

380 2751 582 2804 inomni
597 2757 695 2801 toto
716 2764 811 2802 non
834 2750 948 2803 estis
974 2764 993 2801 :
1027 2752 1115 2814 qui
1139 2764 1236 2800 non
1273 2750 1396 2800 estis
1418 2761 1528 2812 pars
1551 2750 1720 2810 totius,
1744 2763 1839 2799 non
1865 2750 1985 2802 estis

382 2828 496 2878 pars
508 2816 765 2878 Auniversze
786 2814 1044 2878 Ecclesiae.

450 2874 471 2915 f
508 2875 565 2925 In
586 2890 680 2926 tas.
700 2876 754 2926 S.
782 2874 1005 2928 G.ea:tra
1032 2871 1185 2940 leges.

2153 2444 2179 2505 β
2217 2443 2276 2493 in
2297 2459 2390 2496 ms.
2417 2446 2472 2497 S.
2499 2446 2560 2498 G.
2590 2454 2643 2498 et
2667 2449 2714 2499 in
2741 2451 2890 2503 editis
2910 2453 2988 2505 sit.

2149 2503 2182 2544 ¹ι
2213 2505 2290 2556 Ita
2307 2511 2357 2557 in
2379 2510 2609 2559 omnibus
2626 2524 2740 2561 mss.
2916 2503 2925 2505 ⁷
2958 2503 2965 2504 ί
3249 2544 3253 2547 τ

2157 2567 2637 2651 {lanata-ﬁdi,-
2661 2571 2728 2651 .13.
2744 2587 2866 2651 ess:
2886 2573 2949 2651 S.-_
2990 2575 3083 2651 'l‘h-
3130 2587 3194 2651 ει.
3219 2581 3317 2634 Ph.
3349 2584 3404 2651 βο
3449 2589 3648 2651 mactus
3679 2606 3700 2645 :

2088 2641 2385 2693 quamquam
2412 2634 2459 2680 in
2483 2636 2633 2695 priori
2658 2632 2825 2685 littera
2834 2649 2867 2698 g
2890 2638 3161 2698 sitabrasa,
3182 2632 3694 2717 legendum'ailgelus.

2089 2701 2199 2755 nam
2221 2692 2285 2755 de
2309 2705 2371 2742 eo
2395 2700 2563 2755 postea
2590 2704 2642 2744 ut
2664 2696 2728 2744 de
2748 2699 2962 2747 secunda
3003 2700 3239 2752 Ecclesiae
3264 2707 3378 2755 dote
3400 2713 3563 2755 agitur
3588 2695 3695 2755 mei

2090 2713 2199 2739 uuut
2221 2713 2285 2739 ue
2309 2713 2371 2742 cu
2395 2713 2563 2765 υρδξθίι
2590 2713 2642 2744 Ut.
2664 2713 2728 2744 UH
2748 2713 2962 2766 secunda
3003 2713 3239 2772 nectesne
3264 2713 3378 2755 dote
3400 2713 3563 2772 agitur
3586 2713 3697 2776 post

2087 2752 2585 2838 StiE‘E‘FL‘tnlsz-ilz‘”
2608 2755 3231 2838 άεέέριειξτιξβμρηαάιειεε.
3254 2766 3491 2824 cathedra
3508 2780 3579 2825 εει
3619 2774 3696 2838 (ιιι

2087 2812 2325 2877 diximus)
2579 2855 2610 2868 ..
2640 2831 2750 2882 quae
2772 2819 2909 2873 ducit
2926 2812 2993 2873 ad
3016 2836 3068 2874 se
3086 2812 3329 2891 angelum:

1744 2959 2099 3018 VARlOllUM
2134 2960 2365 3018 NOTAE.

385 3076 738 3162 nullon-modo
780 3090 976 3162 potest.
995 3078 1114 3162 _Ait_
1140 3078 1297 3149 igitur
1321 3085 1540 3162 vocatos
1567 3090 1688 3133 esse
1715 3077 1967 3162 gentiles,
1998 3080 2041 3140 C
2074 3079 2782 3162 nun.c‘ttp:ttas,‘eodem'iib_.
2819 3098 2865 3162 v_
2898 3084 3160 3154 reperias,
3208 3102 3329 3156 quae
3355 3099 3409 3145 et
3432 3104 3688 3162 praecepta

386 3161 493 3219 etc.
526 3149 672 3204 Sicut
706 3151 926 3219 legitur,
958 3151 1008 3204 id
1038 3159 1142 3214 est,
1168 3148 1624 3216 quemadmodum
1655 3149 1969 3219 praedictum

386 3218 591 3287 fuerat;
626 3218 787 3275 velut
816 3240 879 3276 cx
908 3221 1133 3275 historia
1164 3220 1438 3289 propagati
1471 3236 1564 3286 per
1586 3228 1771 3289 gentes
1800 3218 1980 3273 Evan-

385 3290 534 3359 gelii,
557 3307 716 3359 quam
744 3294 883 3346 sacri
908 3291 1044 3346 N.T.
1064 3288 1357 3361 scriptores
1378 3288 1787 3353 contexuerunt,
1824 3288 1982 3344 latius

387 3370 554 3431 patet.
576 3362 642 3417 Μ.
667 3360 900 3419 ΟΑεΑυΒ.

462 3432 577 3556 (11))
623 3432 821 3504 Pagani
860 3432 1248 3514 extra-legales.
1295 3430 1455 3486 Nobis
1485 3433 1727 3514 ρεφερρεδ.
1758 3431 1976 3486 lucens.

491 3504 597 3556 btd.
631 3503 1011 3556 Extraleaales.
1044 3505 1204 3556 Extra
1235 3503 1408 3556 leeem
1433 3502 1652 3556 Christi.
1677 3502 1904 3556 ALBASP.

491 3502 597 3576 bid.
631 3502 1011 3576 Estralegales.
1044 3502 1204 3576 Extra
1235 3502 1652 3576 legemChristi.
1677 3502 1904 3558 ALBASP.

469 3573 586 3648 (11)
627 3572 1251 3648 Pagani'extrahleggles.
1283 3573 1383 3641 Qui
1416 3573 1548 3643 legis
1580 3573 1777 3629 divinae
1813 3572 1979 3643 parti-

389 3643 539 3714 cipes
562 3643 689 3700 lacti
710 3643 826 3701 'non
843 3657 989 3700 sunt.
1015 3643 1106 3699 Du
1125 3644 1239 3698 PIN.

466 3725 581 3797 (12)
609 3724 841 3781 Ecclesia
864 3725 1057 3797 quatit;
1095 3725 1205 3797 lege
1232 3732 1327 3778 est.
1369 3723 1522 3797 Lege,
1556 3724 1605 3779 id
1639 3732 1742 3797 e_s_t.
1771 3722 1976 3797 (cedere,

311 3843 323 3851 .
398 3794 634 3867 etg’ext'ra
658 3798 882 3867 legales,
913 3796 1007 3866 qui
1031 3794 1239 3867 laedere
1269 3796 1475 3867 exclusi
1500 3794 1815 3849 sunt.Uutte
1841 3803 1893 3867 et
1924 3794 1976 3847 in

396 3864 581 3922 collat.
621 3863 945 3937 Carthagini
976 3867 1106 3933 571,
1138 3866 1276 3932 375,
1326 3866 1511 3935 legalia
1542 3876 1797 3937 vocantur
1823 3863 1980 3937 docu-

392 3946 583 4003 menta,
612 3939 728 3993 sive
761 3933 1091 4001 testimonia,
1133 3952 1253 4007 qua:
1295 3933 1468 3991 tamen
1500 3951 1545 4007 ς
1573 3936 1637 3991 Ν.
1690 3935 1753 4007 'i‘.
1802 3933 1978 4007 profe-

394 4016 606 4064 runtur.
652 4009 807 4078 Apud
862 4004 1191 4079 Cyprianum
1224 4023 1456 4079 quoque
1502 4005 1766 4079 Evangelii
1814 4004 1978 4079 legem

393 4088 480 4134 est
505 4076 719 4134 alicubi.
762 4076 1266 4149 Huju'slocutionis
1303 4077 1563 4149 ignoratio
1606 4076 1975 4149 doctissimum

393 4149 710 4219 Balduinutn
753 4152 807 4205 in
840 4146 1090 4219 magnum
1130 4146 1370 4204 errorem
1403 4147 1627 4204 induxit.
1669 4147 1801 4219 Nam
1833 4146 1977 4219 quod

394 4218 621 4289 Optatus
648 4221 739 4275 lib.
768 4237 824 4276 ιτ
854 4214 979 4274 [hic
1015 4221 1150 4273 enim
1194 4228 1367 4273 nostra
1385 4234 1491 4289 uox
1529 4229 1623 4283 est,
1663 4219 1751 4286 qui
1773 4218 1829 4270 in
1868 4214 1978 4269 Tri-

394 4288 554 4346 nitale
579 4291 899 4360 baptismatis
940 4292 1179 4344 unionem
1207 4288 1525 4358 defendimus
1552 4305 1571 4342 :
1604 4305 1707 4342 non
1752 4302 1844 4360 pro
1889 4304 1978 4341 vo-

395 4361 515 4434 bis,
541 4364 625 4431 qui
646 4357 903 4434 baptisma
940 4364 993 4415 in
1032 4363 1180 4429 cujus
1204 4360 1427 4434 imagine
1465 4371 1581 4434 sunt
1606 4360 1723 4434 _i_lll1
1759 4357 1981 4434 (ludati-

394 4428 612 4501 daciter,
635 4442 683 4488 et
708 4428 845 4503 quod
869 4442 1047 4486 contra
1077 4428 1211 4500 leges
1236 4428 1656 4503 estliteratissid
1688 4428 1979 4484 Balduintts

2088 3149 2157 3225 ab
2181 3149 2637 3225 illo_repetutt_tnr.
2664 3150 2821 3215 Vide.
2852 3149 3042 3222 lector,
3073 3149 3334 3225 quantum
3360 3149 3441 3213 sit'
3466 3163 3516 3215 in
3557 3149 3683 3218 ver-

2087 3220 2172 3275 bis
2215 3220 2298 3274 vel
2329 3221 2561 3295 minimis
2592 3230 2741 3295 recte
2764 3220 3103 3295 expensis’ct'
3120 3228 3440 3295 intellectis,
3470 3239 3682 3288 tantum

2086 3291 2377 3369 ρει-φηθεὶηί
2412 3290 2671 3369 cujusque
2695 3290 2921 3369 judicio.
2957 3304 3014 3369 ut
3042 3298 3130 3369 qui
3179 3296 3295 3369 huic
3325 3290 3602 3369 negligunt
3627 3314 3686 3359 et

2084 3359 2396 3439 fastidiunt,
2426 3370 2485 3439 ut
2515 3361 2675 3415 hodie
2712 3363 2862 3417 tnttlti
2889 3359 3105 3434 quiso'li
3136 3368 3237 3420 sibi
3268 3359 3683 3439 saperevviden-

2086 3441 2195 3506 tur,
2249 3431 2332 3484 vel
2372 3432 2606 3506 optimos
2632 3446 2876 3506 quosque
2909 3431 3133 3490 'veteres
3180 3431 3471 3506 scripiores
3525 3441 3680 3497 lasti-

2084 3501 2236 3574 diant
2264 3516 2487 3574 necesse
2524 3502 2631 3574 sit;
2671 3503 2753 3557 vel
2785 3505 2828 3557 si
2859 3504 3058 3574 legant,
3093 3501 3304 3561 tantum
3347 3525 3415 3562 ex
3462 3510 3677 3567 illorum

2084 3571 2318 3699 lictéone
2346 3571 2658 3643 proﬁciant,
2708 3571 2969 3643 quantuni
3011 3578 3058 3631 si
3089 3592 3364 3647 nunquam
3394 3580 3685 3638 vidissent.

2142 3682 2155 3695 .
2231 3657 2417 3699 assus.

2142 3682 2155 3695 .
2186 3657 2417 3699 UASAITB.

2156 3715 2274 3790 (15)
2313 3713 2549 3790 Quinque
2588 3711 2751 3790 dotes.
2794 3714 3063 3790 cathedra
3086 3757 3102 3783 ,
3142 3717 3366 3783 missio,
3396 3719 3630 3777 annulus
3659 3764 3676 3790 ,

2082 3784 2469 3850 sacerdotium,
2503 3793 2559 3836 et
2587 3783 2806 3838 similia.
2838 3789 3067 3842 ALBASP.

2159 3854 2272 3937 (ﬂ)
2289 3854 2523 3937 Quingue
2536 3852 2688 3937 dates
2709 3856 2727 3927 (
2738 3854 3013 3937 Efclesia'i
3022 3875 3149 3927 quas
3171 3868 3227 3912 tu
3247 3875 3336 3914 sea:
3355 3876 3463 3915 esse
3472 3861 3673 3923 dixisti.

2081 3924 2331 4001 Quinque
2376 3925 2491 4001 illa.
2516 3924 2672 3979 dotes
2699 3924 2727 3979 a
2766 3924 3124 4001 Partheniana
3169 3942 3503 3995 ntemoratte,
3536 3948 3673 4001 quas

2082 3994 2324 4071 agnoscit
2346 3995 2616 4071 putatus,
2644 4005 2772 4052 sunt
2799 3998 3080 4064 cathedra,
3106 4001 3366 4071 angelus,
3412 3994 3668 4071 Spiritus,

2082 4065 2515 4140 lous,isigillum‘.
2549 4065 2714 4122 Sexta
2740 4084 2899 4140 quam
2930 4065 3307 4140 repudiatfest
3334 4065 3662 4130 umbilicusi

2082 4138 2137 4193 id
2167 4136 2349 4193 videre
2377 4150 2459 4192 est
2479 4136 2533 4207 in
2555 4138 2926 4207 sequentibus.
2961 4136 3035 4194 συ
3069 4141 3184 4195 an.

2155 4208 2272 4278 (15)
2313 4206 2567 4279 cathedra
2591 4206 2664 4261 est
2691 4211 2877 4279 printa.
2915 4210 3157 4266 Potestas
3185 4210 3439 4278 clavium,
3463 4219 3517 4265 et
3539 4212 3669 4268 mis-

2082 4279 2165 4334 sio
2188 4290 2273 4334 est
2295 4278 2485 4348 prima.
2522 4283 2751 4333 ALBASP.

2158 4350 2275 4422 (iii)
2318 4348 2573 4422 Conjungi
2600 4351 2763 4422 altera
2789 4351 2882 4404 dos
2911 4365 3011 4422 non
3041 4355 3246 4420 poterit,
3274 4351 3358 4418 qui
3398 4359 3471 4405 est
3491 4366 3666 4406 annu-

2086 4420 2185 4477 lus.
2202 4420 2390 4475 Merito
2420 4420 2679 4487 suspicari
2704 4420 2805 4474 hoc
2834 4420 2935 4474 loci
2958 4435 3246 4490 possumus
3270 4422 3450 4476 annuli
3472 4435 3662 4479 vocem

394 4503 472 4558 de
510 4489 1149 4574 legibus'itnperatorutnv
1174 4489 1464 4574 accipiens,
1498 4489 1723 4574 multum
1771 4509 1982 4574 se_tor-
2006 4491 2062 4551 D
2085 4493 2138 4574 in
2167 4490 2365 4546 mendo
2404 4489 2728 4574 decumbere
2743 4509 2766 4574 _:
2799 4491 2870 4544 ita
2899 4489 3381 4574 ut’reponendutm
3401 4494 3473 4548 sit
3506 4509 3665 4574 tinge-

393 4569 631 4644 quetfut
679 4569 946 4639 inveniat,
988 4588 1122 4644 quas
1152 4569 1559 4644 imperatorum
1614 4571 1759 4639 leges
1800 4569 1980 4644 Ὀρω-

396 4639 490 4700 {us
517 4645 815 4715 intelligere
854 4639 1105 4713 potuerit.
1134 4639 1296 4712 Atqui
1327 4642 1425 4715 vel;
1463 4653 1749 4715 sequentes
1787 4639 1974 4715 lineae,

393 4718 629 4786 quamvis
657 4710 713 4771 εἴ
733 4732 819 4771 vos
845 4710 944 4785 ipsi
974 4732 1074 4769 non
1101 4710 1308 4787 negetis,
1333 4713 1580 4787 quianon
1612 4710 1753 4765 debet
1778 4712 1976 4787 iterari,

393 4781 540 4861 quod
567 4789 721 4861 semel
736 4781 940 4861 jussum
978 4795 1051 4840 est
1093 4781 1227 4861 ﬁeri,
1266 4781 1674 4861 πολυθρύλλῃτᾳ,
1702 4788 1758 4836 et
1783 4781 1980 4861 decan-

400 4853 663 4913 tatissima
693 4853 778 4913 illa
806 4857 925 4927 :qui
948 4853 1102 4912 semel
1124 4856 1257 4927 lotus
1279 4865 1372 4921 est,
1406 4853 1507 4908 non
1533 4853 1680 4927 habet
1706 4853 1979 4927 necessita-

398 4938 507 4983 tem
544 4930 727 4984 iterum
768 4924 1004 4993 lavandi,
1047 4926 1241 4997 quibus
1275 4941 1334 4981 se
1378 4925 1713 4994 potissimum
1761 4924 1975 4979 illorum

398 5010 704 5071 temporum
776 5009 1041 5071 martyres
1092 5011 1301 5071 armare
1349 5006 1739 5071 consueverant
1790 5007 1978 5051 contra

398 5066 597 5125 vim'et
623 5066 1080 5141 importuuiiatetu
1106 5066 1478 5141 haereticorum
1522 5066 1856 5141 rebaptizare
1882 5082 1979 5121 vo-

400 5142 654 5209 lentium,
680 5137 907 5212 quaeque
945 5141 1010 5212 ab
1037 5140 1152 5212 ipso
1177 5138 1368 5208 Optato
1392 5137 1503 5212 _Iih.
1536 5153 1607 5212 v,_
1632 5137 1814 5191 multis
1840 5147 1979 5212 trac—_

401 5222 611 5278 tantur,
641 5206 909 5268 'révocare
954 5206 1069 5280 ipsi
1091 5210 1141 5263 in
1186 5206 1496 5280 memoriam
1523 5206 1841 5280 debuerunt,
1877 5207 1981 5280 sed

400 5290 470 5336 ut
497 5283 561 5337 ad
592 5284 682 5338 illa
711 5277 1321 5350 Optatum'respcxisse,
1354 5293 1416 5334 ac
1437 5277 1720 5350 istosemel
1738 5278 1982 5350 allusisse

399 5347 789 5425 intelligerent.
836 5352 987 5418 Quod
1014 5347 1190 5405 contra
1237 5350 1368 5424 leges
1409 5359 1503 5425 e_s_t,
1552 5349 1741 5418 igitur,
1784 5347 1839 5425 id
1876 5357 1979 5425 est,

401 5424 551 5496 quod
583 5418 773 5479 contra
802 5425 1104 5496 Scripturas
1131 5430 1194 5496 et»
1222 5418 1527 5496 evangelica
1564 5424 1860 5496 praecepta;
1881 5418 1979 5496 S_e-

402 5489 513 5551 ἠιει
535 5497 664 5549 illud
708 5498 778 5548 ita
815 5489 1047 5563 explicat
1071 5500 1126 5548 et
1143 5491 1235 5546 lib.
1260 5506 1315 5558 v,
1359 5489 1423 5546 de
1453 5492 1547 5545 hoc
1577 5491 1780 5544 lavacro
1802 5489 1979 5563 dixit:

399 5566 503 5637 qui
543 5566 712 5637 semei
740 5561 1006 5637 lotus—est,
1033 5579 1136 5637 non
1187 5563 1571 5637 ltaltet_iterutn
1605 5561 1979 5637 necessitatem

398 5631 646 5695 lavandi.
681 5636 783 5703 Qui
809 5636 969 5692 semel
1015 5635 1166 5701 dixit,
1205 5631 1460 5704 prohibuit
1485 5632 1665 5687 iterum
1691 5633 1822 5704 fieri.
1871 5631 1978 5687 Sed

402 5717 470 5767 et
489 5702 712 5778 proprie
729 5721 791 5763 ac
822 5706 1179 5778 peculiariter,
1198 5702 1329 5774 leges
1347 5702 1662 5773 baptismatis
1685 5704 1755 5759 ab
1783 5702 1981 5773 Optato

2089 4562 2210 4628 lus;
2241 4577 2363 4615 nam
2404 4572 2528 4615 ante
2562 4574 2684 4615 cum
2725 4560 2793 4616 de
2820 4562 3055 4615 secunda
3081 4562 3208 4618 dote
3238 4564 3476 4632 loquitur
3501 4560 3666 4631 Opta-

2087 4643 2192 4697 tus.
2219 4634 2290 4689 ita
2315 4632 2571 4702 scriptum
2599 4641 2807 4697 exstat,
2827 4640 2883 4685 et
2909 4633 3123 4702 quidem
3146 4634 3409 4688 allusione
3438 4633 3575 4688 facta
3596 4634 3666 4689 ad

2086 4715 2293 4775 septem
2340 4704 2561 4774 angelos
2584 4742 2601 4769 ,
2636 4702 2707 4775 de
2759 4703 2952 4775 quibus
2996 4703 3062 4757 D.
3095 4703 3665 4775 Joannes'l‘heologus

2085 4773 2411 4846 Apocalyps.
2443 4788 2563 4843 cap.
2595 4788 2634 4828 t.
2670 4774 2746 4829 Ex
2768 4773 2962 4846 quibus
2992 4774 3256 4844 suspicari
3283 4774 3477 4843 aliquis
3495 4773 3667 4843 possit

2082 4843 2307 4916 angelus
2330 4843 2611 4912 legendum
2648 4843 2796 4900 esse.
2821 4843 2929 4900 Nos
2950 4851 3128 4901 tamen
3178 4846 3252 4901 nil
3312 4855 3515 4901 temere
3544 4861 3666 4900 mu-

2080 4918 2182 4980 tari
2217 4918 2486 4972 volumus.
2510 4917 2713 4973 ΒΑΜ-ιι.

2319 4996 2420 5062 Qui
2444 5006 2519 5050 est
2545 4996 3229 5080 annulus..Per'.annnlnm,
3261 4994 3316 5050 ni
3358 4994 3548 5063 fallor,
3581 4996 3665 5080 in-

2185 5078 2280 5120 tett
2309 5074 2628 5120 potestatem
2653 5067 2817 5120 dandi
2857 5068 3117 5120 Sntrttum
3155 5073 3423 5120 sanctum.
3448 5067 3531 5120 vel
3582 5083 3663 5120 tn-

2085 5065 2280 5136 telligit
2309 5074 2628 5134 potestatem
2653 5067 2817 5122 dandi
2857 5068 3117 5137 Spiritum
3155 5073 3423 5138 sanctum,
3448 5067 3546 5138 vel!
3582 5067 3663 5138 ip-

2086 5147 2322 5193 sumtnet
2340 5137 2594 5206 Spiritum
2616 5148 2881 5192 sanetum.
2897 5136 3259 5193 Tertullianus
3278 5136 3346 5191 de
3363 5136 3625 5193 Pudicitia
3648 5156 3663 5191 :

2082 5209 2398 5281 recuperabin
2423 5208 2577 5278 igitur
2600 5216 2645 5261 et
2658 5218 2903 5281 ‘apostata
2924 5217 3109 5281 uestem
3130 5208 3376 5281 priorem,
3394 5207 3669 5281 indumen-

2090 5288 2199 5333 tum
2237 5278 2465 5349 Spiritus
2507 5279 2669 5351 sancti
2697 5288 2742 5333 et
2771 5278 3209 5351 annuluntAden'uo
3237 5279 3558 5351 signaculum
3586 5278 3665 5333 la-

2088 5352 2247 5415 vacri,
2277 5348 2323 5404 et
2353 5364 2529 5404 rursus
2559 5349 2638 5403 illi
2666 5351 2966 5417 mactabitur
2997 5348 3249 5406 Christus.
3285 5348 3428 5405 'ltem
3458 5364 3477 5402 :
3497 5365 3666 5402 annu-

2088 5421 2196 5494 lum
2224 5437 2419 5491 quoque
2442 5422 2633 5494 accepit
2667 5431 2771 5475 tum
2809 5422 3053 5494 primum,
3080 5438 3185 5494 quo
3220 5420 3344 5494 ﬁdei
3376 5420 3662 5494 pactionem

2084 5489 2425 5565 interrogatus
2452 5489 2701 5560 obsignat,
2734 5489 2885 5565 atque
2920 5494 2993 5547 ita
3030 5489 3521 5565 exinde__opimitatc
3560 5489 3659 5565 do-

2044 5553 2061 5570 ’
2088 5565 2263 5635 tninici
2278 5553 2516 5635 "corporis
2537 5553 2781 5631 uescitur,
2801 5553 3143 5635 'Eucharistia
3170 5553 3656 5635 scilicet._Annulus

2088 5632 2251 5704 igitur
2278 5629 2418 5691 inter
2438 5644 2720 5706 utrumque
2742 5629 2996 5707 baptismi
3022 5642 3079 5687 et
3105 5629 3453 5707 Eucharistite
3478 5640 3661 5707 saera-

2087 5699 2327 5762 mentum
2354 5699 2789 5764 concedebatur:
2816 5699 2968 5761 'unde
2987 5711 3137 5772 patet
3153 5701 3222 5756 de
3247 5699 3656 5755 conlirmatione
