4206 6170
365 268 478 328 953

1116 267 1206 324 DE
1245 267 1627 328 SCHISMATE
1666 269 2206 340 DONATISTARUM
2244 273 2456 333 LIBER
2494 276 2881 338 SECUNDUS.

3581 292 3689 350 051»

362 386 486 457 ipse
514 363 811 456 Encolpius
848 385 1173 455 interrogari
1223 395 1425 455 posset,
1458 385 1661 443 diceret
1686 403 1746 444 se
1773 388 1843 444 ibi
1874 404 1959 444 sc-
1988 392 2040 454 Α
2067 388 2161 443 sed
2190 389 2313 458 quia
2347 394 2671 463 quibusdam
2700 393 2850 450 Afris
2877 394 2993 470 (65)
3020 395 3207 453 urbica
3234 400 3512 469 placuerat
3533 419 3688 462 com-
3736 407 3744 413 '

361 478 499 537 dere
530 478 618 534 ubi
669 485 792 533 ante
822 480 848 509 ⁸
877 478 1022 534 sedit
1066 476 1376 534 Bonifacius
1407 479 1706 537 Ballitauus
1734 481 1764 520 δ
1801 481 1957 554 (55):

359 571 569 628 deinde
592 570 637 625 si
663 578 717 625 et
739 570 853 638 ipse
881 570 1201 640 interrogari
1231 579 1437 639 posset,
1465 571 1691 637 diceret,
1722 573 1836 647 (56)
1870 575 1958 629 ubi

358 664 702 722 seditVictor
725 664 1039 729 Garbcnsis,
1058 678 1087 718 a
1113 665 1313 719 vestris
1335 664 1658 747 jamdudum
1685 667 1753 722 de
1780 668 1960 723 Africa

357 758 484 833 (57)
514 758 583 813 ad
624 772 819 830 paucos
847 758 1109 814 erraticos
1154 758 1374 813 missus.
1412 759 1529 831 (58)
1559 760 1696 828 Quid
1727 762 1958 828 esthoc,

365 850 520 924 quod
548 866 674 922 pars
693 860 865 906 vestra
885 851 937 906 itt
964 850 1098 906 urbe
1114 850 1284 906 Roma
1304 851 1423 923 (59)
1439 854 1757 923 episcopum
1788 855 1958 910 civem

359 942 574 999 habere
604 956 706 998 non
744 943 953 1012 potuit?
980 941 1097 1017 (60)
1120 942 1256 1011 Quid
1289 951 1392 1009 est,
1428 945 1576 1013 quod
1624 946 1722 1001 toti
1752 946 1866 1002 Afri
1906 956 1961 1003 et

356 1021 666 1109 peregrini,
690 1036 741 1091 in
767 1035 861 1092 illa
881 1036 1098 1092 civitate
1119 1036 1221 1093 sibi
1245 1037 1584 1093 successisse
1599 1038 1710 1110 35
1731 1054 1960 1095 noscunv

356 1130 495 1186 tur?
525 1144 634 1186 non
661 1138 879 1201 apparet
896 1128 1092 1185 dolus?
1132 1144 1237 1186 non
1263 1130 1450 1199 factio),
1501 1144 1629 1200 qua:
1659 1142 1831 1187 mater
1876 1141 1959 1189 est

353 1222 701 1280 schismatis?
714 1222 824 1295 (61)
839 1223 1047 1278 Interea
1066 1221 1248 1278 Victor
1262 1222 1565 1278 Garbensis
1595 1235 1653 1280 ut
1668 1224 1793 1281 hinc
1810 1226 1956 1296 prior

352 1315 694 1380 mitteretur,
725 1329 845 1385 non
865 1314 987 1371 dico
1017 1313 1129 1386 (62)
1157 1315 1295 1385 lapis
1319 1314 1373 1369 in
1400 1313 1614 1370 fontem
1634 1356 1649 1381 ,
1699 1319 1823 1387 quia
1853 1333 1955 1375 nec

350 1407 529 1465 valuit
558 1407 846 1479 puritatem
893 1406 1176 1464 catholicae
1202 1405 1571 1463 multitudinis
1592 1410 1910 1479 perturbare
1935 1429 1949 1466 :

2071 492 2305 559 moratio
2330 500 2383 557 ος
2415 507 2465 550 et
2506 495 2633 551 hinc
2665 512 2693 549 a
2745 497 2898 552 vobis
2926 497 3150 567 profecti
3183 502 3512 562 videbantur
3533 548 3549 573 ,
3583 509 3685 578 ipsi

2070 592 2350 661 petierunt
2394 604 2451 648 ut.
2471 597 2666 667 aliquis
2689 598 2838 664 hinc,
2855 599 3075 671 (64)qui
3100 601 3223 658 illos
3243 606 3526 677 colligeret
3543 611 3686 683 (65),

2070 689 2404 749 mitteretur.
2436 697 2630 752 Missus
2666 706 2755 754 est
2782 698 2947 769 igitur
2971 698 3195 756 Victor:
3226 712 3347 760 erat
3382 706 3457 762 ibi
3480 708 3594 781 (66)
3616 711 3685 775 iis

2071 791 2177 847 lius
2203 793 2326 850 sine
2376 807 2552 867 patre,
2587 799 2704 871 (67)
2759 800 2863 855 tiro
2907 800 3026 856 sine
3079 802 3352 875 principe,
3382 805 3683 879 discipulus

2070 891 2191 948 sine
2219 894 2501 965 magistro,
2529 898 2642 971 (68)
2690 914 2926 970 sequens
2953 899 3073 956 sine
3092 903 3476 973 antecedente,
3503 908 3683 978 inqui-

2068 993 2214 1049 linus
2243 996 2365 1051 siue
2391 997 2574 1064 dumo,
2629 998 2747 1071 (69)
2791 1001 2989 1070 hospes
3035 1001 3154 1056 sine
3200 1005 3461 1075 hospitio,
3494 1018 3681 1078 pastor

2069 1097 2186 1152 sine
2217 1113 2405 1170 grege,
2453 1101 2746 1173 episcopus
2794 1103 2911 1158 sine
2951 1104 3172 1176 populo.
3204 1106 3324 1163 Non
3369 1111 3513 1164 enim
3541 1128 3677 1182 grex
3726 1079 3736 1141 Τ

2066 1207 2161 1251 aut
2190 1201 2424 1268 populus
2460 1202 2773 1271 appellandi
2810 1203 3021 1259 fuerant
3052 1207 3223 1274 pauci,
3256 1208 3349 1278 qui
3380 1210 3521 1267 inter
3553 1212 3675 1285 (70)

2041 1306 2446 1378 quadraginta,
2473 1318 2530 1365 et
2559 1312 2704 1380 quod
2730 1315 2994 1379 excurrit,
3017 1313 3275 1371 basilicas
3296 1316 3441 1390 (7i),
3471 1319 3674 1389 locum,

2061 1413 2179 1491 (72)
2211 1417 2298 1475 ubi
2330 1419 2679 1493 colligerent,
2723 1438 2828 1477 non
2857 1422 3149 1478 habebant.
3181 1425 3296 1497 (75)
3326 1426 3417 1483 Sic
3449 1430 3670 1500 spelun-

1609 1548 1990 1613 LECTIONES
2019 1555 2438 1618 VARIANTES.

415 1662 445 1692 ⁸
479 1659 642 1714 Deest
665 1663 714 1712 in
738 1676 824 1714 ms.
844 1662 896 1714 S.
923 1662 984 1711 (ἓ.

408 1720 442 1763 ιι
478 1723 539 1776 In
557 1738 645 1776 ms.
664 1726 715 1776 S.
736 1725 794 1778 G.
815 1722 1099 1778 Bellitanus.

2116 1678 2144 1748 ἦ
2176 1676 2249 1727 Ita
2270 1679 2318 1748 in
2340 1679 2702 1748 omnibusmss.
2731 1687 2782 1730 et
2804 1684 2872 1731 sic
2893 1680 3181 1748 legendum.
3213 1681 3490 1748 Perperam
3507 1683 3660 1735 omni-

2051 1749 2114 1787 no
2132 1740 2180 1789 in
2198 1741 2489 1803 quibusdam
2505 1742 2653 1792 editis
2671 1740 3076 1795 commemoratio.

1740 1842 2099 1906 VARIORUM
2138 1847 2368 1908 NOTAE.

1740 1847 2099 1906 VARIORUM
2138 1847 2368 1909 NOTAE.
2696 1872 2703 1887 τ
3394 1878 3398 1885 θ
3642 1870 3653 1876 ‘

424 1930 542 2025 (55)
577 1924 886 2025 ﬁdi-illaulla.
924 1926 1542 2025 SguAVa‘llitantts,_erat
1570 1942 1944 2025 interemison
1975 1948 2021 2011 B
2121 1948 2233 2021 (64)
2262 1951 2364 2021 Qui
2388 1952 2507 2008 illos
2528 1954 2808 2023 colligeret.
2856 1955 3184 2025 Episcopum
3220 1956 3308 2024 qui
3331 1970 3481 2012 sacra
3507 1955 3655 2014 face-

349 2006 452 2084 pos
488 2006 860 2085 Ntnpidimin
897 2010 1079 2085 collat.
1105 2013 1288 2085 Carth.
1319 2006 1590 2085 episcOpus
1625 2006 1784 2084 plebis
1817 2006 1946 2075 Val-

354 2082 560 2139 litante.
600 2082 661 2138 In
694 2082 873 2136 notitia
924 2083 1165 2150 episcnp.
1212 2082 1412 2139 Africte
1460 2082 1773 2143 nominatur
1813 2089 1956 2146 Ulle-

357 2165 534 2219 timus,
565 2162 621 2208 et
648 2155 699 2206 in
725 2154 825 2207 alio
845 2151 1038 2208 codice
1073 2152 1374 2211 Villitanus.
1408 2155 1486 2209 [lu
1514 2156 1629 2211 PIN.

430 2223 572 2350 (56))
593 2223 762 2277 Victor
788 2223 1106 2278 Garbiensis.
1153 2224 1367 2280 Primus
1396 2228 1486 2297 qui
1507 2226 1732 2283 Romam
1758 2231 1954 2289 missus

430 2303 445 2350 t
473 2311 503 2350 a
576 2294 843 2350 ouatistis.
865 2304 923 2349 ut
957 2294 1067 2350 illic
1094 2296 1694 2350 nscudo-anostolatum
1733 2316 1954 2350 exorre.

357 2303 455 2421 estt
473 2294 843 2422 aADouatistis,
865 2304 923 2349 ut
957 2294 1067 2350 illic
1094 2294 1694 2368 pseudo-apostolatum
1733 2316 1956 2361 exerce.

368 2380 429 2422 re
459 2406 474 2422 .
549 2377 772 2422 misr."
1224 2398 1231 2401 .

368 2375 474 2423 ret.
499 2375 743 2422 Acsasr:
768 2377 772 2381 ‘
1224 2398 1231 2401 τ

439 2439 552 2509 (57)
582 2439 665 2493 Ad
693 2455 882 2516 paucos
905 2441 1173 2495 erraticas.
1202 2440 1283 2516 Ad
1311 2454 1514 2516 paucos
1532 2444 1833 2516 Donatistas
1860 2448 1949 2516 qui

579 2498 881 2587 erantsine
906 2518 1122 2587 pastore
1159 2518 1214 2566 et
1237 2498 1355 2567 sine
1387 2514 1630 2587 Ecclesia
1652 2498 1947 2587 ,tiuihiai

362 2578 485 2658 aliis
516 2595 621 2635 nou
670 2578 1033 2658 colligebant,
1065 2596 1164 2658 nec
1213 2587 1458 2654 synaxitn
1508 2578 1817 2658 faciebant:
1859 2591 1951 2658 qui

362 2652 509 2729 enim
539 2666 643 2729 non
670 2651 874 2723 colligit
898 2668 1019 2708 cum
1049 2651 1325 2727 episcopo,
1365 2657 1568 2729 spargit
1590 2667 1645 2713 et
1681 2667 1763 2714 est
1803 2651 1950 2716 erra-

365 2722 523 2777 ticus.
547 2720 775 2779 ALBASP.

433 2791 554 2870 (58)
600 2794 738 2861 Quid
749 2804 822 2849 est
843 2794 941 2850 hoc
964 2797 1102 2870 quod
1112 2813 1234 2870 pars
1246 2804 1409 2853 vestra
1429 2799 1481 2852 in
1496 2800 1623 2857 urbe
1637 2800 1823 2867 Roma,
1838 2813 1946 2860 etc.

364 2854 579 2938 Scimus
602 2854 733 2938 totos
763 2881 858 2935 pro
885 2854 1029 2938 omni
1062 2854 1148 2922 hic
1176 2878 1231 2938 et
1253 2870 1470 2938 generis
1500 2880 1557 2925 et
1586 2854 1826 2938 melioris
1845 2854 1947 2930 'n'él

361 2940 433 2989 tte
459 2927 812 3004 scriptoribus
838 2937 916 2991 vel
951 2929 1138 3011 Servio
1158 2927 1382 2995 doctore
1413 2943 1562 3011 peni.
1597 2927 1820 3001 ruma?
1844 2927 1947 3002 hoc

328 3026 331 3027 ν
357 3019 550 3060 verum
581 3021 686 3061 non
716 3017 799 3062 est
821 3017 961 3064 totos
984 3009 1144 3065 Afros
1169 3011 1271 3064 sibi
1319 3009 1648 3070 successisse
1694 3017 1744 3069 in
1775 3016 1969 3074 schis-r

359 3076 561 3153 ntatica
580 3077 974 3153 Donatistarum
996 3081 1250 3153 cathedra
1287 3081 1429 3153 apud
1469 3085 1684 3150 urbem;
1708 3087 1945 3143 historiis

357 3146 493 3203 alibi
529 3147 1035 3205 demonstrabimus.
1065 3152 1133 3206 Et
1175 3146 1353 3207 minus
1393 3152 1508 3208 haec
1538 3172 1646 3212 vox
1674 3146 1742 3211 ad
1785 3157 1945 3215 Afros

352 3228 412 3276 et
441 3221 754 3291 peregrinos
794 3222 953 3276 simul
993 3223 1096 3278 hoc
1138 3223 1239 3277 loci
1272 3224 1420 3279 facit.
1464 3224 1646 3291 Quare
1694 3244 1945 3284 necessa-

352 3291 499 3373 riam
524 3291 699 3373 adhuc
728 3306 837 3373 ego
862 3293 1096 3373 arbitrer
1121 3295 1534 3351 correCtiunem.
1566 3297 1667 3352 Tot
1688 3302 1800 3373 jam
1827 3300 1943 3371 Afri

352 3372 403 3418 et
423 3355 699 3433 peregrini.
728 3355 930 3419 Bima.

427 3431 883 3507 (59):Episcopum
921 3436 1097 3490 civem.
1128 3431 1379 3507 Episcopi
1395 3437 1521 3492 olim
1542 3438 1941 3498 debebantesse

354 3503 509 3585 cives
537 3504 809 3585 illiusloci
842 3507 891 3561 in
929 3523 1039 3585 quo
1070 3503 1476 3585 ordinabuntur,
1512 3519 1572 3565 ut
1599 3513 1716 3581 ejus
1761 3527 1940 3585 mores

352 3583 411 3630 et
438 3572 547 3652 vita
577 3589 616 3652 _a
642 3572 848 3630 civibus
888 3572 1082 3649 quibus
1126 3572 1555 3652 praeficiebantur
1588 3572 1646 3638 et
1685 3600 1711 3635 a
1745 3584 1940 3652 quibus

350 3645 778 3718 nominabantur
804 3645 1278 3718 cognoscere'ntur.
1304 3648 1373 3705 At
1396 3661 1579 3707 contra
1606 3645 1810 3709 hancce
1829 3655 1940 3709 dis-

252 3730 259 3734 ’
353 3712 615 3791 cipiinam
646 3733 833 3773 omnes
854 3712 1093 3789 episcopi
1125 3719 1416 3775 Donatista!
1439 3724 1527 3791 qui
1550 3734 1708 3779 erant
1730 3725 1935 3789 Roma),

353 3787 558 3861 Africa:
595 3791 858 3861 peregrini
890 3787 1046 3845 erant
1074 3807 1089 3846 :
1114 3801 1223 3861 quo
1267 3787 1607 3848 manifestum
1654 3797 1813 3851 liebat
1843 3787 1938 3850 eos

354 3872 483 3932 non;
501 3860 716 3932 electos,
744 3859 837 3916 sed
867 3861 1099 3932 factione
1129 3859 1459 3932 obrepsisse.
1488 3862 1717 3920 ALBASP.

430 3929 545 4008 (60)
582 3929 912 4003 Peregrinus.
974 3929 1025 4008 is
1066 3929 1556 4008 olimcensebatur
1597 3938 1934 4008 peregrinus,

349 4003 451 4072 qui
496 4017 601 4057 non
640 4013 753 4076 erat
782 4011 939 4057 natus
983 4003 1164 4076 inille
1210 4004 1328 4059 loco
1355 4005 1407 4059 in
1435 4022 1538 4076 quo
1560 4003 1932 4076 ordinabatur,

349 4077 600 4144 quamvis
630 4074 829 4128 multos
856 4089 1025 4129 annos
1050 4074 1246 4129 ibidem
1274 4074 1591 4134 immoratus
1614 4088 1760 4134 esset
1789 4097 1802 4133 :
1835 4074 1936 4136 hoc

349 4152 504 4214 patet
544 4160 609 4217 ex
639 4145 865 4215 epistola
896 4145 1180 4217 Epiphauii
1223 4147 1288 4198 ad
1337 4146 1598 4205 Joannem
1640 4149 1934 4206 Antioche-

347 4228 503 4290 itum.
545 4215 845 4290 Ctete‘rum,
903 4215 1234 4290 eit_a_uti_qna
1278 4216 1559 4290 disciplina
1621 4222 1933 4290 peregrinus

346 4286 469 4341 sine
494 4287 812 4343 necessitate
844 4302 949 4341 non
975 4285 1206 4342 debebat
1230 4285 1488 4342 ordinari.
1524 4285 1749 4346 Messe.

423 4356 571 4431 Ibid.)
591 4359 725 4431 Quid
745 4370 819 4413 est
843 4358 981 4429 quod
1011 4358 1103 4411 toti
1132 4356 1250 4426 Afri
1285 4368 1334 4431 et
1363 4361 1615 4431 peregrini
1641 4363 1693 4431 in
1728 4361 1823 4415 illa
1858 4364 1933 4416 ci-

344 4427 504 4484 vitate
529 4429 623 4484 sibi
662 4427 965 4501 successisse
1006 4429 1326 4483 nascuntur?
1355 4427 1588 4501 corrigit
1634 4430 1885 4487 Barthius
1912 4476 1928 4501 ,

339 4501 489 4572 quod
517 4510 584 4554 tot
603 4501 719 4572 jam
746 4499 897 4572 Afri,
931 4511 1039 4556 etc.
1062 4540 1077 4567 ,
1128 4499 1430 4572 necessaria
1457 4540 1471 4561 ,
1522 4499 1596 4555 uti
1628 4503 1719 4572 (ait
1744 4544 1759 4566 ,
1805 4499 1927 4557 cor-

342 4570 608 4627 rectione.
650 4571 757 4628 Sed
795 4570 938 4626 nihil
970 4579 1177 4627 temere
1207 4571 1518 4624 mutandum
1551 4570 1779 4627 videtur.
1813 4572 1932 4629 Tati

343 4642 498 4713 Afri,
530 4643 728 4698 locutio
767 4642 915 4697 Afris
954 4641 1149 4713 usitata
1175 4683 1189 4707 ,
1218 4649 1276 4695 et
1305 4641 1444 4713 inter
1471 4655 1699 4698 cancros
1722 4685 1737 4708 ,
1784 4643 1931 4713 Apu-

2064 2028 2144 2078 ret
2167 2031 2223 2079 et
2250 2029 2338 2097 qui
2365 2031 2458 2079 eos
2485 2038 2582 2095 per
2612 2026 2858 2097 syunxim
2886 2041 3007 2082 cum
3037 2026 3262 2083 Christo
3287 2028 3567 2096 colligeret
3593 2036 3649 2084 et

2060 2096 2468 2168 communicare
2511 2097 2711 2151 faceret
2740 2116 2753 2152 :
2777 2097 3032 2168 colligere
3058 2098 3203 2153 enim
3244 2099 3297 2154 in
3323 2099 3557 2168 antiquis
3578 2101 3651 2154 si-

2057 2168 2273 2235 gnilieat
2297 2166 2626 2233 sacrificare,
2656 2178 2710 2222 et
2739 2166 2963 2223 collecta
2991 2168 3342 2235 sacrificium.
3374 2166 3607 2235 Apsssp.

2126 2236 2242 2305 (65)
2259 2237 2373 2314 Qui
2400 2238 2521 2314 illos
2556 2238 2846 2314 colligeret.
2869 2238 3144 2314 Qolligere,
3178 2233 3645 2314 Grmceevséym,

2054 2321 2161 2361 vox
2189 2306 2387 2362 usitata
2403 2308 2470 2362 ad
2492 2305 2764 2365 solemnes
2789 2305 3218 2365 Christianorum
3244 2305 3481 2375 συνάξιῖϐ
3498 2305 3642 2376 {seu

2054 2382 2354 2450 canventus
2370 2379 2770 2448 signiﬁcaudos.
2794 2380 3050 2450 Colligere
3064 2380 3109 2434 is
3122 2381 3320 2435 dicitur
3337 2382 3429 2450 qui
3445 2388 3646 2450 praeest

2055 2447 2349 2519 synaxibus
2402 2444 2497 2503 seu
2549 2451 2903 2507 conventibus
2930 2444 3409 2519 vChristianorum.
3445 2444 3640 2519 'Apud

2054 2518 2317 2592 irentcum
2352 2520 2388 2572 Ι.
2422 2534 2497 2586 ttt,
2533 2530 2710 2576 contr.
2746 2521 2951 2577 Haeres.
2976 2536 3028 2574 c.
3063 2518 3101 2575 ὖ
3131 2539 3144 2575 ἓ
3180 2524 3640 2592 Quiprazterquant

2052 2591 2188 2659 quod
2217 2591 2710 2662 oportetcolligunt,
2737 2602 2861 2646 sunt
2889 2592 2968 2646 illi
2991 2594 3080 2659 qni
3113 2590 3381 2662 praeerant
3417 2590 3639 2648 haereti-

2051 2658 2330 2716 cqrum'ac
2357 2658 2827 2718 schismaticorum
2853 2658 3230 2717 conventibus.
3267 2658 3350 2719 Du
3372 2664 3491 2720 ΡΜ.

2125 2730 2240 2803 (66)
2282 2730 2455 2786 Filius
2480 2734 2592 2787 sine
2633 2736 2802 2804 patre.
2836 2733 2966 2790 Sine
2997 2734 3363 2799 ordinatione,
3395 2737 3513 2790 sine
3539 2728 3637 2792 de»

2050 2817 2269 2858 cessere
2293 2845 2307 2869 ,
2333 2818 2398 2858 ex
2427 2805 2609 2873 seipso
2654 2804 2726 2859 ibi
2759 2816 2916 2859 natus
2937 2845 2950 2866 ,
2985 2804 3190 2858 nemini
3236 2806 3534 2862 succedens
3558 2847 3574 2871 ,
3603 2822 3634 2861 a

2051 2876 2267 2956 nemine
2297 2874 2488 2956 Roma;
2517 2875 2818 2956 ordinatus.
2862 2875 3128 2954 Caeterum
3170 2878 3409 2956 episcopi
3439 2892 3636 2945 parcns

2048 2945 2096 2999 is
2124 2951 2376 3016 censetur
2396 2946 2488 3016 qui
2514 2946 2769 3016 episcOpu
2793 2961 2983 3016 manus
3008 2945 3255 3016 imponit.
3287 2948 3514 3002 Amssr.

2120 3015 2233 3087 (67)
2263 3009 2389 3088 Tiro
2414 3009 2822 3088 'sine'princ'ipe.
2847 3015 2949 3084 Qui
2970 3009 3289 3070 ordinantur
3308 3018 3545 3088 episcopi
3568 3017 3638 3074 ti-

2046 3102 2210 3142 rones
2239 3097 2292 3142 et
2335 3087 2585 3155 discipuli
2632 3087 2926 3141 censentur
2967 3101 3157 3139 eorum
3190 3101 3219 3140 a
3249 3088 3443 3153 quibus
3484 3088 3632 3143 ordia

2046 3168 2279 3221 uantur;
2310 3172 2431 3212 cum
2458 3157 2831 3211 autemVictor
2852 3157 3039 3210 Roma:
3062 3171 3168 3210 non
3194 3157 3498 3221 ordinatus,
3532 3158 3630 3214 sed

2044 3229 2241 3283 missus
2271 3229 2456 3299 fuisset
2485 3244 2551 3282 ex
2581 3227 2764 3283 Africa
2789 3268 2803 3291 ,
2828 3237 2945 3282 erat
2973 3228 3078 3282 tiro
3103 3234 3159 3282 et
3186 3228 3485 3299 discipulus
3510 3229 3633 3284 sine

2048 3299 2323 3366 magistro.
2355 3298 2583 3353 ALBASP.

2117 3370 2232 3440 (68)
2276 3370 2504 3438 Sequens
2544 3371 2653 3424 sine
2692 3368 3037 3440 antecedente.
3080 3368 3138 3423 Ι).
3168 3366 3334 3439 Cypr.
3363 3367 3402 3423 ι.
3434 3383 3488 3433 t,
3514 3367 3631 3439 epi-

2044 3444 2185 3495 stola
2213 3439 2247 3495 6
2279 3459 2291 3493 :
2329 3440 2381 3495 Ν
2387 3442 2654 3494 ovatianus
2674 3442 2731 3494 in
2757 3439 2990 3493 Ecclesia
3017 3448 3229 3504 nonest,
3246 3455 3337 3493 nec
3363 3440 3634 3510 episcopus

2040 3513 2328 3584 computari
2359 3521 2556 3581 potest,
2586 3513 2725 3584 quia,
2749 3511 3041 3584 euangelica
3092 3520 3138 3564 et
3176 3510 3472 3584 apostolica
3521 3520 3631 3565 tra-

2039 3581 2233 3636 ditione
2258 3592 2571 3652 contempta,
2593 3582 2785 3637 nemini
2800 3582 3079 3635 succedens
3098 3596 3132 3633 α
3149 3581 3338 3651 seipse
3357 3581 3647 3637 ordiuatus’

2038 3662 2133 3709 cst.
2165 3659 2390 3708 ALBASP.
2715 3652 2727 3667 ⁸

2111 3724 2231 3795 (69)
2275 3724 2482 3793 Hospes
2506 3723 2616 3777 sine
2638 3723 2885 3792 hospitio.
2910 3720 3190 3795 Alludit‘ad
3215 3720 3362 3785 illud,
3380 3721 3496 3792 jam
3521 3736 3627 3795 non

2037 3791 2284 3857 aduente,
2326 3791 2419 3849 sed
2448 3795 2675 3858 hospites
2701 3791 3022 3859 {docetque
3063 3791 3334 3847 Victorem
3377 3791 3627 3860 quamvis

2038 3879 2186 3921 esset
2215 3865 2417 3920 Christi
2459 3870 2688 3933 hospes,
2720 3864 3013 3936 hospitium
3059 3871 3241 3917 tamen
3280 3862 3468 3917 Roma:
3512 3876 3624 3919 non

2036 3936 2315 3992 habuisse.
2348 3937 2577 3992 ALBASP.

2109 4007 2226 4080 (70)
2256 4078 2265 4080 _
2295 4008 2654 4079 Quadraginta
2707 4016 2756 4063 et
2805 4007 2942 4078 quod
2970 4005 3435 4080 cucurrit.APl_ures
3470 4014 3629 4080 erant

2037 4074 2224 4133 Romae
2255 4078 2489 4133 basilicae
2513 4074 2584 4133 ’in
2617 4074 2826 4148 quibus
2849 4079 3079 4149 populus
3107 4076 3482 4148 colligebatur.
3513 4074 3622 4130 At.-

2035 4163 2227 4291 Μῗζλ)
2259 4218 2408 4274 Inter
2449 4219 2814 4291 Quadraginta,
2844 4216 3325 4291 et_quod___em'??°.‘
3355 4216 3616 4291 basilica"

2034 4285 2152 4345 Jam
2188 4285 2299 4343 tum
2335 4285 2627 4358 temporis,
2649 4285 2781 4343 'cum
2812 4285 3015 4343 scilicet
3035 4288 3225 4343 Victor
3265 4287 3390 4341 illuc
3422 4285 3621 4358 missus

2034 4372 2115 4417 est
2147 4360 2288 4414 circa
2319 4356 2527 4413 initium
2550 4358 2856 4413 schismatis
2881 4359 3305 4421 Donatistarum,
3332 4365 3489 4413 erant
3511 4356 3620 4412 Bo-

2035 4446 2139 4486 mte
2167 4430 2518 4501 quadraginta
2566 4431 2820 4501 basilicas.
2866 4426 3173 4501 Cornelius,
3204 4443 3446 4501 summus
3483 4441 3619 4501 pon-

2037 4499 2194 4568 tifex,
2217 4502 2269 4557 in
2314 4500 2543 4571 epistola
2590 4504 2657 4555 ad
2684 4499 2911 4571 Fabium
2966 4499 3358 4571 quinquaginta
3402 4499 3619 4556 circiter

2032 4573 2190 4627 annis
2236 4569 2363 4627 ante
2410 4571 2460 4625 id
2492 4578 2706 4641 tempus
2747 4570 2944 4637 scripta
2966 4569 2995 4632 ,’
3027 4572 3181 4625 testis
3213 4569 3304 4641 est
3336 4569 3450 4641 jam
3502 4578 3616 4641 t_um

2037 4644 2203 4698 fuisse
2243 4638 2733 4713 quadraginta'sex
2763 4641 3107 4713 presbyteros
3135 4642 3201 4713 in,
3224 4639 3474 4713 Ecclesia_
3506 4638 3619 4713 Bo-

346 4709 480 4786 Ie‘ioi.
511 4713 640 4786 Vide
670 4724 912 4786 nostrum
951 4728 1071 4786 pag:
1103 4712 1209 4786 56,
1239 4727 1295 4786 v._
1320 4711 1407 4779 51,
1437 4722 1492 4786 et
1517 4713 1665 4786 alibi.
1707 4709 1924 4771 hvcsiu'.
1955 4711 2010 4771 D
2035 4730 2192 4769 mana
2237 4709 2376 4785 {qui
2424 4709 2728 4786 presbyteri
2755 4709 3025 4786 videntur
3052 4712 3292 4782 pluribus
3334 4709 3618 4786 praefuiSse

424 4785 539 4856 (6|)
569 4784 773 4841 Interea
807 4781 980 4839 Victor
1027 4781 1322 4856 Carbiensis
1358 4792 1413 4856 ut
1438 4783 1556 4837 hinc
1585 4785 1732 4856 prior
1761 4790 1928 4841 mitte-

342 4865 509 4913 τειραν.
537 4860 603 4913 Τὸ
630 4858 910 4911 mitteretur
953 4855 1277 4924 repetitum,
1310 4855 1489 4907 turbat
1525 4855 1767 4910 ordinem
1810 4873 1934 4912 ora-

346 4929 514 4999 tionis
540 4940 591 4983 et
612 4927 916 4999 intricatam
958 4925 1165 4999 reddit,
1218 4924 1540 4999 sicontinua
1592 4928 1735 4981 serie
1784 4929 1930 4999 legas

340 4998 421 5054 ad
452 5001 740 5055 secundum
770 4997 898 5052 illud
926 4998 1226 5050 mitteretur.
1254 4993 1435 5049 Possis
1474 5007 1650 5051 tamen
1684 4999 1754 5053 ita
1790 4993 1931 5054 acci-

341 5084 481 5142 pere
510 5087 523 5123 :
554 5071 755 5125 interea
806 5068 947 5142 quod
992 5068 1194 5135 primus
1227 5065 1406 5142 Victor
1446 5065 1757 5142 Garbicnsis
1804 5070 1933 5125 hinc

338 5136 547 5197 inissus
571 5142 674 5205 sit,
707 5136 1012 5194 non'dicam
1054 5136 1300 5191 consulto
1330 5137 1573 5206 consilio,
1599 5139 1793 5192 factum
1818 5184 1831 5206 ,
1873 5151 1933 5195 ut

340 5222 602 5281 tanquam
632 5212 768 5279 lapis
794 5211 848 5263 in
878 5212 1092 5281 fontem,
1124 5209 1246 5281 quia
1290 5221 1481 5281 revera
1498 5205 1646 5281 nihil
1670 5209 1775 5281 tale
1800 5226 1932 5265 con-

340 5277 591 5337 secutum
611 5277 715 5347 est,
741 5281 836 5335 sed
861 5277 1134 5342 nimirum,
1153 5280 1272 5344 quia
1288 5277 1591 5344 quibusdam
1614 5277 1773 5345 Afris,
1795 5292 1926 5345 etc.,

339 5352 558 5427 sublata
598 5367 807 5427 nempe
835 5360 897 5427 τῇ
923 5351 1222 5427 παρενθέσει
1254 5358 1554 5427 punetoque
1578 5358 1700 5418 post
1726 5352 1784 5406 τὸ
1815 5369 1930 5427 per-

340 5423 556 5480 turbare
589 5420 881 5491 geminato:
926 5420 1223 5489 Utcumque
1255 5430 1432 5473 tamen
1465 5421 1609 5491 legas
1634 5460 1648 5484 ,
1684 5436 1789 5475 non
1830 5425 1926 5478 ab-

338 5497 539 5551 horret
566 5490 634 5549 ab
667 5491 844 5562 Optati
876 5492 1043 5562 stylo;
1069 5504 1241 5561 neque
1270 5490 1587 5562 operuerit
1617 5505 1715 5544 nos
1760 5494 1813 5547 in
1843 5493 1927 5549 his

337 5574 405 5625 et
435 5564 701 5619 similibus
717 5556 982 5631 'dcinceps
1007 5556 1402 5631 immurarifM.
1433 5556 1664 5615 Caseus.

424 5633 541 5708 (62)
564 5633 724 5708 Lapis
750 5636 803 5688 in
828 5629 1038 5708 [autem
1055 5629 1310 5708 ‘Ecclesia
1331 5638 1415 5686 est
1435 5630 1574 5697 fons,
1590 5635 1705 5701 ejus
1726 5636 1929 5708 puritas

342 5701 719 5764 ab'haéreticis
747 5701 1009 5760 turbatur.
1038 5701 1267 5759 ALBASP.

338 5794 343 5798 '
426 5776 543 5849 (65)
570 5775 778 5835 Urbica.
811 5774 1050 5832 Bumana
1073 5790 1087 5828 :
1113 5772 1270 5833 Urbis
1291 5772 1497 5832 Romae.
1526 5772 1753 5832 ALBASP.

2036 4780 2672 4839 basilicisztl'tauasius
2715 4785 2768 4839 in
2818 4780 3063 4852 apologia
3113 4780 3569 4852 contraAriauos
3595 4822 3613 4849 ,

2034 4855 2165 4910 dicit
2186 4856 2472 4909 concilium
2497 4855 2797 4909 Romanum
2824 4851 3205 4924 quinquaginta
3240 4851 3615 4924 episcoporum

2034 4927 2088 4980 in
2116 4925 2196 4978 sui
2223 4927 2447 4994 gratiam
2481 4926 2754 4987 habitum,
2787 4940 2816 4979 a
2848 4924 2992 4979 Julio
3034 4922 3416 4994 congregatum
3448 4922 3616 4994 fuisse

2036 5011 2103 5050 eo
2128 4995 2181 5048 in
2209 4992 2330 5050 loco
2360 4998 2449 5051 ubi
2477 4996 2595 5050 Vito
2616 4997 2897 5066 presbyter
2919 4992 3217 5066 conventus
3238 4992 3433 5066 agebat
3456 5012 3473 5048 :
3498 4992 3616 5050 ἔνθα

2036 5070 2189 5122 Βίτων
2216 5064 2628 5144 ὁ-ῖτρεσςύτερρξ
2647 5064 2900 5144 euadunt».
2936 5066 3080 5144 Ergo
3121 5065 3191 5144 ab
3228 5064 3616 5144 antiquissimis
3691 5110 3701 5119 .

2036 5134 2372 5207 temporibus
2399 5134 2591 5206 singuli
2620 5134 2820 5206 quiqu'e
2851 5136 3151 5207 presbyteri
3191 5148 3320 5190 suas
3346 5134 3616 5207 habebant

2036 5207 2287 5261 basilicas
2324 5206 2376 5260 iu
2420 5208 2555 5262 urbe
2580 5207 2748 5259 Roma
2772 5247 2787 5270 ,
2822 5207 2873 5259 in
2902 5207 3097 5274 quibus
3118 5207 3372 5276 populum
3396 5206 3616 5275 collige-
3657 5266 3663 5272 ,

2034 5278 2184 5334 bant.
2209 5277 2279 5332 At
2309 5295 2375 5333 ne
2394 5293 2556 5332 uitam
2583 5277 2797 5346 quidem
2819 5291 2886 5331 ex
2918 5273 3001 5330 his
3026 5273 3265 5332 basilicis
3291 5276 3491 5332 habere
3519 5273 3613 5347 po—

2036 5357 2251 5403 tuerant
2273 5348 2717 5416 pseudoepiscopi
2751 5347 3053 5402 Donatiani.
3084 5350 3157 5403 Du
3189 5347 3304 5403 Pun.

2104 5418 2220 5492 (72)
2269 5419 2365 5474 Ubi
2412 5421 2731 5491 colligerent.
2763 5418 2861 5474 Ubi
2886 5418 3257 5475 sacriﬁcarent
3282 5426 3339 5474 et
3361 5416 3609 5490 synaxim

2030 5491 2287 5546 facerent.
2313 5492 2542 5547 ALBASP.

2112 5560 2228 5633 (75)
2260 5564 2349 5618 Sic
2399 5565 2697 5629 speluncam
2722 5561 3002 5633 quamdam
3019 5559 3459 5633 foras_a_ciuitate_,
3491 5563 3596 5633 etc.

2036 5625 2193 5700 Quod
2214 5625 2304 5689 'est
2328 5634 2413 5689 vel
2427 5625 2590 5703 quale
2609 5625 2786 5703 ipsum
2814 5632 2917 5688 hoc
2941 5625 3187 5703 tempus?
3211 5629 3406 5691 Sedes,
3428 5625 3608 5695 judice

2040 5718 2150 5769 me,
2174 5703 2342 5778 lector
2362 5747 2376 5771 ,
2404 5701 2577 5772 utere,
2603 5701 2659 5759 et
2682 5718 2883 5778 repone
2921 5701 3008 5754 ubi
3038 5715 3153 5778 pro_
3175 5708 3606 5778 temporefpos-

2043 5766 2155 5827 sent
2181 5766 2398 5843 quidem
2426 5778 2539 5832 ἀντὶ
2564 5766 2846 5846 potuissent
2866 5812 2881 5839 ,
2913 5766 3047 5825 usus
3068 5767 3301 5836 vulgaris
3324 5766 3603 5823 latinitatis
