4206 6170
615 314 722 371 965

1814 308 2064 367 SANCTI
2101 283 2353 368 opm:
2385 285 2707 372 'EPISCOPI

3797 321 3908 381 964

611 429 820 486 nullare
852 425 999 482 visus
1028 438 1087 481 es
1118 445 1132 482 :
1164 423 1220 480 in
1249 423 1599 480 excusatione
1645 433 1672 461 ει
1711 424 1916 480 crrdris
1943 434 1997 482 et
2024 423 2208 483 livoris
2237 411 2288 490 Α
2311 429 2415 485 bus
2461 428 2601 487 ratio
2650 429 2998 503 baptismatis
3041 445 3463 508 agnosceretur:
3504 435 3596 494 ubi
3637 437 3776 495 nihil
3818 431 3918 498 sibi

612 519 807 584 vestri,
853 517 982 573 dum
1014 524 1134 586 post
1164 530 1263 570 nos
1308 515 1655 586 rebaptizatis
1679 513 1732 584 δ,
1768 525 1824 571 et
1866 524 1989 586 post
2035 519 2212 574 socios

605 617 821 665 vestros
849 609 900 662 in
928 617 1156 678 peccato
1185 606 1461 670 detectas,
1495 606 1602 662 hoc
1632 622 1738 663 non
1780 606 1981 664 facilis.
2024 609 2213 665 Dixisti

608 703 751 758 enim
793 687 938 771 quod
993 700 1038 754 si
1079 699 1335 756 sacerdos
1374 699 1429 755 in
1460 707 1684 771 peccato
1712 699 1812 765 sit,
1842 701 1973 756 solae
2005 703 2214 771 possint

597 779 763 850 'dotes
789 793 1021 864 operari.
1049 791 1235 863 Igitur,
1263 793 1390 862 quia
1414 791 1695 847 docuimus
1710 799 1765 848 et
1791 792 1919 863 quid
1943 793 2016 849 sit
2037 792 2210 850 haere-

605 885 711 952 sis,
737 895 794 942 et
821 885 949 957 quid
975 884 1045 941 sit
1073 884 1332 953 schisma,
1363 894 1418 940 et
1445 885 1572 956 quid
1603 886 1674 940 sit
1703 896 1887 942 sancta
1915 885 2160 943 Ecclesia
2181 902 2206 943 ':

604 993 659 1039 et
681 981 844 1054 hujus
873 979 1072 1040 saneta:
1102 977 1359 1040 Ecclesia-
1388 994 1472 1039 est
1499 982 1613 1056 (15)
1633 985 1923 1040 constituta
1947 973 2202 1056 persona,

603 1087 657 1133 et
687 1075 824 1132 hanc
854 1067 974 1132 esse
1004 1073 1324 1132 catholicam
1343 1118 1359 1146 ,
1391 1092 1512 1148 qua:
1549 1078 1620 1133 sit
1639 1078 1693 1134 in
1728 1087 1840 1135 toto
1869 1079 2000 1136 orbe
2028 1088 2205 1137 terra-

603 1158 720 1223 rum
743 1167 936 1223 diffusa
965 1186 977 1222 :
1009 1168 1162 1238 cujus
1185 1169 1429 1226 membra
1453 1178 1507 1225 et
1529 1183 1628 1225 nos
1657 1170 1797 1226 inter
1820 1171 1956 1227 alios
1977 1187 2160 1228 sumus
2186 1190 2200 1228 :

604 1259 758 1328 cujus
787 1259 942 1314 dotes
972 1259 1111 1329 apud
1138 1257 1285 1314 illam
1313 1259 1515 1331 ubique
1541 1270 1686 1316 sunt.
1723 1261 1923 1318 Deinde
1945 1263 1996 1316 in
2028 1263 2203 1332 primo

511 1386 528 1400 .
604 1352 742 1407 libro
769 1349 1149 1422 probavimus,
1195 1351 1262 1406 ad
1307 1367 1406 1407 nos
1451 1367 1558 1408 non
1587 1354 1860 1424 pertinere
1902 1352 2202 1410 traditionis

602 1442 894 1510 invidiam,
941 1451 996 1499 et
1033 1441 1135 1499 hoc
1179 1444 1383 1500 crimen
1433 1442 1593 1500 etiam
1641 1460 1670 1499 a
1704 1445 1859 1501 nobis
1903 1461 2024 1503 esse
2052 1446 2204 1501 dam-

602 1544 809 1591 natum.

671 1627 741 1683 Χ.
773 1628 926 1701 Apud
950 1625 1240 1684 Catholicos
1281 1647 1388 1686 esse
1425 1647 1543 1687 vera
1572 1632 1818 1689 Ecclesia:
1862 1647 2200 1692 sacramenta.

600 1750 671 1760 —
698 1718 815 1776 Jam
845 1719 977 1776 illud
1008 1721 1138 1776 mihi
1169 1723 1290 1778 volo
1317 1724 1668 1794 respondeas,
1700 1739 1822 1780 cum
1844 1727 1912 1782 de
1941 1727 2073 1782 solis
2097 1728 2200 1783 Ec-

2318 526 2624 595 operarius,
2649 529 2739 598 qui
2757 528 2916 584 homo
2939 539 3042 598 est,
3067 530 3321 599 vindicet,
3351 529 3467 605 (18)
3494 534 3634 604 quod
3661 549 3760 590 vos
3792 533 3924 592 faei-

2319 617 2407 670 tis.
2441 614 2679 688 ldeoque
2707 619 2774 673 ad
2802 620 2942 674 solas
2968 623 3120 677 dotes
3152 632 3202 676 te
3229 622 3476 678 conferre
3501 623 3751 694 voluisti,
3785 627 3916 696 qua‘s

2318 707 2468 762 velut
2495 725 2655 764 manu
2683 711 3076 781 apprehensas,
3109 724 3201 768 ant
3229 712 3348 786 (19)
3376 729 3497 769 arca
3529 725 3552 753 ε
3590 717 3916 783 conclusas,

2315 799 2612 856 Catholicis
2640 801 2931 874 denegans,
2961 803 3114 858 vobis
3138 804 3266 860 solis
3285 819 3380 860 eas
3410 803 3600 861 frustra
3628 806 3916 864 vindicare

2316 900 2544 946 conatus
2571 907 2650 947 es.
2679 891 2810 948 Cum
2837 905 3023 966 agatur
3038 893 3104 950 de
3127 883 3534 966 regeneratione
3560 895 3611 965 ἀ,
3641 911 3766 953 cum
3797 913 3923 972 aga-

2317 990 2405 1036 tur
2448 980 2518 1038 de
2561 983 2778 1042 homine
2823 983 3163 1052 innovando,
3212 988 3359 1042 nulla
3403 1003 3434 1044 a
3475 995 3527 1044 te
3573 989 3919 1047 credentium

2315 1074 2484 1140 ﬁdes,
2526 1077 2669 1132 nulla
2714 1077 2978 1150 professio
3011 1089 3034 1117 θ
3065 1081 3336 1137 nominata
3380 1089 3504 1139 est:
3538 1081 3667 1138 dum
3717 1084 3803 1139 vis
3851 1070 3922 1141 de

2314 1167 2446 1224 solis
2474 1169 2688 1227 dotibus
2717 1171 2882 1243 loqui,
2915 1171 3032 1228 haec
3061 1173 3238 1228 omnia
3259 1214 3276 1241 ,
3305 1173 3422 1229 sine
3448 1174 3642 1244 quibus
3669 1174 3781 1247 39
3807 1175 3924 1246 spi-

2314 1262 2486 1320 ritalis
2517 1263 2605 1321 illa
2645 1266 2898 1322 nativitas
2926 1267 3165 1337 reparari
3210 1282 3317 1323 non
3348 1276 3555 1338 potest,
3602 1268 3659 1322 in
3697 1268 3920 1326 silentio

2314 1356 2569 1410 remisisti
2600 1373 2613 1410 :
2647 1367 2700 1411 et
2726 1369 2848 1412 cum
2878 1357 3033 1412 dotes
3060 1356 3126 1412 ad
3156 1372 3434 1428 sponsam,
3478 1375 3583 1415 non
3615 1371 3818 1428 sponsa
3849 1359 3920 1415 ad

2312 1446 2469 1503 dotes
2498 1449 2803 1519 pertineat,
2834 1449 2914 1505 sic
2940 1451 3200 1506 ordinasti
3246 1451 3435 1517 dotes,
3466 1451 3622 1523 quasi
3656 1452 3791 1523 ipsa:
3832 1451 3921 1508 vi-

2310 1536 2540 1594 deantur
2565 1555 2856 1609 generare,
2889 1537 3006 1613 (Ξο)
3043 1556 3150 1597 non
3179 1540 3424 1608 viscera;
3452 1558 3574 1613 qu:e
3604 1541 3920 1615 intelligun-

2314 1639 2400 1686 tur
2427 1631 2545 1702 plus
2573 1633 2744 1700 posita
2772 1630 2826 1686 in
2887 1634 3244 1689 sacramentis
3283 1649 3442 1704 quam
3471 1633 3523 1688 in
3553 1636 3916 1690 ornamentis.

2380 1724 2472 1780 XI.
2505 1725 2785 1780 Ecclesium
2817 1727 3114 1796 paradisum
3140 1727 3322 1781 merito
3351 1725 3476 1793 dici,
3505 1726 3595 1780 sed
3628 1727 3720 1780 toti
3749 1737 3920 1783 terra-

598 1811 777 1866 clcsia:
799 1811 1014 1869 dotibus
1042 1813 1186 1885 loqui
1209 1815 1450 1882 voluisti,
1479 1825 1535 1872 et
1559 1816 1627 1872 dc
1658 1818 1860 1875 sanctis
1885 1819 2003 1888 ejus
2029 1836 2200 1876 mem-
2230 1810 2278 1871 B
2306 1835 2420 1872 rum
2443 1818 2554 1873 orbi
2583 1818 2999 1890 respondentem.
3024 1849 3094 1860 —
3121 1817 3231 1874 Nec
3274 1818 3405 1874 illud
3449 1827 3736 1889 praetereo,
3765 1803 3919 1891 quod

605 1903 714 1966 bris
736 1907 798 1958 ac
828 1905 1129 1960 visceribus
1159 1907 1373 1962 tacuisti
1404 1925 1416 1959 :
1449 1923 1569 1978 qua:
1593 1918 1720 1963 sunt
1750 1911 1931 1979 procul
1964 1911 2126 1966 dubio
2147 1916 2200 1968 in

601 1995 958 2050 sacramentis
988 2005 1042 2052 et
1075 1995 1190 2068 (l4)
1217 1997 1268 2051 in
1295 1999 1604 2054 nominibus
1628 1998 1907 2056 Trinitatis
1934 2001 2074 2074 (15).
2103 2003 2203 2058 Cui

600 2081 877 2141 concurrit
924 2085 1058 2142 ﬂdes
1098 2081 1473 2154 'credentium,
1507 2099 1561 2145 et
1593 2089 1879 2162 professio,
1917 2107 2036 2164 quae
2085 2093 2199 2166 (l6)

599 2178 742 2247 apud
771 2187 890 2233 acta
933 2177 1219 2234 coniicitur
1243 2180 1559 2250 angelorum
1592 2181 1733 2253 (17),
1777 2181 1862 2237 ubi
1908 2183 2203 2240 miscentur

599 2270 838 2326 cmlestia
870 2280 926 2326 et
951 2271 1215 2341 spiritalia
1240 2273 1472 2339 semina,
1498 2281 1552 2326 ut
1576 2282 1766 2328 sancto
1789 2274 2034 2346 germine
2060 2291 2196 2332 nova

599 2363 772 2433 possit
798 2365 1192 2419 renascentium
1226 2364 1436 2420 indoles
1481 2367 1754 2435 procreari
1789 2383 1801 2419 :
1841 2376 1901 2421 ut
1924 2368 2050 2424 dum
2077 2369 2198 2424 Tri-

600 2457 740 2511 nitas
781 2471 902 2511 cum
933 2454 1039 2511 ﬁde
1066 2455 1392 2524 concordat,
1425 2456 1516 2527 qui
1560 2465 1719 2512 natus
1759 2456 1936 2514 fuerat
1972 2461 2193 2529 saeculo,

595 2557 912 2604 renascatur
964 2547 1282 2618 spiritaliter
1322 2548 1453 2604 Deo.
1498 2549 1590 2605 Sic
1634 2549 1692 2604 lit
1725 2549 2005 2608 hominum
2047 2563 2199 2623 pater

602 2639 748 2696 Deus
766 2681 781 2706 ,
825 2650 1013 2695 sancta
1042 2640 1124 2696 sic
1163 2640 1224 2696 ﬁt
1249 2651 1424 2697 mater
1451 2639 1717 2697 Ecclesia.
1751 2641 1879 2700 llam
1906 2645 2088 2699 omnia
2117 2645 2199 2701 in-

596 2731 780 2802 telligo
809 2745 838 2786 a
871 2739 923 2787 te
947 2730 1069 2788 ideo
1099 2745 1209 2786 non
1248 2745 1372 2788 esse
1399 2731 1674 2788 nominata
1695 2772 1711 2800 ,
1741 2748 1810 2790 ne
1837 2734 1889 2788 in
1919 2734 1987 2790 iis
2017 2735 2200 2792 omni-

2307 1927 2402 1966 orc
2444 1919 2535 1966 tuo
2577 1920 2631 1966 et
2670 1925 2831 1966 sensu
2860 1918 3046 1966 nostro
3075 1911 3378 1967 Ecclesiam
3429 1911 3740 1982 paradisum
3792 1902 3918 1969 esse

2306 1999 2488 2056 dixisti
2518 2019 2530 2055 :
2561 2017 2681 2072 qua:
2722 2017 2810 2057 res
2839 2001 2957 2057 sine
2997 2000 3161 2058 dubio
3188 2017 3314 2057 vera
3363 2009 3444 2056 est
3473 2019 3485 2054 :
3520 2001 3574 2056 in
3603 2017 3714 2072 quo
3753 2001 3936 2064 horto,

2307 2093 2447 2149 Dens
2489 2093 2691 2164 plantat
2715 2092 3049 2149 arbusculas.
3081 2089 3150 2149 Et
3179 2102 3356 2148 tamen
3396 2077 3508 2149 Deo
3534 2093 3755 2150 divitias
3787 2095 3918 2150 sua’s

2304 2183 2634 2254 denegastis,
2665 2185 2822 2255 cujus
2852 2183 3066 2240 hortum
3112 2183 3166 2239 i'n
3211 2185 3486 2255 angustias
3531 2182 3750 2255 cogitis,
3783 2183 3916 2241 dum

2305 2275 2462 2331 vobis
2487 2275 2618 2332 solis
2659 2275 2932 2332 immerito
2971 2275 3153 2330 omnia
3183 2276 3485 2331 vindicatis.
3521 2275 3720 2346 Utique
3749 2277 3915 2348 plan-

2303 2369 2534 2423 lationes
2577 2367 2668 2423 Dei
2711 2377 2836 2423 sunt
2886 2366 3099 2423 diversa
3134 2367 3341 2424 semina
3387 2383 3485 2438 per
3513 2367 3734 2426 diversa
3775 2367 3918 2440 prae-

2302 2470 2476 2530 cepta.
2510 2459 2645 2515 Justi
2669 2501 2684 2525 ,
2716 2459 3091 2528 continentes,
3141 2459 3528 2517 misericordes
3563 2471 3620 2516 et
3646 2461 3913 2534 virgines,

2302 2553 2568 2623 spiritalia
2588 2561 2716 2608 sunt
2741 2553 2980 2609 semina:
3011 2553 3201 2608 barum
3225 2569 3406 2609 rerum
3437 2555 3759 2612 arbusculas
3792 2551 3914 2630 (2|)

2303 2645 2355 2700 in
2389 2645 2638 2716 paradiso
2681 2646 2824 2701 Deus
2856 2645 3083 2716 plantat.
3115 2643 3412 2705 COncedite
3467 2647 3579 2703 Deo
3617 2658 3676 2702 ut
3721 2647 3917 2704 hortus

2301 2737 2422 2809 ejus
2446 2737 2517 2795 sit
2536 2738 2696 2810 longe
2719 2739 2934 2810 lateque
2957 2738 3204 2797 dimisus.
3227 2738 3367 2808 Quid
3392 2737 3466 2794 illi
3489 2739 3699 2810 negatis
3720 2737 3916 2796 Orien-

1844 2867 2230 2928 LECTIONES
2268 2869 2688 2928 VARIANTES.

657 2961 684 2990 ⁸
718 2957 774 3010 In
792 2972 880 3011 ms.
906 2957 966 3008 Ρ.
987 2949 1380 3012 S.exsecutione.

652 3018 680 3058 ι’
714 3019 772 3084 in
797 3035 887 3072 ms.
907 3022 959 3071 S.
987 3021 1048 3072 G.
1075 3017 1342 3084 baptizatis.

653 3088 677 3116 ο
711 3081 786 3135 Ita
823 3085 1010 3147 optime
1051 3085 1102 3133 in
1134 3079 1237 3134 'tns.
1282 3083 1336 3133 S.
1377 3080 1437 3135 G.
1482 3079 1543 3132 In
1580 3093 1700 3133 mss.
1746 3081 1801 3133 S.
1845 3081 1906 3134 T.
1948 3091 2002 3135 et
2041 3084 2102 3135 Ρ.
2127 3084 2182 3136 S.

2776 3023 3064 3152 ante:
3083 3024 3137 3076 ε·
3167 3023 3230 3076 θ·

1932 3192 2296 3251 νΑιυοιιυΜ
2337 3192 2567 3251 NOTAE.

589 3311 690 3380 Qui
719 3311 988 3368 annnllare
1017 3309 1237 3368 verbum
1263 3285 1566 3378 usurparet,
1591 3310 1951 3380 antiquiorem
1983 3310 2181 3380 Optato
2210 3315 2256 3378 C

592 3400 697 3436 non
729 3382 856 3436 vidi.
886 3381 1017 3447 Qure
1050 3381 1260 3449 phrasis
1293 3383 1490 3436 nullius
1531 3383 1685 3449 pretii
1716 3391 1821 3446 est,
1853 3383 1983 3438 licet
2009 3381 2182 3438 luris-

590 3452 823 3522 consnlti
872 3451 1137 3507 Forenses
1182 3468 1280 3521 pro
1327 3451 1572 3507 dedicato
1602 3463 1656 3508 et
1707 3461 1979 3522 tamquam
2031 3452 2186 3509 festis

589 3521 780 3577 diebus
810 3524 885 3577 uti
916 3532 1116 3577 ament.
1150 3521 1370 3576 lucsnr.
1562 3537 1568 3544 '

659 3593 773 3666 (l5)
794 3592 1100 3666 Constituto
1121 3591 1496 3666 persona._Hoc
1517 3600 1600 3647 est
1619 3593 1672 3648 in
1700 3606 1929 3666 persona
1951 3592 2010 3649 S.
2041 3593 2187 3666 Pon-

588 3662 764 3718 tiﬁcis
789 3663 1026 3718 Ecclesia
1074 3662 1160 3718 εει
1203 3664 1488 3718 constituta
1513 3703 1528 3729 ,
1564 3671 1836 3734 tamquam
1887 3662 1940 3718 in
1968 3664 2143 3734 capite
2165 3706 2182 3734 ,

588 3744 747 3806 atque
774 3735 884 3792 illic
906 3744 988 3791 est
1018 3735 1111 3792 ubi
1137 3743 1339 3790 etcum
1372 3735 1566 3805 quibus
1594 3734 1974 3860 communicat.

1851 3821 1974 3860 LBAS

1851 3821 2033 3862 LBASP.

662 3873 778 3950 (ll)
801 3875 885 3950 _E_t
925 3876 979 3930 in
1009 3875 1298 3950 nominibus
1324 3874 1592 3950 Trinitatis
1613 3917 1650 3950 ._
1668 3886 1774 3950 etc.
1801 3874 2030 3950 Nomina
2059 3873 2183 3944 Tri-

590 3939 770 4002 nitatis
801 3945 888 4002 hic
919 3953 978 4001 ut
1002 3946 1157 4020 apud
1183 3943 1597 4020 Tertulliauunr
1620 3945 1689 4001 de
1719 3945 1909 4014 Bapt.,
1947 3939 2040 4003 iib.
2075 3939 2182 4020 vit,

589 4032 844 4072 numerus
871 4015 1148 4071 nominum
1186 4015 1519 4081 divinorum,
1549 4015 1599 4069 id
1641 4023 1762 4081 est,
1805 4017 2180 4086 personarum.

587 4089 782 4144 Noster
807 4088 942 4148 intra
967 4085 1064 4146 lib.
1088 4102 1168 4152 ιιι,
1197 4086 1414 4141 nomina
1444 4087 1656 4156 pictatis
1681 4101 1778 4156 pro
1801 4085 2044 4156 persona:
2066 4089 2184 4143 vin-

586 4161 707 4215 culo
752 4157 962 4228 pictatis
991 4156 1090 4214 sibi
1131 4157 1367 4228 juncta},
1398 4155 1456 4212 et
1493 4155 1589 4228 lib.
1615 4155 1815 4228 v,:tria’
1837 4160 2084 4228 nomina,
2129 4158 2182 4214 id

585 4241 688 4293 est,
721 4226 832 4284 tres
860 4243 1126 4301 personaa.
1154 4228 1229 4301 De
1255 4226 1358 4301 fide
1380 4242 1442 4282 ac
1469 4227 1802 4301 professione
1823 4227 2180 4294 credentium,

583 4319 706 4369 qu:c
745 4297 1062 4369 sequuntur,
1091 4307 1149 4353 ut
1176 4299 1294 4353 aliis
1329 4297 1610 4370 decantata
1633 4340 1647 4363 ,
1693 4299 1871 4354 sciens
1893 4311 2178 4370 pnetcreo.

583 4373 851 4427 Cmteruni
897 4370 1143 4441 angelum
1172 4370 1326 4441 aquis
1375 4369 1704 4441 intervenire
1724 4408 1742 4441 ,
1773 4369 1955 4441 multis
1982 4370 2180 4440 proba-

585 4452 694 4497 tum
720 4437 1049 4511 Tertullia'no
1083 4439 1152 4495 de
1178 4437 1356 4509 Bapl.,
1399 4455 1518 4511 cap.
1547 4438 1605 4504 5,
1637 4439 1692 4494 ϐ.
1728 4439 1833 4496 Sed
1877 4437 1996 4495 non'
2025 4441 2182 4511 aquis

587 4522 814 4576 tantum,
846 4509 938 4565 sed
969 4521 1020 4566 et
1048 4511 1403 4566 orationibus.
1439 4509 1512 4580 Dc
1540 4521 1677 4564 orat.
1711 4526 1831 4580 cap.
1863 4511 1950 4574 12.
1985 4520 2041 4567 et
2069 4509 2181 4565 tina-

584 4583 822 4642 trimonii
854 4582 1042 4644 sacris.
1067 4581 1133 4636 ad
1159 4596 1379 4635 uxorem
1403 4579 1497 4634 lib.
1524 4596 1584 4644 ιι,
1609 4595 1658 4636 c.
1683 4579 1789 4635 ult.
1808 4581 1884 4636 De
1915 4581 2182 4650 baptismo

581 4664 760 4711 autem
806 4656 968 4710 etiam
998 4652 1228 4723 August.
1257 4650 1330 4723 de
1353 4649 1704 4723 symbnload
1734 4649 2049 4723 catliecum._
2082 4652 2178 4723 rubi

583 4735 703 4808 post
732 4723 985 4808 quzcdau‘r
1013 4718 1443 4808 dia-professione
1468 4737 1488 4808 7:
1526 4718 1704 4808 Videte
1725 4761 1739 4785 ,
1765 4721 1988 4804 inquit,
2015 4721 2157 4775 dilec-

581 4791 787 4862 tissimi,
818 4796 939 4863 quia
966 4791 1737 4864 hancprofessionemrestrain
1761 4792 1812 4864 in
1835 4793 2028 4864 atrium
2056 4810 2175 4864 pro-

581 4867 725 4933 fertis
765 4861 1096 4936 angelorum,
1129 4861 1358 4936 nomina
1394 4861 1741 4936 proﬁtentium
1784 4861 1837 4936 in
1877 4861 2004 4917 libro
2035 4861 2176 4936 erci-

583 4931 788 5003 piantur
827 4931 969 5000 ὗὶιαῑ,
1003 4951 1104 4987 non
1144 4951 1174 4986 a
1200 4932 1425 5003 quolibet
1470 4931 1705 5003 nomine,
1741 4932 1832 4986 sed
1857 4950 1887 4985 a
1914 4935 2179 5003 superiore

582 5000 776 5060 cwlitns
804 5015 1081 5075 potestate,
1122 5013 1262 5075 ctc.,
1296 5003 1384 5071 qui
1414 5000 1564 5056 locus
1591 5002 1784 5075 eximie
1815 5003 1957 5060 hunc
1980 5000 2177 5073 ’Optati

579 5073 830 5146 illustrat.
863 5076 988 5130 Acta
1013 5084 1189 5146 autem
1216 5073 1301 5129 hic
1322 5081 1385 5146 ut
1404 5082 1620 5146 secreta,
1645 5073 1835 5141 studia,
1862 5075 2177 5146 spectacula,

581 5146 722 5217 apud
771 5145 906 5200 alios
952 5155 1006 5200 et
1053 5144 1358 5202 iStiusmodi
1401 5141 1685 5217 innumera
1724 5160 1820 5216 pro
1866 5141 1999 5201 locis
2044 5145 2214 5211 ipsis.

579 5214 855 5281 actorum,
888 5225 1218 5271 secretorum
1240 5255 1257 5282 ,
1284 5225 1390 5270 etc.
1425 5214 1499 5270 Ita
1525 5214 1739 5270 centies
1759 5218 1810 5271 in
1842 5217 2024 5271 collat.
2048 5217 2179 5272 Car-

581 5291 724 5360 thag.
752 5285 900 5360 apud
937 5296 1053 5360 acta
1097 5297 1142 5340 et
1169 5287 1315 5360 actis,
1349 5286 1401 5339 id
1431 5287 1819 5360 est_,-publice,
1845 5303 2028 5360 coram
2055 5285 2178 5341 01³ῐί-

579 5355 700 5423 cio,’
718 5355 831 5413 sive
857 5355 1080 5426 Notario
1108 5355 1494 5426 publicotetc.
1528 5355 1645 5410 Mox
1676 5356 1932 5426 Trinitas,
1967 5357 2020 5411 id
2054 5364 2173 5423 est,

582 5447 826 5497 persmnn
852 5423 1129 5484 Trinitatis
1155 5426 1334 5490 Pater,
1360 5423 1528 5479 Filius
1546 5436 1643 5497 ,ret
1671 5425 1904 5495 Spiritus
1934 5438 2172 5482 sanctus.

580 5496 692 5558 Deo
719 5515 911 5568 nempe
950 5512 1072 5551 cum
1109 5498 1223 5565 ipsa
1255 5497 1359 5549 lide
1386 5504 1439 5549 et
1468 5496 1801 5568 professione
1828 5497 2178 5568 baptizando-

578 5589 696 5629 rnm
727 5567 1090 5626 concordante
1117 5576 1172 5620 et
1197 5575 1579 5629 concurrente,
1604 5575 1709 5620 etc.
1733 5567 1803 5621 Μ.
1836 5567 2065 5621 ΟΑεΑυιι.

650 5641 766 5716 (lii)
807 5641 873 5696 In
916 5635 1247 5716 sacramentis
1285 5645 1332 5689 et
1369 5636 1439 5716 in_
1473 5637 1758 5716 nominibus
1785 5635 2076 5716 Trinitatis.
2099 5636 2175 5716 .In

580 5705 919 5772 sacramento
966 5708 1217 5783 baptismi
1241 5749 1255 5774 .
1299 5705 1442 5779 quod
1469 5708 1536 5764 ad
1568 5706 1850 5767 Trinitatis
1881 5708 2177 5768 invocatio-

581 5802 705 5845 nem
731 5780 1138 5845 confertum—Du
1163 5780 1280 5838 PlN.

2210 4690 2258 4748 D

2360 3313 2475 3384 (16)
2520 3313 2648 3384 Qua:
2686 3311 2828 3382 apud
2863 3320 2979 3366 acta
3017 3310 3292 3384 con/icitur
3317 3307 3654 3384 Angelorum.
3687 3309 3913 3369 Tertul-

2291 3379 2488 3448 liaitus,
2515 3379 2837 3452 obsignatum
2867 3381 3041 3453 angeli
3065 3382 3380 3453 renuntiant,
3408 3379 3568 3434 Pater
3590 3391 3706 3436 rato
3733 3384 3907 3452 habet,

2292 3454 2362 3510 de
2396 3451 2741 3508 Matrimonio
2769 3453 2909 3508 libro
2940 3451 2996 3519 it,
3027 3451 3095 3507 ad
3123 3467 3366 3507 uxorem.
3401 3453 3633 3507 ΔιιςΑκιι.

2363 3525 2478 3594 (17)
2535 3523 2663 3590 Qua:
2704 3523 2846 3594 apud
2887 3535 3004 3578 acta
3050 3524 3322 3594 conﬁcitur
3363 3524 3684 3594 angelorum.
3738 3525 3914 3593 Aquis

2291 3591 2610 3651 lustralibus
2655 3591 2908 3665 angelum
2959 3591 3288 3665 intervenire
3334 3591 3567 3665 affirmat
3598 3591 3838 3649 Tertull.
3868 3595 3906 3650 1.

2288 3667 2357 3720 dc
2394 3665 2547 3736 Bapt.
2579 3679 2630 3736 c.
2661 3664 2694 3719 5
2728 3663 2780 3736 et
2818 3664 2882 3728 6;
2928 3665 3160 3736 August.
3201 3663 3274 3736 de
3303 3663 3563 3736 Symbolo
3588 3665 3660 3736 ad
3692 3665 3910 3736 catecb.

2289 3744 2413 3807 post
2440 3729 2686 3807 qitmdam
2707 3734 2787 3807 de
2815 3729 3173 3803 professione,
3199 3729 3316 3788 iliPC
3344 3729 3508 3807 habet
3535 3752 3547 3786 :
3587 3733 3795 3800 Videte,
3830 3731 3911 3792 in-

2288 3805 2822 3878 qitit,‘dileetissimi,
2861 3808 2982 3878 quia
3021 3807 3152 3860 lianc
3185 3805 3817 3878 professionemfvestram
3857 3809 3913 3862 iit

2289 3875 2487 3932 curimn
2529 3877 2771 3946 profertis
2807 3875 3105 3946 angelorum
3140 3891 3158 3931 :
3196 3877 3404 3930 nomina
3448 3877 3810 3946 proﬁtentium
3857 3879 3911 3932 in

2287 3946 2418 4073 ἐξ)νῖ
2443 3947 2769 4072 ςπὸἱρὶἕιιιιιι·
2802 3945 2940 4003 vitta.
2965 3947 3135 4016 Quam
3166 3945 3278 4001 tunc
3300 3960 3538 4002 consona
3565 3957 3689 4002 sunt
3717 3945 3913 4018 Optati

2328 4034 2376 4073 lc
2403 4036 2432 4068 ι)
2452 4060 2463 4072 .
2549 4033 2577 4072 υ
2654 4033 2726 4072 1N.

2328 4029 2463 4074 lCltl!
2501 4029 2577 4072 UU
2611 4029 2726 4072 I’IN.

2361 4087 2476 4162 (18)
2520 4088 2670 4155 Quod
2696 4105 2782 4162 vos
2817 4085 3007 4162 facitis.
3037 4085 3299 4162 Dicebant
3324 4103 3391 4162 ex
3427 4100 3592 4162 opere
3619 4087 3912 4156 operantis

2287 4157 2612 4229 baptistnum
2638 4167 2692 4214 et
2722 4159 2839 4227 ejus
2868 4159 3100 4228 gratiam
3125 4158 3382 4229 conferri.
3414 4158 3644 4229 ALnasr.

2359 4225 2472 4301 (l9)
2514 4229 2615 4283 Aut
2636 4225 2781 4301 aqua
2810 4225 3098 4301 conclusas:
3129 4226 3321 4301 Nescio
3344 4239 3597 4301 quorsum
3619 4225 3719 4301 hic
3739 4243 3912 4301 aqua:

2288 4295 2514 4366 mentio,
2549 4299 2650 4354 nisi
2679 4298 2821 4355 forte
2849 4299 2916 4368 ad
2963 4299 3251 4354 eluendum
3285 4295 3424 4368 quod
3457 4297 3586 4352 latet
3619 4295 3710 4353 hic
3745 4295 3913 4355 men-

2286 4371 2447 4438 dum;
2483 4369 2776 4441 idqucgtam
2803 4367 3006 4441 [uadum
3027 4411 3044 4437 ,
3076 4381 3136 4424 ut
3164 4367 3357 4423 mirum
3385 4367 3454 4422 sit
3475 4407 3489 4431 ,
3523 4368 3710 4441 tandiu
3743 4369 3913 4426 fefel-

2285 4441 2412 4496 lisse
2442 4438 2589 4497 viros
2627 4439 2838 4496 doctos.
2873 4439 3004 4510 Nam
3050 4455 3145 4510 pro
3185 4456 3320 4506 aqua
3354 4438 3789 4510 rescribendum
3826 4451 3915 4497 est

2231 4526 2237 4530 ·
2286 4527 2406 4566 cum
2438 4510 2634 4586 Optato
2656 4526 2811 4574 arca;
2840 4509 2997 4586 quod_
3013 4509 3142 4586 olim
3171 4509 3507 4586 scribebatur
3533 4514 3913 4586 πωπω-γεω

2287 4599 2440 4651 arqus
2470 4579 2565 4651 pro
2593 4599 2767 4649 arcus,
2802 4579 2937 4637 teste
2962 4580 3260 4636 Prisciano.
3295 4579 3424 4651 Quae
3450 4583 3630 4651 tamen
3659 4595 3688 4633 a
3717 4579 3912 4639 Nonio

2285 4647 2539 4709 Marcello
2583 4647 2841 4723 distingui
2886 4667 2995 4723 non
3045 4647 3339 4723 nescimus.
3378 4647 3503 4723 Sed
3561 4649 3719 4723 plura
3777 4661 3914 4723 sunt

2285 4723 2425 4793 apud
2481 4719 3094 4793 Priscianu'maliosque
3132 4721 3331 4793 veteris
3377 4719 3536 4774 istius
3578 4721 3912 4792 scriptionis

2283 4791 2552 4864 eseinpla,
2569 4806 2624 4849 et
2655 4794 2708 4868 in
2736 4791 3058 4868 quibusdam
3082 4791 3370 4868 hodieque,
3399 4799 3476 4868 u_t_,
3493 4803 3681 4860 quum,
3699 4791 3912 4868 sequar:

2282 4873 2384 4936 tus,
2413 4859 2545 4936 εἰς..
2577 4859 2895 4936 retinentur.
2923 4861 3035 4918 Hoc
3060 4859 3280 4936 quinon
3310 4859 3727 4936 intellexerunt,
3755 4859 3911 4936 quod

2283 4935 2538 5003 baptismi
2572 4935 2734 5002 paulo
2761 4949 2886 4988 ante
2905 4931 3109 4988 tuentio
3127 4934 3270 5003 facta
3294 4939 3461 4998 esset,
3488 4931 3541 4986 in
3565 4931 3910 5003 aquantium

2284 5001 2484 5059 larunt.
2523 5001 2681 5075 Atqui
2705 5003 2815 5075 jam
2849 5021 3010 5074 supra
3039 5022 3052 5057 :
3086 5001 3205 5058 Nisi
3240 5005 3370 5073 forte
3407 5001 3701 5075 eum'vo'bis
3728 5007 3907 5061 vindi-

2281 5085 2478 5149 cantes,
2512 5072 2721 5130 habetis
2737 5076 2801 5149 in
2817 5072 2996 5149 loculis
3031 5072 3261 5129 clausum
3286 5089 3305 5127 :
3335 5072 3593 5149 angelnm
3629 5075 3905 5149 intelliget.

2282 5141 2398 5222 Non
2437 5139 2595 5222 ovum
2622 5161 2731 5222 _ovo
2760 5145 3008 5210 similius,
3043 5161 3203 5215 quam
3230 5152 3356 5222 sunt
3383 5139 3631 5222 hin_du§e_
3659 5139 3904 5222 φρᾲστῖς,

2285 5167 2398 5200 11011
2437 5167 2595 5200 OVUIII
2628 5167 2731 5200 0V0
2760 5167 3008 5210 SIIIIIIIUS,
3043 5167 3203 5215 quam
3231 5167 3356 5200 sum
3383 5167 3469 5198 ιιιιτ
3499 5167 3627 5200 uuae
3693 5168 3901 5222 ρας-εις,

2285 5217 2336 5272 in
2369 5215 2560 5274 loculis
2587 5218 2829 5272 clausum
2856 5228 2909 5272 et
2934 5231 3058 5271 arca
3087 5215 3404 5271 conclusum
3425 5167 3901 5340 ﬂagitabere.

3498 5325 3512 5336 .
3593 5303 3624 5340 Α
3659 5305 3692 5340 Δ
3776 5329 3790 5340 .

3498 5325 3512 5336 .
3547 5302 3790 5342 DASAUB.

2355 5355 2468 5430 ('20)
2511 5356 2634 5413 Non
2668 5359 2878 5430 uiscera.
2909 5353 2967 5412 in
3000 5356 3312 5428 baptisterio
3343 5355 3600 5430 tanquam
3628 5355 3683 5411 in
3713 5366 3899 5424 utero,

2283 5428 2462 5498 patres
2497 5431 2648 5498 aiunt
2689 5429 2934 5484 homines
2996 5429 3140 5502 nasci
3183 5428 3514 5502 et_ren_asci;
3556 5439 3902 5502 quapropter

2280 5496 2428 5556 recte
2453 5496 2610 5554 vocat
2635 5510 2974 5555 sacramenta
3009 5501 3219 5555 viscera
3249 5496 3528 5553 Ecclesim.
3561 5496 3800 5554 Auiter

2355 5568 2492 5693 (an.
2510 5567 2578 5624 In
2606 5568 2907 5652 paradisum
2937 5569 3080 5624 Deus
3102 5571 3320 5653 plantat.
3351 5568 3405 5621 In
3436 5565 3778 5646 paradisum.
3807 5567 3902 5628 hic

2366 5640 2435 5693 alt
2481 5657 2494 5693 ι
2525 5649 2582 5693 ut
2611 5639 2750 5693 anud
2775 5639 3094 5693 Ciceronem
3117 5657 3168 5693 tn
3194 5647 3530 5693 potestatem:
3561 5640 3702 5693 anud
3730 5640 3902 5693 Plan.

2283 5648 2336 5695 et
2366 5639 2494 5695 alibi
2525 5649 2582 5694 ut
2610 5639 2750 5709 apud
2775 5639 3168 5696 Ciceronem'in
3193 5647 3530 5708 potestatem;
3561 5639 3702 5708 apud
3730 5640 3904 5698 Plan-

2287 5721 2422 5776 tum,
2453 5711 2504 5764 in
2528 5722 2764 5775 mentem,
2798 5711 2936 5781 apud
2955 5711 3107 5782 alios
3130 5712 3180 5764 in
3207 5709 3605 5782 controversiam
3625 5726 3758 5782 esse,
3791 5717 3903 5782 pro

2287 5790 2569 5858 potestate,
2599 5789 2704 5839 etc.
2731 5779 2887 5856 Qudd
2914 5781 3035 5839 ideo
3058 5797 3278 5852 moneo,
3303 5795 3409 5838 non
3433 5779 3579 5856 quod
3601 5779 3762 5838 valde
3789 5779 3902 5846 hoc
