4206 6170
597 242 701 298 975
1790 235 2040 295 SANCTI
2077 235 2331 293 0PTATI
2373 233 2685 295 EPISCOPI
2952 265 2960 270 -
3751 234 3828 292 976

592 357 765 413 Filius
792 353 1060 410 Christus.
1090 352 1278 408 Caeteri
1304 365 1493 407 omnes
1513 351 1901 422 semi-perfecti
1925 363 1950 390 ιι
1982 367 2187 408 sumus.
2219 359 2269 417 Α
2300 351 2566 423 ignoscas.
2601 351 2713 406 Hoc
2739 349 2956 404 insanus
2989 348 3166 416 furor,
3200 347 3304 403 hoc
3347 347 3602 417 punienda
3630 355 3678 402 et
3708 347 3829 402 dam-

596 449 732 517 Quia
763 457 1007 502 nostrum
1032 453 1117 501 est
1158 444 1296 499 velle
1316 484 1329 508 ,
1378 453 1623 499 nostrum
1653 451 1737 498 est
1758 459 2007 508 currere;
2059 443 2155 498 Dei
2176 484 2190 506 ,
2302 446 2474 501 nanda
2497 445 2768 513 superbia.
2802 445 2940 500 Deus
2968 453 3187 514 paratus
3207 450 3291 498 est
3339 442 3641 512 ignoscere,
3667 451 3713 498 et
3737 457 3834 497 reus

592 543 878 613 perﬁcere.
912 539 1061 594 Unde
1087 537 1433 592 beatissimus
1476 538 1751 608 apostolus
1800 537 2025 602 Paulus,
2079 537 2190 590 ait:
2300 538 2521 594 festinat
2559 538 2947 608 indulgentiam
2978 551 3252 592 recusare.
3283 534 3598 590 Pnblicanus
3625 534 3831 602 humilis,

596 634 777 704 Neque
804 631 1037 696 volentis,
1085 646 1245 699 neque
1299 631 1579 696 currentis,
1613 629 1702 684 sed
1731 629 1800 683 ad
1848 629 1944 684 Dei
1975 629 2194 700 gratiam
2300 630 2572 686 hominem
2600 645 2660 685 se
2691 644 2812 685 eSse
2841 643 3204 699 cognoscens,
3257 628 3336 681 sic
3384 627 3616 696 rogavit,
3643 625 3835 682 dicens:

597 723 900 797 pertinentis
930 722 1110 794 (Rom.
1137 738 1210 786 ιχ.
1238 722 1346 792 16).
1376 722 1509 777 Nam
1551 731 1604 778 et
1633 738 1662 776 a
1685 720 1901 777 Christo
1927 722 2193 777 salvatore
2299 721 2571 792 Propitius
2602 732 2732 786 esto,
2754 721 2994 785 Domine,
3027 720 3154 774 mihi
3171 719 3423 791 peccatori
3450 716 3604 789 (Ibid.
3645 716 3742 789 li).
3766 717 3838 773 Sic

591 825 800 878 nostro,
835 814 1074 885 perfecta
1098 815 1356 869 sanctitas
1381 830 1489 870 non
1505 815 1754 881 estdata,
1779 815 1873 871 sed
1905 815 2188 885 promissa.
2291 816 2574 886 justiﬁcari
2608 816 2804 872 meruit
2858 815 3175 869 humilitase
3209 830 3223 867 :
3255 812 3337 870 sic
3383 813 3620 883 superbia
3657 813 3702 867 in
3729 811 3842 866 Pha-

593 909 837 979 Denique
867 909 945 963 sic
966 909 1042 962 ait
1067 927 1079 961 :
1120 908 1300 964 Sancti
1326 909 1500 975 erilis,
1528 909 1651 980 quia
1675 925 1796 982 ergo
1839 918 2044 962 sanctus
2079 923 2194 962 sum
2296 908 2455 963 riszeo
2479 949 2493 973 ,
2526 909 2785 980 magistro
2811 918 3024 973 vestro,
3058 907 3125 963 de
3152 907 3354 976 templo
3391 906 3627 961 damnata
3654 905 3842 961 descen-

593 999 781 1072 (Levit.
812 1016 889 1068 χι,
922 1000 1037 1070 45).
1069 999 1229 1055 Solus
1275 1007 1360 1055 est
1383 1015 1514 1071 ergo
1557 999 1824 1071 perfectus
1852 1008 1907 1055 et
1949 985 2222 1054 sanctus.~
2296 1000 2394 1055 dit.
2436 1000 2658 1056 Meliora
2700 1002 2914 1056 inventa
2957 1008 3084 1056 sunt
3130 1008 3348 1070 peccata
3391 1013 3511 1054 cum
3556 997 3840 1062 humilitate,

593 1095 840 1165 Denique
885 1109 992 1150 non
1018 1093 1184 1161 dixit,
1242 1095 1408 1148 sancti
1434 1095 1581 1159 estis,
1633 1093 1727 1148 sed
1756 1135 1770 1159 ,
1817 1094 1980 1147 sancti
2007 1094 2149 1146 eritis
2172 1133 2189 1156 ,
2295 1109 2454 1164 quam
2475 1094 2779 1149 innocentia
2802 1108 2922 1148 eum
2948 1093 3218 1162 superbia.
3244 1090 3450 1148 Deinde
3473 1107 3587 1147 eum
3608 1090 3743 1146 vobis
3758 1099 3843 1145 tra-

588 1186 744 1242 dixit.
765 1186 921 1243 Unde
951 1196 1032 1242 est
1053 1201 1212 1256 ergo,
1250 1185 1392 1255 quod
1420 1186 1573 1241 vobis
1601 1184 1898 1254 perfectam
1939 1186 2194 1239 sanetita-
2295 1186 2516 1242 ditionis
2539 1197 2594 1242 et
2621 1185 2929 1242 schismatis
2956 1188 3140 1254 gravia
3187 1195 3405 1256 peccata
3435 1201 3538 1241 non
3565 1185 3754 1251 desint,
3779 1185 3844 1239 in-

590 1290 699 1338 tem
728 1281 794 1337 de
822 1281 1074 1350 superbia
1105 1278 1427 1334 vindicatis?
1475 1279 1578 1334 nisi
1628 1289 1684 1332 ut
1735 1288 2020 1348 appareat,
2072 1279 2194 1349 quia
2294 1293 2459 1347 super
2479 1288 2534 1333 et
2561 1278 2824 1349 superbos
2855 1293 2949 1334 vos
2981 1293 3101 1334 esse
3127 1279 3468 1350 gratulamini
3492 1277 3533 1332 ί.

589 1391 690 1430 vos
708 1376 847 1444 ipsos
875 1373 1131 1442 decipitis,
1149 1382 1194 1426 et
1219 1374 1402 1427 veritas
1433 1374 1487 1426 in
1517 1372 1660 1426 nobis
1693 1389 1794 1426 non
1819 1381 1912 1426 est.
1945 1372 2002 1426 lu
2030 1371 2196 1426 Joan-
2369 1370 2512 1425 XXI.
2560 1370 3023 1442 Reprehenduntur
3052 1371 3337 1426 Donatista:
3365 1371 3500 1442 quod
3531 1371 3770 1441 episcopos
3791 1369 3849 1422 di-

591 1471 678 1525 nis
700 1465 916 1524 scholab
938 1482 1057 1522 esse
1080 1467 1344 1521 noluiStis.
1369 1466 1500 1521 Cum
1526 1465 1669 1520 enim
1686 1464 1940 1519 seducitis
1961 1465 2190 1534 aliquos,
2295 1465 2490 1535 gnitate
2509 1466 2782 1533 spoliarint
2808 1475 2854 1519 et
2877 1465 3185 1537 paenitentia:
3208 1465 3473 1520 laboribus
3495 1465 3848 1538 subjecerint.-—

583 1560 906 1635 promittitis
930 1574 1022 1615 vos
1049 1560 1432 1630 indulgentiam
1449 1566 1787 1629 peccatorum
1802 1571 1924 1612 esse
1949 1555 2193 1610 daturos:
2295 1555 2447 1612 Nunc
2477 1557 2730 1627 quoniam
2778 1557 3144 1612 erubescenda
3172 1556 3368 1627 gaudia
3422 1565 3593 1612 vestra
3641 1554 3847 1626 probavi-

584 1670 786 1714 etcum
824 1653 989 1711 vultis
1027 1653 1229 1708 donare
1266 1660 1486 1724 peccata
1511 1693 1523 1716 ,
1577 1657 1814 1705 vestram
1865 1647 2195 1720 proﬁtemini
2296 1664 2437 1714 mus,
2469 1659 2525 1704 et
2543 1652 2692 1704 furor
2717 1661 2895 1704 vester
2921 1656 3003 1704 tot
3032 1649 3166 1704 locis
3194 1657 3447 1705 ostensus
3475 1659 3587 1714 est;
3624 1655 3772 1703 restat
3793 1645 3846 1701 de

580 1749 946 1806 innocentiam
973 1765 986 1801 :
1021 1757 1074 1802 et
1099 1745 1474 1800 remissionem
1517 1749 1864 1812 peccatorum
1898 1740 1977 1795 sic
2006 1739 2149 1794 datis
2169 1779 2184 1806 ,
2215 1744 2261 1808 ο
2295 1740 2560 1810 profunda
2589 1741 2864 1810 impietate
2889 1749 3068 1796 vestra
3097 1741 3295 1812 aliquid
3319 1741 3519 1798 dicere.
3542 1738 3844 1801 Namomuia.

578 1847 737 1917 quasi
761 1845 969 1901 nullum
997 1853 1019 1880 ο
1070 1838 1315 1895 habeatis
1344 1839 1446 1908 ipsi
1474 1845 1779 1908 peccatum.
1834 1835 1949 1890 Non
1977 1843 2060 1890 est
2088 1834 2188 1888 ista
2294 1850 2414 1905 qum
2455 1851 2482 1888 a
2515 1835 2669 1889 vobis
2699 1833 2834 1890 ﬁunt
2859 1844 2951 1890 aut
2973 1834 3110 1890 facta
3151 1847 3311 1900 sunt,
3353 1837 3475 1907 quis
3502 1835 3685 1906 poterit
3710 1831 3849 1902 espli-

578 1937 934 2009 prtesumptio
959 1977 974 2002 ,
1033 1933 1128 1988 sed
1160 1933 1409 2000 deccptio
1441 1947 1455 1984 :
1490 1945 1590 1985 nec
1621 1930 1820 1985 veritas
1842 1971 1855 1994 ,
1913 1928 2008 1984 sed
2040 1943 2191 1982 men-
2291 1927 2455 1981 care?
2483 1927 2563 1981 sic
2595 1934 2786 1981 cuncta
2836 1926 3171 1998 malignitate
3200 1927 3434 1998 quadam
3476 1927 3739 1982 ordinasse
3775 1936 3850 1976 vos

581 2033 816 2088 dacium.
847 2028 1063 2085 Etenim
1089 2028 1231 2082 inter
1256 2025 1430 2080 vicina
1455 2034 1751 2089 momenta,
1775 2023 1902 2078 dum
1929 2022 2046 2094 (65)
2075 2036 2190 2076 ma-
2289 2028 2503 2074 c0nstat
2523 2062 2537 2086 ,
2571 2029 2629 2074 ut
2650 2021 2701 2073 in
2739 2035 2843 2074 una
2874 2021 3055 2089 specie
3086 2021 3268 2089 operis
3298 2021 3462 2076 vestri
3483 2062 3496 2085 ,
3527 2021 3719 2090 species
3744 2015 3849 2085 alias

579 2143 683 2183 nus
706 2124 985 2196 imponitis
1013 2131 1068 2178 et
1107 2120 1305 2176 delicta
1334 2120 1546 2174 donatis
1567 2160 1582 2185 ,
1611 2133 1736 2171 mox
1787 2115 1904 2188 (66)
1933 2115 1998 2169 ad
2020 2115 2188 2170 altare
2290 2111 2588 2180 impleretis
2621 2127 2634 2164 :
2669 2120 2726 2165 ut
2752 2110 2880 2165 dum
2913 2112 3196 2182 presbyter
3224 2120 3318 2165 aut
3347 2111 3467 2183 (68)
3493 2112 3753 2180 episcOpus
3775 2105 3850 2160 de-

578 2218 868 2283 conversi,
898 2214 1014 2288 (67)
1066 2213 1394 2268 dominicam
1439 2211 1738 2265 orationem
1767 2207 2188 2279 praetermittere
2283 2201 2499 2272 jicitur,
2551 2204 2630 2258 sic
2681 2204 2912 2274 populus
2956 2213 3260 2274 caperetur.
3317 2204 3637 2274 Quomodos
3693 2209 3840 2270 posset

575 2331 687 2371 non
714 2312 959 2386 potestis.
990 2311 1051 2364 Et
1081 2310 1265 2380 utique
1296 2305 1509 2361 dicitis:
1541 2303 1699 2359 Pater
1727 2314 1920 2368 noster,
1944 2303 2031 2373 qui
2052 2318 2104 2356 es
2134 2303 2186 2355 in
2289 2296 2448 2351 turba
2501 2296 2781 2351 hominum
2827 2306 3000 2364 stare,
3036 2312 3155 2368 qu:e
3183 2308 3455 2355 rectorem
3484 2314 3633 2354 suum
3660 2313 3685 2351 a
3728 2293 3850 2350 vobis

582 2408 724 2464 caelis
749 2449 763 2473 ,
795 2405 990 2459 dimitte
1011 2402 1152 2457 nobis
1182 2400 1352 2454 debita
1381 2409 1427 2453 et
1461 2406 1668 2463 peccata
1694 2406 1888 2451 nostra.
1920 2393 2057 2462 Quid
2087 2407 2185 2449 vo-
2289 2389 2484 2444 elisum
2521 2403 2641 2445 esse
2669 2391 3049 2460 conspiceret?
3072 2390 3191 2446 Non
3221 2393 3384 2447 aliter
3407 2435 3420 2459 ,
3451 2408 3606 2463 quam
3633 2403 3850 2462 quocum-

581 2496 765 2556 carisd
790 2539 805 2564 ,
852 2497 978 2551 dum
1009 2503 1225 2565 peccata
1255 2491 1531 2548 conﬁteris
1557 2490 1690 2545 tua?
1735 2490 1780 2544 si
1821 2497 2041 2544 sanctus
2078 2500 2139 2542 es
2167 2527 2182 2553 ,
2287 2499 2393 2554 que
2420 2500 2586 2549 casu,
2635 2485 3060 2554 pastore'occiso
3083 2527 3096 2553 ,
3131 2486 3242 2557 lupi
3297 2494 3632 2557 grassantur.
3660 2480 3850 2540 Exorci-

577 2591 703 2648 dum
730 2590 959 2646 dimittis
976 2587 1190 2643 aliena?
1223 2586 1324 2641 hoc
1348 2583 1509 2640 modo
1539 2594 1596 2639 et
1620 2597 1717 2637 vos
1740 2582 1888 2652 ipsos
1915 2581 2182 2650 decipitis,
2289 2582 2454 2633 zastis
2505 2578 2736 2634 ﬁdelesh
2759 2620 2774 2644 ,
2826 2588 2884 2636 et
2908 2579 3118 2635 lavistis
3149 2581 3266 2636 sine
3314 2597 3480 2638 causa
3535 2581 3748 2651 parietes
3770 2591 3782 2629 :
3804 2567 3858 2627 ut

585 2695 642 2740 et
668 2685 868 2740 veritas
900 2683 952 2736 in
977 2681 1129 2737 vobis
1153 2689 1383 2735 nonest.
1412 2679 1517 2734 Sed
1547 2687 1605 2733 ut
1633 2686 1879 2748 apparet,
1903 2676 2004 2731 hoc
2032 2677 2185 2732 vobis
2289 2671 2393 2739 hoc
2425 2673 2680 2743 nequitiae
2731 2688 2929 2744 genere
2982 2675 3320 2730 subrueretis
3373 2673 3849 2746 simplicissimorum

576 2776 936 2835 dictutnutrix
959 2784 1136 2830 vestra
1166 2773 1440 2843 superbia,
1465 2787 1623 2841 quam
1648 2770 1894 2824 Christus
1917 2770 1970 2824 in
2001 2770 2181 2825 Evan-
2287 2763 2565 2820 hominum
2601 2777 2829 2822 mentes.
2862 2766 3083 2824 Talibus
3109 2769 3360 2825 consiliis
3389 2769 3614 2832 vestris,
3661 2759 3850 2819 nonnul-

577 2873 721 2944 gelio
751 2870 1071 2926 testiﬁcatur
1100 2885 1114 2921 :
1143 2869 1266 2938 quia
1291 2867 1393 2923 etsi
1423 2866 1641 2921 nomina
1675 2874 1855 2921 vestra
1887 2881 1996 2920 non
2023 2865 2181 2922 dixit.
2287 2857 2461 2912 lorum
2489 2859 2655 2914 animi
2679 2859 2908 2931 jugulati
2937 2871 3092 2926 sunt,
3141 2873 3195 2917 et
3219 2863 3321 2918 sub
3345 2864 3488 2919 nube
3509 2853 3847 2932 simplicitatis,

577 2979 676 3034 per
706 2960 1115 3017 similitudinem
1151 2966 1327 3012 tamen
1363 2967 1569 3012 vestros
1597 2971 1776 3011 mores
1807 2955 2071 3020 ostendit;
2105 2956 2184 3011 sic
2287 2949 2562 3005 obczecato
2589 2952 2800 3006 astutiae
2833 2951 3058 3015 lumine,
3092 2961 3151 3007 ut
3180 2953 3416 3010 miseros
3447 2950 3760 3012 stertteretis,
3782 2959 3849 2999 sa-

573 3057 718 3112 enim
749 3056 1005 3124 scriptum
1029 3049 1398 3107 est:Dicebat
1425 3049 1576 3105 Jesus
1600 3050 1730 3103 hanc
1756 3050 2175 3116 similitudinem,
2287 3043 2451 3110 siuas
2505 3041 2573 3097 de
2625 3042 2878 3112 pharetra
2940 3047 3176 3114 pectoris
3230 3047 3438 3116 vestri,
3499 3038 3852 3103 seductiouibus

575 3159 786 3220 propter
811 3165 897 3202 eos
928 3147 1014 3217 qui
1035 3163 1088 3200 se
1109 3154 1314 3200 sanctos
1357 3152 1570 3212 putant,
1601 3152 1648 3198 et
1675 3151 2001 3197 contemnunt
2034 3151 2182 3199 cmte—
2214 3135 2264 3196 B
2292 3133 2634 3203 prmmiSislis
2670 3151 2682 3186 :
2719 3143 2780 3189 ut
2815 3134 2884 3190 de
2911 3136 3067 3192 vobis
3090 3137 3326 3207 Spiritus
3351 3146 3570 3193 sanctus
3610 3150 3695 3206 per
3718 3125 3849 3186 David

572 3226 808 3314 ros(Luc
839 3254 993 3304 xvm,
1015 3238 1095 3309 9).
1131 3238 1245 3293 Hoc
1267 3237 1334 3292 de
1357 3237 1508 3292 vobis
1536 3236 1738 3291 dietum
1767 3250 1918 3301 esse,
1957 3235 2068 3304 ipsa
2092 3250 2180 3290 res
2288 3233 2609 3303 prophetam
2643 3233 2694 3288 in
2727 3233 2938 3304 psalmo
2968 3235 3282 3303 praedixerit
3315 3254 3330 3291 :
3364 3235 3621 3303 Quoniam
3640 3245 3738 3285 ecce
3756 3239 3849 3297 pec-

497 3333 505 3342 “
575 3333 854 3390 evidenter
881 3330 1114 3385 ostendit
1139 3347 1154 3395 ;
1184 3329 1309 3384 dum
1343 3344 1440 3383 vos
1464 3329 1615 3400 quasi
1649 3337 1869 3384 sanctos
1895 3328 2177 3396 extollitis,
2287 3336 2484 3380 calores
2510 3325 2836 3381 intenderunt
2865 3343 3043 3381 arcum
3069 3347 3081 3384 :
3112 3339 3429 3399 paraverunt
3452 3329 3658 3399 sagittas
3685 3324 3730 3375 in
3748 3317 3852 3388 pha-

573 3434 629 3480 et
661 3439 759 3478 nus
787 3422 1072 3476 manifeste
1101 3431 1393 3490 aperteque
1405 3419 1750 3475 contemnitis
1780 3437 1793 3472 :
1826 3417 2176 3491 Duo(inquit)
2286 3427 2425 3471 retra
2450 3435 2567 3486 sua,
2583 3421 2650 3471 ad
2672 3420 2993 3489 sagittandos
3024 3419 3239 3475 obscura
3263 3421 3394 3475 luna
3416 3432 3579 3475 rectos
3597 3415 3735 3472 corde
3754 3408 3845 3481 (Ps.

577 3517 917 3575 ascenderunt
940 3517 994 3568 in
1020 3515 1267 3583 templum
1294 3514 1512 3566 adorare
1530 3553 1545 3578 ,
1576 3529 1709 3566 unus
1751 3511 2052 3566 Phariswus
2076 3554 2090 3579 ,
2131 3523 2180 3566 et
2285 3523 2344 3576 Χ,
2373 3511 2449 3581 5).
2474 3509 2614 3578 Quid
2635 3526 2664 3564 a
2694 3511 2847 3566 vobis
2878 3512 3054 3566 minus
3075 3511 3277 3567 factum
3299 3523 3387 3568 est
3407 3513 3598 3568 vestris
3617 3497 3850 3564 consiliiSt

575 3629 711 3667 unus
739 3609 1058 3664 Publicanus
1079 3604 1133 3679 (Ι
1141 3606 1245 3659 bid.
1281 3605 1396 3674 10).
1452 3605 1757 3660 Pharisaeus
1783 3603 2019 3659 tumidus
2040 3646 2055 3670 ,
2085 3619 2177 3659 su-
2284 3604 2509 3658 sauciati
2545 3602 2561 3640 ί
2603 3615 2731 3658 sunt
2758 3605 3072 3660 innocentes
3095 3649 3108 3672 ,
3143 3608 3411 3662 exarmati
3444 3604 3627 3660 ﬁdeles
3650 3645 3663 3669 ,
3683 3599 3853 3654 honore

571 3705 807 3777 perbus,
841 3702 1089 3765 inﬂatus,
1118 3699 1239 3755 talis
1261 3739 1277 3765 ,
1323 3699 1512 3769 quales
1540 3706 1594 3753 et
1621 3713 1714 3753 vos
1751 3697 1996 3754 videmus
2028 3716 2040 3752 :
2067 3715 2174 3754 non
2283 3696 2520 3750 nominis
2542 3695 2623 3750 sui
2647 3697 2863 3766 spoliati
2894 3699 3384 3777 Sttutsacerdotes.
3410 3699 3455 3755 0
3485 3692 3852 3766 impietasinau—

569 3773 857 3851 humiliato
885 3807 1114 3862 corpore
1134 3833 1148 3857 ,
1175 3807 1279 3845 non
1305 3790 1559 3845 inclinata
1586 3789 1834 3856 cervice;
1868 3790 1962 3846 sed
1995 3801 2176 3847 erecta
2282 3787 2414 3856 dita,
2436 3787 2675 3861 45(69)
2703 3805 2864 3860 quem
2891 3773 3223 3862 jugulaveris
3249 3793 3397 3849 inter
3424 3786 3738 3864 paenitentia:
3760 3792 3850 3836 tor-

569 3887 732 3951 facie,
765 3893 822 3940 et
844 3884 1066 3939 tumenti
1091 3893 1305 3953 pectore
1333 3902 1344 3936 :
1380 3880 1589 3936 Gratias
1609 3881 1716 3948 tibi,
1750 3881 1908 3948 Deus,
1939 3885 2061 3952 quia
2092 3883 2174 3936 ni-
2283 3899 2466 3944 menta
2494 3891 2744 3945 servaret
2785 3890 2932 3962 (70)!
2966 3891 3019 3945 in
3050 3891 3466 3961 comparatione
3491 3889 3662 3959 operis
3689 3876 3848 3938 vestri,

573 3980 652 4035 hil
677 3978 918 4050 peccavi;
967 3977 1072 4032 hoc
1121 3984 1204 4031 est
1251 3976 1434 4032 dicere
1473 3975 1618 4044 Deo,
1666 3991 1772 4031 non
1807 3975 1981 4032 habeo
2033 3976 2176 4048 quod
2283 3979 2554 4036 latronum
2584 3981 2753 4037 levior
2799 3981 3011 4039 videtur
3041 3983 3378 4051 immanitas.
3411 3981 3528 4056 (7i)
3558 3979 3673 4053 _Vos
3704 3973 3846 4029 vivum

1817 4092 2202 4160 LECTIONES
2241 4098 2662 4158 VARIANTES.

634 4209 753 4297 tl".
767 4207 1334 4297 ξξεὲισέίᾟρεῖίειξίίά
1382 4272 1436 4297 ,η
1575 4272 1605 4297 α
1655 4272 1688 4297 ,η
2286 4215 2601 4297 assistat
2624 4216 3330 4297 ε’,διέρετ.υεεν.ρτ9,εξξρξῖθοε·

634 4231 662 4240 “
689 4231 743 4260 III
768 4231 857 4259 1115.
878 4231 928 4260 δ.
953 4231 1011 4260 υ.
1035 4231 1324 4274 υηρεηωιι.
2287 4247 2289 4258 η

628 4269 659 4345 ξι
684 4274 756 4345 ita
775 4275 836 4345 in_
849 4286 964 4345 mss.
989 4271 1354 4345 8.λ1“.,ριΡ.8.
1382 4272 1439 4324 In
1462 4286 1554 4326 ms.
1575 4272 1626 4323 S.
1655 4272 1714 4324 G.
1741 4275 1948 4327 Joannis
1967 4275 2106 4329 socii.
2286 4271 2289 4280 “

1575 4272 1608 4323 S
1655 4272 1693 4324 G
1741 4275 1777 4325 J
1914 4275 1924 4285 .
2059 4275 2090 4288 ,,
2286 4231 2601 4281 gratutamtm
2629 4231 2817 4297 {super
2839 4231 3054 4329 magno
3075 4231 3233 4281 supert

1616 4311 1626 4323 .
1703 4310 1714 4322 .
1780 4286 1948 4327 oanms
1967 4289 2106 4329 δορυ.
2347 4281 2376 4345 β
2400 4279 2459 4345 In
2481 4280 2757 4345 mss.S._'l.
2791 4288 2844 4345 et
2868 4283 2925 4331 Ρ,
2980 4317 2996 4345 Δ,
3019 4279 3233 4345 ηιιᾳηᾴρ.

634 4338 657 4407 ῗ
685 4335 845 4407 Pcest
866 4336 913 4407 it}
934 4348 1022 4407 mf-
1045 4333 1099 4383 S-
1127 4334 1183 4407 (i-
1239 4394 1250 4405 ,
2291 4404 2313 4407 ι
2345 4340 2394 4407 h_
2400 4342 2457 4391 In
2482 4355 2572 4407 ms.
2591 4341 2729 4407 ἃς.
2749 4342 2940 4394 additur
2977 4333 3103 4392 ist'ud
3139 4340 3337 4407 ﬁdeles,
3375 4341 3504 4407 quod
3541 4340 3678 4391 deest
3697 4336 3742 4386 iu
3756 4339 3850 4380 ιιιῦ-

632 4396 659 4435 a
685 4396 852 4460 turns.
882 4397 1022 4460 se.
1050 4396 1291 4447 vocitaris.
2284 4404 2337 4454 s.
2356 4404 2415 4453 T.
2443 4409 2495 4453 et
2519 4404 2611 4454 Ph.
2637 4406 2689 4454 s.
3139 4396 3148 4404 '
3323 4396 3335 4407 ’
3393 4396 3409 4407 '
3741 4456 3750 4460 _
3827 4451 3836 4460 .

636 4458 916 4522 ﬁAdditum
941 4459 1033 4522 hoc
1048 4461 1252 4522 verbum
1277 4473 1339 4522 ex
1364 4473 1453 4510 ms.
1556 4460 1612 4511 G.
2205 4508 2255 4522 ﬁ
2351 4465 2370 4505 ί
2415 4466 2485 4516 Ita
2510 4467 2560 4515 in
2600 4481 2692 4517 ms.
2724 4467 2775 4516 S.
2810 4466 2868 4516 G.
2892 4466 2951 4515 In
2992 4479 3085 4514 ms.
3112 4465 3164 4515 S.
3185 4466 3244 4516 Τ.
3275 4475 3330 4518 et
3377 4469 3426 4516 in
3478 4465 3622 4514 editis

636 4521 656 4559 τ
683 4519 756 4570 Ita
779 4520 828 4568 in
852 4533 943 4568 ms.
963 4519 1016 4570 s.
1041 4520 1099 4570 ρ.
1126 4521 1182 4570 In
1207 4508 1295 4571 ms.
1319 4521 1372 4571 s.
1397 4508 1456 4573 't';
1485 4508 1707 4587 "Insuper
1741 4530 1786 4576 et
1805 4539 1951 4589 super
1974 4539 2054 4577 vos
2075 4539 2179 4578 esse
2205 4508 2261 4569 D
2354 4527 2369 4579 i
2413 4508 2485 4578 ira
2510 4508 2562 4578 iii
2586 4508 3679 4581 ὦζεῗρῗἰἶωέὲῗδῗτιτξεἷῬῗὲῘεῐὲτῦἐηῖ

1935 4627 2293 4688 VARIORUM
2329 4628 2561 4685 NOTAE.

637 4722 758 4793 (65)
800 4720 990 4796 Manus
1033 4721 1317 4796 imponitis.
1369 4720 1591 4796 Publice
1605 4730 1668 4796 et
1683 4722 1751 4796 _in
1785 4723 1947 4796 missa
1989 4724 2163 4792 pteui-
2275 4723 2451 4779 tiones
2479 4724 2596 4780 h:cc
2627 4725 2699 4780 ita
2726 4725 2952 4796 legunt:
2982 4724 3026 4779 0
3055 4725 3294 4793 impietas
3322 4723 3564 4796 inaudita
3593 4761 3607 4785 ,
3638 4730 3742 4791 ᾳιιαε
3779 4712 3851 4784 1⁸⁸·

565 4791 746 4849 tentes
767 4796 894 4848 olim
921 4793 1344 4866 absolvebantur
1370 4809 1382 4846 :
1407 4791 1639 4847 Tertull.
1665 4793 1732 4866 de
1763 4794 2020 4862 pudicita,
2045 4812 2166 4864 pro-
2273 4797 2426 4866 gulas
2455 4797 2587 4850 inter
2617 4791 2924 4865 pmniténtite
2950 4791 3199 4849 tormenta
3251 4795 3478 4850 secure!
3519 4795 3569 4846 in
3615 4797 3850 4866 comparqj

562 4875 792 4938 sternens
831 4866 886 4915 in
932 4863 1154 4917 medium
1188 4879 1206 4916 :
1236 4863 1388 4928 item,
1417 4872 1624 4918 ceteras
1663 4852 1814 4918 etiam
1844 4873 1978 4918 metu
2008 4852 2161 4920 'c'om-
2273 4852 2443 4928 tione,
2476 4877 2580 4922 etc.
2617 4852 2790 4934 'Quod
2835 4867 3283 4938 przeccdeutibus
3323 4866 3567 4938 quidem
3590 4877 3690 4916 nou
3722 4852 3849 4938 'tntalb

563 4933 942 5009 Ple.‘:AL'355"
1007 5003 1018 5009 -
1088 5004 1097 5009 ,
1456 5006 1465 5009 ,
1537 5004 1582 5009 ,λ
1673 5007 1682 5009 _
1756 5007 1763 5009 λ
1975 5007 1982 5009 Α
2271 4939 2568 5009 Convenit,
2605 4929 2696 4992 sed
2729 4929 2848 5009 qua;
2879 4929 3410 5009 sequuttturtillud
3463 4935 3636 5004 potius
3663 4929 3849 4997 exigere

640 5004 755 5078 (66)
799 5003 924 5078 Mor.
951 5003 1018 5056 ad
1046 5004 1208 5058 altare
1235 5006 1484 5060 conversi.
1520 5004 1801 5062 Absolutis
1841 5007 2160 5076 pwttitenti-
2270 5008 2520 5062 videntur
2541 5009 2683 5078 quod
2713 5003 2765 5064 iu
2797 5011 2896 5065 hac
2925 5003 3185 5064 editione.
3223 5008 3298 5062 Μ.
3333 5003 3571 5062 Castus.

559 5071 758 5150 bus_:_td
787 5075 962 5150 altare
991 5079 1399 5150 revertebantur
1429 5078 1691 5150 episcolii.
1724 5071 1953 5136 ALBitsr.
2341 5078 2476 5133 Ibid.
2502 5071 2648 5135 Inter
2675 5080 3022 5150 paenitentiam
3042 5091 3090 5135 et
3121 5090 3382 5134 tormenta
3403 5092 3625 5132 servare.
3654 5071 3846 5141 Episco-

637 5145 750 5217 (67)
798 5145 1115 5226 Dominicagt
1149 5145 1635 5226 orationemergo
1679 5150 1962 5226 absolutio
1998 5151 2163 5207 ﬁebat
2269 5166 2365 5226 09.5
2393 5166 2530 5219 ‘1""5
2556 5145 2950 5226 ἀθβὸευθτδηίε
2985 5161 3041 5206 et
3071 5151 3382 5226 privat—imm
3411 5152 3741 5226 episcopatu-5

559 5213 689 5273 ante
718 5213 1020 5272 orationem
1062 5217 1392 5275 Domiuieam
1411 5263 1425 5287 ,
1454 5230 1510 5276 et
1540 5213 1664 5277 ante
1693 5224 2154 5278 communionem.
2267 5213 2530 5285 'cider'ant,
2562 5213 2658 5278 eos
2686 5225 2904 5280 demum
2936 5213 3083 5277 inter
3109 5213 3840 5290 pteuitentes'rescribebattl:

560 5290 834 5364 Amasti;
1056 5359 1067 5364 _
1338 5361 1346 5364 Α
1628 5363 1647 5364 7
2267 5292 2369 5346 hoc
2386 5305 2500 5348 erat
2517 5280 2791 5364 jugulatos
2814 5309 3038 5349 servare
3064 5280 3203 5348 inter
3225 5300 3499 5348 torntenta
3527 5280 3840 5361 poenitentia).

632 5361 750 5433 (68)
791 5357 953 5433 Dum_
985 5359 1281 5433 episcOpus_
1313 5361 1570 5432 dejicitur.
1627 5363 1770 5418 Loco
1825 5374 2155 5420 removetur.
2265 5365 2500 5418 ALBASP.

554 5428 788 5508 Tertull.
819 5431 886 5486 de
915 5428 1436 5508 Esltort..;_Mentini
1465 5435 1699 5508 digamos
1742 5435 1853 5508 loco
1887 5434 2155 5508 deiectos:
2337 5436 2452 5506 (70)
2488 5437 2652 5504 Quem
2696 5438 3020 5508 jugulaveris
3078 5439 3210 5492 inter
3259 5433 3578 5508 paenitentia:
3621 5428 3840 5508 tamenfa

555 5503 844 5579 episcopos
872 5517 902 5579 e
933 5501 1047 5579 suis
1079 5500 1298 5556 sedibus
1347 5490 1707 5579 dcturlialtant
1733 5546 1746 5566 ,
1783 5490 1965 5579 laicus,
1992 5505 2159 5579 faeie—
2263 5490 2905 5579 seruarefSacerdoqtem'
2925 5490 3090 5579 quem
3101 5490 3288 5577 gradu
3320 5503 3590 5574 dejeceris
3619 5501 3668 5555 itt
3699 5490 3840 5568 potni‘

552 5573 716 5638 baut;
744 5573 1071 5642 pmuitentize
1103 5573 1401 5644 manusﬁeis
1428 5574 1799 5644 impouchant,
1831 5575 1947 5629 haec
1975 5577 2154 5629 omnia
2265 5580 2445 5632 tentia:
2473 5578 2744 5634 laboribus
2771 5573 3034 5636 detinere.
3065 5573 3142 5634 D6
3166 5579 3285 5633 PIN.

554 5654 615 5700 ut
635 5637 891 5723 ﬁdeliam
937 5644 1148 5723 animos
1177 5643 1252 5723 ab
1277 5637 1521 5723 Ecclesia
1560 5637 1893 5723 averterent.
1917 5645 2156 5723 etesse.
2334 5648 2447 5720 (7t)
2494 5649 2596 5703 Vos
2629 5651 2790 5723 uiuum
2833 5654 3003 5723 facitis
3033 5650 3397 5723 homicidium.
3433 5647 3628 5723 Sinitis
3658 5637 3835 5723 epiSftt:

626 5715 744 5788 (69)
777 5717 937 5783 Quem
961 5715 1277 5789 iugulaberis
1298 5715 1429 5772 inter
1469 5717 1835 5789 paenitentiam.
1868 5717 2003 5775 Alite
2044 5718 2158 5776 edi-
2260 5715 2359 5790 pos
2384 5715 2518 5791 quos
2547 5715 2904 5780 occidistis'et
2928 5739 3063 5794 quos
3085 5722 3352 5786 dignitate
3383 5719 3691 5793 Spoliastis,
3720 5715 3834 5764 ἱιιῑετ
