4206 6170
516 319 620 378 οτι)

1699 311 1942 377 ΞΧΝΕΤΙ
1984 310 2233 376 ΟΡΤΑΠ
2277 311 2585 375 EPISCOPI

3705 309 3812 367 ῡὲιι

517 433 703 503 utique
726 431 899 504 potuit
929 431 1074 497 Deus
1102 430 1280 501 oleum
1300 420 1454 500 quod
1483 427 1705 491 dederat
1738 429 1971 491 auferre.
2000 427 2109 503 Sed
2139 435 2186 497 Α
2215 429 2506 488 evertendas
2556 428 2756 487 animas
2799 424 3015 499 (Eucti.
3042 441 3158 491 ιιιιι,
3206 424 3316 498 t8).
3376 422 3496 500 (88)
3537 423 3818 482 invenistis

519 541 644 587 cum
670 524 838 583 voluit
860 522 1078 587 docere,
1110 537 1216 581 non
1240 520 1441 578 debere
1466 520 1707 593 contingi
1748 520 1928 579 oleum
1949 521 2113 579 etiam

517 617 572 675 in
601 624 918 687 peccatore:
949 612 1068 684 ipse
1094 613 1184 685 qui
1209 612 1474 681 dederat,
1520 611 1893 684 paenitentiam
1923 611 2122 683 gessit.-

518 708 686 781 Igitur
711 706 876 774 Deus,
901 707 969 774 si,
999 716 1057 763 ut
1085 716 1136 763 te
1158 705 1401 772 doceret,
1419 705 1561 777 quod
1588 705 1739 763 dedit
1763 703 1980 763 auferre
2003 717 2115 765 non

450 800 458 808 '
518 797 714 870 potuit,
747 812 844 867 per
872 797 1017 869 quod
1040 796 1246 859 uoluit:
1273 806 1329 857 tu
1355 798 1477 867 quis
1500 812 1595 862 es,
1619 806 1679 851 ιιι
1724 794 1940 859 auferas
1970 794 2115 866 quod

519 904 628 945 non
660 888 894 944 dedisti?
947 897 1004 943 et
1033 890 1123 960 qui
1176 903 1371 960 parare
1424 888 1662 944 debebas
1708 902 1867 947 aures
1905 886 1973 941 ad
2016 901 2115 941 au~

519 983 816 1050 diendum,
845 981 1047 1054 parasti
1099 972 1418 1047 nevaeulam
1467 981 1535 1043 ad
1565 979 2020 1051 delinquendum:
2063 987 2119 1033 et

519 1088 642 1137 cum
670 1074 899 1145 possetis
924 1088 1045 1133 esse
1067 1073 1162 1128 ﬁlii
1189 1073 1305 1139 Dei,
1335 1074 1430 1134 ﬁlii
1453 1072 1734 1135 hominum
1762 1086 1887 1133 esse
1916 1070 2119 1129 voluis-

518 1170 711 1237 ιίδιθι
741 1170 808 1243 (Id
849 1169 1180 1240 inﬁgendum
1235 1183 1477 1229 morsum
1530 1166 1827 1227 honoribus
1875 1165 2071 1221 alienis
2102 1205 2117 1233 ,

519 1262 712 1323 dentes
738 1270 949 1319 vestros
979 1260 1034 1316 in
1055 1262 1278 1332 sagittas
1299 1269 1354 1321 et
1394 1274 1551 1317 arma
1594 1258 1836 1314 vertistis
1861 1274 1876 1322 ;
1911 1256 2120 1326 linguas

521 1357 743 1416 acuistis
765 1354 819 1411 in
841 1352 1079 1424 gladios:
1109 1353 1375 1422 implestis
1399 1351 1542 1423 quod
1562 1351 1629 1408 de
1651 1351 1806 1409 vobis
1833 1350 1886 1411 in
1909 1350 2122 1421 psalmo

522 1461 612 1505 va
642 1448 901 1517 scriptum
940 1455 1054 1505 est:
1081 1444 1213 1508 Filii
1232 1447 1494 1505 hominum
1518 1486 1533 1512 ,
1566 1446 1743 1509 dentes
1774 1461 1952 1507 eorum
1978 1459 2125 1505 arma

521 1550 569 1597 et
595 1541 817 1611 sagittis,
850 1549 899 1594 et
920 1539 1099 1611 lingua
1119 1555 1293 1597 eorum
1322 1540 1530 1611 gladius
1558 1548 1740 1597 uentus
1758 1537 1876 1610 (Ps.
1909 1553 2016 1603 ινι,
2038 1536 2122 1609 4).

597 1631 789 1689 XXIV.
823 1629 1034 1704 Injuria
1074 1634 1215 1704 facta
1259 1649 1292 1693 a
1346 1630 1634 1697 Donatistis
1672 1632 1814 1689 omni
1860 1632 2125 1691 hominum

521 1726 698 1797 generi
728 1734 774 1787 et
806 1725 948 1783 tutati
977 1741 1067 1796 per
1093 1725 1471 1797 intpasitionem
1499 1740 1743 1783 manuum
1784 1725 1838 1778 in
1880 1725 2128 1793 poeniten-

2222 536 2453 593 pueros;
2478 520 2547 577 de
2574 520 2894 592 poenitentia
2946 519 3253 587 sauciastis,
3280 534 3348 574 ne
3372 518 3536 589 aliqui
3579 517 3820 574 ordinari

2220 614 2542 686 potuissent.
2574 614 2868 684 Agnoscite
2895 628 2993 669 vos
3020 613 3231 668 animas
3270 612 3553 668 evertisse.
3578 610 3821 671 lnvenis~

2224 706 2293 763 tis
2314 705 2437 778 (89)
2466 704 2656 765 ﬁdeles
2683 706 2933 777 antiquos
2958 746 2975 773 ,
3006 705 3213 763 feciStis
3239 704 3585 775 pmnilentes.
3612 702 3827 774 Agnos—

2222 800 2329 865 eite
2354 815 2449 855 vos
2471 799 2685 857 animas
2707 799 2992 855 evertisse.
3039 799 3332 855 lnvenistis
3360 798 3637 865 diaconos,
3673 814 3829 868 pres-

2223 891 2445 963 byteros
2466 932 2480 958 ,
2516 889 2635 965 (90)
2679 892 2967 962 episcopos
2994 932 3010 957 ,
3044 890 3247 948 fecistis
3295 891 3481 946 laicos.
3535 891 3831 961 Agnoseite

2225 998 2322 1043 vos
2349 981 2558 1039 animas
2584 983 2868 1041 evertisse.

2298 1074 2467 1131 XXV.
2494 1073 2693 1133 Iterum
2716 1076 2770 1130 in
2797 1074 3119 1142 Donatistae,
3146 1075 3233 1146 aui
3274 1074 3560 1133 sacerdotes
3585 1075 3834 1131 innocen-

2226 1177 2297 1225 tes
2324 1170 2574 1240 dignitate
2592 1178 2637 1224 et
2663 1169 2856 1225 Itonore
2895 1170 3187 1242 spoliabant
3213 1179 3259 1224 et
3312 1170 3629 1240 pauitantia:
3670 1169 3830 1225 addi-

2228 1264 2428 1320 cebant.
2460 1292 2533 1304 —
2559 1261 2676 1337 (9i)
2724 1262 2917 1320 Socios
2966 1272 3021 1320 et
3061 1278 3248 1319 comes
3287 1274 3468 1320 vester
3507 1262 3832 1333 jamdudum

2227 1354 2426 1420 fuerat,
2455 1355 2540 1411 cui
2574 1370 2720 1411 nunc
2750 1368 2945 1410 manus
2985 1355 3190 1411 inferre
3219 1364 3448 1411 conatus
3477 1370 3575 1411 es:
3624 1356 3834 1425 pariter

2229 1446 2566 1504 currebatis:
2600 1445 2684 1502 fac
2722 1446 2871 1503 illum
2896 1462 3152 1517 peccasse
3198 1446 3342 1519 (cum
3396 1458 3673 1518 peccatum
3723 1462 3834 1505 non

2229 1555 2352 1597 esse
2391 1540 2664 1608 constet);
2690 1538 2908 1609 jaeebat
2930 1547 2988 1594 ut
3016 1538 3294 1594 mstimas:
3326 1539 3370 1595 si
3400 1539 3723 1609 Apostolurn
3754 1540 3836 1594 le-

2231 1634 2382 1706 gisti,
2415 1641 2472 1690 tu
2502 1632 2623 1688 vide
2647 1634 2733 1689 cui
2762 1642 2906 1701 stes,
2934 1640 2993 1689 et
3015 1633 3092 1689 illi
3113 1634 3199 1689 cui
3216 1633 3394 1704 jaceat
3421 1650 3434 1688 :
3462 1634 3507 1689 si
3529 1649 3719 1697 servus
3745 1650 3834 1703 es,

2231 1726 2509 1782 dominum
2543 1740 2894 1799 recognosce,
2923 1735 2980 1782 et
3020 1726 3262 1797 intellige
3284 1771 3299 1796 ,
3325 1726 3451 1798 quia
3479 1742 3585 1782 non
3616 1728 3711 1784 tibi
3750 1729 3839 1801 ja-

523 1818 668 1874 tiam.
693 1846 764 1859 --
812 1816 957 1887 Ergo
1008 1817 1221 1889 linguas
1268 1829 1479 1878 vestras
1532 1817 1757 1877 acuistis
1802 1817 1856 1873 in
1887 1817 2093 1889 gladios
2117 1860 2135 1887 ,
2168 1824 2218 1887 B
2244 1819 2402 1875 cebat
2425 1858 2441 1885 ,
2472 1819 2562 1889 qui
2591 1826 2769 1874 tecum
2796 1819 2956 1889 paulo
2999 1828 3128 1874 ante
3168 1818 3439 1875 currebat.
3469 1819 3609 1887 Quid
3639 1821 3690 1874 in
3736 1837 3837 1890 po-

523 1925 660 1978 qnas
687 1910 932 1973 movistis
961 1908 1079 1982 (80)
1131 1911 1183 1966 in
1216 1920 1422 1972 mortes
1448 1951 1464 1976 ,
1508 1925 1615 1973 non
1661 1924 1948 1980 corporum
1978 1952 1995 1979 ,
2028 1911 2124 1968 sed

523 2002 823 2077 latinorum:
845 2002 1136 2073 jugulastis
1164 2018 1269 2059 non
1295 2002 1560 2068 membra,
1604 2003 1720 2075 (81)
1751 2003 1847 2061 sed
1879 2006 2120 2060 nomina.

525 2093 664 2163 Quid
686 2093 931 2165 prodest,
961 2097 1085 2167 quia
1116 2096 1302 2153 vivunt
1324 2095 1593 2163 homines,
1625 2102 1682 2153 et
1705 2095 1826 2167 (82)
1851 2095 2059 2152 honore
2087 2111 2119 2152 a

524 2190 681 2251 vobis
722 2190 892 2253 occisi
927 2189 1093 2250 sunt?
1151 2189 1336 2247 valent
1399 2189 1616 2260 quidem
1675 2190 1976 2257 membris,
2027 2189 2126 2245 sed

524 2292 728 2353 erepta:
774 2290 991 2352 portant
1036 2279 1230 2343 funera
1274 2280 1574 2352 dignitatis.
1624 2279 1739 2354 (8'5)
1797 2282 2129 2343 Extendistis

527 2371 673 2429 enim
702 2386 919 2437 manum
950 2413 965 2438 ,
998 2379 1055 2433 et
1082 2386 1248 2443 super
1291 2386 1456 2427 omne
1494 2383 1655 2443 caput
1687 2371 1806 2448 (84)
1852 2374 2129 2431 mortifera

527 2464 799 2520 velamina
840 2463 1239 2534 prreteudistis:
1292 2472 1348 2520 ut
1402 2479 1525 2527 cum
1574 2464 1683 2521 sint
1732 2464 1899 2537 (sicut
1965 2480 2129 2536 supra

530 2555 664 2629 dixi)
692 2556 815 2631 (85)
845 2569 1077 2627 quatuor
1098 2573 1299 2630 genera
1326 2559 1562 2629 capitum
1584 2559 1636 2614 in
1684 2559 1926 2619 Ecclesia
1946 2602 1963 2627 ,
2020 2562 2135 2631 epi-

531 2665 847 2723 scoporum,
878 2652 1346 2725 presbyterorum,
1371 2652 1747 2721 diaconorum,
1778 2664 1833 2710 et
1854 2654 2131 2712 ﬁdelium:

536 2747 657 2821 (86)
683 2763 785 2808 nec
809 2749 903 2805 uni
934 2762 1156 2821 parcere
1184 2747 1455 2805 voluistis:
1488 2748 1604 2821 (87)
1625 2750 1895 2805 evertistis
1922 2753 2136 2807 animas

531 2839 838 2894 hominum.
868 2839 978 2894 Hos
1006 2850 1159 2895 actus
1192 2848 1400 2894 vestros
1423 2840 1538 2895 odit
1578 2840 1721 2895 Deus
1763 2841 1818 2897 in
1848 2841 2137 2913 Ezechiele

531 2935 825 3013 propheta,
853 2949 975 2995 cum
1005 2934 1162 3005 dicit:
1192 2950 1268 2990 va:
1294 2934 1602 3009 facientibus
1627 2937 1880 3009 velamen,
1907 2937 2009 3001 hoc
2029 2949 2133 3007 est,

533 3027 944 3101 imponentibus
999 3041 1219 3083 manum
1274 3042 1429 3097 super
1492 3044 1694 3082 onmem
1758 3040 1960 3084 etatem
2007 3039 2033 3069 ει
2069 3031 2139 3086 ad

2233 1919 2486 1969 testatem
2516 1911 2748 1967 alienam
2791 1911 2992 1967 irruis?
3026 1911 3154 1981 quid
3191 1913 3512 1967 temerarius
3538 1911 3637 1968 Dei
3668 1911 3841 1967 tribu-

2236 2005 2323 2059 nal
2355 2002 2645 2059 ascendis‘l
2673 2013 2876 2059 etcum
2908 2004 3025 2073 ipse
3054 2004 3130 2059 sis
3158 2018 3319 2070 reus,
3367 2005 3419 2058 in
3447 2006 3681 2059 alterum
3733 2019 3838 2059 an-

2234 2097 2332 2154 des
2378 2098 2519 2152 ferre
2569 2096 2931 2152 sententiam?
2977 2104 3034 2165 et
3081 2095 3286 2167 legisti:
3340 2097 3431 2167 qui
3454 2105 3592 2163 stat,
3630 2096 3841 2152 domino

2235 2201 2340 2249 stat
2365 2208 2484 2262 suo,
2515 2201 2564 2247 et
2587 2192 2675 2262 qui
2697 2193 2858 2262 jacet,
2886 2191 3098 2245 domino
3123 2206 3218 2245 suo
3232 2193 3376 2264 jacet
3402 2188 3581 2260 (Rom.
3606 2204 3722 2257 xiv,
3754 2189 3837 2261 4).

2238 2284 2441 2341 Potens
2469 2293 2555 2340 est
2581 2292 2763 2340 autem
2791 2284 3043 2349 dominus
3084 2283 3239 2354 ejus.
3276 2284 3543 2340 suscitare
3585 2299 3749 2341 eum:
3782 2292 3838 2339 tu

2233 2377 2324 2449 qui
2347 2392 2429 2443 es,
2459 2376 2551 2448 qui
2587 2376 2656 2432 de
2694 2392 2853 2432 servo
2882 2378 3062 2432 alieno
3084 2375 3330 2448 judices‘i
3349 2376 3541 2432 Oleum
3569 2375 3841 2432 sacerdoti

2235 2484 2264 2524 a
2290 2470 2403 2525 Deo
2428 2469 2704 2535 collatum,
2734 2485 2845 2525 non
2876 2469 3132 2526 debuisse
3162 2484 3257 2525 vos
3300 2479 3557 2540 tangere,
3589 2484 3620 2522 a
3664 2483 3837 2539 puero

2239 2562 2337 2619 Dei
2370 2561 2536 2617 David
2576 2563 2790 2618 discere
2819 2561 3086 2618 debuistis
3115 2604 3131 2631 ,
3177 2560 3373 2633 quisic
3401 2577 3497 2632 per
3530 2560 3841 2618 Samuelem

2238 2659 2484 2728 ungitur,
2514 2666 2573 2712 ut
2601 2657 2750 2713 Sauli
2773 2656 2914 2728 quod
2943 2656 3262 2728 jamdudum
3285 2656 3470 2713 datum
3498 2655 3712 2721 fuerat,
3741 2657 3843 2709 mi-

2239 2752 2515 2826 nime“
2542 2753 2825 2809 tolleretur
2852 2752 2899 2822 (Ι
2952 2750 3080 2822 Reg.
3133 2751 3272 2822 xvt).
3306 2751 3545 2821 Denique
3589 2748 3676 2804 vel
3719 2762 3839 2803 cum

2243 2846 2355 2901 Deo
2372 2846 2601 2915 jubente
2622 2844 2706 2900 vel
2738 2853 2933 2900 eventu
2959 2852 3303 2914 procurante,
3331 2856 3433 2896 una
3457 2855 3554 2895 eos
3582 2839 3838 2912 spelunca

2240 2941 2647 3011 concluderet;
2700 2947 2923 3002 venerat
2986 2938 3039 2995 in
3091 2945 3415 3008 potestatem
3479 2934 3634 3005 pueri
3677 2931 3843 2987 David

2242 3032 2398 3099 Saul,
2426 3034 2514 3111 qui
2548 3038 2886 3104 peccaverat.
2921 3028 3036 3111 (92)
3060 3029 3286 3094 Videtur
3320 3043 3431 3108 non
3458 3026 3647 3082 videns
3673 3067 3689 3092 ,
3722 3025 3845 3101 ideo

1745 3141 2129 3209 LECTIONES
2168 3144 2589 3215 YARIANTES.

598 3238 626 3270 ι
649 3236 705 3288 Iu
724 3247 816 3307 ms.
842 3234 897 3287 S.
917 3232 977 3285 G.
996 3245 1143 3298 super
1163 3244 1305 3286 onme
1322 3234 1467 3296 caput
1487 3234 1534 3283 et
1554 3243 1700 3297 super
1721 3245 1907 3307 euntem
1930 3240 2137 3286 wtatem.

1855 3339 2215 3411 VARIOBUM
2243 3341 2476 3399 ΝΟΤᾸΞ.

534 3444 675 3498 ιὶειιιι
697 3441 874 3510 capita
925 3437 1293 3510 sacerdotum,
1320 3435 1476 3510 quasi
1502 3433 1570 3491 ad
1600 3432 1952 3491 auferendam
2004 3449 2133 3491 unc-
2162 3439 2209 3503 C
2242 3438 2461 3510 initium.
2493 3435 2648 3510 Tolle
2672 3434 2927 3510 mendum
2964 3432 3127 3510 nimis
3153 3447 3313 3502 quam
3363 3430 3798 3488 manifestarium
3829 3474 3844 3499 ,

534 3515 739 3568 tionem
766 3504 1185 3564 sacerdotalem.
1212 3504 1290 3561 Du
1320 3505 1440 3559 Puv.

609 3580 726 3664 (80)
749 3579 816 3634 In
847 3589 1029 3664 mortes
1070 3594 1173 3631 nou
1199 3592 1513 3664 corporum“,
1555 3573 1661 3664 sed.
1694 3575 1967 3664 lignorum.
1999 3575 2139 3644 Quia

536 3644 825 3726 episcopos
854 3652 1059 3726 honore
1087 3658 1143 3704 et
1164 3644 1346 3726 ofﬁcio
1370 3645 1685 3726 spoliarent.
1721 3644 1953 3726 Autase.

610 3715 743 3797 (8|)
792 3721 1084 3813 duquIastis
1114 3719 1343 3773 nomina.
1402 3715 1744 3786 Dignitatem
1802 3716 2136 3773 detraxistis.

539 3800 763 3853 ALBASP.

2250 3507 2480 3577 legendo
2508 3508 2707 3563 animas
2725 3508 2972 3562 omnium.
2999 3506 3217 3560 lucsn'r.

2319 3574 2437 3651 (87)
2458 3577 2744 3633 Evertistis.
2787 3578 2891 3645 Qui
2929 3577 3140 3633 ﬁdelem
3174 3592 3241 3631 ex
3293 3576 3411 3701 le'ge
3438 3574 3647 3631 Christi
3696 3584 3751 3630 et
3783 3590 3850 3629 ex

2321 3666 2365 3701 IS
2399 3664 2629 3701 corpore
2663 3649 2954 3701 rescendit.
2995 3649 3041 3701 is
3098 3655 3298 3701 statum
3369 3647 3576 3701 dolium
3630 3648 3847 3701 evertit.

2246 3647 2365 3719 ejn's
2399 3647 2629 3719 corpore
2663 3649 2954 3714 rescendit,
2995 3649 3041 3702 is
3098 3655 3298 3702 statum
3332 3647 3576 3702 ﬁdelium
3630 3648 3847 3702 evertit.

2244 3724 2456 3857 Maii:
2488 3789 2759 3845 Evertistis
2781 3790 2983 3845 animos
3007 3791 3294 3845 hominum.
3322 3787 3553 3859 Currige
3586 3805 3714 3847 cum
3737 3791 3855 3843 tiro

612 3862 1062 3934 lbid.'Jugutastis
1088 3877 1192 3934 non
1224 3859 1486 3934 membra,
1527 3858 1617 3934 sed
1642 3859 1869 3934 nomina.
1914 3858 2144 3934 Nomina
2249 3862 2409 3919 docto
2435 3862 2635 3934 animos
2667 3863 2915 3928 omnium,
2944 3860 3104 3934 quale
3131 3871 3215 3934 est
3237 3860 3378 3934 quod
3409 3869 3465 3934 et
3492 3858 3748 3934 septimo
3775 3862 3855 3914 lc-

539 3952 641 4008 pro
670 3930 1006 4007 dignitatibus
1033 3941 1087 3986 et
1132 3930 1413 3993 (sonoribus
1445 3932 1639 4008 posuit.
1674 3930 1875 4008 Ibidem
1916 3930 2143 4008 subjnq-

537 4001 617 4081 git
644 4001 798 4081 ecce,
828 4013 1017 4081 ereptae
1045 4010 1263 4081 portant.
1281 4009 1464 4071 funera
1492 4001 1762 4081 dignitatis
1772 4040 1795 4081 ζ
1821 4011 1874 4081 et
1896 4017 2022 4081 pag.
2037 4001 2140 4081 b0,

541 4070 930 4153 gutturivestro
953 4070 1207 4153 honorum
1236 4070 1420 4153 [tinem
1445 4072 1651 4153 minime
1672 4070 1959 4153 sufﬁciunt.
2004 4070 2139 4153 Item

2247 3937 2502 4005 gebatur:
2534 3933 2594 3988 Si
2623 3948 2782 4003 animi
2810 3944 2884 3988 est
2913 3930 3050 4003 quod
3090 3932 3152 3986 ab
3203 3930 3495 4005 [luminibus
3522 3930 3814 4001 admittitur
3835 3973 3851 3999 ,

2248 4001 2376 4073 ξηιλ,
2414 4006 2502 4073 ubi
2526 4005 2883 4070 correximus,
2916 4001 3167 4059 omnibus.
3203 4001 3272 4059 Μ.
3297 4004 3534 4065 (lassus.

2325 4072 2441 4148 (88)
2470 4072 2744 4130 Invenistis
2775 4092 2977 4146 pueros.
3011 4075 3326 4148 Extremum
3356 4083 3474 4129 erat
3505 4073 3729 4145 malitia:
3760 4087 3857 4142 ge-

545 4143 663 4220 iiag.
692 4148 784 4214 60,
821 4144 919 4200 Dei
949 4147 1214 4216 episcopos
1242 4144 1433 4213 tingui?
1472 4143 1961 4266 θιαάίοδῇκέιιιαδιὶε
1984 4185 2000 4209 ,
2032 4145 2146 4213 fun-
2252 4143 2354 4202 nus
2395 4143 2591 4216 pueros
2618 4160 2681 4199 ac
2705 4143 2986 4219 preplerea
3008 4145 3357 4210 innocentes,
3383 4155 3439 4200 et
3465 4143 3614 4201 omni
3652 4148 3857 4200 lumine

545 4223 718 4266 ἀρηιρς
758 4218 1061 4266 sanguinem
1109 4230 1211 4266 non
1259 4216 1490 4266 corporis
1524 4256 1538 4266 .
1598 4229 1652 4266 se
1770 4214 1942 4266 altoris
1969 4255 1984 4266 .
2037 4225 2142 4266 etc.
2250 4232 2449 4266 vamms
2478 4218 2542 4266 ad
2568 4217 2939 4266 nmnilenliam
2969 4231 3197 4266 canere:
3232 4232 3356 4266 nam
3404 4226 3527 4266 post
3576 4217 3856 4266 nuhliczim

543 4214 718 4277 dentes
758 4214 1061 4292 sanguinem
1109 4230 1211 4269 non
1259 4216 1490 4281 corporis
1524 4256 1538 4280 ,
1598 4214 1688 4268 sed
1733 4214 1942 4267 honoris
1969 4255 1984 4279 ,
2037 4225 2142 4270 etc.

544 4292 766 4349 lucens.

616 4362 751 4417 Ibid.
782 4359 889 4416 Sed
915 4359 1144 4412 nomina.
1176 4355 1403 4411 Nomina
1437 4398 1450 4421 ,

545 4434 648 4488 sita
679 4430 1017 4487 notabamus.
1044 4422 1352 4498 'Jugulastis
1387 4432 1490 4482 non
1516 4422 1747 4483 membra
1785 4429 1883 4482 sed
1913 4422 2145 4495 nomina.

546 4501 681 4559 Cum
708 4502 890 4558 statim
911 4499 1074 4568 dicat,
1106 4512 1291 4569 ereptte
1320 4498 1507 4569 funera
1549 4499 1835 4573 dignitatis.
1891 4499 2147 4556 Ovidius:

643 4616 771 4673 Vive
799 4615 886 4683 tibi
914 4621 967 4683 et
989 4613 1137 4683 longe
1161 4614 1357 4667 nomina
1377 4625 1556 4677 magna
1577 4612 1706 4663 cole.

1578 4719 1788 4776 Bsn'rn.

646 4813 739 4882 se)
774 4815 941 4870 Occisi
960 4823 1076 4891 sunt
1101 4788 1348 4891 honores.
1368 4813 1512 4891 nihil
1537 4813 1745 4891 turpius
1772 4812 1931 4891 olim,
1970 4826 2147 4883 neque
2174 4830 2226 4891 ι)

548 4883 828 4959 indignum
848 4887 1036 4961 (magis
1060 4927 1075 4950 ,
1105 4900 1265 4961 quam
1302 4885 1485 4961 videre
1510 4886 1819 4961 epjs’COpum
1860 4883 2003 4951 inter
2035 4900 2146 4961 ρῳ-

548 4955 819 5015 nitentes:
846 4955 970 5011 ideo
991 4956 1065 5009 ait
1085 4958 1294 5011 occisos
1316 4955 1482 5010 fuisse
1505 4955 1788 5025 episcopos
1811 4970 1947 5025 quos
1971 4957 2146 5024 poeni-

548 5040 726 5085 tentes
753 5026 995 5082 fecerant
1028 5029 1258 5082 ALBASP.

622 5099 736 5172 (85)
768 5098 1086 5172 Extendistis
1106 5100 1243 5157 enim
1260 5114 1489 5172 manum.
1512 5096 1853 5172 Imposuistis
1879 5100 2146 5167 omnitcn-

552 5168 682 5224 tiam
715 5168 988 5242 omnibus,
1010 5181 1066 5226 et
1094 5184 1284 5225 omnes
1315 5170 1554 5242 ordines,
1586 5169 1892 5242 episcopos,
1919 5171 2147 5242 presby—

555 5240 1023 5313 teros,_diacon_os,
1047 5242 1297 5313 etulaicos
1322 5256 1448 5313 vere
1475 5240 1698 5309 fecistis;
1733 5240 1961 5309 Abesse.

630 5256 721 5301 ’08,
746 5256 776 5293 tl
803 5256 1023 5305 300008,
1047 5256 1103 5301 ει
1132 5256 1297 5299 lalCOS
1322 5256 1448 5299 vere
1475 5256 1698 5309 Iectstts.
1733 5256 1961 5309 ᾒιΒΔδΡ.

630 5308 746 5382 (84)
777 5256 1069 5395 itm-litem
1104 5311 1385 5395 Sltlllllluﬂl
1423 5306 1546 5394 ierat
1574 5312 1752 5395 scelus
1782 5314 1847 5377 iis
1891 5312 1982 5385 qui
2010 5312 2146 5395 nihil

552 5392 984 5455 t‘Ottttneruerapt
1018 5390 1390 5457 mentientium
1423 5390 1699 5457 impertire
1722 5399 1734 5435 :
1755 5397 1890 5457 nam
1918 5393 2035 5457 erat
2061 5390 2144 5440 in.

552 5450 837 5508 nocentem
904 5450 1298 5520 'reum'facer‘e,
1329 5464 1383 5519 et
1423 5450 1701 5529 peceatum
1753 5451 1835 5521 illi
1889 5453 2146 5529 tribucre.

601 5538 781 5587 ιιιλειν.

553 5530 1012 5666 Al(88?)?thtatuor
1043 5607 1229 5665 gettera
1259 5594 1503 5666 capitum.
1552 5594 1608 5666 Si
1636 5591 1921 5666 credamus
1964 5594 2029 5666 iis
2058 5596 2148 5665 qui

553 5662 894 5748 sacriﬁcandi
937 5662 1259 5748 potestatem
1300 5662 1672 5748 sacerdotibus
1701 5674 1754 5721 et
1806 5662 1956 5748 laicls
1994 5662 2146 5736 juxta

550 5734 875 5811 concedunt,
908 5734 1072 5792 unum
1095 5743 1297 5791 tantum
1316 5734 1424 5811 erit
1440 5734 1887 5811 (capitmngenus.
1905 5734 2143 5811 Anius».

625 5808 740 5879 (86)
770 5807 882 5865 Nec
900 5810 989 5866 uni
1011 5822 1222 5889 parcere
1244 5807 1473 5877 voluistis
1498 5805 1525 5885 ί
1545 5805 1791 5869 evertistis
1827 5809 2025 5875 animus
2044 5807 2144 5862 Ιιο-

2250 4232 2449 4272 vacuos
2478 4218 2542 4271 ad
2568 4217 2939 4287 ptenitentiarn
2969 4231 3197 4285 cogere;
3232 4232 3357 4287 nam
3404 4226 3527 4287 post
3576 4217 3856 4286 publicum

2253 4290 2396 4343 illam
2445 4286 2815 4359 paenitentiam
2848 4291 2899 4342 in
2946 4287 3152 4359 elerum
3200 4286 3375 4358 adlegi
3439 4303 3565 4359 non
3603 4294 3859 4355 poterant

1514 4370 1615 4427 pro
1659 4354 2020 4429 dignitatibus
2043 4371 2150 4429 po-
2252 4354 2513 4428 amplius:
2539 4359 2615 4412 uti
2638 4361 2733 4426 ait,
2764 4376 2826 4412 ne
2848 4360 2934 4429 qui
2954 4356 3187 4412 ordinari
3208 4354 3507 4428 potuissent.
3539 4354 3777 4412 Abesse.

2324 4432 2437 4502 (89)
2471 4429 2677 4502 Fideles
2696 4432 2955 4501 antiquos.
2983 4430 3237 4502 Seniores
3263 4429 3445 4494 laicos,
3476 4430 3856 4498 paenitentiam

2253 4500 2500 4572 quamvis
2530 4500 2665 4555 nihil
2692 4500 3013 4572 peccassent
3036 4541 3050 4563 ,
3074 4500 3256 4572 subire
3273 4510 3584 4570 coegerant.
3621 4503 3853 4555 Αιωιφ.

2327 4572 2445 4645 (90)
2473 4572 2752 4645 Episcopus
2774 4571 2964 4642 fecistis
2988 4571 3166 4645 laicos.
3198 4571 3496 4645 Episcopos
3517 4573 3859 4627 ortltodoxos

2232 4642 2599 4714 .deponebant
2623 4658 2636 4697 :
2663 4642 2776 4697 hos
2806 4642 3155 4714 postmodum
3185 4646 3325 4696 inter
3347 4643 3687 4714 “penitentes
3719 4646 3860 4714 rele-_

2254 4711 2472 4785 gabant,
2502 4725 2557 4770 et
2597 4722 2716 4785 acta
2777 4711 3087 4784 paenitentia
3136 4713 3315 4785 laicus
3353 4711 3658 4775 faciebant;
3713 4712 3859 4785 quod

2259 4782 2455 4855 merito
2481 4782 2790 4855 exprobrat
2804 4785 3099 4840 Donatistis
3123 4782 3382 4855 Optatus;
3406 4798 3529 4837 nam
3564 4782 3859 4855 episcopus

2252 4858 2381 4911 olim
2413 4865 2625 4927 poterat
2648 4856 2764 4927 fieri
2794 4857 2962 4911 laicus
2984 4895 2999 4922 ,
3027 4863 3088 4909 ut
3139 4856 3366 4927 legimus
3393 4855 3462 4909 de
3510 4855 3815 4923 'l'rophitno
3840 4895 3855 4919 ,

2253 4928 2348 4983 sed
2381 4925 2483 4982 huc
2533 4943 2638 4981 non
2675 4926 2837 4982 ﬁebat
2875 4927 2979 4997 pisi
3007 4926 3077 4981 ob
3126 4925 3347 4997 aliquod
3395 4941 3563 4996 grave
3594 4928 3807 4983 crimen
3839 4943 3854 4980 :

2254 4998 2449 5053 deinde
2491 4998 2805 5068 paenitentia
2856 4986 2931 5053 illi
2965 4986 3237 5068 nunquam
3282 4986 3686 5067 imponebatur.
3747 5000 3856 5053 At.-

2252 5084 2401 5123 BASP.

2326 5140 2443 5213 (9i)
2470 5139 2657 5195 Satius
2705 5151 2753 5195 et
2796 5156 2983 5194 comes.
3021 5139 3135 5196 Hoc
3173 5150 3293 5213 est,
3328 5137 3684 5213 illlAeltiSCOpi
3723 5152 3859 5210 quos

2252 5208 2569 5284 ptenitentia
2601 5213 2881 5284 sauciastis
2906 5254 2919 5276 ,
2950 5220 3107 5279 erant
3151 5209 3285 5269 socii
3309 5221 3379 5284 et
3403 5208 3605 5268 fratres
3629 5208 3812 5281 'ves‘tri
3835 5250 3853 5274 ,

2252 5280 2343 5365 Qui
2445 5282 2865 5365 quidhfeccrapt,
2894 5293 3049 5365 erant,
3072 5280 3418 5365 deponendi,
3435 5280 3857 5365 ‘nonpmmtcn-

2254 5350 2326 5407 tia
2352 5350 2605 5424 puniendi
2639 5395 2653 5419 ,
2700 5350 2804 5407 non
2842 5357 2943 5408 hoc
2985 5354 3252 5478 acdecore
3307 5350 3622 5426 alliciendi}
3675 5356 3854 5413 oleum

2261 5427 2405 5478 enim
2436 5424 2531 5478 Ι)ρὶ
2557 5440 2661 5478 non
2690 5432 2775 5478 est
2803 5425 2979 5477 violan
3025 5440 3134 5477 nm.
3166 5424 3392 5478 ALBASP.

2261 5427 2405 5479 enim
2436 5424 2531 5479 ι)ρὶ
2557 5440 2661 5478 non
2690 5432 2775 5479 est
2803 5424 3134 5478 violandum.
3166 5424 3392 5478 ALBASP.

2335 5495 2452 5571 (92)
2512 5493 2727 5571 Videtur
2754 5511 2855 5571 non
2881 5493 3206 5571 videns,_etc.
3231 5494 3374 5571 Lege
3399 5495 3676 5571 disiuncta
3726 5507 3855 5571 voce

2260 5564 2850 5621 clausi'orisﬂsautem
2877 5576 3041 5635 totam
3072 5566 3296 5621 denotat
3318 5564 3546 5633 faciem;
3576 5566 3857 5635 Germani-

2259 5651 2357 5693 cus
2385 5638 2454 5692 de
2468 5642 2655 5691 Λευ-ει
2688 5654 2700 5690 :

2353 5751 2577 5817 _S_eraque
2598 5750 2662 5802 ab
2683 5750 2917 5809 Ecclesiis
2938 5749 3249 5813 descendens
3271 5753 3536 5817 montibus,
3561 5765 3622 5817 or

2353 5769 2577 5812 aeraque
2598 5769 2662 5802 an
2683 5769 2917 5809 molestis
2938 5769 3249 5813 descendens
3271 5769 3536 5817 manutius,
3561 5769 3622 5805 or

2348 5811 2542 5879 γριειρ.
3601 5769 3786 5885 ἔλα-ιιι.
