4152 6166
587 262 689 324 99!

1738 258 1746 274 ·
1797 251 2046 313 SANCTI
2081 253 2335 315 OPTATl
2377 224 2679 317 [iPlSCOPl

3760 265 3854 324 992

591 383 829 451 bensus,
853 379 1010 450 cujus
1045 376 1117 434 fel
1152 384 1207 435 et
1246 375 1403 448 jecur
1429 376 1553 434 tulit
1578 376 1801 445 Tobias,
1839 377 1908 433 ad
1960 380 2182 436 tutelam
2213 383 2261 446 Α
2288 395 2409 451 qua:
2450 379 2502 434 in
2555 379 2702 434 omni
2732 376 3012 435 Catholica
3044 392 3142 450 per
3172 386 3344 435 totum
3374 378 3563 436 orbem
3597 386 3854 453 terrarum,

590 478 827 536 flemina;
877 478 1059 540 Saraa,
1088 480 1146 529 et
1171 471 1240 528 ad
1268 471 1718 529 illuminationem
1760 471 1946 529 Tobiae
1976 488 2083 528 non
2111 472 2190 527 vi-

601 570 783 627 dentis
808 586 823 624 :
850 566 1095 638 ejusdem
1122 565 1288 637 piscis
1309 574 1335 604 ι
1357 565 1657 624 visceribus
1686 566 2001 622 Asmodaeus
2019 565 2048 605 δ
2072 566 2187 640 (l8)

592 664 809 723 dmmon
840 677 871 717 a
900 661 1033 719 Sara
1062 660 1238 733 puella
1279 659 1491 732 fugatus
1540 668 1625 717 est
1653 652 1817 735 (quin
1870 661 2189 732 intelligitur

596 755 872 827 Ecclesia)
919 766 975 811 et
1021 754 1238 810 caecitas
1265 768 1295 809 a
1322 753 1494 808 Tobia
1521 752 1739 809 exclusa
1761 761 1847 808 est
1873 752 2039 825 (Tob.
2072 754 2183 822 vt).

592 847 711 924 (l9)
742 848 842 904 llic
863 856 949 904 est
980 846 1167 918 piscis,
1193 846 1289 917 qui
1321 846 1376 901 in
1428 845 1747 916 baptismate
1773 860 1869 916 per
1892 845 2190 900 invocatio-

594 956 718 999 nem
752 939 1048 997 fontalibus
1083 938 1244 996 undis
1274 939 1552 1004 inseritur,
1586 946 1646 993 ut
1671 953 1790 1008 qua:
1818 953 1956 1008 aqua
1984 936 2187 1006 fuerat,

593 1048 625 1090 a
655 1034 803 1105 pisce
828 1032 993 1088 etiam
1037 1032 1241 1102 piscina
1274 1032 1560 1086 vocitetur.
1591 1029 1759 1100 Cujus
1789 1029 1957 1101 piscis
1992 1044 2187 1085 nomen

594 1124 895 1181 secundum
944 1122 1363 1194 appellationem
1409 1121 1677 1187 Grtecam,
1722 1122 1776 1176 in
1835 1137 1941 1176 uno
1974 1119 2192 1176 nomine

592 1231 693 1289 per
732 1215 979 1288 singulas
1023 1215 1234 1270 litteras
1282 1214 1493 1269 turbam
1547 1221 1861 1268 sanctorum
1912 1214 2190 1267 nominum

592 1310 834 1367 continet
858 1308 998 1380 (2ο),
1024 1308 1218 1366 ἰΧΘΥΣ
1248 1307 1391 1379 quod
1415 1318 1498 1363 est
1519 1306 1796 1375 Latinum,
1825 1307 1987 1363 Jssus
2003 1307 2195 1362 Catus-

591 1418 722 1472 1'08,
758 1403 857 1460 Det
901 1402 1110 1470 Funus,
1156 1402 1464 1459 Samon.
1524 1399 1674 1457 Hanc
1728 1415 1826 1455 vos
1886 1400 2147 1470 piscinam
2174 1442 2190 1468 ,

2298 472 2362 526 ad
2389 472 2553 527 vitam
2581 473 2797 542 generis
2827 471 3085 540 humani,
3123 472 3456 529 salutaribus
3500 473 3657 529 undis
3682 477 3858 534 exube-

2293 571 2408 633 rat;
2442 563 2825 619 transduxistis
2848 562 2915 623 ad
2943 563 3269 620 voluntatem
3293 574 3553 632 vestram,
3572 575 3628 620 et
3652 565 3861 623 solvistis

2292 655 2564 726 singulare
2592 655 2882 725 baptisma,
2913 671 2977 711 ex
3008 670 3114 726 quo
3158 655 3485 726 baptismate
3525 655 3812 714 hominibus
3835 670 3856 700 ο

2293 749 2435 803 muri
2476 748 2605 803 facti
2664 756 2789 804 sunt
2814 746 2881 802 ad
2914 748 3139 804 tutelam
3168 768 3181 802 :
3211 742 3281 804 et'
3318 748 3525 805 fecistis
3570 751 3718 820 quasi
3763 751 3863 824 (il)

2295 842 2497 897 alteros
2530 858 2736 909 muros,
2768 843 2972 897 nullum
3001 842 3200 898 bonum
3221 838 3560 898 dtedificiiim
3588 843 3865 903 facientes:

2297 954 2404 993 non
2438 938 2697 1010 potuistis
2727 945 3068 1003 construere,
3098 937 3199 992 nisi
3226 937 3539 993 dirueretis.
3572 939 3640 992 Et
3678 946 3700 974 θ
3736 938 3873 1008 quale

2295 1037 2475 1100 potest
2502 1044 2625 1084 esse
2650 1027 2936 1083 {editicium
2960 1070 2975 1094 ,
3010 1026 3151 1098 quod
3197 1026 3311 1100 (22)
3345 1027 3414 1083 de
3442 1026 3595 1083 ruiua
3629 1030 3871 1084 consimi-

2298 1122 2427 1177 tur?
2453 1121 2603 1176 Hanc
2630 1136 2744 1176 rem
2774 1136 2872 1191 per
2903 1120 3120 1175 Esaiam
3148 1122 3469 1190 prophetam
3495 1120 3641 1175 Deus
3669 1119 3805 1175 dolet
3828 1127 3877 1176 et

2299 1213 2422 1279 ﬂet,
2463 1227 2587 1268 cum
2636 1212 2804 1280 dicit,
2864 1213 3031 1282 ﬁliam
3075 1212 3156 1267 sui
3197 1211 3397 1283 generis
3458 1227 3567 1265 esse
3632 1211 3875 1266 contritaiit

2301 1308 2419 1382 (Is.
2450 1307 2547 1378 22)
2583 1326 2595 1361 :
2624 1307 2739 1379 (25)
2768 1322 2945 1377 genus
2979 1307 3072 1362 Dei
3106 1317 3187 1362 est
3212 1320 3318 1362 non
3364 1306 3562 1361 habere
3591 1320 3774 1377 genus,
3800 1305 3876 1377 qui

2302 1416 2367 1457 ex
2416 1415 2478 1457 se
2529 1407 2645 1468 est,
2699 1408 2756 1454 et
2814 1405 2999 1455 manet
3053 1399 3106 1453 in
3161 1406 3425 1454 aeternum
3472 1397 3516 1453 ί.
3553 1398 3674 1469 (24)
3701 1397 3875 1456 Similis

1802 1515 2096 1576 LECTION
2105 1519 2186 1576 ES
2228 1519 2649 1576 VARIANTES.

657 1614 687 1713 ἓ
716 1613 877 1713 ΒἫΞ
896 1615 945 1713 ίὲ
967 1612 1416 1713 Ῥδδλτὲέξιςδῗξῖ
1438 1612 1491 1663 ⁵·

659 1676 687 1713 1³
720 1676 776 1728 ln
799 1691 889 1728 ms.
909 1678 961 1728 S.
983 1677 1043 1728 G.
1069 1676 1395 1729 Nasinodeus.

659 1742 683 1771 °
719 1740 776 1791 In
792 1752 885 1791 tus.
918 1742 972 1790 S.
1001 1739 1062 1790 G.
1088 1737 1416 1790 credentibus.

654 1800 684 1842 ἀ
715 1782 776 1853 iii
794 1782 1574 1853 ἦὶιῖὲῗίῐῖὶῖῖῐέῗὲῗῖἱαιίαηι
1608 1812 1797 1852 novum.
1833 1799 1889 1850 In
1913 1814 2005 1852 ms.
2046 1801 2099 1851 s.
2134 1800 2193 1852 (ἰ.

2297 1610 2500 1663 multum
2521 1612 2709 1663 bonum.
2736 1609 2812 1661 Ex
2836 1616 3047 1675 utroque
3070 1610 3393 1673 restituimus,
3418 1608 3606 1661 nullum
3632 1610 3803 1663 bonum.

2366 1679 2389 1707 θ
2428 1676 2588 1724 Inms.
2612 1676 2664 1725 S.
2692 1675 2749 1725 G.
2773 1674 2895 1726 Sed.

2365 1735 2386 1776 ε
2426 1738 2480 1788 In
2505 1751 2633 1800 mss.)
2664 1738 2715 1786 S.
2744 1737 2803 1788 Τ.
2827 1745 2879 1800 et
2902 1735 2958 1784 P.
2999 1736 3052 1787 S.
3088 1732 3140 1786 iii
3160 1732 3494 1787 (sterilitatem.
3531 1735 3589 1785 In
3621 1736 3878 1800 quibusdam

2300 1801 2445 1852 editis
2465 1800 2592 1850 male
2619 1799 2671 1850 iit
2692 1798 2976 1851 wternitate.

1939 1909 2302 1967 VARIORUM
2341 1908 2574 1965 ΝΟΤᾹΒ.

598 2003 878 2077 videretur
921 2004 1049 2060 illud
1069 2046 1084 2071 ,
1131 2006 1276 2076 quod
1310 2004 1735 2077 patriarcharum
1770 2005 1843 2061 sit
1869 2004 1922 2059 in
1947 2020 2009 2077 ea
2039 2019 2192 2059 men-
2221 2010 2269 2071 Β
2299 2004 2409 2077 ipsa
2435 2013 2542 2058 tam
2573 2004 2647 2077 sit
2670 2002 3003 2059 conveniens
3033 2011 3147 2059 toto
3172 2000 3371 2074 Optato
3412 2003 3626 2060 nullum
3672 2004 3871 2074 reperiri

600 2075 697 2139 tio,
726 2076 891 2131 etiam
939 2075 1260 2145 patriartibaa
1290 2075 1506 2144 nomen,
1562 2077 1676 2131 sive
1729 2076 2182 2145 patriarcharum,

601 2147 828 2218 integrat
881 2148 1135 2213 sectioui,
1189 2149 1310 2204 sive
1360 2148 1520 2218 capiti
1570 2148 1817 2201 adhaesit.
1867 2146 1982 2202 Non
2029 2146 2191 2217 igitur

600 2218 746 2273 aliud
782 2217 885 2273 hoc
910 2218 1029 2275 loco
1054 2220 1170 2274 sive
1200 2217 1450 2288 Optatus,
1481 2220 1595 2275 sive
1620 2217 1797 2289 Optati
1831 2218 2000 2289 lector
2053 2223 2069 2287 (
2096 2218 2190 2288 qui

607 2289 663 2345 in
694 2302 790 2343 ora
821 2289 1051 2346 fortasse
1081 2290 1200 2345 libri
1249 2291 1332 2346 sui
1381 2288 1689 2356 notaverat,
1737 2288 1880 2359 quod
1914 2299 2094 2358 postea
2138 2290 2189 2344 in

605 2360 1125 2432 ipsutn_contestum
1157 2370 1433 2432 receptum
1472 2369 1557 2417 est
1578 2360 1598 2432 )
1622 2360 1753 2427 vult,
1779 2361 1994 2432 opinor,
2030 2375 2190 2430 quam

609 2430 759 2486 illum
786 2430 971 2485 Tobiae
1004 2434 1217 2487 titulum
1240 2474 1257 2499 ,
1288 2430 1402 2487 'seu
1443 2430 1736 2488 sectionem
1783 2431 2021 2487 indicare
2043 2473 2057 2495 ,
2088 2446 2193 2501 qua

607 2502 848 2576 narratio
876 2502 962 2557 illa
992 2505 1158 2574 piscis
1186 2504 1238 2559 in
1266 2503 1489 2576 f'l‘igride
1523 2502 2032 2576 llumine_pr_ebensi
2063 2517 2195 2557 con-

604 2572 826 2644 tinetur,
849 2572 1009 2644 quod
1036 2589 1138 2630 nos
1172 2572 1362 2631 liodie'
1380 2576 1714 2640 diceremus,
1745 2573 1919 2629 Tobiae
1944 2584 2083 2629 sexto
2109 2592 2195 2628 ca-

606 2644 736 2720 pite.
762 2643 916 2720 Quod
954 2648 1198 2718 sequitur
1227 2664 1240 2700 :
1273 2645 1527 2720 Ejusdem
1554 2646 2013 2720 piscistiisceribus
2039 2687 2054 2711 ,
2084 2657 2190 2700 etc.

607 2714 738 2789 illud
765 2717 1000 2789 ejusdem
1023 2714 1049 2785 ,⁷
1067 2734 1173 2773 non
1207 2730 1289 2773 est
1314 2714 1438 2772 cum
1467 2714 1835 2788 superioribus
1864 2726 2196 2789 connecten-

606 2786 733 2861 d‘uin
760 2786 954 2861 {quasi
1006 2806 1202 2844 novum
1250 2790 1380 2861 quid
1412 2789 1480 2844 de
1510 2786 1686 2843 eodem
1717 2789 1861 2861 pisce
1892 2788 1992 2841 hoc
2015 2798 2197 2857 poste-

606 2857 749 2912 riore
775 2859 1020 2914 membro
1043 2857 1386 2925 narrareinr;
1421 2877 1540 2913 cum
1578 2860 1719 2914 enim
1752 2860 1940 2914 eadem
1971 2874 2195 2928 prorsus

605 2943 728 2998 qua:
758 2939 917 2986 antea
962 2942 1191 3001 repetat,
1238 2932 1572 2987 manifestam
1609 2930 1955 3000 tautologiam
1978 2930 2195 2984 commi-

607 3001 809 3065 sisset;
842 3002 935 3057 sed
962 3003 1193 3073 ejusdem
1236 3006 1377 3057 valet
1408 3005 1561 3057 unius
1599 3018 1659 3055 ac
1694 3004 1921 3070 ejusdem
1952 3017 1964 3054 :
2001 3003 2197 3070 repetit

605 3080 786 3143 autem
840 3074 1056 3143 paulum
1107 3076 1406 3130 immutatis
1455 3074 1661 3136 verbis,
1712 3085 1767 3127 ιιι
1819 3075 1869 3126 in
1903 3074 1978 3127 rei
2026 3073 2200 3127 admi-

604 3142 790 3197 raudze
842 3142 1192 3202 meditatione
1249 3147 1504 3201 lectorem
1564 3151 1806 3199 moretur
1867 3144 2197 3214 aliquamdiu

603 3226 669 3287 at:
694 3214 933 3287 detineat
959 3234 971 3270 :
1002 3233 1170 3287 quare
1212 3219 1406 3287 placet,
1434 3227 1492 3270 ut
1531 3216 1656 3271 hinc
1684 3231 1897 3286 quoque
1934 3230 2070 3287 nova
2105 3232 2199 3283 pe-

605 3284 823 3409 aodns,
856 3284 1061 3359 scripto
1109 3284 1229 3359 post
1258 3289 1476 3344 videntis
1501 3289 1661 3359 pleno
1685 3284 1882 3358 puneto
1907 3328 1922 3355 ,
1952 3286 2194 3356 incipiat.

663 3394 676 3407 .
737 3373 939 3409 .Asaun.

663 3394 676 3407 .
709 3373 939 3413 loASMJB.

679 3427 1156 3508 (l§)rAs_modteus.
1201 3431 1312 3486 lloc
1369 3445 1565 3508 nomen
1622 3439 1705 3484 est
1752 3427 2017 3508 daemonis
2059 3429 2202 3508 illius

649 3497 702 3571 ui
750 3499 1127 3571 interfercerat
1178 3513 1387 3571 septem
1442 3503 1653 3569 priores
1684 3502 1905 3555 maritos
1943 3497 2115 3571 Sane.
2144 3500 2201 3555 ιιι

656 3567 837 3623 ebrmo
856 3569 1069 3625 Sebast.
1102 3567 1361 3628 Manéteri
1400 3567 1455 3627 cI
1483 3586 1567 3637 vi,
1598 3587 1650 3625 v.
1687 3571 1754 3626 14
1786 3589 1799 3624 :
1834 3569 2023 3624 Audivi
2047 3573 2200 3624 etiam

606 3640 743 3708 quod
787 3639 1088 3698 Asmodwus
1124 3645 1361 3716 princeps
1403 3644 1694 3697 dtemonum
1729 3643 2042 3716 interfecerit
2079 3657 2202 3716 eos;

605 3723 930 3786 qutepropter
953 3730 1046 3786 ego
1070 3714 1222 3771 timeo
1262 3716 1409 3771 valde
1449 3732 1512 3770 ne
1539 3720 1669 3785 forte
1699 3726 1742 3769 et
1768 3729 1849 3768 ine
1876 3714 2074 3768 occidat
2102 3714 2199 3767 As-

610 3783 863 3838 inodieus.
886 3787 960 3841 liti
985 3783 1107 3841 Ρικ.

679 3850 798 3924 (19)
842 3855 943 3929 Hi_c
987 3860 1162 3928 piscis,
1212 3859 1395 3929 quiin
1443 3858 1742 3927 baptismate
1786 3872 1878 3929 per
1918 3856 2199 3911 invocatio-

607 3934 871 3997 neiii,getc.
898 3926 1254 3984 FrJBalduin'i
1278 3928 1441 3982 editio
1463 3926 1521 3995 ‘2,
1546 3946 1633 3997 per
1661 3927 2029 3982 invocationem
2057 3943 2076 3980 :
2107 3930 2200 3983 sed

611 3992 888 4069 Barthium
939 4014 1037 4055 cur
1092 4016 1199 4055 non
1253 3992 1568 4055 audiamus?
1590 3999 1967 4055 emendantem
2008 4014 2096 4069 per
2121 4000 2202 4054 iii-

608 4066 905 4124 tinctionem
935 4086 999 4125 ex
1032 4070 1127 4125 lib.
1158 4086 1213 4125 v.
1251 4072 1464 4127 luet-tur.

681 4135 797 4209 (20)
848 4139 1072 4196 Turbam
1127 4154 1421 4197 sanctorum
1468 4142 1734 4195 nominum
1775 4141 2019 4195 continet.
2065 4140 2199 4208 Quia

606 4208 818 4284 scilicet
867 4214 1066 4284 singuli
1112 4226 1420 4269 caracteres
1471 4216 1619 4269 vocis
1660 4213 1815 4284 hujus
1849 4222 2044 4277 txerz,
2077 4223 2204 4268 sunt

609 4279 864 4362 initiates
903 4279 1097 4340 litierze
1147 4288 1425 4362 no_mit_ittm
1473 4279 1908 4362 fibrist't'ineeﬁc
1954 4287 2199 4362 Χριριτςός.

609 4359 741 4434 ρςοᾷ
788 4356 934 4434 ςτίᾲς,
971 4363 1163 4434 ξωτὴρ.
1207 4358 1406 4434 [Eodem
1436 4357 1629 4434 alludit
1654 4356 2019 4434 Tertullianu's
2045 4356 2201 4434 initio

608 4421 734 4477 libri
767 4425 837 4481 de
866 4421 1132 4500 baptismo
1164 4446 1179 4483 :
1214 4430 1320 4484 Sed
1346 4445 1439 4483 nos
1471 4428 1707 4496 pisciculi
1734 4428 2015 4483 secundum
2046 4429 2202 4500 ἰχθῦν

612 4503 843 4569 nostrum
869 4494 1050 4551 Iesum
1087 4497 1348 4555 Christum
1372 4500 1424 4554 in
1451 4494 1585 4569 aqua
1625 4500 1906 4565 nascimur,
1937 4515 2028 4553 nec
2053 4494 2203 4553 aliter

608 4579 764 4642 quem
787 4568 994 4642 inraqua
1014 4572 1358 4641 permanendb
1380 4568 1510 4626 salvi
1536 4587 1733 4625 sumus.
1756 4569 2031 4642 Sieetiam
2056 4586 2201 4642 mys«

613 4635 1247 4713 [er-illulAl§tlltlfé3pll¢ttl
1277 4643 1609 4713 Augustinus
1632 4643 1668 4696 1.
1695 4656 1861 4695 xxvm
1881 4640 1949 4695 de
1976 4635 2202 4713 civitate

2298 2075 2550 2130 arbitror.
2580 2076 2786 2130 BARTH.

2368 2146 2484 2217 (2i)
2527 2147 2730 2202 Similis
2761 2156 2833 2201 est
2864 2157 2912 2201 et
2939 2164 3074 2218 aqua
3100 2163 3251 2218 quam
3276 2146 3515 2218 legimus.
3544 2145 3741 2216 Optato
3766 2161 3872 2215 pro-

2307 2220 2541 2287 positum
2577 2219 2660 2271 hic
2688 2226 2798 2279 est.
2861 2228 2917 2271 ut
2965 2220 3137 2273 Esaia:
3172 2219 3455 2288 Propheta:
3481 2219 3649 2272 verba
3689 2219 3751 2273 de
3777 2218 3871 2273 Deo

2297 2302 2461 2359 super
2493 2290 2800 2343 contritione
2826 2290 2953 2360 ﬁlia:
2976 2290 3057 2344 sui
3088 2292 3289 2361 generis
3316 2299 3687 2361 conquerente
3706 2290 3724 2361 (
3742 2299 3870 2358 post-

2296 2375 2359 2444 ea
2393 2362 2660 2429 integrum
2709 2360 3157 2445 locumnpreliite
3207 2360 3338 2415 citat
3376 2363 3396 2431 )
3432 2360 3498 2415 ad
3538 2360 3730 2445 aquam
3758 2375 3870 2445 per-

2299 2430 2493 2504 linere,
2526 2431 2868 2504 persuadeat.
2895 2430 3048 2504 Quod
3066 2442 3121 2487 ut
3142 2430 3480 2504 assequatur,
3510 2448 3581 2487 ex
3598 2430 3727 2504 ipsis
3758 2431 3869 2486 Pro-

2299 2502 2477 2573 pheta:
2519 2503 2710 2575 verbis
2769 2503 2924 2575 (cum
2974 2502 3171 2571 Optato
3222 2503 3436 2571 loquor,
3497 2502 3636 2559 nam
3670 2504 3866 2575 Hebraea

2297 2573 2570 2643 quomodo
2600 2573 2853 2640 habeant,
2885 2586 2980 2629 aut
3017 2574 3105 2629 hic
3132 2584 3225 2629 aut
3252 2575 3415 2641 alibi,
3449 2589 3561 2630 non
3594 2574 3866 2630 monendus

2298 2656 2384 2717 est
2411 2647 2565 2699 nobis
2590 2645 2797 2717 lector)
2829 2647 2931 2701 hoc
2964 2646 3113 2700 ducit
3156 2656 3540 2716 argumentum
3581 2666 3595 2701 :
3629 2645 3868 2716 Propheta

2299 2715 2502 2788 inducit
2548 2717 2712 2771 Deum
2739 2715 2904 2787 super
2930 2718 3042 2787 ﬁlia
3080 2721 3161 2773 sui
3190 2715 3387 2788 generis
3430 2715 3860 2788 conquerentem.

2304 2786 2394 2841 Dei
2423 2796 2600 2841 autem
2630 2786 2935 2855 genus'est,
2960 2806 3065 2843 non
3097 2786 3299 2844 habere
3322 2804 3517 2852 genus.
3541 2786 3868 2856 Consequens

2299 2872 2416 2912 erat
2448 2868 2505 2931 ut
2535 2858 2674 2931 idem
2711 2862 2810 2915 hoc
2843 2870 2897 2914 et
2937 2878 3081 2931 aqum
3110 2862 3409 2917 convenire
3433 2863 3712 2931 probaret.
3733 2856 3869 2931 Quod

2300 2942 2429 2983 sane
2447 2929 2513 2982 ab
2528 2928 2723 2999 Optato
2750 2947 2855 2985 non
2880 2928 3301 2999 praetermissum
3324 2940 3409 2987 est
3431 2928 3451 2997 ξ
3475 2947 3655 3001 neque
3672 2930 3869 2985 omnino

2303 3002 2495 3069 putuit.
2546 3002 2702 3070 Quali
2757 3014 2930 3057 tamen
2963 3012 3281 3073 argumento
3312 3018 3445 3059 usus
3483 3002 3671 3065 fuerit,
3698 3005 3780 3057 vis
3815 3012 3874 3073 ac

2303 3088 2371 3127 ne
2396 3075 2477 3127 vix
2512 3074 2725 3145 quidem
2763 3090 2829 3129 ex
2862 3076 2962 3129 hac
2987 3071 3226 3130 editione
3267 3074 3620 3131 subolfacias.
3678 3071 3874 3128 Baldui-

2304 3160 2405 3218 tius
2445 3148 2589 3218 enim
2637 3144 2719 3218 (si
2753 3156 2928 3201 tamen
2979 3146 3323 3217 Balduinus)
3379 3146 3561 3218 malos
3616 3145 3871 3213 chirurgos

2303 3214 2392 3271 hic
2437 3214 2712 3278 imitatus,
2740 3233 2860 3271 cum
2904 3219 3081 3272 locum
3124 3214 3362 3288 pessime
3407 3217 3665 3273 allectum
3707 3227 3875 3270 sanare

2305 3302 2412 3342 non
2439 3298 2642 3358 posset,
2673 3301 2849 3343 cutem
2884 3298 3066 3343 tamen
3095 3290 3167 3343 ita
3204 3289 3413 3345 induxit
3440 3331 3454 3351 ,
3490 3303 3551 3343 ut
3584 3291 3767 3345 leviter
3807 3288 3875 3339 in-

2306 3362 2699 3428 Spectantibus,
2722 3361 2865 3414 nulla
2893 3360 2960 3415 de
2981 3359 3195 3416 interno
3215 3363 3435 3416 vulnere
3456 3361 3696 3430 suspicio
3722 3359 3873 3430 orire-

2309 3440 2416 3484 tur.
2435 3432 2648 3486 Priores
2674 3443 2851 3486 autem
2878 3432 3142 3487 editiones
3173 3434 3241 3485 ita
3272 3428 3705 3499 repraeScntant:
3735 3428 3876 3484 Simi-

2305 3502 2369 3576 lis
2394 3511 2466 3557 est
2488 3514 2534 3556 et
2558 3520 2691 3573 aqua
2738 3520 2915 3576 quain_
2934 3520 3035 3576 non
3072 3506 3287 3575 legimus
3317 3504 3369 3557 in
3394 3507 3553 3576 cujus
3574 3519 3718 3576 aquie
3756 3501 3879 3563 iniii-

2303 3575 2407 3638 ria,
2438 3583 2542 3629 etc.
2577 3572 2643 3630 ex
2670 3572 2864 3644 quibus
2893 3572 3051 3629 facile
3074 3572 3177 3645 'est
3217 3572 3531 3640 restituere,
3563 3573 3703 3644 quod
3731 3582 3778 3626 et
3807 3583 3879 3623 re-

2304 3646 2470 3715 quirit
2522 3648 2812 3713 sententia,
2858 3655 2913 3699 et
2955 3646 3022 3700 ab
3059 3645 3258 3715 Optato
3299 3647 3564 3713 scriptum
3610 3645 3767 3699 fuisse
3806 3654 3880 3695 res

2307 3717 2420 3791 ipsa
2468 3719 2665 3771 clamat
2692 3735 2704 3767 τ
2734 3718 2926 3791 similis
2945 3734 3113 3788 aqua,
3151 3720 3305 3791 cujus
3331 3733 3435 3771 non
3464 3718 3687 3785 legimus
3701 3725 3878 3784 genus;

2304 3788 2357 3841 in
2400 3793 2551 3856 cujus
2579 3805 2726 3859 aqua:
2762 3789 2984 3854 incuria,
3014 3801 3119 3844 etc.
3151 3788 3397 3843 Al'linitas
3437 3797 3532 3844 τοῦ
3564 3802 3735 3859 genus
3774 3796 3880 3859 cum

2303 3860 2508 3933 ultimis
2538 3856 2892 3933 prmcedentis
2921 3859 3068 3915 vocis
3096 3859 3317 3933 syllabis
3343 3901 3356 3924 ,
3402 3856 3613 3927 causa,
3644 3868 3703 3913 ut
3738 3856 3878 3933 $938!.

2304 3930 2422 4000 ejus
2462 3927 2740 3986 omittendi
2789 3933 2916 3997 fuit;
2967 3947 3074 4001 quo
3125 3927 3294 3987 semel
3341 3933 3553 3985 omisso
3579 3973 3594 3995 ,
3628 3940 3684 4001 ut
3720 3927 3880 4001 aliqua

2307 3999 2484 4057 tamen
2508 4003 2798 4064 sententia,
2824 4011 2935 4067 aut,
2953 3999 2997 4056 si
3022 4018 3129 4057 non
3143 4005 3435 4064 sententia,
3452 4004 3651 4057 saltem
3667 3999 3885 4054 latinitas

2304 4073 2719 4147 exprimeretur,
2752 4091 2848 4144 pro
2887 4076 3056 4147 cujus,
3106 4078 3300 4147 factum
3340 4090 3530 4144 quam;
3566 4084 3750 4147 postea
3777 4080 3885 4123 cum

2304 4143 2438 4197 illud
2470 4160 2570 4197 non
2603 4149 2883 4200 sententia:
2913 4143 3105 4200 obesse
3151 4143 3441 4206 videretur.
3475 4155 3537 4199 et
3567 4143 3882 4213 Qualiscumf

2304 4229 2409 4340 gite
2440 4218 2703 4271 sententia
2725 4259 2741 4284 ,
2771 4234 2930 4286 quam
2976 4216 3119 4270 nulla
3152 4218 3431 4287 placeret,
3461 4206 3634 4272 etiam
3674 4223 3732 4269 et
3774 4206 3887 4265 illud

2343 4301 2372 4339 e
2412 4287 2542 4340 sede
2589 4303 2684 4340 sua
2730 4288 3072 4340 deturbatum
3123 4299 3177 4340 et
3220 4290 3509 4340 exnulsum
3551 4296 3659 4340 est.
3685 4282 3765 4339 Ad
3788 4294 3887 4334 rem

2343 4301 2372 4339 e
2412 4287 2542 4343 sede
2589 4303 2684 4361 sua
2728 4282 3072 4361 deturbatum
3123 4282 3177 4342 ei
3220 4290 3509 4361 eitpulsum
3551 4296 3659 4342 est.
3685 4282 3765 4339 Ad
3784 4294 3887 4361 retu

2305 4358 2477 4427 ipsam
2502 4359 2645 4430 quod
2662 4361 2873 4425 attinet,
2890 4359 3068 4413 nescio
3084 4374 3151 4413 an
3184 4360 3256 4413 sit
3282 4352 3515 4428 alicujus
3541 4353 3800 4430 momenti
3819 4352 3890 4405 di-

2304 4442 2453 4508 cere,
2506 4428 2929 4508 ἀίιηέῃι-ἀρχὴγ
2959 4438 3079 4508 (τῶν
3129 4434 3332 4508 πάντων
3401 4430 3547 4508 apud
3611 4428 3888 4508 υἰρὲεῃρω

2305 4498 2488 4572 Laert.
2532 4498 3202 4572 θ’ΫΤΙιειὶθῐῐρὶιὶιοευρΙιο
3240 4502 3521 4562 constitui.
3555 4509 3653 4554 aut
3692 4498 3891 4572 illum“

2304 4570 2466 4626 chum
2491 4572 2558 4627 de
2585 4571 2721 4627 lside
2738 4583 2791 4627 et
2808 4568 3019 4627 Osiride
3040 4568 3488 4639 commemorare,
3515 4573 3685 4628 etiam
3713 4568 3895 4639 Home-

2305 4658 2423 4715 rum
2457 4643 2526 4698 ita
2557 4643 2851 4699 credidisse
2871 4654 2956 4711 ,et
2985 4656 3272 4715 utrumque
3292 4642 3573 4715 affirmare
3604 4657 3674 4699 et
3702 4638 3893 4708 Ᾱῐεῖρο

610 4704 711 4786 pri
739 4723 790 4765 c.
813 4709 886 4767 25
914 4730 927 4766 :
963 4704 1163 4768 Horum
1184 4704 1662 4784 autem'graicoritm
1684 4710 2199 4786 quinqueaerborum
2234 4776 2278 4786 _
2300 4712 2506 4770 tiorum
2557 4704 2895 4783 pltilosotibia
2942 4704 3203 4771 hausisse:
3270 4715 3344 4769 De
3391 4714 3626 4770 Thalete
3682 4704 3892 4766 testatur

626 4786 806 4862 Ιησοξς
829 4787 1071 4862 Χριστὸς.
1105 4793 1236 4862 Θιρῦ
1248 4776 1612 4862 ΥἱόςῖΑΣωτὴρ.
1641 4776 1778 4862 (1ιίοᾴ
1804 4776 1876 4862 έεὲ
1906 4782 2083 4862 ιαιὶζιρ,
2109 4781 2196 4838 ³⁸·

2310 4786 2471 4862 etiam
2518 4776 2859 4862 Atiibrosiits,
3021 4786 3300 4862 ridiculum
3346 4786 3480 4862 illud
3538 4792 3896 4862 (squamatum

612 4862 704 4933 sos
733 4851 1132 4946 CHRI'S’E'U‘S,REI
1162 4857 1361 4946 Eluas,
1386 4851 1695 4940 .Sauva'a'on,
1720 4852 1764 4907 si
1784 4855 1979 4936 primas
2008 4853 2205 4938 litteras

600 4927 833 5009 jungam.
844 4929 939 4981 erit
954 4928 1143 5009 ἰχθιξς,
1174 4927 1229 4979 id
1256 4938 1331 4981 est
1355 4927 1540 4995 piscis,
1563 4927 1617 5009 in
1638 4941 1738 4994 quo
1756 4927 1968 5009 nomine
1996 4927 2207 5049 mystice

609 4994 917 5069 intelligitur
960 4998 1231 5063 Christus,
1282 5014 1342 5053 eo
1404 4997 1543 5069 quod
1585 5011 1641 5069 in
1674 4997 1833 5069 hujus
1876 5007 2040 5052 morta
2066 5007 2205 5054 iiatis

610 5064 817 5136 abysso,
857 5069 992 5122 velut
1040 5069 1095 5122 in
1134 5085 1387 5136 aquarum
1417 5064 1764 5139 profonditate
1784 5066 1948 5135 vivus,
1983 5070 2079 5122 liae
2102 5083 2200 5135 est,

612 5138 725 5212 sine
773 5147 981 5212 peccato
1026 5155 1137 5212 esse
1163 5142 1388 5212 potuerit
1423 5159 1437 5197 :
1472 5138 1542 5196 ita
1590 5139 1792 5210 placuit
1835 5139 2104 5197 Africanis
2149 5142 2202 5196 in

616 5211 785 5262 verbo
816 5210 921 5264 isto
949 5210 1174 5265 ludere.‘
1191 5214 1266 5267 Du
1300 5213 1414 5268 PIN.
1692 5250 1697 5253 -

690 5275 1051 5354 (2))-ᾼΙιενοι
1079 5298 1273 5339 inuras.
1312 5282 1610 5339 Christiani
1654 5289 1784 5338 sunt
1827 5282 2027 5354 templa
2071 5282 2200 5351 Dei;

615 5348 917 5422 vos_facit_is
945 5353 1048 5408 alia
1077 5356 1299 5422 templa.
1331 5357 1557 5410 ALBASP.

691 5419 810 5494 (22)
849 5419 929 5479 De
945 5426 1097 5479 ruina
1113 5419 1453 5480 construitur.
1475 5423 1705 5480 Tertull.
1724 5422 2028 5495 :Quoniam
2052 5434 2099 5478 et
2123 5425 2209 5495 ip-

618 5506 734 5546 sisin
753 5508 886 5578 opus
904 5511 1083 5551 eorum
1112 5509 1217 5550 non
1237 5496 1302 5551 de
1321 5512 1414 5551 suo
1441 5496 1651 5566 praprio
1675 5494 1897 5578 cedi/icio
1918 5496 2052 5550 venit
2076 5537 2089 5559 ,
2120 5494 2212 5553 sed

621 5562 686 5635 de
702 5565 931 5623 unitatis
959 5566 1291 5624 distinctione
1329 5576 1509 5623 nostra
1535 5564 1824 5635 sulrodiunt
1848 5575 1907 5621 ut
1940 5582 2061 5623 suos
2084 5568 2212 5624 tedi-

622 5634 798 5704 ﬁcent.
828 5636 1062 5697 Anser.
1616 5634 1621 5635 ί

695 5704 812 5783 (25)
843 5708 1028 5783 ⁸(ἕειηιο
1053 5708 1155 5766 Dei
1174 5722 1254 5783 est
1272 5725 1375 5766 non
1397 5709 1583 5783 habere
1600 5724 1784 5783 genus.
1812 5707 2215 5783 Elegantissimi

625 5780 889 5840 acuminis
907 5795 1015 5856 est,
1046 5781 1191 5859 quod
1220 5782 1433 5843 acutius
1453 5780 1660 5843 dictum
1682 5780 1968 5855 ,quodqtie
2000 5797 2125 5841 cum
2153 5799 2215 5842 re

2310 4857 2502 4920 omnia,
2534 4867 2588 4911 ut
2618 4857 2850 4923 videtur,
2900 4858 3144 4912 alludens
3167 4858 3317 4912 initio
3346 4854 3604 4911 hexaem.
3661 4854 3768 4923 Qui
3791 4862 3894 4903 cum

2309 4942 2373 5000 ea:
2409 4943 2544 4997 aqua
2587 4940 2773 4983 nomen
2817 4921 3084 5000 acceperit,
3129 4946 3232 4983 non
3282 4928 3476 5000 putavit
3519 4937 3697 4981 tamen
3727 4921 3896 5000 diceti-

2309 4990 2482 5073 dum}
2512 5000 2683 5073 __qmid
2726 5016 2790 5054 ex
2830 4990 2965 5070 aqua
3008 4990 3299 5073 (οὶκίανωή
3338 4999 3515 5073 omnia
3540 5039 3558 5063 ,
3614 5006 3674 5073 ut
3726 4990 3895 5073 [Italis

2309 5069 2461 5144 dicit.
2512 5063 2646 5144 Illud
2692 5063 2887 5144 nostra:
2915 5072 3084 5144 magis
3124 5073 3327 5144 refert,
3374 5068 3701 5144 ct_0pt_ati,
3747 5063 3895 5144 fuisse

2308 5140 2480 5207 olim,
2511 5142 2602 5212 qui
2635 5141 2742 5197 tale
2766 5142 2893 5213 quid
2941 5139 3099 5211 quale
3146 5142 3358 5197 videtur
3408 5139 3497 5213 hic
3545 5142 3780 5210 Optatus
3826 5139 3897 5187 iu—

2309 5225 2516 5279 nuere,
2568 5227 2633 5268 ex
2689 5212 2978 5267 creationis
3040 5212 3265 5267 historia
3327 5212 3697 5280 colligerent;
3743 5215 3895 5280 aqu”

2313 5276 2552 5367 nempe,
2576 5282 3015 5367 "quod-earum
3047 5284 3337 5367 creationis
3382 5276 3691 5362 Scriptura:

2317 5354 2385 5409 tis
2409 5352 2530 5421 ,’ut
2576 5352 2653 5409 illi
2698 5353 3060 5423 colligebant,
3109 5356 3286 5426 verbis
3314 5396 3327 5420 ,
3366 5367 3471 5408 non
3503 5352 3891 5426 meminissent.

2314 5416 2432 5482 ante
2458 5428 2663 5492 omnia;
2703 5416 3113 5490 imo—aeternas,
3159 5424 3269 5480 Deo
3294 5416 3577 5479 coaeternus
3608 5417 3784 5494 fuisse.
3828 5416 3893 5469 De

2316 5498 2490 5568 primo
2514 5507 2668 5551 vetus
2683 5504 2903 5568 auctor,
2928 5498 3017 5568 qui
3043 5497 3227 5553 .lunilii
3258 5496 3469 5568 nomine
3489 5495 3889 5568 circumierim.

2317 5560 2371 5624 in
2399 5566 2650 5624 Genesim
2682 5560 3003 5626 Parisiensis
3044 5569 3177 5625 edit.
3208 5566 3378 5631 1556,
3426 5562 3530 5620 fol.
3564 5566 3634 5619 41
3667 5581 3681 5617 :
3734 5560 3895 5631 Neque

2316 5641 2456 5696 enim
2485 5655 2643 5712 aquas
2665 5639 2733 5712 ad
2757 5643 2932 5698 omnia
2952 5643 3094 5712 (lege
3124 5649 3241 5695 ante
3268 5630 3467 5712 omnia)
3504 5630 3895 5712 factuscredm

2319 5715 2401 5785 fas
2428 5706 2707 5785 estiQuod
2728 5716 2822 5768 etsi
2845 5713 2931 5771 hic
2960 5706 3229 5785 Sci-iptura
3253 5710 3422 5784 palatii
3443 5706 3556 5762 non
3588 5706 3736 5769 dicit,
3758 5714 3895 5785 cicaj

2325 5779 2411 5839 las
2441 5781 2653 5840 scilicet
2694 5795 2867 5854 atinas
2890 5803 3011 5848 esse
3032 5827 3049 5854 ,
3076 5779 3199 5843 cum
3224 5779 3277 5840 e't
3302 5790 3499 5837 caetera
3530 5785 3718 5833 creata
3743 5779 3890 5829 sunt;
