4152 6166
294 214 395 273 993

1070 217 1160 275 DE
1201 217 1590 277 SCHISMATE
1631 217 2165 281 DONATISTARUM
2206 222 2412 281 LIBER
2447 180 2779 280 τὲητιυε.

3513 232 3622 293 994

292 334 394 407 53
426 344 511 388 est
533 340 587 388 et
615 346 774 405 aqua,
803 346 962 403 quam
994 349 1101 390 non
1152 335 1385 406 legimus
1410 337 1800 411 factamﬂaa).
1831 339 1888 394 ιη
1916 347 1973 407 Α
1995 357 2077 395 mo
2107 341 2293 412 poterit
2321 338 2588 395 consolari
2612 352 2696 391 me
2714 336 2771 390 in
2796 334 3109 392 contritione
3133 339 3266 409 filiae
3293 344 3496 415 generis
3523 348 3626 403 mei

289 428 443 496 cujus
495 441 650 496 aquae
713 424 902 494 injuria
930 467 944 493 ,
1000 426 1207 483 indicat
1251 429 1395 485 Deus
1443 431 1715 502 lacrymas
1762 446 1890 487 suas

289 534 420 592 quas
448 534 544 576 vos
576 517 812 585 fecistis;
842 533 975 589 quas
1001 528 1232 577 testatur
1262 523 1408 578 nulla
1451 538 1614 594 posse
1645 524 1893 579 consola-

289 615 434 671 tione
458 611 688 678 siccari‘,
718 627 837 667 cum
865 611 932 666 ad
961 628 1057 668 vos
1087 629 1182 684 per
1213 614 1433 670 Esaiam
1466 615 1785 687 pr0phetam
1814 616 1893 673 lo-

290 706 489 779 quitur,
520 703 707 761 dicens
731 721 744 758 :
777 702 992 760 Missam
1014 722 1093 761 me
1115 707 1295 778 facite,
1323 723 1501 761 amare
1517 708 1730 779 plorabo
1757 726 1771 762 :
1804 725 1893 765 ne-

2002 433 2103 506 (fs.
2135 450 2270 500 xm,
2300 431 2381 507 4).
2418 433 2535 489 lfoc
2566 429 2691 486 loco
2721 427 3032 485 defenditur
3058 430 3373 491 innocentia
3406 449 3625 509 nosmt,

1998 525 2126 581 dum
2144 525 2288 582 Deus
2307 540 2432 581 cum
2450 523 2650 579 dolore
2675 520 3014 578 iracundiam
3033 523 3190 581 vobis
3208 525 3415 585 indicat
3435 545 3625 598 suam;

2001 616 2131 673 dum
2160 628 2215 674 et
2253 632 2476 673 causam
2507 612 2716 687 prodit,
2743 622 2801 669 et
2829 612 3097 672 rationem
3129 619 3375 677 ostendit
3398 620 3449 677 δ.
3503 621 3628 696 (26)

2005 708 2255 781 Denique
2284 725 2394 765 nou
2428 708 2485 765 in
2516 714 2634 764 tota
2660 701 2793 762 Sion
2824 715 2872 774 ο,
2916 706 3012 764 sed
3060 708 3115 765 in
3164 727 3270 768 una
3315 713 3440 787 ejus
3486 715 3632 773 vallo

1440 820 1826 879 LECTIONES
1869 821 2286 880 VARIAN'I‘ES.

351 915 378 944 ⁸
415 912 556 980 Hanc
578 925 750 980 vocem
763 912 1114 980 ~supplevimus
1140 928 1207 967 ex
1230 927 1334 980 .ms.
1368 915 1424 966 S.
1448 914 1508 966 G.
1533 928 1647 980 quae
1678 916 1826 967 deest
1848 918 1898 966 iu

291 989 408 1028 mss.
432 978 486 1027 S.
511 974 571 1026 Τ.
598 984 653 1027 et
673 976 731 1026 Ρ.
755 977 809 1027 S.

2064 912 2097 954 ι»
2130 916 2187 980 ιη
2209 930 2302 967 ms.
2328 916 2381 966 s.
2404 916 2463 980 'lj.
2487 926 2673 967 causas
2696 914 2863 980 prodit
2884 922 2930 969 et
2952 916 3237 980 traditiones
3258 922 3484 979 ostendit.

2071 981 2094 1010 ο
2131 978 2189 1029 lu
2210 992 2301 1030 ms.
2325 980 2381 1031 S.
2405 978 2467 1031 Τ.
2494 985 2551 1030 et
2577 980 2633 1030 in
2661 978 2826 1042 editis,
2847 991 2944 1031 non
2964 979 3033 1033 ait
3052 982 3106 1033 in
3126 978 3457 1040 Sion:minus
3476 990 3628 1043 bene.

1650 1081 2022 1141 VARIORUM
2045 1080 2278 1140 NOTAE.

296 1178 435 1237 unde
462 1189 649 1235 contra
679 1177 1036 1234 sentientibus
1073 1192 1134 1233 os
1170 1178 1411 1234 obturari
1463 1177 1670 1244 possit:
1698 1176 1891 1231 Palam

298 1262 460 1324 tamen
498 1250 794 1324 signiﬁcat,
829 1248 1063 1324 cumbas
1104 1267 1136 1303 a
1162 1246 1894 1324 Deo‘illustratas‘atqueuad

291 1323 490 1395 jussum
510 1320 1208 1395 ejus'ogdinatasinsinuet,
1255 1322 1466 1395 sicutct
1512 1320 1737 1395 psalmus
1766 1320 1894 1395 dicit

298 1390 464 1465 aperte
488 1435 504 1458 ,
529 1390 644 1465 etc.
690 1393 1089 1465 ldem_videtur
1116 1391 1345 1461 Optatus
1375 1393 1558 1447 dicere
1607 1391 1701 1446 lib.
1729 1408 1776 1445 vn
1805 1409 1829 1465 :7
1849 1390 1897 1445 Ο

298 1461 422 1534 aqua
448 1480 565 1534 qua:
588 1464 753 1518 dulcis
780 1480 812 1516 a
835 1461 945 1517 Deo
976 1474 1150 1534 creata
1172 1480 1225 1517 es
1255 1505 1270 1529 ,
1299 1480 1458 1532 super
1485 1480 1639 1531 quam
1665 1474 1784 1517 ante
1813 1464 1899 1528 ip—

299 1533 399 1589 sius
424 1533 647 1590 natalem
676 1535 853 1589 mundi
880 1545 1088 1589 sanctus
1103 1533 1332 1603 Spiritus
1356 1535 1634 1603 ferebatur,
1662 1545 1767 1589 etc.
1791 1534 1898 1591 Sed

300 1606 527 1662 fortasse
558 1621 660 1661 non
693 1604 835 1659 aliud
861 1622 927 1660 eo
957 1606 1078 1659 loco
1111 1606 1730 1675 voluitOptatus,quam
1756 1605 1897 1676 quod

301 1677 661 1733 Tertullianus
689 1677 757 1733 de
789 1678 1056 1748 baptismo
1086 1676 1181 1731 lib.
1213 1692 1270 1730 ιιι
1297 1718 1309 1736 .
1346 1676 1435 1730 ubi
1483 1678 1625 1731 inter
1662 1686 1855 1732 ctetcra
1882 1716 1897 1742 ,

302 1764 417 1819 qu:c
444 1750 497 1803 in
545 1748 730 1804 laudes
760 1764 1020 1819 aquarum
1068 1748 1537 1819 comminiscitur,
1583 1748 1743 1819 etiam
1775 1748 1901 1803 inde

304 1817 579 1887 celebrat,
603 1820 741 1890 quod
763 1825 857 1877 τοῦ
887 1818 1043 1873 chaos
1073 1817 1222 1872 illius
1260 1817 1404 1873 unde
1448 1819 1633 1873 mundi
1676 1818 1903 1889 digestus

1997 1178 2087 1232 da.
2118 1176 2233 1256 Etsi
2263 1177 2408 1256 enim
2429 1176 2729 1256 cum30eus
2755 1195 2916 1248 genus
2943 1199 3046 1238 non
3079 1182 3269 1256 habere
3293 1186 3515 1256 dicitur,
3545 1206 3627 1247 te-

2002 1256 2192 1303 ternus
2220 1249 2578 1319 intelligitur;
2627 1250 2761 1304 satis
2808 1262 2984 1308 tamen
3029 1255 3096 1309 ad
3143 1259 3443 1316 institutam
3471 1249 3626 1319 com-

2007 1320 2344 1401 parationem
2375 1361 2390 1384 ,
2435 1321 2480 1401 si
2523 1336 2700 1391 aquas
2737 1337 3078 1401 quocumque
3120 1329 3283 1384 modo
3318 1348 3477 1401 genus
3520 1351 3626 1389 non

2007 1392 2195 1485 habere
2214 1392 2407 1485 prcbct
2430 1391 2849 1485 Optiitcsl,_qticd
2868 1391 3253 1485 velniitapctest
3280 1391 3529 1485 intelligi,
3566 1414 3625 1459 ut

2007 1463 2462 1542 quemadmodum
2505 1462 2912 1542 Melchisedech
2940 1462 3139 1523 Christi
3190 1481 3349 1542 typus
3394 1462 3560 1530 fuisse
3585 1491 3618 1531 a

2006 1535 2195 1623 multis
2220 1534 2487 1623 creditur,
2520 1534 2811 1623 nonlqttod
2841 1553 3030 1623 revera
3323 1555 3371 1598 et
3403 1547 3622 1623 ἀμήτωρ

2009 1604 2209 1673 fuerit,
2241 1614 2299 1658 ut
2327 1615 2482 1684 antea
2508 1604 2832 1684 dicebamus
2850 1650 2864 1673 ,
2892 1610 3158 1684 sedquod
3186 1604 3303 1682 ejus
3331 1604 3621 1684 progenies

2008 1692 2116 1753 non
2145 1685 2396 1730 enarrata
2428 1677 2535 1753 sit;
2587 1678 2658 1731 ita
2690 1685 2746 1733 et
2772 1695 2923 1749 aqua:
2952 1677 3074 1737 ideo
3115 1677 3275 1753 genus
3301 1677 3403 1739 non
3429 1677 3619 1742 nabere

2008 1748 2297 1810 dicantur,
2350 1747 2492 1817 quod
2541 1764 2731 1803 earum
2777 1747 3068 1808 creationis
3114 1747 3307 1809 exerte
3346 1763 3403 1809 et
3446 1759 3622 1812 nomi-

2012 1817 2179 1873 natim
2208 1818 2642 1900 Sgripturannon
2665 1821 2970 1900 meminerit
2997 1838 3016 1876 :
3046 1826 3140 1900 _vel
3182 1827 3349 1900 itauut
3386 1826 3507 1881 ideo
3528 1846 3618 1900 ge-

305 1888 656 1962 postea,par’s
686 1892 792 1945 illae
824 1890 1044 1964 fuerint,
1082 1905 1182 1944 nec
1209 1905 1329 1959 pars
1365 1899 1608 1955 tantum,
1640 1888 1741 1944 sed
1768 1905 1904 1959 prre-
1934 1900 1983 1960 Β
2011 1906 2106 1943 nus
2129 1905 2235 1964 non
2250 1888 2437 1943 habere
2464 1889 2716 1945 dicantur
2743 1932 2758 1957 ,
2790 1892 2932 1962 quod
2978 1896 3166 1964 primre
3196 1895 3345 1951 illius
3376 1888 3617 1954 materne

305 1965 633 2019 stantissima
682 1978 806 2031 pars
849 1973 906 2016 et
950 1963 1062 2016 sola
1106 1972 1482 2032 consummata
1528 1971 1581 2015 et
1623 1964 1900 2032 perfecta:

310 2044 505 2089 terram
524 2035 669 2089 enim
694 2042 750 2088 et
774 2033 995 2098 ctelum,
1029 2042 1083 2085 et
1110 2032 1315 2103 reliqua
1338 2031 1517 2086 adhuc
1543 2031 1721 2087 omnia
1743 2032 1908 2087 infor-

308 2106 414 2160 mia
431 2116 484 2160 et
513 2105 710 2159 inculta
738 2103 943 2169 fuisse;
966 2103 1120 2174 aquis
1150 2116 1329 2157 autem
1354 2102 1491 2156 nihil
1511 2103 1767 2168 defuisse,
1801 2118 1909 2174 quo

310 2176 481 2246 magis
525 2188 848 2231 ornarentur
887 2182 983 2228 aut
1033 2174 1457 2243 perficerentur;
1500 2175 1593 2229 sed
1632 2176 1695 2246 in
1738 2175 1910 2244 primo

311 2245 605 2303 creationis
634 2257 776 2302 statu
802 2246 1191 2317 permansisse.
1239 2245 1314 2300 Ita
1349 2246 1591 2315 intelligo
1619 2245 1870 2314 Optatum
1891 2287 1906 2311 ,

312 2333 436 2373 cum
456 2318 532 2372 ait
548 2333 717 2389 aquas
740 2329 859 2372 ante
885 2317 1049 2389 ipsius
1081 2317 1508 2389 natalemmundi
1536 2318 1831 2379 exstitisse,
1855 2327 1913 2371 ut

314 2391 535 2443 mundus
563 2388 653 2445 hic
683 2390 912 2460 preprie
930 2388 1119 2460 κόσμος
1159 2389 1250 2453 sit,
1275 2388 1390 2443 sive
1418 2388 1649 2460 mundus
1671 2389 1913 2457 digestus

315 2470 371 2516 et
398 2471 619 2531 ornatus
640 2502 654 2524 ,
698 2458 839 2530 quad
871 2458 1235 2531 Tertullianus
1274 2458 1455 2512 mundi
1494 2470 1785 2531 suggestum
1813 2474 1911 2528 ap-

315 2532 499 2600 pellat.
524 2529 666 2586 Ante
690 2529 833 2585 hunc
863 2530 1045 2584 mundi
1074 2541 1416 2600 suggestum,
1449 2529 1626 2599 neque
1656 2530 1910 2595 mundus,

312 2617 490 2674 neque
517 2604 715 2674 κόσμος
744 2602 960 2672 proprie
990 2601 1146 2674 :Ased
1178 2615 1387 2674 merum
1413 2600 1601 2674 caho_s,
1631 2601 1814 2674 rudis,
1834 2603 1914 2654 in-

314 2670 631 2743 digestaque
673 2670 883 2735 moles,
924 2682 983 2725 ut
1011 2671 1177 2726 Poeta
1217 2671 1493 2743 loquitur.
1534 2670 1704 2741 Aquae
1750 2672 1915 2741 igitur

315 2741 765 2807 an‘temdndum;
800 2758 900 2797 nec
935 2752 1115 2797 tamen
1154 2742 1426 2797 increatae.
1469 2741 1758 2813 Aliquanto
1800 2744 1916 2811 plus

316 2813 647 2871 difficultatis
678 2814 733 2869 in
760 2815 861 2869 hoc
886 2815 1058 2868 altero
1085 2814 1264 2881 Optati
1297 2814 1437 2878 loco,
1469 2816 1749 2883 quodcum
1769 2830 1916 2868 com-

318 2887 655 2957 parationem
684 2886 780 2941 Dei
811 2895 866 2939 et
895 2901 1070 2956 aquae,
1095 2885 1159 2938 ad
1188 2885 1596 2957 genusguidcm
1625 2885 1764 2954 quod
1792 2886 1914 2939 atii.

317 2953 432 3020 itet,
457 2958 727 3012 subtiliter
754 2953 1008 3021 instituit,
1035 2953 1335 3011 (sterilitatis
1358 2953 1458 3009 Dei
1487 2955 1614 3009 dum
1647 2953 1913 3020 meminit,

317 3038 578 3082 aeternam
610 3042 826 3098 quoque
856 3027 974 3082 sive
1004 3038 1310 3098 coaeternam
1352 3041 1545 3094 aquam
1574 3026 1655 3098 ab
1700 3042 1764 3081 eo
1790 3042 1916 3082 con.

318 3098 495 3163 stitni,
520 3096 813 3169 propositte
839 3097 1258 3169 comparationis
1276 3096 1714 3169 ratinrequirere
1736 3098 1919 3153 videa-

321 3180 429 3225 tur.
479 3167 631 3224 Nam
658 3180 715 3224 et
761 3168 892 3222 illud
936 3184 1001 3223 ex
1034 3168 1146 3238 ipsa
1174 3168 1340 3223 Mosis
1379 3167 1601 3224 historia
1646 3169 1916 3237 quondam

318 3239 489 3297 fuisse
513 3241 606 3311 qui
630 3238 975 3311 colligerent,
993 3241 1125 3295 satis
1166 3240 1339 3294 innuit
1366 3238 1697 3308 Augustinus
1722 3256 1737 3305 ;
1764 3241 1918 3308 cujus

320 3314 484 3367 verba
501 3310 641 3381 quod
661 3323 898 3364 nosuam
914 3312 1304 3381 correctionem
1328 3312 1561 3381 maxime
1576 3311 1916 3373 confirment,

321 3378 632 3452 subjiciam,
665 3381 911 3437 Confess.
945 3380 1037 3435 lib.
1066 3397 1139 3435 xu
1163 3422 1179 3448 ,
1213 3397 1262 3435 c.
1291 3381 1401 3434 22:
1463 3378 1615 3452 Unde
1642 3384 1685 3434 si
1721 3382 1920 3444 aliquid

324 3450 535 3509 Genesis
564 3455 724 3507 tacuit
757 3452 922 3507 Deum
945 3453 1145 3520 fecisse,
1177 3452 1314 3520 quod
1343 3462 1508 3506 tamen
1533 3450 1699 3505 Deum
1717 3455 1919 3522 fecisse,

322 3542 418 3579 nec
447 3542 573 3579 sana
600 3525 728 3592 ﬁdes
759 3539 852 3576 nec
894 3535 1062 3577 certus
1088 3523 1298 3594 ambigit
1330 3523 1656 3591 intellectas;
1689 3539 1779 3577 nec
1806 3523 1922 3578 ideo

321 3597 440 3650 ulla
465 3598 635 3649 sobria
658 3594 894 3649 doctrina
920 3594 1088 3648 dicere
1125 3593 1351 3660 audebit,
1374 3594 1500 3647 istas
1526 3611 1684 3662 aquas
1715 3607 1924 3649 coaeter-

322 3683 419 3720 nas
446 3666 551 3721 Deo
575 3708 590 3731 ,
635 3667 757 3736 quia
782 3667 836 3719 in
866 3667 955 3719 lib.
989 3664 1238 3720 Geneseos
1268 3677 1691 3720 commemoratas
1718 3665 1923 3735 quidem

322 3738 641 3802 audiuimus,
673 3737 758 3790 ubi
786 3746 958 3791 autem
999 3739 1151 3807 facta:
1175 3749 1291 3790 sunt
1322 3753 1425 3790 non
1459 3736 1747 3790 invenimus
1771 3754 1789 3791 :
1833 3753 1923 3790 cur

324 3825 429 3863 non
460 3810 731 3880 informem
753 3824 951 3880 quoque
977 3809 1122 3862 illam
1159 3809 1595 3880 materiam,etc.
1639 3807 1752 3862 Hoc
1782 3808 1923 3862 idem

323 3876 629 3936 Eucherius
660 3876 1036 3950 Lugdunensis
1061 3880 1346 3948 episcoiius
1375 3876 1570 3950 (fidem
1597 3893 1794 3950 sequor
1823 3894 1922 3933 an-

327 3951 686 4021 tiquissimze,
733 3948 797 4005 ac
838 3952 1079 4005 omnium
1125 3950 1312 4020 primae
1352 3948 1647 4021 editionis)
1678 3948 1925 4004 ’difficill.

324 4033 520 4091 (ιιιωδι.
574 4024 626 4076 ἱη
652 4022 904 4078 Genesim
938 4038 991 4090 q.
1024 4023 1058 4077 5
1084 4063 1099 4088 ,
1147 4021 1244 4076 sed
1291 4021 1470 4077 verbis
1512 4031 1619 4075 tam
1652 4023 1925 4088 exuressis

324 4104 384 4148 et
408 4092 670 4163 appositis
690 4133 707 4160 ,
742 4104 795 4146 ut
823 4093 1108 4147 clariorem
1135 4092 1355 4147 aliunde
1390 4092 1563 4163 lucem
1598 4093 1720 4163 huic
1747 4092 1927 4161 Optati

324 4162 455 4220 loco
485 4162 736 4220 temerari
762 4164 981 4218 minime
1005 4177 1226 4218 necesse
1246 4166 1353 4232 psit.
1402 4162 1480 4216 Ita
1509 4164 1667 4232 igitur
1692 4162 1802 4227 ille,
1833 4178 1929 4216 an-

326 4235 651 4303 tiquissima:
680 4235 824 4290 illius
853 4233 1106 4298 editionis
1130 4232 1166 4286 f.
1185 4231 1479 4303 25quuus
1507 4231 1590 4287 ubi
1612 4235 1849 4303 legimus,
1871 4236 1929 4291 τὸ

323 4307 573 4378 legimus,
602 4316 655 4378 ut
686 4315 743 4362 et
773 4304 1330 4378 proximitmlectionis
1346 4303 1630 4378 diligenter
1651 4303 1929 4378 observari

326 4374 519 4444 velim,
551 4394 584 4430 a
604 4376 717 4431 Deo
747 4380 910 4460 factas
934 4375 959 4428 ?
987 4374 1097 4460 βιξὶ
1115 4378 1391 4460 factaseas
1416 4374 1471 4428 in
1502 4376 1713 4430 exordio
1733 4384 1927 4456 creatu-

325 4466 513 4505 rarum
539 4465 640 4503 non
682 4445 937 4502 euidenter
964 4445 1150 4500 divina:
1176 4445 1410 4517 lectionis
1430 4455 1602 4517 textus
1640 4447 1928 4517 expressit,

326 4538 366 4574 α
398 4518 508 4573 Deo
528 4528 695 4573 tamen
722 4518 872 4589 facta:
899 4526 1037 4581 sunt,
1080 4527 1184 4572 etc.
1232 4515 1371 4589 Quid
1396 4514 1443 4570 si
1487 4517 1650 4589 igitur
1675 4514 1730 4573 et
1757 4517 1945 4586 Opta:

329 4602 423 4647 tus
450 4587 730 4660 scripserit
750 4589 915 4659 (quod
940 4599 1117 4644 tamen
1135 4603 1200 4642 eo
1203 4588 1385 4713 dplane
1414 4587 1631 4659 redibit)
1657 4604 1811 4655 quam
1831 4603 1934 4640 non

329 4663 551 4713 leaimus
576 4679 606 4713 a
632 4660 743 4713 Deo
776 4659 1004 4713 factum?
1032 4659 1181 4713 llaud
1244 4657 1425 4713 ubium
1455 4666 1635 4713 autem
1665 4670 1934 4713 postrema

326 4659 606 4733 legimusa
632 4660 743 4715 Deo
773 4659 1004 4732 factum?
1032 4659 1181 4713 llaud

328 4730 518 4802 Optati
551 4734 713 4788 verba
745 4730 782 4797 ,V
807 4746 1157 4802 quiecumque
1187 4732 1385 4784 fuerint
1408 4769 1423 4794 ,
1472 4730 1615 4799 quod
1663 4730 1934 4785 horridior

328 4801 530 4861 eet-um
570 4803 838 4859 sententia
868 4801 1142 4857 videretur
1168 4842 1182 4866 ,
1223 4802 1292 4856 ab
1330 4801 1513 4871 aliquo
1556 4816 1709 4856 erasa
1756 4811 1810 4856 et
1840 4815 1934 4855 ex-

379 4884 538 4929 uncta
565 4891 706 4931 esse.
737 4873 894 4941 Quod
921 4888 1065 4942 stupe
1094 4874 1147 4926 in
1175 4871 1431 4928 Veterum
1461 4872 1677 4943 scriptis
1709 4872 1931 4943 accidit.

379 4891 538 4929 uneta
565 4891 706 4931 esse.
737 4891 894 4941 uuoa
921 4891 1065 4942 stupe
1096 4891 1147 4926 ιη
1184 4891 1431 4928 veterum
1461 4891 1677 4943 SCI‘IplIS
1709 4891 1931 4928 accidit.

330 4891 452 5003 ἕω
480 4961 598 5001 cum
629 4948 771 5000 hanc
798 4960 913 4999 rem
943 4958 1047 4999 non
1077 4943 1165 4997 hic
1190 4958 1256 4998 ex
1300 4943 1574 5013 proposito
1612 4952 1803 4998 tractet
1829 4941 1936 5013 Op-

332 5027 488 5073 tatus
513 5059 527 5082 ,
556 5015 972 5074 condonandmn
1002 5015 1118 5085 ipse
1146 5023 1230 5070 est
1251 5054 1267 5081 ,
1309 5014 1356 5068 si
1377 5012 1624 5070 δουλεύων
1653 5016 1896 5072 ὑποθέσει
1917 5055 1933 5082 ,

332 5088 522 5145 minus
567 5101 727 5145 caute
768 5089 978 5141 locutus
1018 5088 1132 5152 sit;
1176 5085 1629 5156 quemadmodum
1676 5098 1729 5141 et
1770 5089 1936 5140 multa

333 5159 474 5226 alia,
504 5162 584 5215 vel
605 5164 657 5216 in
678 5157 899 5229 optimis
927 5155 1311 5228 Seriptoribus,
1341 5155 1480 5211 haud
1509 5156 1726 5211 ferenda
1760 5166 1938 5229 tamen

336 5230 626 5300 alioquin,
676 5226 948 5285 interdum
1004 5226 1298 5283 toleramus
1328 5236 1381 5282 et
1409 5241 1751 5300 excusemus.
1804 5226 1938 5281 Nam

335 5297 496 5359 recte
523 5297 695 5373 ipsum
722 5301 962 5373 sensisse
986 5341 1001 5365 ,
1043 5314 1169 5373 cum
1200 5313 1450 5373 nemo‘eo
1474 5297 1942 5373 noniinc__hetero-

280 5372 299 5390 ⁸
336 5368 642 5429 00χίεῶἮῆ
667 5373 846 5427 dicam
876 5368 1410 5442 impegerit,_notatis
1439 5380 1617 5442 tamen
1645 5368 1779 5442 illis,
1811 5378 1865 5442 et
1888 5371 1939 5423 in

335 5460 571 5501 sensum
622 5438 1126 5498 hmreticoruin'ab
1169 5438 1469 5511 Augustino
1519 5439 1588 5495 de
1645 5439 1941 5495 haeresibus

334 5531 395 5572 c.
429 5518 500 5572 75
522 5557 537 5580 ,
583 5526 641 5570 et
669 5514 788 5568 aliis
828 5512 1009 5567 relatis
1048 5512 1139 5582 qui
1172 5513 1273 5582 hoc
1301 5511 1444 5566 idem
1474 5525 1641 5581 aquas
1690 5526 1885 5581 nempe
1911 5528 1942 5565 a

335 5586 457 5645 Deo
475 5603 583 5641 non
606 5600 714 5639 esse
735 5593 950 5648 creatas,
969 5580 1077 5640 sed
1093 5584 1194 5651 ipsi
1216 5580 1327 5636 Deo
1349 5593 1626 5636 cowternas
1643 5598 1772 5647 esse,
1794 5580 1940 5637 asse-

334 5663 564 5723 rebant,
596 5654 715 5727 quis
744 5657 961 5710 omnino
987 5663 1163 5725 potest
1188 5654 1472 5727 dubitare?
1494 5653 1600 5709 Sed
1628 5668 1808 5727 neque
1825 5669 1939 5705 0m-

334 5732 436 5790 nia
456 5730 514 5787 in
536 5722 627 5785 his
638 5722 1129 5799 comparationibus
1153 5725 1315 5785 nimis
1337 5738 1551 5784 morose
1572 5735 1699 5782 sunt
1716 5722 1944 5795 exigen-

2010 1977 2079 2015 ex
2107 1961 2275 2015 nihilo
2303 1967 2521 2035 creatze,
2549 1976 2614 2016 es
2648 1977 2752 2031 qua
2780 1961 3353 2035 extera'quaacumque
3384 1965 3613 2024 formata

2010 2042 2157 2107 sunt,
2175 2045 2316 2107 pars
2344 2030 2580 2107 fuerint;
2621 2030 2680 2086 ut
2710 2034 2871 2089 modo
2896 2051 2960 2089 ex
2992 2030 3330 2107 Tertulliano
3355 2047 3413 2094 et
3437 2040 3611 2096 altero

2010 2102 2189 2178 Ορωιί
2214 2105 2329 2158 loco
2355 2103 2795 2169 disserebamus;
2838 2102 3193 2178 quascumque
3221 2118 3402 2164 autem
3438 2125 3503 2165 ex
3533 2111 3615 2166 ni-

2012 2175 2124 2229 hilo
2153 2183 2335 2251 creata
2366 2184 2514 2251 sunt,
2556 2190 2719 2251 genus
2748 2192 2850 2251 n_on
2878 2176 3063 2251 habere
3090 2175 3120 2240 ,⁷
3148 2188 3296 2251 recte
3338 2179 3443 2236 dici
3490 2196 3616 2251 pos;

2013 2258 2186 2321 sun_t._
2214 2244 2392 2299 Etiam
2438 2244 2571 2321 illud
2620 2246 2853 2321 monebo
2909 2247 3170 2304 lectorem
3198 2244 3612 2321 elegantiarum

2013 2316 2188 2389 Latini
2220 2315 2488 2389 sermonis
2515 2330 2622 2369 non
2656 2318 2985 2372 incuriosum
3008 2357 3026 2386 ,
3063 2320 3206 2389 quod
3232 2315 3463 2388 Op'tatus
3492 2339 3615 2389 pro-

2015 2388 2175 2442 ximis
2205 2387 2386 2440 verbis
2413 2401 2562 2458 aqua:
2591 2396 2839 2454 repetat,
2883 2402 3006 2443 eum
3036 2387 3334 2458 pronomen
3365 2387 3616 2448 sufficere

2014 2458 2252 2528 potuerit
2283 2457 2424 2527 (quae
2454 2456 2787 2528 Hieronymo
2812 2456 3046 2526 alicubi,
3076 2462 3169 2516 sed
3201 2462 3474 2518 immerito
3507 2464 3618 2518 liu-

2015 2527 2183 2602 flnutn
2230 2527 2534 2602 incessendi
2584 2527 2807 2602 materia
2840 2530 3018 2602 fuit):
3073 2531 3124 2585 id
3155 2532 3408 2602 Optatum
3464 2549 3616 2591 more

2016 2613 2116 2655 suo
2139 2600 2334 2663 facere,
2364 2598 2629 2652 ethabere
2655 2600 2736 2653 sui
2768 2601 2934 2654 moris
2955 2598 3265 2668 auctorem,
3290 2614 3346 2658 et
3373 2615 3617 2661 asserto-

2018 2687 2132 2726 rem
2176 2669 2687 2739 locupletissimum,
2739 2671 3089 2740 eloquentiae,
3129 2685 3183 2728 et
3212 2676 3389 2729 omnis
3419 2675 3614 2731 huma-

2020 2743 2188 2815 nioris
2218 2740 2531 2815 litteraturae
2556 2781 2569 2803 ,
2606 2742 2749 2815 inter
2777 2740 2998 2815 Latinos
3030 2743 3187 2799 facile
3214 2745 3509 2815 principem
3541 2746 3612 2803 ll.

2018 2813 2083 2891 Ἰξ.
2113 2811 2556 2891 (Σίαποιιειηηῐιτι
2580 2812 2744 2891 paulo
2769 2824 2923 2869 ante:
2955 2813 3195 2891 ﬁctvistis
3211 2811 3473 2891 singulare
3489 2818 3621 2891 bap-

2022 2886 2287 2961 tisma,_ex
2315 2899 2415 2951 quo
2452 2882 2756 2961 baptismatc
2780 2925 2793 2947 ,
2822 2893 2926 2939 etc.
2957 2884 3049 2939 lib.
3083 2902 3120 2940 ιι
3146 2902 3161 2939 :
3197 2882 3361 2955 Que'm
3384 2882 3621 2961 precibus

2019 2956 2239 3028 rogast
2270 2955 2524 3028 utrevcrti
2556 2955 2958 3028 possetis‘tquas
2980 2972 3190 3028 preces,
3209 2967 3316 3013 etc.
3343 2955 3398 3014 et
3421 2962 3619 3015 eodem

2023 3024 2117 3080 lib.
2140 3024 2470 3078 :Pestilentia
2502 3026 2637 3078 enim
2659 3024 2846 3079 morbis
2866 3024 3143 3082 exstinctos
3170 3026 3404 3083 homines
3431 3032 3502 3084 ad
3530 3031 3617 3085 in-

2021 3098 2159 3168 feros
2185 3096 2361 3149 mittit.
2413 3094 2514 3162 Qui
2540 3097 2696 3165 inferi
2722 3107 2894 3168 portas
2927 3115 3048 3152 suas
3074 3100 3260 3154 habere
3298 3110 3581 3156 noscuntur
3601 3139 3619 3168 ,

2023 3166 2215 3242 contra
2232 3175 2582 3242 quasuportas,
2610 3179 2716 3220 etc.
2748 3166 3031 3242 Quomodo
3060 3170 3131 3225 ita
3169 3184 3315 3242 saepe
3341 3166 3619 3242 loquitur,

2022 3252 2083 3313 ut
2110 3238 2287 3313 potius
2316 3236 2613 3313 affectasse,
2634 3252 2794 3307 quam
2823 3236 3395 3313 imitatusessev'ideri
3416 3236 3619 3313 possit.

2023 3309 2201 3380 Atque
2234 3307 2337 3380 hoc
2381 3317 2440 3362 ut
2467 3308 2551 3380 hic
2597 3323 2895 3376 monerem,
2926 3325 2992 3366 eo
3036 3310 3291 3368 libentius
3324 3328 3355 3368 a
3383 3307 3472 3369 me
3512 3312 3626 3368 fac-

2025 3378 2161 3454 tum,
2192 3379 2334 3454 qucd
2360 3394 2483 3454 eum
2510 3378 2613 3454 hoc
2643 3384 2760 3450 ipso
2784 3380 2901 3435 loco
2929 3382 3129 3452 aliquid
3158 3385 3411 3454 supplere
3434 3398 3626 3440 neces-

2023 3448 2227 3508 sarium
2260 3448 2456 3514 fuerit,
2489 3448 2767 3504 minimum
2802 3460 2979 3507 tamen
3009 3448 3130 3508 esse
3158 3448 3299 3521 qubd
3331 3454 3538 3522 deerat,
3555 3469 3623 3510 ex

2023 3524 2139 3593 ipsa
2170 3523 2457 3577 verborum
2479 3524 2629 3596 serie
2661 3531 2715 3596 et
2742 3522 3069 3596 proprietate
3100 3524 3386 3581 locutioitis
3410 3565 3426 3590 ,
3458 3540 3623 3596 quam

2024 3606 2171 3649 amat
2197 3596 2441 3667 Optatus,
2476 3593 2647 3647 lector
2675 3593 3040 3667 intelligeret;
3080 3606 3243 3667 atque
3269 3612 3333 3651 ex
3365 3593 3624 3667 illaquo-

2026 3680 2132 3734 que
2178 3664 2505 3735 conjectura;
2545 3675 2746 3735 nostra;
2794 3664 3008 3734 aliquod
3054 3664 3268 3735 pondus
3313 3664 3622 3723 accederet.

2026 3733 2133 3791 Sed
2162 3750 2262 3789 nec
2293 3733 2422 3788 illud
2449 3733 2824 3799 dissimulabo,
2850 3735 2901 3788 in
2930 3733 3099 3805 prima
3120 3737 3360 3792 omnium
3386 3737 3627 3795 editione

2027 3807 2370 3882 Cochlmana,
2400 3805 2546 3882 hunc
2574 3805 2750 3859 locum
2782 3807 2850 3859 ita
2880 3806 3064 3882 scribi,
3093 3809 3284 3882 similis
3302 3818 3448 3865 estet
3469 3827 3624 3882 aqua,

2027 3892 2181 3953 quam
2210 3878 2363 3953 modc
2391 3876 2606 3947 legimus
2629 3917 2643 3937 ,
2677 3886 2784 3931 etc.
2804 3917 2818 3941 ,
2866 3878 3021 3953 quod
3055 3889 3215 3934 erunt
3260 3879 3493 3953 fortasse
3514 3876 3629 3953 ’qui

2028 3947 2220 4003 malint
2248 3947 2501 4014 retinere,
2535 3954 2814 4020 utnetnpe
2835 3949 2894 4003 τὸ
2924 3947 3158 4020 legimus,
3183 3966 3289 4006 non
3308 3951 3372 4007 ad
3399 3947 3632 4009 creatio-

2030 4020 2117 4074 nis
2159 4019 2438 4090 historiam
2461 4060 2476 4083 ,
2519 4017 2614 4073 sed
2642 4018 2709 4073 ad
2736 4017 3018 4090 Propheta:
3061 4017 3227 4077 verba
3265 4023 3427 4079 modo
3465 4026 3629 4079 citata

2031 4090 2315 4163 pertineat.
2346 4088 2649 4163 Utcumque
2699 4088 2867 4163 leges,
2897 4091 3039 4148 idem
3069 4100 3249 4163 tamen
3278 4096 3382 4149 erit
3410 4109 3629 4151 sensus.

2032 4158 2141 4234 Sed
2170 4161 2299 4234 mihi
2328 4158 2515 4234 durius
2543 4158 2645 4214 hoc
2688 4158 2903 4217 videtur
2929 4203 2947 4234 ,ν
2995 4172 3055 4217 ιιι
3083 4162 3313 4234 Optatus
3360 4165 3535 4226 ἁπλῶς
3574 4173 3633 4221 et

2031 4231 2302 4307 absoltite",
2333 4232 2671 4307 Deo_a:t_ernc
2697 4241 2747 4286 et
2780 4233 3046 4307 ingenito,
3077 4231 3246 4304 aquas
3264 4249 3630 4307 cotitparave-

2032 4305 2121 4359 rit.
2148 4301 2227 4354 Μ.
2260 4300 2480 4356 Casaub.
2507 4300 2787 4356 Restitutus
2807 4300 2879 4357 est
2900 4302 2983 4357 hic
3003 4300 3146 4359 locus
3166 4321 3231 4360 ea:
3254 4303 3308 4358 Μ
3316 4304 3377 4363 8.

2108 4371 2223 4450 (25)
2251 4372 2453 4450 Similis
2480 4381 2557 4450 cst
2584 4380 2633 4426 et
2653 4390 2820 4450 cqua,
2851 4375 3382 4450 quamnnon‘legimus
3415 4381 3628 4449 factam.

2032 4442 2150 4517 Non
2175 4445 2368 4517 legitur
2394 4445 2445 4498 in
2468 4442 2691 4517 Genesi,
2716 4442 3092 4517 aqua'condita
3114 4442 3256 4502 sicut
3282 4442 3502 4517 caetera,
3533 4450 3633 4507 sed

2035 4518 2104 4571 ab
2137 4515 2291 4571 initio
2315 4514 2607 4570 creatiunis
2628 4514 2864 4571 dicitur:
2896 4528 2945 4572 et
2981 4516 3212 4589 Spiritus
3242 4518 3339 4574 Dei
3376 4514 3634 4594 ferebatur

2035 4603 2198 4659 super
2214 4603 2393 4659 aquas.
2423 4601 2491 4641 nu
2521 4600 2628 4640 rm.

1244 4657 1425 4713 ubium
1455 4656 1635 4714 autem
1665 4670 1935 4731 postrema
1960 4657 2015 4718 D
2078 4656 2228 4731 X26)
2248 4657 2500 4731 Denique,
2527 4673 2630 4711 non
2649 4658 2723 4731 ait
2747 4658 2802 4713 in
2824 4656 2975 4715 Sion.
2995 4657 3270 4716 Prolixum
3299 4661 3473 4717 Esaia:
3502 4660 3637 4717 Pro-

2041 4729 2215 4803 pheta;
2238 4729 2420 4803 locum
2451 4739 2644 4803 contra
2687 4730 2994 4803 Donatistas
3026 4731 3334 4800 prolaturus
3361 4731 3592 4803 Optatus
3614 4774 3631 4803 ,

2040 4799 2120 4876 ne
2139 4799 2268 4854 nihil
2300 4801 2481 4876 dicere
2505 4799 2801 4876 videretur,
2833 4799 3064 4876 probato
3088 4803 3320 4876 primum
3353 4799 3446 4876 per
3464 4799 3633 4874 ﬁliani
3668 4829 3677 4841 ο

2040 4873 2121 4926 sui
2143 4872 2380 4946 generis,
2422 4886 2617 4946 aqtiam
2648 4872 2814 4946 aDeo
2844 4872 3109 4946 intelligi,
3158 4874 3332 4946 pergit
3354 4872 3539 4944 'porro
3581 4887 3638 4933 et

2040 4942 2284 5016 ostendit
2304 4942 2456 4996 illum
2485 4941 2635 5016 Sion,
2661 4944 2751 5014 qui
2777 4941 3496 5016 utsubjectutn'pro'pou'itur
3513 4946 3640 5005 huic

2044 5012 2581 5088 propheti_ae,_noi_i_de
2603 5012 2875 5088 corporali
2902 5014 2985 5087 (ut
3009 5012 3244 5088 loquitur
3272 5012 3407 5088 ipse)
3431 5031 3637 5087 monte,

2044 5083 2298 5155 peculiari
2327 5083 2416 5161 ilﬂla
2438 5084 2604 5148 Sion,
2637 5099 2756 5161 quae
2780 5083 2997 5161 fuerat;
3029 5083 3125 5141 sed
3150 5085 3225 5161 de
3243 5083 3491 5161 spiritali,
3517 5083 3640 5161 quae

2045 5154 2171 5210 tunc
2197 5162 2316 5209 erat
2343 5154 2497 5227 Sion,
2527 5160 2633 5209 tota
2662 5156 2916 5227 nimirum
2941 5166 3101 5227 atque
3140 5154 3424 5215 universali
3452 5154 3642 5217 Eccle-

2042 5227 2122 5281 sia
2142 5225 2518 5300 accipiendmn
2546 5239 2689 5280 esse.
2739 5224 2930 5300 Versio
2970 5224 3074 5297 qna
3105 5242 3236 5300 usus
3260 5240 3344 5287 est
3370 5230 3596 5300 Optatus
3621 5273 3639 5299 ,

2042 5312 2108 5354 ex
2130 5295 2337 5353 Graecis
2358 5310 2616 5368 expressa
2644 5305 2781 5364 erat,
2809 5298 2899 5368 qui
2927 5295 3068 5368 quod
3101 5299 3152 5354 in
3179 5301 3345 5358 Hebr.
3373 5295 3503 5355 onus
3530 5295 3643 5358 val;

2044 5368 2116 5448 lis.
2138 5368 2365 5448 ιξίδίοιῑέςι
2396 5365 2749 5448 {adductum
2771 5365 3147 5448 τδ’δραὲιρι.τῆς
3193 5375 3455 5448 riemes
3478 5376 3599 5429 Σιὼν
3624 5415 3641 5448 ε

2051 5438 2195 5494 Visio
2221 5439 2370 5494 uallis
2389 5438 2586 5494 Sionis.
2618 5436 2890 5496 Caeterum
2914 5436 3168 5497 celebrata
3186 5436 3415 5499 subaudi
3439 5447 3540 5497 ista
3562 5436 3642 5499 vel

2039 5510 2239 5581 judicia
2271 5520 2325 5565 ut
2364 5525 2503 5575 mox,
2533 5509 2619 5564 ubi
2647 5512 2790 5566 nulla
2826 5513 2892 5567 lis
2927 5514 3107 5569 audita
3138 5524 3235 5582 est,
3267 5531 3359 5568 nec
3383 5512 3446 5567 ab
3465 5514 3646 5580 aliquo

2047 5582 2354 5637 celebratum
2372 5582 2652 5654 judicium,
2680 5592 2784 5638 etc.
2809 5587 3198 5654 atqueiterum
3245 5584 3336 5639 lib.
3363 5598 3436 5639 vn
3460 5597 3479 5635 :
3518 5583 3645 5636 nul-

2049 5654 2155 5725 lunt
2175 5655 2434 5725 judicium
2455 5653 2762 5708 celebratum
2787 5653 2995 5722 est,’sed
3010 5655 3275 5710 sententiae
3294 5660 3548 5725 _operatus
3568 5664 3652 5710 est

2048 5721 2280 5793 effectus.
2312 5724 2425 5785 Nisi
2451 5725 2683 5784 fortasse
2701 5741 2803 5798 pro
2827 5721 2949 5785 sunt
2972 5725 3265 5797 scripserat
3282 5721 3509 5798 opum
3528 5737 3655 5786 mt-
