4152 6166
325 290 434 352 D97

1119 284 1207 342 DE
1247 280 1641 343 SCHISMATE
1681 277 2226 343 DONATISTARUM
2270 282 2476 344 LIBER
2512 287 2833 345 TERTIUS.

3549 293 3653 350 008

319 411 456 462 sunt
486 408 658 473 porta:
685 412 822 472 quas
850 398 1043 473 diligat
1070 400 1213 456 Deus
1238 417 1254 469 ;
1305 400 1401 456 sed
1431 400 1482 453 in
1515 406 1698 454 monte
1739 396 1930 453 Eccle-
1966 403 2007 463 Α
2042 414 2268 454 vacanea
2288 418 2307 455 :
2335 419 2657 476 unaquaeque
2683 403 2862 457 civitas
2902 403 3103 473 repleta
3132 416 3204 461 est
3233 406 3664 480 vociferantium:

319 498 421 552 sim
448 537 463 563 ,
492 493 587 566 qui
619 492 938 562 Spiritaliter
966 492 1287 563 appellatur.
1327 491 1492 561 Cujus
1518 489 1776 547 Ecclesiae
1810 504 1937 560 por-

321 600 409 646 tas
442 587 726 643 introeunt
752 586 1097 654 innocentes,
1130 585 1292 656 iusti,
1320 583 1736 648 misericordes,
1766 585 1938 640 conti-

319 693 544 749 nentes,
579 692 631 737 et
658 678 897 750 virgines
924 694 938 733 :
971 693 1105 751 quas
1137 688 1322 750 portas
1350 688 1736 735 commemorat
1770 677 1941 748 Spiri-

322 786 415 830 tus
442 781 661 829 sanctus
688 785 783 843 per
816 770 986 826 David
1018 772 1070 827 in
1104 770 1315 842 psalmo
1342 786 1541 826 Lxxxw
1563 812 1577 836 ,
1609 771 1737 826 dum
1764 769 1897 827 dicit
1922 789 1935 825 :

321 863 695 921 Fundamenta
722 863 839 928 eius
864 863 920 917 in
951 862 1209 918 montibus
1235 865 1426 918 sanctis
1444 905 1459 929 ,
1490 862 1662 932 diligit
1686 861 1941 918 Dominus

323 968 510 1032 portas
532 958 681 1014 Sion.
722 954 845 1011 Non
880 956 1025 1011 illius
1050 956 1355 1027 corporalis
1403 957 1603 1011 montis
1630 997 1644 1021 ,
1701 956 1792 1012 ubi
1825 956 1939 1028 jam

327 1052 505 1108 nulla:
532 1056 656 1106 sunt
687 1055 897 1119 portae;
949 1057 1004 1104 et
1048 1055 1169 1119 post
1191 1049 1445 1104 victorias
1477 1046 1798 1119 Vespasiani
1837 1049 1942 1103 im-

328 1143 600 1218 peratoris
628 1143 715 1198 vix
742 1136 1091 1212 antiquarum
1122 1148 1336 1196 exstant
1365 1140 1589 1209 vestigia
1635 1141 1939 1195 ruinarum.

326 1238 429 1296 Est
455 1251 589 1309 ergo
617 1234 875 1307 spiritalis
900 1234 1033 1291 Sion
1068 1234 1330 1301 Ecclesia,
1354 1233 1410 1288 in
1438 1248 1543 1305 qua
1570 1247 1600 1288 a
1628 1233 1743 1289 Deo
1776 1233 1942 1289 Patre

327 1346 429 1387 rex
457 1328 784 1386 constitutus
811 1334 899 1383 est
923 1323 1215 1393 Christus;
1256 1339 1379 1397 qua:
1417 1334 1502 1381 est
1551 1325 1605 1380 in
1650 1330 1768 1379 toto
1811 1325 1947 1380 orbe

328 1433 601 1480 terrarum
626 1461 641 1488 ,
691 1422 743 1476 in
794 1433 901 1491 quo
924 1429 1009 1475 est
1039 1435 1142 1475 una
1170 1417 1414 1475 Ecclesia
1471 1416 1765 1476 catholica.
1812 1417 1947 1473 Nam

327 1516 470 1573 Sion
501 1513 796 1570 Ecclesium
825 1526 949 1568 esse
976 1521 1031 1568 et
1064 1511 1172 1568 alio
1219 1512 1342 1567 loco
1369 1510 1747 1566 sanctissimus
1780 1510 1948 1566 David

327 1605 606 1679 Propheta
639 1611 885 1672 testatur,
910 1602 1101 1659 dicens
1125 1618 1141 1657 :
1165 1601 1351 1658 Lauda
1375 1600 1547 1656 Deum
1577 1609 1743 1666 tuum,
1778 1601 1910 1658 Sion
1930 1641 1947 1670 ,

331 1702 423 1772 qui
448 1701 758 1772 confortavit
778 1712 923 1757 seras
952 1707 1223 1770 portarum
1252 1709 1468 1752 tuarum
1492 1739 1506 1763 ,
1537 1695 1793 1751 benedixit
1823 1697 1950 1765 ﬁliis

334 1796 443 1851 tuis
468 1796 524 1849 in
552 1803 601 1848 te
624 1792 744 1863 (Ps.
770 1806 969 1857 cum,
1012 1793 1038 1848 1
1070 1802 1116 1847 et
1139 1790 1222 1862 2).
1256 1791 1371 1862 (50)
1417 1789 1528 1846 Per
1554 1789 1795 1860 singulas
1825 1803 1951 1859 pro-

2041 491 2305 545 vulnerati
2326 496 2421 562 tui,
2447 513 2549 549 non
2581 496 2843 549 vulnerati
2871 494 3082 566 gladio;
3109 506 3157 550 et
3180 500 3369 553 mortui
3389 504 3443 555 in
3469 510 3536 568 te,
3565 517 3668 556 non

2043 582 2239 636 mortui
2258 584 2312 638 in
2341 584 2510 641 bello:
2538 588 2593 641 in
2631 600 2806 641 errore
2832 596 2951 641 sunt
2980 605 3010 640 (ι
3038 588 3250 643 minimo
3272 607 3438 664 usque
3464 593 3533 647 ad
3559 610 3673 649 ma-

2042 675 2244 731 ximum
2270 694 2282 729 :
2313 686 2546 735 errantes
2576 679 2633 733 in
2662 678 2924 732 montibus
2952 694 3126 735 omnes
3172 684 3433 755 principes
3472 687 3585 753 tui,
3618 686 3675 742 in

2044 770 2229 840 fugam
2254 773 2488 828 conversi
2509 782 2631 828 sunt
2653 789 2673 826 :
2705 778 2753 826 et
2767 756 2860 841 qui
2882 774 3020 842 capti
3043 784 3181 841 sinit,
3206 778 3428 848 graviter
3446 778 3674 852 alligati,

2047 870 2095 917 et
2125 863 2367 933 fortiores
2395 867 2469 920 tui
2515 868 2675 937 longe
2712 864 2878 935 fugati
2924 877 3061 921 sunt.
3113 864 3335 925 Missum
3361 887 3441 927 me
3483 873 3673 945 facite,

2047 968 2227 1009 amare
2253 956 2511 1025 plorabo:
2538 972 2697 1012 nemo
2741 972 2821 1011 me
2865 960 3050 1025 poterit
3095 965 3356 1019 consolari
3386 967 3441 1020 in
3485 967 3681 1021 contri-

2049 1047 2190 1102 tione
2218 1048 2348 1117 ﬁliw
2372 1051 2576 1121 generis
2603 1048 2709 1103 mei
2725 1063 2747 1114 ;
2773 1058 2820 1102 et
2848 1050 3123 1106 ascendent
3151 1053 3399 1112 Elamita:
3413 1074 3528 1112 cum
3546 1056 3681 1131 pha-

2048 1139 2200 1195 retris
2228 1155 2247 1194 :
2293 1140 2568 1213 (Elamita:
2599 1139 2723 1214 (52)
2754 1139 2943 1197 Latina
2991 1144 3168 1215 lingua
3218 1145 3473 1203 dicuntur
3520 1149 3679 1206 chori

2050 1243 2357 1290 castrorum
2385 1235 2500 1306 (55)
2525 1236 2545 1307 )
2574 1251 2590 1301 ;
2623 1242 2685 1290 et
2726 1243 2949 1291 secutus
3000 1245 3084 1293 est
3110 1238 3336 1296 dicens:
3373 1238 3682 1299 Penetratia

2051 1337 2217 1381 vestra
2231 1325 2531 1398 deferentur
2563 1325 2595 1364 ἀ
2627 1326 2703 1380 ad
2736 1326 2998 1399 publicum
3023 1369 3038 1394 ,
3067 1339 3113 1385 et
3142 1342 3337 1387 secreta
3375 1333 3559 1389 domus
3589 1333 3677 1391 1s—

2051 1419 2161 1472 rael
2184 1419 2537 1474 nudabuntur.
2590 1420 2714 1474 lloc
2744 1419 2799 1473 in
2834 1417 3010 1477 Africa
3038 1420 3240 1479 factum
3273 1433 3393 1493 est,
3423 1432 3480 1481 et
3508 1432 3680 1485 totum

2053 1508 2159 1580 hoc
2211 1526 2381 1580 uitare
2419 1521 2443 1549 θ
2491 1511 2696 1567 factum
2730 1511 2839 1581 est)
2868 1512 3117 1569 indicavit
3152 1514 3297 1572 Deus
3322 1558 3339 1585 ,
3367 1517 3496 1573 dum
3524 1520 3682 1578 vobis

2054 1603 2286 1674 imputat
2318 1603 2504 1660 dicens
2534 1619 2547 1657 :
2586 1603 2854 1671 Quoniam
2884 1608 3208 1662 convertistis
3238 1625 3425 1675 aquam
3455 1612 3683 1683 antiquae

2055 1694 2272 1767 piscinis
2294 1696 2364 1750 ad
2403 1697 2665 1751 civitatem
2687 1706 2912 1750 vestram
2928 1739 2944 1764 ,
2977 1708 3024 1753 et
3052 1700 3312 1765 defecistis
3338 1716 3512 1757 muros
3541 1702 3676 1759 Hie-

1981 1802 2028 1865 Β
2056 1789 2305 1855 rusalem,
2339 1799 2394 1844 ut
2421 1789 2660 1857 faceretis
2690 1790 2911 1845 alteram
2942 1794 3300 1861 munitionem,
3329 1804 3378 1850 et
3408 1796 3679 1852 constitui—

335 1888 546 1943 vincias
575 1887 740 1941 totius
789 1887 975 1951 orbis,
1023 1883 1195 1941 valles
1241 1891 1269 1921 τι
1305 1883 1557 1954 singulas
1600 1882 1956 1953 intelligimus
2024 1883 2119 1937 stis
2161 1899 2350 1952 aquam
2381 1883 2519 1936 inter
2545 1881 2680 1935 duas
2705 1884 3053 1951 munitiones,
3083 1895 3131 1939 et
3174 1886 3243 1939 ad
3264 1886 3518 1959 piscinam
3542 1890 3680 1942 anti-

333 1980 579 2037 montis:
611 1988 667 2035 et
685 1978 812 2035 dum
841 1993 947 2035 non
972 1979 1027 2034 in
1055 1987 1169 2034 toto
1200 1987 1387 2033 monte
1416 1976 1570 2033 videt
1598 1976 1784 2031 Esaias
1807 2017 1823 2043 ,
1852 1977 1947 2032 sed

337 2076 398 2131 in
432 2089 538 2130 una
565 2073 702 2129 valle
725 2112 742 2140 ,
771 2073 875 2130 hoc
900 2081 1005 2142 est,
1035 2072 1149 2128 sola
1186 2069 1369 2126 Africa
1396 2088 1409 2123 :
1462 2070 1515 2125 in
1553 2084 1656 2141 qua
1686 2070 1801 2125 sola
1826 2083 1950 2124 cum

337 2165 863 2235 sufﬁcerenttempla
893 2165 986 2221 Dei
1010 2178 1132 2234 qum
1160 2161 1267 2233 55
1314 2163 1574 2229 fuerant,
1620 2161 1723 2215 alia
1772 2160 1955 2216 facere

340 2259 633 2315 voluerunt
656 2257 928 2329 principes
965 2256 1131 2313 vestri
1160 2273 1174 2310 :
1218 2257 1271 2311 in
1300 2269 1412 2326 qua
1442 2255 1557 2310 sola
1591 2252 1708 2326 (51)
1754 2253 1954 2323 dejecti

341 2360 473 2409 sunt
501 2353 660 2417 muri,
689 2360 745 2407 et
773 2360 831 2407 ut
860 2352 1054 2408 tierent
1079 2350 1241 2417 muri,
1273 2336 1413 2419 aqua
1438 2356 1642 2404 sancta:
1670 2348 1890 2418 piscinae
1920 2347 1950 2388 ι)

344 2451 655 2501 transversa
680 2453 767 2500 est
788 2482 804 2508 ,
852 2454 907 2499 et
935 2443 1146 2499 novitas
1171 2452 1360 2497 contra
1389 2440 1774 2510 antiquitatem
1804 2456 1832 2494 a
1858 2455 1954 2496 vo-

341 2535 433 2594 bis
457 2535 701 2592 instituta
729 2545 833 2601 est.
865 2545 922 2592 et
945 2550 1082 2607 aqua
1115 2533 1350 2590 humana
1378 2542 1574 2589 contra
1596 2532 1836 2588 divinam
1864 2547 1956 2588 or-

341 2631 527 2689 dinata
553 2641 637 2688 est
662 2642 708 2684 ο.
752 2630 865 2686 Hoc
890 2639 1065 2686 totum
1089 2629 1232 2685 Deus
1260 2628 1316 2683 in
1345 2627 1544 2682 vallem
1576 2631 1777 2682 montis
1796 2625 1953 2693 Sion,

343 2733 403 2782 et
432 2725 728 2795 interrogat
750 2733 806 2779 et
832 2723 1097 2792 increpat,
1126 2720 1353 2776 dicens:
1391 2716 1460 2774 Ut
1482 2718 1609 2789 quid
1638 2717 1735 2773 hoc
1756 2721 1955 2791 factum

345 2815 627 2879 est'vobis?
673 2815 788 2871 ideo
811 2854 827 2885 ,
859 2815 1107 2887 quoniam
1143 2810 1454 2868 ascendistis
1475 2809 1531 2864 in
1558 2810 1750 2881 templa
1774 2826 1955 2882 super-

2051 1990 2205 2047 quam
2230 1976 2493 2031 attendere
2513 1974 2780 2043 noluistis,
2816 1992 2907 2032 nec
2934 1979 3002 2033 ad
3020 1994 3154 2047 eum,
3176 1980 3263 2051 qui
3288 1980 3353 2035 ab
3370 1982 3520 2037 initio
3536 1999 3678 2039 crea-

2052 2068 2124 2121 vit
2147 2067 2292 2122 illam
2318 2064 2420 2140 (ls.
2444 2081 2578 2131 xm.
2606 2068 2628 2121 l
2660 2075 2708 2121 et
2726 2067 2885 2140 seq.).

2132 2158 2216 2215 ιιι.
2259 2160 2455 2215 Donati
2494 2161 2761 2232 superbia.
2794 2191 2868 2204 -
2903 2162 3023 2219 Jam
3055 2163 3230 2230 vides,
3260 2164 3431 2221 frater
3459 2167 3681 2223 Parme-

2062 2250 2226 2309 niane
2252 2291 2268 2318 ,
2302 2252 2369 2307 ad
2400 2266 2499 2307 vos
2545 2253 2863 2311 redundare
2888 2255 3071 2311 omnia
3092 2293 3108 2321 ,
3152 2270 3181 2310 a
3213 2272 3442 2326 quorum
3474 2259 3679 2329 princi-

2063 2345 2226 2415 pibus
2275 2344 2467 2399 harum
2519 2359 2706 2400 rerum
2751 2346 2996 2401 omnium
3045 2348 3311 2404 seminata
3360 2359 3447 2405 est
3488 2364 3674 2407 causa.

2063 2440 2271 2495 Deinde
2319 2439 2393 2502 ad,
2444 2439 2711 2494 Donatum
2756 2441 3286 2511 Carthaginiensem,
3343 2441 3463 2515 (34)
3518 2446 3676 2515 cujus

2062 2530 2327 2587 veneﬁcio
2360 2526 2380 2568 ί
2412 2527 2529 2603 (55)
2559 2529 2775 2586 videtur
2808 2532 3043 2587 unitatis
3068 2534 3348 2603 negotium
3380 2547 3503 2589 esse
3528 2548 3680 2590 como

2062 2633 2290 2679 motum.
2322 2623 2378 2679 In
2409 2638 2516 2693 quo
2542 2623 2830 2681 ostendam
2864 2629 3148 2695 operarios
3177 2627 3298 2698 ejus
3327 2643 3436 2684 non
3466 2644 3564 2700 pro
3585 2642 3679 2685 vo.

2061 2717 2272 2771 lnntate
2286 2723 2493 2783 nostra,
2511 2728 2612 2772 nec
2628 2730 2726 2772 sua
2751 2717 2960 2773 malitia
2973 2718 3176 2789 aliquid
3199 2719 3410 2787 iecisse,
3436 2723 3530 2777 sed
3546 2737 3675 2792 pro-

2064 2808 2386 2864 vocantibus
2407 2815 2572 2880 atque
2602 2809 3016 2880 impellentibus
3044 2812 3228 2868 causis
3258 2820 3312 2869 et
3337 2814 3584 2885 personis
3612 2824 3663 2885 ιι,

1601 2942 1989 3002 LECTIONES
2030 2940 2451 3001 VARIANTES.

379 3063 958 3178 ligslgfeﬁlztépggevimus
990 3077 1053 3117 ex
1090 3076 1180 3115 ms.
1206 3063 1257 3114 S.
1295 3061 1354 3114 G.
1397 3074 1509 3125 qua:
1541 3060 1718 3112 omissa
1756 3070 1868 3113 sunt
1904 3065 1956 3113 in

346 3141 461 3181 atus
483 3141 535 3178 et
559 3142 605 3176 In
627 3141 787 3178 editis.

409 3191 440 3232 b
474 3190 533 3253 In
556 3202 670 3240 mss.
690 3191 747 3253 S.
768 3188 829 3240 Τ.
853 3197 904 3239 et
926 3190 985 3239 P.
1012 3189 1066 3241 S.
1088 3200 1218 3253 aqua
1234 3191 1401 3253 sancta
1423 3191 1470 3235 et
1492 3182 1698 3253 piscina.

416 3256 439 3285 ο
611 3251 941 3316 supplevimus
964 3265 1030 3303 ex
1056 3247 1150 3301 ms.
1191 3252 1244 3302 S.
1270 3249 1332 3301 G.
1358 3259 1471 3312 quae
1491 3247 1673 3299 desunt
1696 3248 1746 3298 in
1768 3247 1877 3299 aliis
1902 3254 1955 3300 et
1981 3267 2028 3330 ρ

346 3317 403 3367 in
427 3316 595 3370 editis.

2129 3057 2159 3099 ἀ
2192 3058 2247 3123 in
2266 3073 2355 3109 ms.
2382 3059 2433 3109 S.
2460 3056 2519 3109 G.
2544 3057 2873 3123 proferetuur.

2117 3126 2159 3195 ,ξ
2195 3121 2333 3171 Hanc
2354 3134 2539 3195 “vocem
2564 3121 2903 3195 supplevimus
2936 3138 2998 3195 ex
3038 3140 3126 3177 ms.
3155 3122 3206 3195 S.
3229 3127 3288 3181 G.
3323 3132 3462 3195 cujus
3497 3132 3603 3184 loco
3625 3136 3677 3186 in

2064 3184 2177 3248 aliis
2195 3185 2447 3248 reperitur
2470 3183 2521 3248 i_n
2544 3183 2756 3248 ᾼβλὶεςι,Δ
2772 3199 2835 3235 ex
2863 3188 3229 3242 inadvertentia
3248 3183 3579 3248 amariuensis.

2134 3245 2155 3284 ί
2194 3244 2360 3295 Iunis.
2389 3245 2450 3308 S._
2470 3244 2528 3295 G.
2554 3244 2802 3308 beneﬁCio.

2128 3311 2157 3351 κ
2190 3308 2296 3357 Hoc
2314 3306 2591 3372 suppletum
2615 3306 2680 3359 ei
2698 3321 2790 3360 ms.
2815 3309 2870 3363 S.
2897 3310 2955 3363 (ἰ.

1712 3416 2077 3477 VARIORUM
2116 3414 2351 3473 NOTAE.

427 3518 545 3589 (30)
580 3516 683 3575 Per
705 3517 938 3589 singulas
965 3516 1290 3589 provincias,
1321 3513 1704 3589 etc.ASingnlas
1741 3510 1963 3583 provin-

352 3586 469 3648 cias
493 3586 650 3645 totius
677 3586 844 3654 orbis,
868 3586 1152 3657 prr'valles
1175 3587 1414 3656 singulas
1437 3586 1788 3656 intelligimus
1804 3601 1959 3640 mon-

353 3665 429 3719 tis
451 3702 467 3728 ,
500 3662 663 3719 voluit
686 3663 912 3732 Optatns
940 3660 1123 3732 procul
1155 3659 1362 3732 dubio,
1411 3667 1466 3711 et
1501 3659 1797 3724 scripserat
1847 3657 1958 3711 lor-

355 3743 524 3798 lasso,
548 3734 648 3788 nisi
680 3729 798 3802 pro,
824 3744 913 3801 per
944 3729 959 3797 ,
987 3731 1140 3802 malit
1168 3729 1361 3799 aliquis
1389 3738 1635 3802 pristerea
1663 3742 1951 3802 reponere.

355 3803 539 3873 Pergit
564 3798 703 3861 enim
747 3805 799 3857 in
825 3798 1200 3872 explicatione
1247 3807 1341 3873 aut
1375 3798 1736 3873 applicatione
1776 3798 1955 3873 potius

356 3871 639 3931 verborum
665 3874 971 3944 Prophetas,
999 3887 1121 3942 quae
1149 3886 1271 3944 mox
1297 3871 1669 3938 descripturus
1690 3879 1773 3923 est
1802 3880 1857 3924 ct
1883 3871 1952 3924 ad

358 3946 661 4016 Donatistae
683 3943 955 4016 pertinere
985 3943 1283 4016 contendit.
1316 3954 1627 4016 incastos.

435 4016 548 4088 (5i)
576 4010 771 4089 Dejecti
807 4015 943 4089 muri
970 4024 1023 4069 ut
1040 4013 1228 4089 ﬁerent
1255 4014 1428 4089 muri._
1447 4010 1871 4089 Dejectilitleles
1899 4022 1955 4089 et

360 4082 675 4157 rebaptiaaii
713 4096 771 4142 ut
815 4086 1003 4157 ﬁdeles
1034 4082 1226 4157 tierent
1255 4102 1268 4138 :
1312 4094 1370 4139 ut
1398 4083 1595 4139 ﬁerent
1619 4082 1954 4151 Christiani,

360 4154 623 4216 factisnnt
644 4175 749 4214 non
771 4156 1083 4213 Christiani.
1113 4154 1341 4211 Amer.

436 4228 549 4300 (59)
578 4228 816 4300 Elamita:
835 4228 1015 4298 lingua
1034 4228 1213 4289 latina,
1228 4226 1566 4300 etc.Frust_ru
1589 4239 1650 4300 se
1669 4225 1959 4300 quisquam

362 4294 632 4369 torqueat,
665 4310 719 4354 ut
747 4294 930 4355 chorei
959 4308 1247 4352 castrorum
1274 4299 1411 4369 ,fvel
1438 4296 1643 4366 aliquid
1693 4294 1859 4351 aliine
1887 4314 1956 4352 ex

363 4368 591 4428 Elamita
632 4370 889 4427 cxtundat
918 4379 972 4423 et
1002 4369 1204 4423 eliciat.
1251 4368 1437 4423 Minori
1468 4382 1635 4436 opera
1665 4369 1839 4420 ausim
1864 4369 1966 4422 eli-

362 4458 494 4498 cere
513 4457 703 4512 aquam
725 4459 790 4496 ex
822 4441 1057 4511 pumice.
1082 4438 1224 4512 Quid
1253 4448 1434 4494 autem
1462 4438 1594 4491 illud
1625 4437 1965 4512 fuerit,qno(i

364 4528 465 4569 eos
493 4509 781 4581 deceperit.
811 4509 902 4582 Qui
938 4511 1091 4577 primi
1122 4510 1193 4564 ita
1221 4518 1350 4582 sunt
1370 4509 1717 4582 interpretati
1737 4548 1754 4570 ,
1788 4510 1831 4562 si
1861 4528 1964 4562 no-

362 4585 454 4640 bis
482 4580 729 4639 hariolari
755 4580 843 4637 i'as'
862 4590 968 4646 est,
996 4596 1098 4651 ego
1122 4622 1136 4645 ,
1180 4580 1276 4636 sed
1331 4592 1584 4648 tanquam
1613 4580 1853 4645 divinus,
1888 4583 1960 4634 ita

364 4656 836 4733 censempa‘ntico
856 4649 1064 4733 tlantic.
1088 4669 1139 4733 c_.
1163 4667 1259 4719 vn,
1275 4667 1417 4708 vers.
1444 4668 1484 4714 ι.
1501 4652 1571 4705 ita
1586 4651 1815 4733 “legitur,
1838 4655 1971 4733 quid.
1998 4649 2054 4709 D

364 4724 557 4781 vidrbis
582 4727 636 4781 in
661 4724 928 4781 Sunavnite
951 4723 1048 4778 nisi
1074 4724 1256 4779 choros
1276 4724 1608 4777 castrorum?
1634 4725 1684 4776 in
1719 4724 1968 4791 margine

367 4806 555 4852 notata
601 4807 688 4852 est
727 4795 939 4850 diversa
973 4794 1133 4850 lectio
1182 4794 1470 4861 Sulamite,
1500 4809 1621 4863 qua:
1651 4791 1962 4848 Graecorum

367 4876 432 4925 et
467 4868 643 4922 verior
671 4867 929 4933 scriptura
952 4875 1043 4936 est
1063 4905 1077 4931 ,
1109 4876 1167 4920 ut
1206 4881 1325 4936 qua:
1351 4879 1417 4921 ex
1447 4871 1736 4935 prototypo
1767 4864 1836 4919 sit
1865 4880 1967 4919 cx-

368 4953 582 5007 pressa.
604 4936 738 4993 Cum
767 4937 924 5007 igitur
944 4935 1047 5007 ista
1072 4935 1237 4991 verba
1257 4935 1438 4990 choros
1464 4947 1775 4996 castrorum,
1813 4952 1971 5001 pere-

369 5006 563 5081 grinae,
595 5024 717 5079 quae
759 5006 1068 5063 immediate
1098 5007 1436 5081 praecedebat
1457 5049 1482 5081 ,Α
1521 5007 1966 5081 vocisintcrpre—

373 5076 637 5134 iationem
686 5093 810 5134 esse
838 5086 1078 5151 putasset
1103 5076 1329 5151 Optatus
1358 5078 1486 5151 (nisi
1518 5079 1639 5148 quis
1660 5076 1857 5151 Optato
1885 5093 1965 5133 te-

371 5151 555 5221 quior,
578 5145 855 5221 glosscmi
874 5147 1028 5221 malit
1053 5145 1220 5218 esse),
1252 5145 1434 5221 postea
1456 5145 1714 5221 tne—moria
1748 5159 1976 5221 prouter

378 5218 700 5276 afﬁnitatem
728 5235 920 5274 vocum
957 5220 1159 5287 lapsus,
1193 5218 1335 5287 quod
1357 5219 1426 5275 de
1447 5234 1579 5273 voce
1602 5218 1858 5274 Sulamite
1886 5222 1964 5274 Ie-

372 5302 554 5363 gerat,
582 5304 673 5347 aut
701 5292 900 5360 legisse
921 5305 981 5345 se
1029 5288 1163 5363 falso
1192 5290 1443 5363 putabat,
1473 5288 1667 5363 chorus
1687 5299 1979 5363 castrorum

372 5359 575 5430 netnpe
625 5359 929 5432 signiﬁcare
960 5396 978 5427 ,
1040 5361 1090 5415 id
1140 5361 1207 5432 ad
1256 5359 1535 5416 Elmm'lam
1566 5359 1752 5428 majori
1785 5375 1975 5417 errore

375 5431 685 5490 transtulit.
730 5431 802 5487 ita
849 5447 950 5502 ego
998 5431 1260 5501 conjicio;
1317 5446 1536 5500 paratus
1579 5432 1895 5502 amplectit
1925 5433 1975 5488 si

372 5504 503 5576 quis
527 5504 671 5574 quod
700 5504 868 5574 magis
889 5501 1101 5560 certum
1139 5503 1247 5571 sit,
1291 5503 1494 5573 aliquid
1521 5501 1734 5559 afferat.
1768 5501 1837 5557 Μ.
1871 5501 1978 5558 CA-

372 5588 536 5632 “UB.

456 5642 862 5718 (53)__Ij3lamitte
879 5643 1070 5718 Latina
1098 5645 1278 5718 lingua
1307 5644 1553 5718 dicuntur
1582 5640 1728 5718 chori
1778 5653 1977 5718 castro-

376 5714 523 5772 rum.
554 5714 775 5771 Videtur
797 5716 1038 5772 alludere
1067 5714 1135 5771 ad
1162 5715 1278 5770 haec
1300 5714 1464 5770 verba
1491 5716 1649 5769 Cant.
1682 5715 1889 5771 Canite.
1921 5732 1974 5770 e.

382 5801 488 5860 vn,
519 5802 574 5845 ν.
606 5802 646 5855 t,
678 5786 731 5843 in
764 5787 927 5845 llcbr.
953 5804 1001 5844 c.
1038 5803 1116 5855 v1,
1137 5801 1188 5842 ν.
1233 5788 1333 5842 ult.
1363 5786 1503 5853 Quid
1519 5786 1711 5845 videbis
1732 5776 1787 5843 in
1813 5786 1977 5844 Sala-

2068 3513 2192 3565 mite
2234 3511 2335 3564 nisi
2363 3510 2550 3565 choros
2586 3513 2919 3568 castrorum?
2967 3516 3221 3572 Attamen
3273 3532 3382 3574 non
3422 3519 3677 3578 existimo

2069 3599 2194 3639 cum
2244 3581 2596 3660 Casaubonn,
2647 3581 2900 3660 Optatum
2956 3587 3259 3660 Sulainitem
3309 3605 3406 3660 pro
3456 3592 3683 3650 Elamita

2066 3655 2350 3723 accepisse
2389 3672 2402 3709 :
2437 3654 2530 3709 sed
2568 3660 2743 3722 potius
2769 3657 3046 3723 derivasse
3088 3654 3431 3716 Elainitdrum
3478 3680 3677 3721 nomen

2064 3739 2097 3781 a
2111 3727 2334 3781 vocibus
2350 3725 2592 3780 liebrzeis
2604 3731 2700 3779 DD
2723 3731 2854 3782 nm
2876 3725 3027 3783 W70
3059 3727 3324 3785 Meltolath
3348 3731 3676 3791 Mahanaim.

2071 3798 2231 3851 Forte
2260 3796 2423 3850 etiam
2448 3795 2713 3850 derivavit
2743 3798 3084 3853 Elamitarnm
3109 3814 3304 3856 nomen
3329 3804 3397 3857 ab
3417 3805 3519 3857 alia
3544 3818 3681 3864 voce

2064 3867 2290 3948 ﬂebant
2319 3872 2472 3948 ειτγξτι
2511 3866 2723 3948 Aialim,
2748 3873 3150 3948 quteeatercjtns
3160 3886 3258 3928 seu
3306 3876 3487 3946 copias
3513 3874 3682 3948 signi-

2066 3940 2214 3995 ﬁcat.
2248 3938 2436 3995 Daniel
2459 3954 2531 4007 ιι,
2569 3954 2625 3993 v.
2656 3939 2725 3995 10
2750 3947 2807 3995 et
2835 3941 2983 3996 alibi.
3017 3942 3098 3998 Du
3121 3944 3239 4000 PIN.

2140 4028 2446 4113 (5i).Cuius
2490 4031 2752 4113 ueneﬁcio.
2786 4032 2976 4113 cujus
3000 4035 3224 4113 audacia
3254 4047 3305 4113 et
3334 4036 3675 4113 impudentia

2067 4102 2338 4158 Macarius
2367 4102 2633 4172 impulsus
2662 4110 2747 4160 est
2791 4104 2858 4159 ad
2890 4106 3149 4161 unitatem
3180 4102 3512 4167 faciendam.
3567 4111 3681 4169 AL-

2068 4187 2220 4231 BASP.

2142 4264 2276 4322 Ibid.
2310 4261 2966 4342 Cujusveneﬁciavidetur
2990 4267 3202 4342 unitatis
3241 4273 3525 4342 negotium,
3567 4283 3677 4331 etc.

2080 4337 2246 4392 Forte
2272 4334 2590 4391 veneﬁcium
2619 4351 2718 4405 pro
2742 4334 3006 4393 beneﬁcio
3034 4357 3047 4393 :
3071 4339 3251 4395 obiter
3276 4334 3358 4396 vir
3400 4334 3595 4400 doctus
3624 4347 3680 4403 in

2080 4408 2254 4483 notis,
2276 4408 2418 4479 quod
2438 4407 2812 4483 quomodgnic
2838 4410 3240 4483 accommodari
3266 4414 3438 4483 possit
3470 4417 3680 4474 utinam

2079 4476 2392 4549 adjecisset.
2426 4476 2508 4554 An
2537 4477 2854 4533 benelicium
2880 4482 2940 4536 τὸ
2969 4482 3143 4554 μέσων
3164 4476 3286 4551 erit,
3315 4485 3455 4554 quod
3489 4497 3595 4544 tam
3627 4493 3681 4547 in

2080 4554 2276 4607 malam
2305 4566 2464 4620 quam
2490 4549 2683 4624 bonam
2708 4560 2918 4624 partem
2949 4549 3343 4624 accipiatur,ui
3368 4557 3548 4613 al'iinia
3575 4577 3683 4616 me-

2078 4624 2234 4677 ritum
2283 4630 2339 4705 et
2356 4620 2566 4705 “metet?
2598 4622 2839 4705 passim?
2896 4639 2962 4705 a_n
2993 4620 3402 4705 sipaivtzégant
3456 4630 3684 4705 εὐθήρως

2081 4710 2179 4765 pro
2199 4692 2500 4772 maleﬁcio?
2530 4690 2612 4772 ᾼμι
2645 4691 2767 4747 ideo
2793 4694 2934 4772 quod
2971 4690 3390 4772 sequitur,'dum
3439 4690 3684 4772 magnum

2078 4764 2135 4821 se
2160 4766 2321 4839 uideri
2344 4764 2604 4839 contendit
2631 4804 2644 4828 ,
2667 4766 2839 4839 quasi
2869 4764 3194 4839 dicandum
3225 4774 3325 4829 sibi
3358 4764 3545 4838 placet"
3559 4813 3577 4839 ,
3625 4785 3684 4831 et

2080 4836 2365 4892 ambitioni
2393 4852 2507 4892 sum
2538 4835 2726 4901 servit,
2761 4845 2816 4891 et
2846 4837 3145 4894 veliiicatut'
3182 4835 3468 4901 Donatus?
3505 4835 3571 4901 Si
3594 4846 3680 4901 ni-

2083 4908 2157 4984 l_til
2186 4908 2375 4984 horum
2410 4908 2606 4984 placet,
2641 4916 2889 4984 superi-st
2919 4908 3201 4981 (quantum
3235 4931 3336 4984 ego
3365 4913 3684 4984 quidemvi-

2079 4976 2208 5050 deo)
2238 4988 2294 5056 ut
2323 4975 3035 5056 veneﬁcioretineamus',—et
3065 4975 3395 5043 venalicium.
3430 4986 3518 5043 llic
3540 4990 3685 5056 posi-

2081 5047 2197 5127 tum
2226 5052 2318 5127 sit,
2351 5066 2447 5118 pro
2482 5047 2859 5127 maledicentia
2913 5067 2974 5106 ac
3009 5053 3295 5127 impotenti
3324 5047 3678 5127 procacitate.

2079 5120 2216 5177 Nam
2244 5125 2300 5175 et
2329 5136 2426 5175 nos
2451 5121 2610 5189 vulgo
2638 5120 2997 5201 viruglinguec
3024 5120 3279 5201 dicimus,
3312 5120 3368 5184 et
3416 5130 3467 5185 in
3499 5130 3687 5201 Scrip-

2082 5201 2204 5250 tura
2234 5205 2387 5248 sacra
2428 5205 2674 5244 venenum
2695 5190 2948 5246 labiornm
2974 5234 2989 5258 ,
3022 5190 3293 5258 passivum
3331 5209 3434 5256 est.
3494 5190 3683 5257 Dona'ti

2083 5273 2266 5320 autem
2322 5260 2717 5333 maledicentia
2766 5260 3137 5333 imputandum
3167 5285 3290 5325 esse
3333 5271 3433 5325 hoc
3463 5274 3688 5329 unitatis

2084 5336 2386 5414 negotium,
2415 5329 2543 5414 hinc
2573 5329 2784 5414 incipit,
2810 5329 2874 5390 ac
2901 5337 3082 5414 multis
3096 5338 3371 5414 deinceps
3401 5345 3687 5414 prosequi-

2088 5402 2183 5486 tur
2200 5404 2447 5486 Optat‘us.
2482 5402 2742 5486 Quamvis
2788 5415 2843 5486 et
2896 5410 3227 5486 ueneﬁcium
3252 5402 3429 5486 ἁτξλῶζ·
3460 5429 3557 5483 pro
3578 5402 3690 5471 ice—

2089 5479 2214 5545 lere,
2245 5473 2311 5532 ab
2334 5474 2533 5545 Optato
2563 5473 2679 5552 dici
2715 5478 2970 5552 potuerit,
2999 5473 3691 5552 quemadmodum-veneti-

2094 5565 2195 5679 (cus
2221 5559 2279 5607 et
2318 5547 2614 5626 φαρμακιύς
2636 5545 2778 5605 haud
2805 5564 2932 5607 raro
2962 5545 3061 5622 pro
3085 5556 3320 5613 scelesto
3346 5564 3406 5610 et
3424 5554 3691 5611 saevust.

2140 5637 2325 5679 usus.
2508 5636 2516 5643 '

2140 5637 2325 5679 ASAUB.
2508 5636 2516 5643 ’

2169 5713 2287 5789 (55)
2328 5711 2611 5789 i’ene/ieio.
2638 5709 2815 5773 Malis
2837 5713 3049 5773 scilicet
3079 5720 3307 5784 artibus,
3339 5715 3598 5786 superbia
3642 5732 3705 5778 et

2094 5786 2288 5845 livere.
2319 5787 2398 5843 Du
2422 5786 2540 5845 Pin.
3470 5804 3475 5810 ι
