4152 6166
571 202 681 263 999

1758 194 2006 254 SANCTI
2043 195 2294 254 ΟΡΤΑΤΙ
2334 195 2646 255 EPISCOPI

3703 204 3820 263 l000

563 328 700 385 quas
717 313 954 368 Donatus
975 307 1316 379 Carthaginis
1345 306 1570 364 levitate
1594 321 1690 364 sua
1711 308 2160 376 constituit,dum
2190 312 2244 374 Α
2269 325 2410 373 rum,
2442 325 2562 365 cum
2589 307 2721 364 dicit
2746 324 2759 362 :
2798 307 2947 377 Veni,
2979 323 3169 382 sponsa
3195 323 3326 376 mea,
3357 307 3553 366 inventa
3579 311 3636 367 de
3655 311 3825 373 Libano

567 419 822 476 magnum
874 417 936 459 se
969 402 1139 459 videri
1166 400 1465 457 contendit.
1491 401 1664 470 Quem
1693 401 1838 456 enim
1873 401 2004 457 latet
2033 418 2170 470 prre-

571 509 658 556 ter
686 507 760 563 te.
792 496 908 568 (56)
935 497 1063 568 quia
1091 493 1410 567 peregrinus
1433 509 1516 560 es,
1549 501 1606 550 et
1632 504 1924 564 potuerunt
1955 494 2052 549 tibi
2073 493 2169 548 l'al-

567 605 628 646 sa
679 587 921 643 narrari?
951 595 1046 642 aut
1088 587 1209 656 quis
1249 600 1452 657 negare
1481 593 1681 657 potest,
1731 601 1888 651 rem,
1936 584 2024 640 cui
2057 593 2168 640 tota

569 679 842 751 Carthago
873 677 1246 750 principaliter
1278 679 1436 736 testis
1483 687 1590 744 est,
1640 677 1755 750 (57)
1785 678 2168 748 imperatorem

567 772 946 840 Constantem,
981 772 1207 828 Paulum
1231 783 1286 828 et
1310 771 1600 827 Macarium
1633 771 1886 841 primitus
1937 789 2043 826 non
2099 770 2167 826 ad

569 865 876 923 faciendam
910 867 1176 921 unitatem
1209 864 1448 930 misisse,
1475 863 1570 920 sed
1599 879 1722 920 cum
1754 863 2123 935 eleemosyuis
2155 879 2169 917 :

570 960 769 1032 quibus
794 957 1072 1015 sublevata
1106 967 1133 995 ⁸
1164 972 1262 1028 per
1282 955 1560 1012 Ecclesias
1587 955 1828 1027 singulas
1859 964 2042 1026 posset
2084 969 2171 1010 re-

569 1053 800 1123 Spirare,
833 1051 1025 1108 vestiri
1045 1093 1061 1116 ,
1091 1051 1270 1122 pasci,
1299 1050 1536 1122 gaudere
1563 1049 1888 1121 paupertas?
1918 1049 2022 1117 Qui
2047 1064 2170 1104 cum

570 1145 638 1201 ad
662 1146 949 1212 Donatum,
969 1143 1088 1217 (58)
1123 1151 1331 1214 patrem
1374 1152 1546 1209 tuum,
1582 1144 1872 1210 venirent,
1904 1153 1958 1198 et
2006 1158 2175 1215 quare

573 1247 838 1294 venerant
865 1235 1189 1304 indicarent,
1225 1236 1315 1291 ille
1343 1236 1503 1290 solito
1531 1236 1710 1291 lurore
1735 1249 2029 1291 succensus
2055 1276 2070 1301 ,
2117 1235 2171 1289 in

573 1331 692 1387 haec
741 1330 900 1386 verba
956 1329 1202 1400 prorupit
1233 1346 1246 1382 :
1279 1327 1396 1400 (59)
1429 1327 1570 1396 Quid
1615 1337 1687 1383 est
1730 1328 2028 1398 imperatori
2058 1343 2176 1381 cum

573 1423 838 1478 Ecclesia?
865 1432 918 1477 et
962 1422 1028 1478 de
1069 1420 1220 1477 l‘oute
1247 1420 1485 1477 levitatis
1515 1435 1650 1486 suae,
1683 1422 1850 1474 multa
1882 1419 2175 1475 maledicta

574 1515 768 1574 effudit
795 1529 809 1575 :
844 1531 950 1572 non
995 1515 1177 1570 minus
1203 1529 1365 1585 quam
1398 1513 1451 1568 in
1484 1512 1809 1584 Gregorium
1839 1511 2135 1582 aliquando
2161 1553 2176 1578 ,

571 1610 639 1667 ad
667 1625 826 1683 quem
839 1610 920 1666 sic
943 1608 1185 1664 scribere
1213 1609 1436 1664 minime
1460 1607 1730 1662 dubitavit
1758 1624 1770 1660 :
1803 1605 2043 1677 Gregori,
2067 1622 2178 1659 ma-

2276 399 2449 472 (Cant.
2483 415 2553 466 tv,
2571 399 2652 471 8),
2683 400 2734 454 id
2757 409 2863 466 est,
2893 399 2963 456 de
2980 400 3210 469 imperio
3231 399 3472 456 Romano
3499 403 3618 458 :ubi
3641 415 3689 458 et
3717 407 3816 479 (42)

2271 491 2575 548 sacerdotia
2607 500 2792 548 sancta
2821 491 2940 564 (45)
2968 501 3115 558 sunt,
3145 501 3201 548 et
3238 491 3508 563 pudicitia,
3539 503 3592 550 et
3619 497 3816 567 virgini-

2274 592 2389 651 tas,
2440 598 2560 654 qute
2617 583 2668 638 in
2725 583 2972 639 barbaris
2998 583 3250 655 gentibus
3277 601 3381 639 non
3407 593 3546 651 sunt;
3577 586 3686 658 (bl)
3711 598 3759 644 et
3785 590 3824 646 si

2272 683 2479 740 essent,
2505 683 2616 730 tuta
2651 689 2772 731 esse
2801 690 2907 731 non
2937 684 3184 745 possent.
3237 675 3427 732 Merito
3451 676 3640 734 Paulus
3665 679 3825 748 docet,

2273 766 2538 822 orandum
2579 782 2700 823 esse
2748 783 2845 838 pro
2869 768 3087 839 regibus
3118 777 3171 822 et
3203 769 3553 839 pmestatibus
3579 786 3592 824 :
3619 771 3766 828 etiam
3789 774 3828 828 si

2276 860 2400 916 talis
2447 862 2740 931 imperator
2765 870 2931 929 esset,
2959 863 3050 933 qui
3089 862 3366 932 gentiliter
3393 866 3626 920 viveret:
3653 875 3830 935 quanto

2275 954 2418 1026 quod
2447 953 2474 993 ι)
2519 954 2863 1011 Christianus
2895 997 2910 1022 ,
2961 967 3164 1027 quanto
3193 956 3335 1027 quod
3369 958 3528 1013 Deum
3563 969 3584 997 ο
3613 959 3788 1016 timens
3815 1002 3828 1027 ,

2276 1057 2479 1119 quanto
2506 1049 2648 1119 quod
2677 1049 2990 1120 religiosus,
3015 1057 3220 1121 quanto
3247 1053 3385 1120 quod
3417 1052 3712 1108 misericors
3738 1095 3751 1118 ,
3781 1061 3831 1108 ut

2277 1140 2392 1212 ipsa
2425 1157 2512 1197 res
2545 1143 2754 1212 probat.
2808 1143 3030 1199 Miserat
3075 1145 3221 1200 enim
3273 1155 3581 1201 ornamenta
3610 1145 3829 1202 domibus

2279 1235 2397 1303 Dei,
2427 1237 2647 1292 miserat
2673 1238 3002 1309 pauperibus
3022 1238 3448 1313 eleemosynam,
3478 1240 3606 1297 nihil
3627 1241 3828 1298 Donato.

2278 1327 2388 1383 Cur
2413 1345 2540 1400 ergo
2570 1330 2850 1384 insanivit?
2881 1346 2978 1386 cur
3009 1332 3178 1388 iratus
3204 1333 3311 1388 est?
3336 1349 3434 1389 cur
3460 1333 3598 1404 quod
3639 1335 3829 1389 missum

2280 1423 2473 1488 luerat,
2505 1423 2830 1492 repudiavit?
2861 1423 3072 1480 Etcum
3104 1425 3178 1480 illi
3211 1426 3302 1496 qui
3326 1427 3473 1482 missi
3504 1426 3731 1491 fuerant,
3759 1425 3830 1480 di-

2281 1523 2490 1580 cerent,
2523 1530 2582 1570 se
2611 1515 2692 1570 ire
2717 1531 2814 1586 per
2845 1519 3151 1586 provincias
3175 1518 3436 1590 singulas,
3469 1528 3522 1574 et
3555 1517 3829 1574 volentibus

2285 1606 2540 1676 accipere
2567 1624 2626 1663 se
2671 1607 2933 1665 daturos:
2971 1611 3062 1666 il!e
3091 1611 3261 1678 dixit,
3308 1611 3502 1683 ubique
3552 1626 3609 1667 se
3654 1609 3831 1665 litteras

573 1703 690 1758 culo
713 1711 939 1768 senatus,
974 1714 1022 1757 et
1051 1701 1271 1756 dedecus
1295 1702 1675 1773 praefectorum,
1708 1707 1980 1754 etcaatera
2013 1698 2168 1763 talia;
2204 1707 2251 1768 Β
2280 1700 2605 1770 prtemisisse
2631 1743 2645 1766 ,
2681 1717 2748 1756 ne
2780 1701 2831 1757 id
2863 1703 3007 1772 quod
3035 1703 3258 1758 allatum
3293 1704 3499 1770 luerat,
3546 1703 3830 1774 pauperibus

573 1798 659 1854 cui
689 1797 904 1853 Donato
917 1794 1173 1868 prmfatus
1195 1794 1305 1867 56
1333 1795 1592 1864 patientia
1623 1793 1916 1864 episcOpali
1944 1793 2178 1862 rescrip-

574 1891 666 1946 sit.
719 1890 923 1946 Harum
965 1890 1319 1960 epistolarum
1349 1888 1680 1958 exemplaria
1735 1888 2026 1943 multorum
2079 1901 2176 1942 ore

574 1983 773 2056 ubique
795 1993 1105 2040 cantantur.
1134 1983 1253 2039 lam
1280 1995 1405 2039 tunc
1429 1983 1810 2050 meditabatur,
1836 1993 2024 2040 contra
2040 1998 2178 2054 prae-

575 2087 732 2149 cepta
759 2078 993 2150 apostoli
1015 2078 1192 2144 Pauli,
1221 2079 1581 2149 potestatibus
1603 2087 1660 2135 et
1685 2078 1904 2149 regibus
1924 2078 2175 2149 iniuriam

574 2169 779 2238 facere,
813 2186 912 2242 pro
938 2169 1156 2240 quibus,
1185 2171 1232 2226 si
1285 2171 1605 2240 Apostolqu
1661 2170 1901 2235 audiret,
1935 2169 2180 2240 quotidie

575 2280 771 2336 rogare
819 2264 1104 2322 debuerat.
1140 2265 1233 2322 Sic
1253 2265 1398 2320 enim
1427 2264 1589 2320 docet
1638 2264 1830 2320 beatus
1878 2265 2175 2335 Apostolus

575 2357 771 2413 Paulus
799 2374 812 2412 :
846 2356 1045 2429 Rogate
1071 2373 1168 2429 pro
1186 2357 1390 2429 regibus
1419 2367 1464 2412 et
1493 2357 1848 2429 potestatibus,
1875 2367 1930 2411 ut
1950 2358 2173 2428 quietam

573 2457 620 2503 et
651 2448 982 2518 tranquillam
1009 2451 1163 2503 vitam
1186 2465 1302 2504 cum
1330 2449 1460 2518 ipsis
1503 2465 1716 2521 agamus
1758 2450 1814 2522 (Ι
1839 2449 1970 2504 Tim.
2007 2467 2066 2517 ιι,
2088 2448 2170 2520 2).

577 2539 693 2613 (40)
723 2540 840 2596 Non
869 2541 1012 2597 enim
1031 2541 1340 2612 respublica
1363 2550 1447 2598 est
1473 2540 1526 2596 in
1560 2541 1824 2607 Ecclesia,
1857 2542 1952 2597 sed
1983 2541 2174 2597 Eccle-

576 2632 655 2689 sia
682 2634 735 2688 in
760 2633 1038 2702 republica
1068 2632 1184 2707 (41)
1208 2642 1313 2698 est,
1345 2633 1397 2688 id
1423 2643 1527 2699 est,
1561 2633 1614 2688 in
1643 2633 1873 2704 imperio
1895 2633 2172 2688 Romano:

572 2725 720 2797 quod
746 2725 1012 2782 Libanum
1039 2726 1276 2797 appellat
1303 2723 1554 2782 Christus
1583 2725 1636 2780 in
1663 2726 1903 2782 Canticis
1924 2723 2178 2780 Cantico-

2283 1794 2480 1849 alicubi
2510 1794 2937 1864 dispensaretur.
2984 1795 3103 1868 (45)
3131 1797 3176 1852 0
3200 1797 3487 1853 consulere
3538 1793 3763 1851 miseris!
3803 1807 3830 1848 ο

2284 1889 2577 1962 providere
2603 1889 2628 1927 ἀ
2662 1892 3027 1962 pauperibus!
3077 1908 3111 1946 o
3156 1892 3527 1962 peccatoribus
3551 1886 3828 1945 subvenire!

2285 1985 2485 2038 clamat
2501 1986 2643 2040 Deus
2665 1985 2851 2041 dicens
2875 2004 2888 2041 :
2920 1985 3033 2058 Ego
3057 2003 3170 2041 sum
3191 1987 3278 2058 qui
3305 1985 3403 2057 feci
3428 2000 3685 2056 pauperem
3706 1991 3746 2036 et
3764 1980 3830 2033 di-

2285 2077 2437 2130 vitem
2469 2094 2482 2132 :
2517 2092 2625 2132 non
2649 2077 2775 2148 quia
2809 2093 2914 2134 non
2949 2079 3123 2149 potuit
3153 2088 3210 2134 et
3240 2079 3558 2149 pauperibus
3582 2076 3726 2140 dare,
3749 2070 3826 2127 sed

2286 2170 2331 2225 si
2359 2171 2622 2226 ambobus
2643 2171 2817 2236 daret,
2853 2182 3104 2242 peccator
3131 2188 3235 2243 qua
3273 2172 3378 2227 sibi
3405 2175 3740 2233 succurreret,
3761 2167 3827 2220 in-

2279 2263 2464 2317 venire
2487 2278 2594 2318 non
2617 2263 3076 2334 posset.Denique
3099 2265 3178 2320 sic
3190 2264 3451 2334 scriptum
3475 2271 3582 2318 est:
3611 2255 3828 2327 Quemad-

2276 2357 2485 2411 modum
2510 2372 2643 2426 aqua
2670 2357 2946 2428 exstinguit
2973 2357 3165 2430 ignem,
3182 2359 3256 2412 sic
3281 2350 3828 2427 eleemosynaexstinguil

2280 2458 2540 2520 peccatum
2571 2448 2739 2520 (Eccl.
2771 2465 2849 2516 lll,
2885 2450 2998 2520 55).
3025 2450 3186 2505 Certe
3227 2450 3343 2519 jam
3373 2449 3510 2519 apud
3543 2448 3696 2502 Deum
3728 2450 3829 2496 sunt

2279 2541 2462 2606 ambo,
2489 2553 2540 2597 et
2573 2543 2665 2612 qui
2695 2541 2825 2598 dare
2856 2544 3045 2610 voluit,
3075 2552 3132 2599 et
3157 2545 3249 2615 qui
3273 2543 3501 2609 obstitit,
3534 2557 3595 2597 ne
3623 2539 3824 2594 daretur.

2278 2632 2418 2699 Quid
2448 2635 2494 2688 si
2521 2633 2632 2702 jam
2663 2633 2806 2688 dicat
2831 2633 2974 2688 Deus
3005 2633 3220 2690 Donato
3250 2651 3265 2689 :
3294 2635 3551 2706 Episcope
3572 2673 3586 2698 ,
3612 2628 3721 2702 quid
3761 2625 3826 2678 vis

2281 2724 2448 2781 fuisse
2473 2724 2870 2782 Constantem?
2898 2725 2947 2781 si
2993 2725 3347 2783 innocentem
3372 2755 3406 2792 ,-
3425 2738 3586 2796 quare
3609 2720 3668 2776 ab
3703 2719 3828 2773 inuo-

1821 2839 2206 2898 LECTIONES
2249 2839 2659 2896 VARIANTES.

637 2939 666 3006 ξι
696 2937 801 3006 ῌοο
823 2937 1028 3006 ver_but_n
1052 2936 1327 3006 addidimus
1352 2949 1415 3006 ex
1440 2949 1530 2985 ms.
1555 2935 1611 3006 β.
1637 2933 1699 2987 G.

637 2999 668 3041 b
702 3000 758 3052 ιιι
780 3013 870 3052 ms.
896 3003 951 3052 S.
977 2999 1037 3052 G.
1061 3005 1238 3066 quanto
1257 2997 1413 3064 magis
1435 2997 1585 3062 quod.

2346 2936 2367 2965 ο
2407 2933 2462 2984 In
2486 2949 2579 2986 ms.
2605 2935 2658 2984 S.
2685 2934 2744 2984 G.
2772 2933 3047 2986 Dominum.

2340 2994 2370 3035 (ι
2403 2996 2458 3047 In
2483 3011 2600 3048 mss.
2626 2997 2678 3049 S.
2703 2996 2762 3048 Τ.
2789 3005 2842 3048 et
2869 2998 2920 3048 Ρ.
2947 2999 2999 3049 S.
3027 3010 3056 3048 ο
3079 2995 3342 3061 providere
3365 2996 3537 3063 fuerat.

1888 3106 2253 3166 VARIORUM
2293 3108 2527 3165 NOTE.

612 3298 625 3312 ,
647 3226 764 3310 (ῥδ)
795 3226 932 3311 Quia
955 3226 1252 3312 peregrinus
1273 3243 1343 3282 es.
1375 3225 1512 3295 Quia
1541 3241 1647 3280 non
1669 3238 1728 3280 es
1756 3234 1912 3279 natus
1945 3221 2172 3279 Cartha-
2199 3225 2246 3290 C

574 3298 709 3368 gini,
740 3298 828 3354 cui
856 3313 1045 3367 prmes.
1075 3298 1306 3368 ALsAsr.

653 3369 767 3440 (57)
817 3365 1191 3440 Imperatorem
1220 3365 1905 3440 Constantem._Concilium
1941 3365 2170 3440 Cartha;

615 3435 802 3496 ineuse
843 3435 1073 3509 primum
1128 3439 1231 3493 hoc
1287 3453 1392 3493 non
1446 3439 1546 3509 sub
1571 3435 1900 3502 Constante,
1951 3437 2043 3509 sed
2075 3438 2176 3492 sub

624 3506 935 3566 onstantino
963 3508 1161 3566 factum
1198 3519 1381 3562 narrat
1415 3526 1428 3561 :
1465 3508 1566 3572 Qui
1588 3509 1856 3576 imperauit
1883 3506 2168 3578 religiosis-

580 3583 708 3636 sime
728 3577 1066 3638 Constantino
1109 3581 1409 3650 imperatori
1433 3589 1602 3634 votum
1629 3588 1819 3650 gereret
1851 3577 2061 3650 unitatis
2088 3618 2104 3646 ,
2129 3589 2176 3634 et

581 3655 800 3708 mitteret
828 3654 1086 3708 ministros
1112 3648 1277 3707 sancti
1305 3651 1473 3722 aperis
1507 3648 1731 3722 [antulos
1754 3649 1851 3704 Dei
1879 3648 2105 3704 Paulum
2130 3659 2178 3705 et

583 3723 896 3778 Macarium.
925 3725 1151 3780 Auusr.
1637 3726 1640 3728 ⁷

653 3795 770 3878 (58)
804 3793 1010 3878 Patrem
1035 3792 1304 3860 tuum.Qui
1327 3802 1380 3847 te
1397 3793 1459 3876 _in
1484 3792 1572 3875 illa
1594 3792 1848 3878 cathedra
1865 3793 2176 3878 generavit,

584 3864 672 3921 cui
695 3867 1003 3922 successisti
1045 3882 1059 3917 :
1090 3878 1279 3920 omnes
1324 3865 1561 3934 episcopi
1583 3864 1835 3920 dicuntur
1863 3865 1956 3917 lilii
1985 3879 2173 3919 eorum

580 3936 776 4005 quibus
820 3935 1155 4003 succedunt,
1194 3945 1286 3990 aut
1333 3933 1600 4005 aquibus
1641 3936 1985 3991 ordinantur.
2060 3935 2172 3990 AL-

583 4023 731 4065 ΒΔΒΡ.

656 4079 773 4152 (59)
797 4079 935 4146 Quid
961 4088 1032 4134 est
1057 4079 1358 4150 imperatori
1374 4095 1498 4152 cum
1529 4076 1794 4152 Ecclesia?
1812 4077 1854 4132 A
1882 4076 2177 4132 Donatistis

584 4150 818 4222 primum
851 4159 1199 4222 provocatum
1217 4161 1298 4206 est
1321 4151 1386 4222 ad
1400 4150 1835 4222 Constantinum,
1866 4164 2026 4222 quem
2053 4164 2176 4222 cum

583 4219 696 4278 suis
725 4219 887 4279 rebus
913 4224 1090 4278 minus
1119 4223 1300 4277 lavere
1328 4220 1818 4292 deprehendissent
1836 4261 1852 4288 ,
1883 4219 1968 4275 his
1995 4229 2052 4276 et
2092 4220 2170 4274 si-

585 4293 806 4350 milibus
828 4295 1138 4350 utebantur.
1164 4296 1392 4348 ALBASP.

654 4364 771 4435 (40)
803 4364 929 4418 Non
956 4367 1091 4420 enim
1119 4363 1407 4432 respublica
1431 4363 1577 4419 estin
1604 4362 1855 4435 Ecclesia.
1882 4361 2034 4418 Hanc
2053 4377 2178 4419 seu-

581 4434 805 4492 tentiam
838 4436 1064 4490 mirillee
1080 4435 1348 4490 extollunt
1376 4435 1622 4490 homines
1655 4434 1734 4488 illi
1757 4435 1845 4504 qui
1875 4436 2037 4489 rebus
2065 4444 2180 4489 stu-

583 4505 715 4563 dent
739 4507 930 4562 novis:
961 4515 1258 4578 putantque
1289 4505 1445 4577 hujus
1489 4507 1773 4578 sententiae
1800 4520 2019 4578 sensum
2052 4521 2174 4578 esse

584 4579 941 4650 imperatores
964 4575 1074 4650 non
1098 4575 1392 4650 Ecclesiae}
1423 4577 1519 4650 sed
1554 4577 1849 4650 Ecclesiam
1879 4577 1960 4630 eis
1989 4575 2177 4650 sulnli-

584 4645 692 4705 tam
721 4665 868 4716 esse,
893 4656 988 4704 aut
1015 4649 1132 4704 sine
1168 4648 1407 4704 Ecclesia
1449 4648 1857 4717 Rempublicam
1887 4661 2044 4710 esse;
2071 4645 2175 4700 Ec-

583 4721 804 4778 clesiam
831 4735 960 4778 vero
989 4721 1107 4776 sine
1162 4719 1454 4791 Republica
1483 4733 1606 4774 esse
1647 4729 1965 4791 nonposse.
2001 4717 2062 4791 Et
2096 4729 2175 4771 ta-

582 4807 710 4848 men
737 4793 784 4847 si
819 4794 941 4862 quis
969 4791 1210 4846 animum
1236 4787 1301 4862 ad
1329 4791 1472 4846 hunc
1502 4792 1678 4862 locum
1709 4789 1980 4862 advertat,
2010 4787 2172 4862 longe

583 4862 744 4918 aliter
767 4857 890 4918 eum
913 4862 1226 4931 explicabit.
1259 4861 1484 4932 Optatos
1513 4859 1656 4916 enim
1682 4859 1850 4932 voluit
1870 4857 2054 4932 dicere
2072 4857 2175 4914 im-

587 4933 930 5004 peratoribus
949 4930 1211 4990 Romanis
1243 4930 1348 5004 non
1385 4946 1507 5004 esse
1553 4930 1984 5004 maledicendum
2011 4971 2026 4994 ,
2074 4933 2169 4986 sed

584 5003 686 5074 pro
711 5005 792 5060 eis
806 5005 1064 5060 orandum
1093 5003 1390 5060 secundum
1420 5003 1763 5073 Apostolum,
1787 5004 1908 5072 quia
1931 5003 2169 5072 quietam

585 5077 757 5147 magis
785 5076 946 5130 vitam
993 5075 1286 5147 Christiani
1315 5090 1437 5131 cum
1485 5075 1566 5130 eis
1605 5083 1829 5147 agerent
1857 5089 2019 5147 quam
2047 5089 2170 5129 cum

585 5145 707 5203 aliis
735 5147 1044 5218 nationibus
1064 5189 1080 5214 ,
1102 5145 1264 5218 apud
1286 5161 1420 5218 quas
1441 5187 1457 5214 ,
1505 5145 1657 5216 quod
1675 5154 1864 5218 essent
1893 5145 2139 5218 barbarae
2169 5187 2184 5211 ,

581 5232 688 5272 non
745 5219 942 5275 licebat
987 5215 1324 5273 Christianos
1379 5229 1484 5273 tam
1527 5215 1713 5286 ’quiete
1755 5216 1977 5272 vivere:
2024 5216 2187 5286 igitur

580 5287 890 5360 Respublica
916 5305 1018 5343 non
1043 5297 1126 5360 est
1148 5288 1202 5343 in
1233 5288 1461 5345 Ecclesia
1479 5331 1495 5356 ,
1529 5301 1610 5344 est
1646 5288 1934 5360 Ecclesium
1968 5301 2073 5341 non
2102 5286 2182 5360 l‘a-

580 5358 706 5432 cere
746 5361 923 5426 bella,
964 5375 1074 5414 non
1114 5358 1262 5430 leges
1302 5362 1498 5432 ligere,
1542 5374 1648 5414 nou
1691 5359 1919 5428 populos
1958 5359 2177 5432 suble-

616 5429 735 5487 ibus
762 5445 1015 5488 coercere
1033 5472 1046 5495 ,
1084 5429 1191 5485 non
1223 5447 1310 5487 res
1335 5429 1525 5486 civiles
1549 5444 1802 5485 exercere
1822 5467 1838 5494 ,
1865 5436 1921 5482 et
1945 5429 2176 5484 similia:

609 5499 866 5557 Ecclesium
913 5511 1094 5557 autem
1127 5516 1235 5557 esse
1272 5503 1326 5557 in
1361 5499 1679 5572 Republica,
1711 5497 2055 5572 Christianos
2077 5500 2178 5554 sub

572 5571 782 5641 legibus
813 5573 1197 5644 imperatorum
1230 5575 1408 5628 vivere
1427 5571 1454 5644 ,ξ
1473 5571 1678 5642 protegi
1701 5611 1716 5636 ,
1749 5571 1994 5644 quietam
2012 5571 2174 5627 vitam

573 5645 674 5770 21b
711 5647 796 5700 eis
831 5640 975 5705 ct'ex
1005 5660 1193 5706 eorum
1227 5640 1567 5717 protectione
1593 5645 1825 5712 ducere,
1857 5653 1913 5699 et
1951 5640 2168 5700 similia.

622 5729 806 5770 uasa.

2202 4616 2252 4676 1)

2352 3224 2464 3295 (Μ)
2502 3223 2622 3280 Νοη
2651 3229 2789 3282 enim
2824 3227 3138 3297 Respublica
3163 3240 3240 3286 est
3272 3232 3326 3286 in
3357 3227 3612 3291 Ecclesia,
3640 3223 3716 3278 sed
3741 3217 3823 3297 ξι-

2281 3291 2512 3368 εζεὲίαἷη
2538 3298 2837 3368 Republica.
2862 3291 3153 3368 Imperium
3174 3301 3478 3358 Romanum
3500 3309 3605 3354 erat
3627 3303 3731 3350 ante
3751 3291 3824 3368 ch

2281 3367 2500 3444 clesiam
2522 3365 2866 3425 constitutam
2884 3411 2900 3438 ,
2926 3365 3168 3444 Ecclesia
3194 3375 3248 3427 in
3277 3377 3394 3444 ipso
3413 3370 3678 3444 constituta
3702 3365 3825 3444 estet

2281 3439 2540 3512 aediﬁcata
2560 3481 2574 3502 ,
2607 3456 2712 3512 non
2741 3433 2920 3497 autem
2953 3443 3241 3512 imperium
3279 3433 3333 3500 in
3366 3438 3706 3512 Ecclesianllu
3731 3433 3821 3486 l’m.

2353 3511 2470 3583 (42)
2508 3511 2833 3566 Sacerdotia.
2869 3509 3190 3583 Ambiguum
3233 3532 3304 3571 an
3346 3518 3412 3571 de
3450 3509 3818 3569 Christianorum

2281 3591 2374 3657 aut
2413 3582 2706 3657 Gentilium
2747 3582 3069 3640 sacerdotiis
3109 3589 3382 3657 loquatur,
3423 3585 3486 3640 ad
3531 3583 3714 3657 illorum
3747 3587 3823 3657 ego

2281 3652 2623 3707 referendum
2655 3669 2883 3719 censeo;
2929 3672 3050 3709 nam
3095 3657 3146 3711 in
3179 3649 3468 3714 'nonuullis
3504 3649 3747 3709 codicibus
3769 3649 3819 3719 ita

2281 3724 2496 3799 legitur,
2551 3725 2842 3799 sacerdotia
2872 3711 3108 3792 'sancta;
3159 3711 3380 3785 seris—us?
3410 3729 3576 3799 igitur_
3610 3730 3715 3799 est.
3749 3711 3824 3799 illi}

2283 3789 2699 3872 imperatoribus
2739 3789 3194 3872 Romanisrtutius
3241 3815 3402 3872 quam
3427 3789 3576 3872 'apud
3620 3789 3824 3872 barbata?

2281 3861 2470 3934 gentes
2497 3867 2798 3922 sacerdOIia
2823 3861 3523 3928 Christianorum'exerceri
3541 3909 3553 3924 .
3579 3861 3698 3932 apml
3720 3866 3824 3926 illi”

2283 3937 2561 4007 virginitas
2602 3949 2657 3993 et
2696 3939 2954 4010 pudicitia
2983 3940 3406 3997 Christianarum
3438 3939 3678 4008 virginum
3703 3940 3825 4010 nunt-

2281 4005 2442 4078 quam
2487 4019 2571 4064 est
2621 4005 2753 4064 satis
2807 4021 2954 4071 tuta.
3003 4011 3100 4066 sed
3143 4015 3288 4078 apud
3341 4005 3704 4078 Romanosest
3737 4005 3821 4078 tuta

2281 4061 3208 4156 summa.“sintita-satas“:
3222 4061 3588 4156 statim
3617 4077 3737 4144 teges
3770 4061 3822 4120 ad

2283 4151 2648 4222 innocentiam
2678 4152 3063 4222 perducebant.
3097 4151 3330 4212 Ausssr.

2359 4220 2474 4294 (45)
2506 4217 2719 4278 Sancta.
2753 4223 2810 4279 ld
2839 4233 2922 4280 est
2941 4265 2954 4289 ,
2985 4240 3137 4280 sacra
3168 4238 3224 4281 et
3257 4221 3550 4294 veneranda
3581 4217 3658 4274 ubi
3685 4221 3730 4266 el
3758 4221 3824 4294 59f

2283 4287 2524 4368 εθέάοὶῖθ
2547 4334 2564 4360 .
2599 4303 2654 4349 et
2683 4287 2976 4368 pudicitia,
3005 4304 3060 4350 et
3089 4297 3371 4368 virginitas
3402 4297 3452 4350 iu
3484 4293 3671 4368 honore
3695 4287 3820 4368 sunt:

2283 4366 2424 4437 quod
2455 4350 2750 4437 generatim
2784 4350 3661 4437 intelligendum,Vde—sacerdotiis,
3700 4350 3821 4437 ριξᾴξ·

2283 4429 2410 4490 citia
2451 4429 2505 4492 Et
2534 4436 2883 4508 virginitate,
2928 4429 3035 4493 tam
3079 4437 3374 4495 Gentilium
3413 4450 3566 4508 quam
3602 4429 3822 4485 Christiao

2285 4522 2500 4562 norma.
2541 4510 2614 4563 llu
2646 4509 2761 4563 Pus.
3646 4569 3671 4572 η
3746 4563 3768 4572 ν.

2356 4577 2474 4651 (44)
2507 4577 2574 4632 Et
2621 4581 2665 4633 si
2712 4591 2907 4646 essent,
2957 4591 3064 4636 tota
3101 4598 3214 4638 esse
3252 4597 3354 4635 non
3398 4583 3611 4651 possent.
3644 4569 3820 4651 lielfliﬁs

2279 4645 2548 4724 lorjtas'sis:
2572 4659 2681 4704 tuta
2707 4667 2814 4724 esse
2839 4645 2942 4706 non
2968 4663 3192 4724 possent.
3220 4645 3438 4724 lucens.
3463 4648 3544 4702 lta
3562 4645 3817 4724 restitit???

2351 4721 2464 4794 (45)
2573 4723 2836 4794 consulere
2862 4706 3103 4794 miseris!
3129 4706 3166 4778 ο⁷
3185 4706 3470 4794 prouidere,
3497 4727 3596 4774 etc.
3623 4712 3672 4794 Si
3700 4706 3820 4794 illi?

2280 4775 2369 4846 set‘
2404 4775 2534 4848 illud
2575 4775 2790 4863 fuerat,
2813 4775 3266 4849 nihili—mulierem.
3288 4775 3398 4849 Sed
3425 4775 3483 4845 ut
3509 4799 3638 4842 nunc
3662 4775 3819 4863 Ιιψῗξη

2279 4862 2480 4935 verba,
2518 4855 2698 4931 potius
2735 4855 2896 4934 quam
2937 4865 3228 4935 quidquam
3262 4855 3817 4935 elimineturL-I'eﬂli‘fe:

2281 4932 2417 4986 rim:
2451 4924 2547 4989 lio}:
2574 4924 2842 4990 consulere
2868 4924 3108 4991 miseris?
3135 4935 3230 4990 hoc
3261 4952 3386 5004 pro.
3419 4941 3521 5004 etc.
3568 4924 3669 4982 ΙΙοο
3696 4925 3816 5004 PT?"

2279 5019 2426 5074 saepe
2449 5007 2713 5076 scriptum
2745 5009 2979 5070 scimus,
3025 5009 3188 5062 etiam
3228 4998 3427 5076 alicubi
3467 5001 3550 5056 hic
3575 4998 3812 5076 excusuat:

2291 5063 2393 5150 nisi
2436 5063 2611 5144 fallor,
2657 5077 2800 5133 unde
2842 5063 3011 5150 facile
3041 5080 3214 5147 potuit
3253 5075 3620 5150 accider.e,_}ll
3655 5063 3814 5150 ME?

2289 5128 2391 5201 hoc
2415 5128 3344 5215 satia-eisi:sagacissime;
3354 5128 3671 5213 aspiratione
3696 5128 3814 5215 fieri?!

2289 5195 3109 5289 513.3151“:nausiantis};
3131 5195 3812 5289 fatigassecausa}.

2289 5271 2398 5344 διιὲ
2417 5271 2592 5358 dixit,
2617 5271 2769 5361 assa
2789 5271 2870 5346 ei
2883 5271 3014 5346 “ais
3030 5271 3416 5346 gessissem
3435 5327 3451 5348 .
3481 5281 3651 5361 quales
3669 5271 3810 5361 901’:

2290 5368 2375 5414 tus
2415 5363 2540 5427 ille,
2574 5347 2924 5429 reciperent.
2970 5362 3065 5418 sed
3105 5363 3174 5418 de
3209 5361 3383 5432 altero
3421 5347 3610 5432 mundo
3633 5347 3809 5432 Sfllj:

2287 5414 2556 5506 culov,7-q'._
2585 5414 2668 5487 ὶιῖ
2692 5414 2924 5505 aisais
2960 5414 3072 5504 ias
3113 5414 3380 5506 decessit,
3425 5424 3614 5506 etalt“!
3641 5414 3806 5506 {'fffcfﬁ'

2286 5484 2372 5579 ea;
2385 5484 2405 5568 Ξ
2428 5484 2749 5579 Ῐρεῖιιᾷιὶοξί
2760 5484 2934 5575 ξ’ὄιῖιῖ)
2959 5484 3298 5579 sabariam
3318 5541 3334 5566 ο
3357 5484 3801 5579 ἀκιέίίελὛἪῖῗθ

2283 5554 2374 5645 ss;-
2392 5554 2784 5632 uitiatas};
2809 5554 3278 5648 ῗῖιὲὶιῖείῖἇῐόἓᾷὲίἑ
3320 5554 3481 5648 bimis
3523 5554 3602 5643 (ll!
3630 5554 3799 5648 efﬁgi:

2283 5620 2785 5712 aureasizga
2822 5620 3549 5716 ’ίῦὶῖζῖιᾶἦῑρῖἐῖρατὶρξήοιὶ
3583 5620 3795 5698 ξηραίνει

2279 5717 2351 5774 Μ.
2382 5717 2612 5778 ϐλειυε.
