4152 6166
334 203 457 268 1008

1064 198 1200 281 ﬁne
1243 199 1629 266 SGHISMATE
1665 196 2212 266 nonsrtsranuu
2250 198 2463 281 LIBER
2500 198 2821 262 rsnrrus.

3516 208 3721 271 socc

328 322 534 370 tutores
583 308 659 367 tul
686 350 703 378 ,
748 323 986 382 quorum
1020 314 1278 380 nomina,
1321 313 1489 369 frater
1532 312 1927 381 Parmeniane,
1954 311 2227 377 ADaniel
2276 280 2502 373 sanctus
2546 314 2767 386 sapiens
2816 310 2835 351 ί
2880 310 3137 371 inventus
3175 323 3297 386 est,
3340 325 3402 373 ut
3434 334 3663 381 munera

325 406 448 464 bene
476 403 657 472 nosti,
692 411 748 459 et
778 402 873 461 ubi
900 402 1109 459 fuerint
1145 419 1252 461 non
1286 404 1537 476 ignoras,
1577 414 1634 463 et
1669 407 1763 479 qui
1795 416 1822 444 ⁸
1849 405 1935 462 νει

326 514 351 556 a
375 514 474 571 quo
502 495 816 567 petiverint.
844 502 902 552 et
922 496 1144 566 qualem
1170 499 1483 569 rogaverint
1511 508 1572 554 ut
1593 499 1857 577 redirent,
1883 506 1940 555 et

329 604 488 649 tecum
532 590 715 647 redire
758 590 1104 663 potuissent,
1149 601 1207 648 et
1246 607 1346 647 nos
1391 593 1688 649 didicimus
1727 593 1756 632 ι)
1810 608 1935 650 cum

329 686 534 744 easdem
580 698 771 755 preces
817 698 952 754 quas
984 681 1258 740 dederant
1294 696 1317 724 ο
1358 684 1500 758 (62),
1545 685 1691 757 apud
1720 683 1747 723 ιι
1789 684 1938 742 Afri-

329 794 481 837 canos
507 776 719 848 judices
746 776 1088 847 allegarent,
1124 778 1179 845 in
1220 777 1418 847 quibus
1454 777 1720 847 scriptum
1757 788 1842 834 est
1877 787 1936 831 ες

333 871 473 928 Data:
508 869 572 926 ab
599 869 847 943 episcOpis
869 867 1042 941 partis
1066 868 1285 925 Donati.
1308 869 1405 925 Hic
1422 871 1537 941 jam
1557 870 1691 942 quid
1714 886 1940 943 respon-

334 965 433 1020 suri
459 972 586 1019 sunt
610 961 662 1017 in
690 961 786 1016 illo
814 960 1126 1016 imminenti
1155 960 1343 1017 divino
1366 961 1599 1033 judicio,
1632 964 1722 1032 qui
1755 963 1809 1018 in
1841 962 1945 1019 hoc

337 1055 526 1114 saeculo
551 1053 652 1110 alio
678 1055 840 1111 modo
865 1053 1110 1113 confessi
1135 1064 1285 1122 sunt,
1309 1070 1419 1110 non
1442 1067 1570 1111 esse
1597 1055 1668 1112 tle
1697 1055 1944 1113 Ecclesia

338 1148 561 1212 Christi;
597 1148 684 1219 qui
716 1143 949 1203 libenter
979 1146 1213 1216 professi
1246 1155 1377 1204 sunt
1405 1147 1478 1203 de
1505 1158 1661 1217 parte
1683 1147 1853 1205 fuisse
1885 1164 1945 1205 se

338 1239 558 1307 Donati,
584 1254 704 1294 cum
733 1241 788 1294 in
821 1236 1122 1310 Evangelio
1150 1239 1417 1310 scriptum
1453 1248 1539 1295 est
1560 1280 1577 1306 ,
1617 1239 1835 1295 Christo
1865 1241 1947 1295 di-

337 1339 488 1391 cente
517 1348 530 1385 :
562 1332 647 1401 qui
677 1346 756 1385 me
780 1334 1048 1404 confessus
1076 1328 1236 1403 fuerit
1262 1346 1450 1385 coram
1480 1329 1794 1399 hominibus,
1826 1346 1949 1385 con-

340 1426 514 1498 ﬁtebor
539 1440 649 1480 eum
675 1440 849 1480 coram
876 1433 1024 1495 patre
1052 1440 1167 1479 meo
1197 1418 1380 1498 (Joan.
1416 1439 1518 1487 xu,
1548 1422 1624 1495 8)
1659 1442 1674 1479 :
1708 1423 1798 1479 isti
1838 1424 1947 1479 Do-

2040 407 2225 463 oblata
2251 405 2346 462 illa
2386 406 2475 462 die
2509 422 2619 462 non
2648 404 2944 475 acciperet.
2975 405 3113 463 illud
3140 410 3295 465 enim
3329 411 3476 482 quod
3498 413 3568 470 ab
3598 431 3667 473 eo

2041 498 2354 570 petebatur,
2394 500 2575 557 adhuc
2612 501 2667 555 in
2706 498 2851 554 caelo
2892 509 3050 568 erat;
3093 510 3151 560 et
3185 503 3455 575 insipiens
3493 520 3666 578 esset,

2042 593 2210 664 hujus
2242 593 2320 648 rei
2349 596 2503 665 quasi
2527 592 2838 651 mercedem
2859 594 3111 665 accipere
3142 598 3193 667 i,
3237 614 3404 670 quam
3427 603 3671 662 nondum

2045 684 2240 741 habuit
2261 684 2317 740 in
2345 695 2649 756 potestate:
2688 683 2897 742 idcirco
2929 702 3158 745 munera
3187 689 3375 747 oblata
3406 694 3500 750 illa
3529 695 3620 753 die
3639 696 3669 736 ιι
3744 682 3753 693 ’

2045 776 2117 833 ad
2166 786 2382 847 tempus
2431 777 2688 847 accipere
2738 777 2938 833 noluit.
2988 762 3234 849 Denique
3270 798 3395 839 cum
3436 786 3488 841 ei
3530 785 3672 846 Deus

2046 866 2388 934 ostenderet,
2431 866 2580 938 quod
2618 866 2738 937 regi
2774 869 3090 942 supradicto
3131 873 3429 941 indicaret,
3463 877 3675 938 Baltas-

2047 956 2162 1015 sari
2189 958 2371 1012 retulit
2396 975 2411 1025 ;
2438 966 2494 1013 et
2519 955 2673 1028 quod
2699 957 3022 1027 jamdudum
3044 964 3369 1035 repudiasse
3398 968 3549 1027 visus
3572 956 3679 1040 est,

2047 1059 2243 1122 postea
2274 1048 2514 1105 libenter
2545 1050 2783 1120 accepit.
2812 1052 3009 1110 Merito
3036 1058 3285 1128 increpat
3304 1059 3448 1116 Deus
3470 1063 3677 1133 princi-

2049 1160 2180 1217 pem
2203 1143 2357 1215 Tyri,
2383 1143 2689 1211 Donatum,
2712 1159 2836 1201 cum
2858 1145 3018 1203 dicit:
3044 1153 3300 1222 numquid
3323 1162 3378 1209 tu
3398 1158 3682 1227 sapientior

2050 1253 2209 1309 quam
2239 1236 2434 1291 Daniel
2466 1235 2701 1308 (Ezech.
2730 1254 2925 1304 xxvm,
2953 1242 2987 1296 Ei
3009 1238 3073 1314 )‘i
3117 1244 3226 1301 Sed
3264 1262 3297 1302 ο
3326 1263 3487 1318 quam
3523 1250 3681 1322 longe

2051 1337 2141 1386 est
2188 1329 2548 1400 praesumptio
2600 1328 2794 1387 Donati
2840 1348 2870 1388 a
2919 1348 3157 1404 persona
3203 1337 3479 1397 Danielisl
3527 1343 3684 1412 Quod

2053 1422 2205 1479 enim
2226 1421 2507 1478 Baltassar
2527 1422 2720 1492 dabat,
2741 1440 2850 1482 non
2869 1430 3228 1498 pauperibus;
3247 1433 3393 1502 quod
3414 1432 3686 1491 Constans

340 1529 518 1577 natum
544 1516 775 1575 confessi
804 1525 952 1582 sunt,
986 1531 1098 1571 non
1125 1514 1433 1573 Christum.
1475 1514 1546 1569 Et
1581 1531 1650 1571 ne
1682 1530 1846 1585 parva
1881 1514 1953 1571 sit
2056 1514 2387 1572 christianus
2418 1516 2726 1588 imperator
2746 1527 2876 1577 tunc
2893 1521 3139 1589 miserat,
3159 1526 3484 1596 pauperibus
3503 1537 3686 1583 trans-

345 1614 440 1672 ista
490 1612 756 1685 probatio,
799 1626 961 1683 quam
993 1609 1061 1665 ad
1108 1610 1286 1682 ipsius
1333 1624 1632 1682 personam
1678 1610 1954 1678 pertinere
2059 1605 2321 1673 miserat,
2370 1623 2479 1662 non
2535 1608 2768 1666 Donato.
2817 1611 3063 1683 Denique
3113 1612 3132 1651 1
3180 1615 3295 1670 ait:
3341 1618 3597 1687 sapientes
3633 1624 3681 1674 te

343 1707 734 1767 manifestatum
761 1712 879 1779 est,
914 1703 1128 1760 accedit
1152 1712 1210 1761 et
1238 1702 1378 1759 illud
1413 1702 1785 1758 testimonium
1806 1742 1820 1767 ,
1851 1716 1959 1772 quo
1989 1706 2039 1766 Β
2067 1689 2174 1753 non
2200 1693 2483 1757 docuerunt
2505 1704 2816 1775 sapientiam
2839 1722 3009 1772 suam,
3032 1708 3155 1779 quia
3179 1708 3311 1764 illud
3334 1725 3366 1763 a
3386 1710 3682 1767 Salomone

345 1817 502 1874 supra
544 1806 839 1857 memorata
885 1799 1186 1870 increpatio
1240 1798 1436 1854 clausa
1487 1805 1571 1853 est
1620 1797 1757 1868 (65),
1815 1794 1958 1867 quod

348 1897 479 1955 dixit
518 1896 665 1951 illum
705 1895 851 1951 Deus
887 1908 996 1948 non
1035 1892 1092 1949 in
1126 1902 1274 1950 terra
1318 1890 1339 1931 ί
1391 1892 1723 1947 moriturum
1751 1899 1863 1957 ;.et
1888 1890 1960 1945 ita

350 1989 544 2045 factum
575 2001 693 2043 esse
724 1986 977 2041 omnibus
1014 1993 1197 2042 notum
1235 1996 1342 2041 est.
1394 1982 1688 2039 llabitabat
1715 1983 1769 2037 in
1800 1981 1964 2037 domo

352 2080 468 2143 Dei,
513 2088 567 2136 et
598 2087 713 2134 erat
740 2080 792 2133 in
825 2077 992 2133 corde
1032 2076 1195 2133 maris
1222 2095 1235 2132 :
1275 2078 1494 2146 ubique
1525 2089 1674 2131 mare
1704 2075 1965 2131 sa'culum

354 2172 599 2242 legimus,
614 2184 730 2226 cum
746 2179 891 2226 esset
904 2172 1019 2240 ipse
1033 2185 1139 2224 non
1153 2176 1363 2224 tantum
1383 2169 1444 2223 in
1458 2180 1643 2222 amore
1659 2165 1967 2238 aliquorum

358 2264 464 2336 59
489 2261 908 2318 Christianorum
931 2303 945 2326 ,
971 2260 1068 2317 sed
1091 2269 1309 2331 propter
1334 2259 1632 2316 scientiam
1663 2257 1967 2315 mundana~

360 2374 479 2415 rum
512 2358 805 2412 litterarum
829 2395 844 2421 ,
869 2364 988 2410 erat
1010 2359 1171 2409 etiam
1193 2354 1249 2409 in
1271 2352 1451 2410 corde
1467 2352 1638 2408 maris
1657 2394 1672 2420 ,
1698 2351 1751 2408 id
1774 2360 1859 2408 est
1879 2394 1893 2419 ,
1918 2350 1973 2407 in

364 2465 545 2506 amore
560 2449 738 2505 saeculi
754 2458 779 2496 κ
797 2465 809 2503 :
825 2456 880 2504 et
899 2448 968 2504 de
988 2447 1209 2503 scientia
1228 2460 1322 2502 sua
1340 2443 1573 2516 sapiens
1584 2442 1689 2501 sibi
1705 2443 1852 2501 visus
1866 2452 1967 2499 est.

368 2544 471 2601 Sed
496 2543 636 2598 hanc
656 2542 977 2612 sapientiam
1000 2542 1120 2609 ejus
1142 2539 1433 2596 evacuavit
1458 2539 1623 2603 Deus,
1653 2536 1780 2591 dum
1804 2537 1935 2592 dicit
1958 2553 1972 2590 :

366 2638 617 2709 numquid
638 2637 916 2710 sapientior
939 2643 993 2689 tu
1014 2650 1167 2706 quam
1187 2631 1373 2687 Daniel
1403 2623 1625 2704 (Ezech.
1649 2646 1842 2695 xxvtu,
1882 2627 1979 2701 5)?

370 2728 540 2799 Quam
578 2736 635 2784 et
669 2727 811 2784 bene
846 2722 877 2763 ιλ
914 2725 1032 2796 ejus
1073 2722 1336 2795 sapientia
1378 2720 1666 2776 humiliata
1704 2729 1827 2787 est,
1875 2736 1980 2792 qua

371 2823 582 2896 putavit
608 2836 672 2878 se
692 2818 913 2876 Daniele
942 2832 1069 2874 esse
1091 2816 1483 2887 sapientiorem
1507 2852 1523 2878 ,
1554 2812 1606 2866 in
1635 2811 1983 2881 repudiandis

374 2913 685 2971 muneribus
722 2913 890 2984 regis,
930 2910 1059 2967 dum
1082 2910 1332 2981 accipere
1356 2906 1535 2963 noluit
1559 2905 1701 2976 quod
1723 2905 1792 2960 ab
1815 2906 1986 2977 impe-

373 3019 555 3068 ratore
588 3007 886 3064 christiano
929 3007 1154 3062 missum
1194 3020 1317 3061 esse
1352 3000 1679 3059 videbatur!
1723 3000 1793 3056 Et
1836 3003 1988 3057 visus

2065 1789 2284 1848 discere
2315 1792 2535 1849 noluisﬁ
2560 1836 2575 1861 ,
2607 1794 2754 1865 quod
2782 1796 2894 1852 ait:
2925 1798 3197 1859 Abscoudc
3221 1817 3407 1870 partem
3436 1802 3495 1857 in
3528 1803 3683 1858 corde

2068 1882 2335 1955 pauperis,
2359 1893 2407 1939 et
2424 1886 2543 1956 ipso
2567 1902 2663 1956 pro
2692 1896 2742 1941 te
2762 1888 2969 1959 rogabit
2984 1888 3178 1961 (Eccli.
3197 1906 3351 1957 χιιι,
3381 1892 3449 1947 15
3468 1890 3514 1963 ).
3540 1893 3681 1959 Quia

2069 1977 2241 2033 etiam
2267 1978 2402 2034 illud
2432 1979 2500 2035 ab
2522 1978 2644 2050 ipso
2670 1980 2891 2037 Daniele
2919 1981 3132 2038 discere
3164 1982 3339 2038 noluit
3363 1983 3507 2055 quod
3531 1984 3686 2040 dedit

2070 2066 2585 2127 Nabuchodonosor
2627 2073 2917 2129 consilium
2949 2117 2963 2139 ,
3013 2076 3292 2146 quomodo
3345 2077 3688 2134 satisfaceret

2072 2163 2167 2233 qui
2188 2161 2492 2221 offenderat
2514 2166 2702 2221 Deum.
2720 2165 2788 2220 Et
2811 2176 2865 2221 tu
2879 2167 3100 2240 (inquit)
3113 2169 3256 2239 audi,
3272 2186 3387 2236 rex,
3410 2170 3685 2227 consilium

2074 2276 2270 2330 meum,
2302 2272 2349 2318 et
2374 2265 2572 2336 placeat
2601 2262 2729 2319 tibi:
2756 2274 2969 2336 peccata
2992 2274 3082 2320 tua
3106 2266 3445 2338 etcenwsgnis
3466 2268 3684 2333 redime,

2076 2364 2128 2410 et
2191 2358 2475 2429 injustitias
2538 2369 2655 2413 tuas
2714 2359 2768 2412 in
2823 2359 3241 2417 miserationibus
3289 2369 3332 2399 ιιι
3401 2341 3692 2434 pauperum

2078 2444 2247 2515 (Dan.
2287 2464 2367 2516 tv,
2401 2449 2538 2518 24).
2577 2449 2790 2518 Daniel,
2835 2450 2951 2521 regi
2999 2452 3277 2519 peccatori
3323 2460 3381 2509 et
3418 2452 3687 2523 sacrilego

2079 2533 2360 2594 faciendas
2399 2539 2779 2612 eleemosynas
2806 2540 3000 2597 suadet
3027 2558 3040 2594 :
3072 2540 3314 2597 Donatus
3336 2584 3350 2609 ,
3384 2543 3476 2612 qui
3507 2543 3690 2599 incre-

2082 2632 2203 2701 pari
2238 2632 2473 2698 meruit,
2519 2632 2805 2689 Constanti
2860 2634 3179 2706 imperatori
3216 2634 3559 2705 christiano,
3623 2650 3697 2693 ne

2085 2723 2405 2781 misericors
2428 2735 2599 2791 esset,
2630 2725 2860 2781 obstitit.
2882 2725 3013 2782 Ideo
3044 2727 3377 2797 increpatur,
3403 2730 3547 2798 quod
3570 2742 3697 2784 eum

2085 2818 2367 2887 sapientes
2398 2834 2506 2874 non
2529 2819 2833 2875 docuerunt
2863 2820 3190 2892 sapientiam
3220 2834 3375 2877 suam
3400 2839 3414 2876 :
3439 2821 3703 2895 quidquid

2086 2924 2121 2964 a
2162 2924 2292 2982 rege
2323 2911 2550 2967 missum
2587 2911 2803 2975 fuerat,
2848 2927 2946 2982 per
2975 2928 3036 2969 se
3076 2911 3197 2969 dari
3233 2928 3427 2983 passus
3452 2928 3562 2970 non
3593 2925 3701 2972 est.

2089 2998 2252 3058 Unde
2277 3012 2513 3079 constat,
2545 3004 2813 3059 Donatum
2832 3005 3111 3062 malarum
3141 3004 3345 3061 fontem
3373 3004 3542 3063 fuisse
3571 3020 3704 3062 eau-

374 3111 463 3158 est
486 3098 589 3157 sibi
613 3109 707 3156 aut
726 3099 913 3154 Daniel
945 3112 1123 3154 novus
1144 3139 1157 3163 ,
1184 3106 1277 3151 aut
1306 3094 1575 3165 sapientia
1608 3092 1813 3148 Danieli
1844 3109 1983 3163 prte-
2007 3092 2055 3157 C
2087 3110 2277 3153 sarum
2318 3107 2370 3151 ⁸.

376 3194 559 3261 latus;
608 3193 731 3265 quia
777 3202 831 3248 et
877 3193 995 3262 ipse
1047 3190 1232 3246 Daniel
1282 3186 1573 3260 aliquando
1607 3198 1635 3239 a
1676 3184 1983 3243 Baltassare

378 3302 528 3357 rege,
556 3301 677 3342 cum
719 3295 1007 3357 cogeretur
1037 3283 1284 3353 accipere
1316 3294 1564 3347 munera,
1591 3276 1642 3332 id
1673 3286 1778 3344 est,
1811 3292 1984 3333 annu—

379 3379 493 3434 lum
510 3418 526 3441 ,
551 3387 794 3448 torquem
819 3385 875 3433 et
893 3384 1090 3432 caetera
1106 3414 1123 3442 ,
1149 3374 1355 3430 dixisse
1379 3372 1614 3443 legitur:
1645 3371 1785 3425 dona
1805 3381 1894 3425 tua
1913 3380 1989 3428 te-

383 3488 501 3526 cum
529 3470 652 3537 sint,
681 3487 775 3528 rea:
801 3468 967 3541 (Dan.
1008 3484 1065 3534 ν,
1112 3469 1181 3523 17
1206 3466 1263 3538 ):
1297 3475 1353 3522 et
1380 3466 1656 3537 sapienter
1686 3466 1987 3534 respondit,

386 3568 445 3617 et
481 3561 713 3619 convitia
753 3562 868 3631 regi
903 3575 1011 3615 non
1046 3556 1205 3626 fecit,
1248 3565 1303 3613 et
1342 3556 1485 3628 quod
1517 3554 1849 3612 offerebatur
1880 3570 1989 3612 non

385 3653 697 3720 damnavit,
727 3654 825 3711 sed
844 3653 1092 3709 distulit:
1128 3664 1235 3706 non
1257 3665 1366 3721 quo
1396 3649 1558 3704 modo
1589 3649 1850 3717 Donatus,
1874 3648 1988 3719 qui,

387 3757 449 3804 et
473 3746 711 3802 convitia
737 3745 1049 3813 Constanti,
1079 3752 1281 3815 quanta
1318 3743 1515 3812 potuit,
1566 3741 1725 3809 dixit,
1768 3754 1823 3797 et
1850 3742 1997 3812 quod

388 3837 461 3894 ab
506 3852 573 3894 eo
620 3839 946 3910 pauperibus
994 3837 1221 3892 missum
1267 3832 1466 3911 fuerat,
1511 3832 1838 3904 repudiavit.
1885 3832 1995 3890 Sed

2166 3187 2516 3246 lV.Narratio
2537 3205 2713 3246 eorum
2725 3207 2839 3263 quae
2859 3208 2949 3263 per
2968 3193 3071 3246 vim
3085 3200 3230 3264 gesta
3239 3201 3359 3248 sunt
3372 3211 3405 3249 a
3422 3190 3709 3251 Donatistis

2092 3292 2141 3337 et
2167 3290 2350 3338 contra
2368 3278 2691 3340 Donatista.
2723 3312 2797 3326 --
2815 3283 3085 3354 Quidquid
3109 3284 3292 3355 itaque
3319 3284 3375 3339 in
3398 3286 3605 3343 unitate
3630 3285 3709 3341 fa-

2098 3374 2293 3430 cienda
2332 3389 2523 3445 aspere
2545 3375 2718 3445 potuit
2744 3375 2856 3446 geri
2880 3414 2893 3438 ,
2922 3374 3095 3443 vides,
3140 3374 3307 3430 frater
3327 3374 3708 3445 Parmeniane,

2098 3466 2186 3520 cui
2210 3465 2406 3522 debeat
2422 3466 2793 3535 imputari.An
2811 3464 2970 3520 nobis
2989 3460 3281 3521 Catholicis
3305 3474 3332 3501 ο
3358 3468 3583 3536 petitum
3608 3467 3709 3522 mi-A

2100 3557 2251 3613 litem
2276 3572 2397 3614 esse
2421 3557 2598 3613 dicitis
2635 3575 2649 3611 :
2680 3557 2724 3613 si
2749 3559 2820 3612 ita
2850 3566 2932 3613 est
2955 3598 2971 3625 ,
3004 3557 3158 3630 (64)
3190 3558 3241 3612 iu
3273 3559 3553 3629 provincia
3580 3575 3713 3631 pra-

2101 3651 2375 3706 consulari
2404 3659 2533 3706 tunc
2578 3650 2761 3707 nullus
2790 3658 3058 3709 armatum
3098 3652 3324 3708 militem
3368 3653 3547 3709 vidit?
3593 3653 3710 3726 (65)

2104 3740 2407 3797 Veniebant
2454 3742 2659 3798 Paulus
2700 3751 2756 3798 et
2797 3741 3060 3799 Macarius
3085 3786 3100 3811 ,
3152 3743 3270 3817 (66)
3302 3744 3394 3816 qui
3445 3761 3711 3819 pauperes

2105 3831 2305 3902 ubique
2330 3832 2720 3905 dispungerent
2742 3876 2757 3902 ,
2789 3844 2847 3891 et
2869 3833 2939 3891 ad
2967 3837 3229 3893 unitatem
3256 3836 3496 3911 singulos
3522 3840 3714 3897 horta-

1640 3924 2036 3984 LECTIONES
2072 3922 2495 3984 VARIANTES.

456 4023 485 4054 ⁸
518 4023 574 4074 In
598 4036 686 4075 ms.
711 4024 763 4075 S.
788 4023 848 4075 ϐ.
873 4021 1016 4075 aadd.

456 4083 486 4125 h
522 4080 1553 4147 ltainms.S.G.lnmss.S.G.etP.S.
1889 4138 1897 4147 .

461 4149 484 4178 ε
520 4144 579 4199 In
599 4161 691 4200 ms.
716 4150 770 4199 S.
795 4148 856 4200 Τ.
882 4147 1148 4200 dederunt.

460 4206 487 4247 ἆ
520 4208 574 4259 In
598 4223 710 4260 mss.
737 4212 789 4262 S.
816 4209 877 4261 T.
907 4218 961 4261 et
976 4208 1034 4258 Ρ.
1058 4208 1111 4259 S.
1133 4213 1185 4259 ut
1207 4205 1290 4257 ad.

464 4274 488 4303 θ
522 4271 593 4320 Ita
620 4273 667 4321 in
689 4286 777 4323 ms.
804 4274 857 4324 S.
886 4272 946 4323 G.
970 4270 1026 4321 In
1048 4283 1160 4319 mss.
1187 4271 1240 4321 S.
1275 4268 1335 4317 Τ.
1363 4277 1415 4318 et
1435 4267 1493 4316 Ρ.
1531 4269 1595 4330 S.
1622 4282 1652 4317 c
1684 4268 1908 4330 margine
1945 4267 1994 4315 in

390 4335 532 4384 serie
554 4336 783 4385 orationis
809 4336 919 4384 haec
944 4334 1197 4394 irrepsere
1218 4343 1232 4380 :
1252 4329 1536 4394 adamatum
1579 4328 1631 4379 in
1661 4328 1996 4394 episcoporum

392 4394 538 4469 actis,
562 4396 623 4446 de
642 4394 811 4470 artibus
822 4395 957 4459 infra
981 4407 1000 4446 :
1018 4391 1152 4457 quod
1173 4391 1435 4443 manufesta
1456 4398 1617 4443 notam
1639 4391 1765 4456 sapit
1786 4391 1847 4441 ad
1868 4403 1998 4441 mar-

394 4466 567 4521 ginem
582 4466 866 4520 appositam.

469 4514 496 4588 ξ
527 4516 582 4588 In
605 4532 693 4568 ms.
882 4515 935 4570 in
956 4522 1220 4588 terrasua.

468 4581 496 4622 8
528 4578 582 4630 In
601 4592 690 4631 ms.
713 4582 765 4632 S.
787 4581 847 4634 G.
870 4576 1202 4633 saecularium.

466 4641 499 4682 ιι
530 4640 586 4692 In
607 4654 696 4695 ms.
717 4645 769 4695 S.
798 4641 858 4696 G.
876 4641 936 4696 ob
958 4654 1104 4708 quam
1125 4638 1313 4692 merito.
1340 4637 1397 4690 In
1421 4639 1584 4702 editis,
1606 4636 1777 4690 merito
1798 4643 1846 4687 et
1866 4635 2001 4688 bene.

2169 4015 2191 4088 ξ
2227 4017 2285 4088 I_u
2300 4030 2393 4069 ms.
2417 4020 2471 4088 S_.
2499 4019 2561 4088 (ξ.
2584 4019 2705 4071 satis
2723 4024 2772 4070 et
2786 4030 2902 4071 vere
2922 4019 3183 4086 sapienter.

2172 4079 2197 4181 Ξ
2233 4079 2289 4129 In
2312 4083 2480 4155 ms..S.
2505 4082 2566 4133 G.
2592 4093 2833 4194 «pauere.
2920 4116 2925 4122 ι
2979 4079 2989 4086 ’
3230 4110 3233 4113 Α

2226 4141 2385 4194 Deest
2412 4158 2463 4193 ιη
2486 4158 2578 4193 ms.
2600 4177 2611 4191 .
2640 4182 2652 4193 .
2675 4144 2736 4194 G.

2164 4142 2197 4181 Ιι
2226 4141 2385 4194 Deest
2412 4145 2463 4193 in
2486 4158 2578 4193 ms.
2600 4141 2652 4194 Β.
2675 4144 2736 4196 G.

2174 4202 2197 4243 1
2234 4204 2292 4253 In
2316 4218 2381 4253 m.
2409 4207 2461 4256 S.
2485 4206 2543 4256 G.
2572 4204 2769 4256 deinde.

2166 4237 2207 4293 ιῖι
2569 4237 3027 4330 Timaeum,
3051 4268 3364 4335 additurque,
3394 4279 3441 4325 et
3472 4237 3566 4328 erit
3578 4276 3710 4329 Deus

2102 4334 2343 4390 propitius
2367 4334 2572 4391 peccati.
3266 4334 3273 4335 '

2102 4462 2143 4464 Η
2169 4388 2201 4464 ξι
2232 4389 2349 4463 Post
2376 4391 2482 4441 haec
2512 4390 2662 4464 verba
2679 4391 2743 4464 _in
2762 4403 2868 4464 .m_s.
2896 4390 2949 4441 S.
2968 4391 3035 4464 ‘G_.
3074 4404 3101 4442 s
3135 4396 3335 4464 quentia
3368 4400 3706 4464 reperiuntur,

2096 4451 2191 4522 sed
2212 4454 2373 4522 minus
2394 4454 2648 4522 apposita:
2674 4451 2775 4502 Sed
2795 4453 3045 4522 dranAette
3067 4451 3341 4522 considero,
3366 4451 3535 4512 vereor
3564 4476 3625 4515 nc
3640 4451 3711 4516 uti

2027 4514 2084 4574 D
2107 4519 2154 4564 te
2174 4512 2387 4585 secunda
2408 4512 2549 4585 aeno
2571 4520 2869 4585 periturum.
2898 4515 3147 4581 Quidquid
3169 4512 3349 4585 itaque,
3376 4529 3474 4576 etc.

2179 4575 2205 4605 °
2240 4576 2399 4627 Deest
2420 4578 2471 4627 in
2495 4575 2588 4627 ms.
2613 4577 2665 4627 S.
2687 4576 2746 4627 G.

1762 4722 2126 4783 VARlORUM
2171 4720 2404 4777 NOTAE.

398 4822 703 4896 putabant,
714 4822 827 4896 sed
856 4822 965 4878 hoc
981 4820 1382 4896 _ipsiAvideriut.
1416 4820 1542 4876 Mox
1574 4837 1671 4896 pro
1694 4823 1800 4876 alio
1820 4820 1997 4887 modo,

401 4891 609 4961 scribo,
653 4894 825 4965 aliqua
870 4892 1067 4965 ιηθιιο.Δ
1086 4891 1177 4946 Ait
1215 4906 1311 4947 eos
1347 4892 1477 4947 dum
1521 4907 1583 4948 se
1612 4892 2001 4965 libenterpro-

404 4965 540 5022 fessi
581 4975 703 5019 sunt
738 4963 815 5020 de
850 4975 1005 5034 parte
1034 4963 1255 5034 Donati,
1298 4965 1398 5034 etsi
1437 4979 1544 5018 non
1578 4974 1785 5029 exerte,
1822 4964 2009 5031 aliquo.

406 5036 603 5092 saltem
623 5036 806 5101 modo,
828 5030 900 5090 de
921 5033 1164 5089 Ecclesia
1182 5030 1383 5088 Christi
1406 5049 1511 5089 non
1534 5049 1677 5100 esse,
1701 5030 2001 5090 confessos.

405 5106 530 5164 Non
565 5105 871 5176 displicebit
908 5107 1103 5167 etiam,
1142 5105 1187 5159 si
1215 5105 1335 5175 quis
1361 5103 1433 5158 ita
1463 5106 1724 5173 accipiat,
1756 5105 1879 5175 quid
1912 5119 2007 5176 (re—

415 5174 738 5249 spondebunt
763 5178 818 5231 in
841 5176 939 5249 illo
964 5174 1251 5249 imminenti
1263 5175 1467 5248 judicio
1486 5176 1681 5249 diuino,
1709 5174 1799 5249 qui
1824 5176 1876 5229 iu
1910 5174 2013 5229 hoc

409 5244 639 5313 siculo,
667 5249 778 5302 alio
809 5246 974 5302 modo
994 5244 1230 5301 confessi
1254 5244 1401 5313 sunt,
1425 5256 1531 5301 etc.
1553 5247 1580 5301 ἲ
1603 5245 1673 5301 Μ.
1702 5244 1934 5301 ΟΑδΑυιι.

493 5336 609 5412 (82)
634 5337 829 5412 Preces
847 5352 976 5408 quas
991 5336 1281 5412 dederant;
1309 5336 1573 5412 Libellum
1609 5336 1931 5412 supplicem,
1961 5345 2018 5390 ttt

417 5407 529 5466 sibi
558 5407 873 5480 episcopum
909 5408 1224 5464 ordinarent
1249 5407 1684 5464 Parmenianum.
1720 5407 1944 5463 Du'Pia.

497 5520 618 5591 (63)
639 5520 754 5585 Quo
775 5514 937 5589 supra
950 5529 1239 5591 (memorata
1260 5520 1374 5574 incr

426 5662 583 5720 rieris
600 5662 656 5717 in
683 5662 892 5717 interitu
912 5664 1194 5719 occisorum
1215 5663 1270 5718 in
1294 5662 1446 5718 corde
1474 5665 1650 5719 utaris.
1693 5665 1775 5721 Du
1803 5663 1924 5721 Pus.

497 5520 618 5591 (63)
639 5520 754 5585 Quo
775 5536 937 5589 supra
960 5529 1239 5575 memorata
1260 5520 1543 5590 increpatio
1564 5522 1744 5577 clausa
1762 5527 1856 5577 est.
1892 5520 2024 5575 Pro—

423 5593 617 5667 phetia
643 5599 833 5667 exstat
850 5590 981 5647 ibid.
1009 5592 1152 5667 apud
1180 5590 1381 5667 Eaecb.
1407 5605 1459 5667 _c.
1487 5607 1764 5667 xxv_m,_v.
1796 5594 1833 5667 ti
1856 5609 1869 5645 :
1906 5589 2026 5647 Ho-

2179 4813 2604 4890 (64)AProvincia
2654 4816 3031 4889 proconsulari.
3064 4818 3121 4873 lu
3167 4821 3441 4890 provincia
3487 4824 3717 4885 Cartha-

2109 4886 2342 4956 ginensi.
2368 4888 2414 4956 Α
2424 4901 2607 4941 ιΒΑςι».
2654 4886 2665 4889 ⁷
2924 4934 2935 4945 .
3168 4886 3181 4890 ⁷
3744 4894 3753 4897 μ

2692 4934 2967 5040 Paulusnet
2994 4958 3258 5017 Macarius
3280 5005 3292 5029 ,
3350 4967 3438 5035 qui
3467 4985 3723 5040 pauperes

2112 5027 2303 5097 ubique
2340 5027 2726 5100 dispungerent.
2754 5031 2823 5083 Τὸ
2861 5030 3227 5100 dispungerent
3276 5027 3607 5095 tantumdem
3636 5051 3728 5099 est

2114 5112 2178 5153 ac
2193 5097 2619 5167 consolarentur;
2650 5114 2771 5167 qua:
2792 5100 2928 5154 mira
2946 5097 3180 5167 phrasis.
3208 5104 3424 5162 lacenr.

2191 5164 2309 5254 (b6)
2330 5167 2430 5254 Qui
2447 5164 2697 5254 pauperes
2721 5169 2903 5254 ubique
2928 5164 3312 5254 dispungerent.
3339 5177 3727 5254 Dispungerent

2121 5237 2458 5315 tantumdem
2475 5246 2574 5315 .est
2597 5253 2661 5293 ac
2688 5242 3080 5315 consolarentur
3107 5237 3323 5315 [inquit
3350 5237 3571 5306 hic'vir"
3587 5253 3721 5307 doc-

2127 5320 2215 5392 tus
2240 5349 2254 5373 ,
2283 5318 2337 5363 et
2375 5308 2533 5392 addit
2558 5313 2882 5392 essemiram
2910 5308 3146 5381 phrasirn
3172 5357 3187 5379 .
3219 5308 3314 5374 sed
3343 5322 3475 5376 mira
3507 5333 3588 5378 est
3607 5325 3725 5392 ejus

2127 5381 2521 5461 interpretatio.
2572 5379 2995 5461 Quianimirum
3040 5402 3293 5461 pungere,
3332 5406 3438 5445 non
3481 5409 3602 5449 raro
3628 5379 3727 5461 pro

2130 5466 2278 5528 urere
2296 5491 2311 5517 ,
2341 5458 2432 5528 aut
2460 5465 2661 5520 angere
2674 5494 2695 5528 _,
2724 5451 3175 5528 ideoaispungere
3198 5451 3585 5517 sit'consolari.
3617 5451 3725 5518 Sed

2133 5521 2310 5577 virum
2338 5521 2559 5603 doctum
2586 5525 2726 5603 ratio
2766 5523 2900 5594 fugit
2922 5521 3099 5603 {dum
3127 5543 3233 5583 non
3280 5530 3580 5603 intellexit,
3638 5541 3734 5588 aut

2139 5608 2247 5647 non
2266 5593 2527 5668 cogitavit
2551 5593 2744 5668 saltem
2767 5637 2782 5661 ,
2815 5593 2845 5650 a
2868 5597 3169 5668 rationibus
3203 5612 3324 5653 esse
3358 5601 3458 5656 hoc
3486 5593 3730 5668 verbum,

2141 5679 2247 5735 quo
2286 5662 2597 5736 frequenter
2643 5666 2832 5724 eadem
2862 5678 2954 5724 aut
2990 5666 3187 5736 simiii,
3218 5681 3325 5738 qua
3354 5668 3441 5727 hic
3462 5669 3690 5743 Optatus
