4152 6166
464 262 607 319 1007

1633 251 1879 311 SANCTI
1914 250 2168 309 OPTATI
2209 249 2517 309 EPISCOPI

3626 248 3762 306 1008

459 384 685 431 rentur:
713 378 769 428 et
798 386 918 428 cum
958 369 1028 426 ad
1070 367 1424 439 Bagaiensem
1447 375 1475 405 α
1496 365 1763 422 civitatem
1792 364 1908 437 (67)
1939 378 2067 434 pro-
2094 363 2350 431 Λευδὶιο
2375 361 2662 419 multitudo
2684 361 2870 418 insana
2896 404 2911 431 ,
2939 370 2990 419 et
3024 360 3363 435 prmcedente
3394 369 3603 418 terrore
3647 378 3769 417 cre-

457 465 734 520 ximarent
758 505 773 530 ,
807 473 932 537 tunc
954 462 1090 516 alter
1116 460 1356 515 Donatus
1382 460 1401 528 (
1426 460 1563 514 sicut
1588 459 1759 529 prima
1787 457 2021 513 diximus
2045 460 2063 527 )

460 556 706 628 ejusdem
726 553 960 610 civitatis
988 552 1275 624 episcopus
1302 594 1317 620 ,
1369 551 1817 622 impedimentum
1866 549 2063 605 unitati

455 656 516 705 et
565 648 776 704 obicem
821 645 1159 701 venientibus
1206 659 1369 716 supra
1413 642 1734 699 memoratis
1786 655 2064 713 opponere

457 740 683 810 cupiens
708 780 723 806 ,
750 752 1033 810 praecones
1059 752 1155 807 per
1175 736 1349 792 vicina
1382 735 1500 792 loca
1521 744 1577 791 et
1599 733 1718 807 (68)
1748 750 1846 806 per
1871 747 2064 789 omnes

460 832 729 888 nundinas
759 831 945 899 misit,
1000 830 1118 902 (69)
1149 828 1625 887 Circumcelliones
1655 828 1771 902 (70)
1828 826 2063 899 Agonis-

458 923 596 980 ticos
624 923 742 996 (71)
784 936 1098 992 nuncupans
1124 937 1139 988 ;
1168 920 1236 976 ad
1267 920 1584 992 prtedictum
1615 920 1789 975 locum
1820 926 1880 974 ut
1923 934 2063 974 con-

458 1022 761 1079 currerent.
783 1015 1058 1070 invitavit:
1073 1014 1185 1086 60
1197 1024 1451 1069 eteorum
1466 1014 1557 1068 illo
1578 1024 1822 1084 tempore
1836 1027 2065 1068 concur-

459 1120 553 1162 sus
574 1116 657 1162 est
679 1105 948 1178 ﬂagitatus
969 1146 983 1171 ,
1006 1120 1234 1176 quorum
1259 1102 1376 1177 (72)
1420 1104 1692 1161 dementia
1736 1104 1896 1173 paulo
1935 1111 2063 1159 ante

453 1198 523 1255 ab
550 1199 680 1267 ipsis
709 1198 978 1268 episcopis
1028 1196 1497 1267 impie‘videbatur
1546 1211 1668 1253 esse
1714 1210 1977 1252 succensa
2004 1194 2058 1250 δ.

448 1288 588 1345 Nam
611 1304 736 1344 cum
758 1288 1067 1360 hnjnsmodi
1095 1288 1374 1344 hominum
1420 1304 1592 1360 genus
1617 1300 1743 1345 ante
1791 1288 2057 1359 unitatem

454 1380 570 1454 (73)
603 1396 700 1453 per
730 1381 848 1437 loca
878 1380 1087 1451 singula
1108 1388 1433 1451 vagarentur
1462 1399 1474 1434 :
1501 1396 1627 1436 cum
1656 1380 1835 1436 Axido
1865 1388 1922 1437 et
1951 1380 2057 1436 Fac

451 1475 531 1531 sir
557 1473 674 1547 (74)
698 1514 715 1542 ,
745 1475 815 1531 ab
843 1473 976 1545 ipsis
1005 1475 1397 1530 insanientibus
1424 1486 1738 1530 sanctorum
1766 1474 1933 1531 duces
1968 1489 2065 1545 ap-

451 1569 786 1639 pellarentur
813 1586 828 1624 :
854 1568 987 1623 nulli
1024 1568 1176 1623 licuit
1200 1583 1451 1624 securum
1479 1583 1603 1625 esse
1628 1569 1681 1624 in
1701 1570 2061 1639 possessioni-

450 1661 554 1719 bus
598 1661 1085 1719 suiszdebitorum
1114 1660 1478 1732 chirographa
1533 1652 1833 1717 amiserant
1874 1663 2059 1718 vires:

2164 456 2371 513 ditores
2393 457 2645 527 periculis
2674 456 3012 512 vallabantur
3039 474 3053 511 :
3086 464 3144 511 ut
3166 465 3190 493 ο
3216 454 3306 526 qui
3346 453 3464 527 (75)
3505 470 3604 526 pro
3631 470 3771 524 pra--

2168 548 2312 604 stitis
2336 548 2450 602 suis
2493 549 2672 618 rogari
2704 548 2999 603 debuerant
3033 545 3078 613 ί,
3102 558 3249 602 metu
3294 546 3487 602 mortis
3538 544 3773 600 humiles

2166 641 2573 712 impellerentur
2598 640 2654 696 in
2680 655 2885 710 preces.
2938 639 3256 697 Festinabat
3276 638 3650 709 unusquisque
3672 636 3775 693 de-

2168 732 2277 789 bita
2298 732 2459 788 etiam
2484 732 2718 787 maxima
2750 732 2999 802 perdere,
3025 742 3082 787 et
3120 730 3326 786 lucrum
3356 727 3779 799 computabatur

2166 827 2407 882 evasisse
2454 826 2525 882 ab
2560 841 2748 882 eorum
2795 826 3029 896 injuriis.
3063 826 3236 880 Etiam
3260 825 3451 880 itinera
3482 839 3589 879 non
3618 833 3780 894 pote—

2167 926 2291 973 rant
2317 932 2442 973 esse
2473 918 2742 973 tutissima
2760 959 2777 986 ,
2805 917 2949 989 quod
2980 916 3184 973 domini
3213 916 3280 972 de
3302 914 3572 972 vehiculis
3598 915 3716 970 suis
3750 924 3778 962 Β

2165 1008 2385 1065 excussi
2410 1018 2536 1065 ante
2566 1008 2858 1083 municipia
2886 1024 2982 1064 sua
3003 1049 3017 1076 ,
3041 1007 3384 1064 dominorum
3405 1006 3545 1071 locis
3577 1006 3780 1062 seden-

2169 1103 2243 1158 tia
2272 1099 2303 1139 ιι
2321 1142 2338 1170 ,
2389 1101 2661 1158 serviliter
2690 1109 3064 1158 cucurrerunt.
3107 1100 3327 1156 Illorum
3351 1098 3559 1170 judicio
3586 1108 3643 1155 et
3674 1098 3783 1154 im-

2165 1194 2319 1266 peric
2339 1194 2484 1251 inter
2511 1194 2762 1250 dominos
2814 1203 2871 1250 et
2892 1207 3084 1249 servos
3142 1190 3383 1248 conditio
3433 1188 3776 1245 mutabatur.

2166 1288 2322 1345 Unde
2340 1304 2464 1344 cum
2493 1296 2690 1344 vestra:
2704 1288 2877 1358 partis
2911 1285 3184 1357 episcopis
3204 1293 3331 1340 tunc
3344 1282 3543 1339 invidia
3567 1281 3731 1338 ﬁeret
3763 1298 3779 1337 :

2166 1385 2407 1441 Taurino
2438 1396 2565 1441 tunc
2592 1384 2779 1440 comiti
2816 1382 3106 1453 scripsisse
3133 1377 3387 1436 dicuntur
3410 1419 3426 1447 ,
3463 1374 3781 1448 hujusmodi

2167 1477 2417 1534 homines
2444 1477 2641 1547 corrigi
2674 1476 2727 1531 in
2763 1474 3009 1531 Ecclesia
3062 1487 3172 1528 non
3228 1486 3388 1545 posse
3426 1486 3440 1524 :
3472 1468 3780 1525 mandave-

2156 1580 2323 1637 runt,
2358 1578 2465 1624 uta
2495 1583 2658 1637 supra
2682 1567 2829 1624 dicto
2850 1567 3050 1622 comite
3066 1564 3378 1635 acciperent
3401 1561 3776 1632 disciplinam.

2167 1663 2320 1720 Tunc
2343 1663 2611 1718 Taurinos
2641 1661 2709 1717 ad
2740 1676 2930 1716 eorum
2962 1660 3202 1724 litteras,
3230 1658 3312 1712 ire
3347 1655 3569 1711 militem
3608 1653 3784 1725 jussit

447 1756 633 1812 nullus
653 1755 895 1812 creditor
920 1756 1012 1811 illo
1038 1763 1282 1825 tempore
1306 1755 1558 1827 exigendi
1583 1756 1772 1811 habuit
1832 1756 2055 1812 liberta-
2089 1758 2135 1818 B
2162 1767 2430 1813 armatum
2456 1771 2555 1828 per
2597 1755 2902 1819 nundinas,
2938 1752 3031 1808 ubi
3057 1749 3574 1808 Circumcellionum
3623 1746 3783 1801 furor

448 1856 560 1903 tem
596 1859 642 1900 ο.
695 1847 1061 1903 Terrebantur
1104 1861 1295 1902 omnes
1344 1847 1543 1902 litteris
1589 1854 1814 1913 eorum‘,
1855 1848 1947 1919 qui
1994 1863 2057 1904 se

450 1948 765 2021 sanctorum
792 1939 958 1995 duces
975 1936 1001 1976 ἀ
1020 1937 1477 2007 fuissejactabant
1503 1957 1516 1992 :
1545 1946 1601 1995 et
1621 1939 1667 1995 si
1697 1940 1749 1994 in
1773 1939 2057 2009 obtempe-

451 2031 624 2089 rando
682 2046 869 2088 eorum
935 2031 1274 2102 jussionibus
1347 2030 1691 2100 tardaretur,
1769 2032 2060 2089 advolabat

2164 1851 2347 1922 vagari
2397 1858 2780 1921 consueverat.
2814 1847 2870 1902 In
2899 1845 3022 1901 loco
3066 1841 3351 1900 Octavensi
3409 1839 3425 1878 ί
3459 1837 3578 1913 (76)
3609 1836 3782 1893 occisi

2164 1950 2292 1998 sunt
2314 1940 2570 2012 plnrimii
2605 1981 2620 2006 ,
2650 1937 2954 1995 detruncati
2995 1943 3124 1991 sunt
3145 1934 3298 1989 multi
3322 1973 3337 1999 ,
3371 1944 3602 2002 quorum
3649 1943 3784 1984 cor-

2165 2048 2296 2104 pora
2323 2048 2497 2104 usque
2526 2032 2579 2088 in
2625 2029 2989 2098 hodiernum,
3016 2026 3133 2101 (77)
3177 2039 3273 2097 per
3322 2022 3604 2080 dealbatas
3650 2034 3780 2077 aras

1692 2145 2075 2207 LECTIONES
2109 2146 2533 2205 VARIANTES.

575 2240 633 2304 1n
651 2253 768 2293 mss.
790 2240 843 2304 S.
863 2238 925 2304 Ἰ).
949 2246 1003 2289 et
1022 2238 1076 2289 S.
1099 2237 1158 2289 G.
1183 2236 1527 2304 Vagaiensem.

576 2302 635 2365 In
656 2316 772 2353 mss.
799 2302 852 2352 S.
875 2301 939 2365 (ξ.
960 2311 1237 2365 compressa
1250 2301 1280 2361 ;'
1297 2301 1389 2352 sed
1410 2311 1698 2365 perperam.

576 2364 633 2414 In
655 2370 774 2415 mss.
797 2365 851 2414 S.
875 2362 934 2413 G.
959 2362 1258 2420 potestatem.

572 2426 734 2477 Deest
755 2426 807 2474 in
829 2438 922 2474 ms.
944 2424 998 2475 S.
1027 2423 1087 2475 G.

578 2488 654 2539 Ita
675 2488 730 2538 in
751 2500 845 2538 ms.
867 2487 922 2538 S.
949 2484 1013 2537 G.

512 2240 543 2271 ι

510 2299 544 2340 b

515 2367 540 2398 ο

512 2424 543 2467 d

520 2491 545 2520 ο

2231 2238 2255 2279 τ
2292 2242 2350 2292 In
2376 2255 2467 2293 ms.
2495 2242 2548 2293 S.
2573 2240 2633 2292 T.
2659 2243 2958 2291 meruerant.

2229 2303 2257 2345 8
2290 2303 2453 2354 Deest
2471 2305 2523 2354 in
2544 2317 2635 2354 ms.
2662 2303 2714 2354 S.
2742 2302 2802 2353 G.

2226 2364 2261 2405 ιι
2294 2364 2453 2416 Deest
2476 2367 2526 2414 in
2548 2379 2641 2415 ms.
2664 2366 2717 2415 S.
2745 2364 2806 2415 G.

2232 2427 2253 2467 ί
2291 2426 2348 2476 In
2373 2441 2463 2476 ms.
2488 2428 2544 2478 S.
2569 2428 2631 2478 G.
2658 2423 2947 2479 Octavienst'.

2185 2512 2194 2521 -
2235 2491 2250 2541 i
2292 2490 2547 2553 Sequitur,
2570 2494 2635 2551 et,
2659 2491 2711 2539 in
2728 2501 2847 2539 mss.
2871 2487 2925 2538 S.
2948 2484 3010 2536 T.
3037 2489 3092 2537 et
3112 2483 3172 2535 P.
3190 2484 3244 2535 S.

1795 2592 2161 2653 VARIORUM
2197 2594 2432 2652 ΝΟΤᾸΕ.

449 2685 850 2757 signiﬁcatione
876 2682 1243 2757 Tertullianus
1263 2682 1433 2757 utitur
1453 2725 1466 2744 ,
1484 2678 1574 2757 ‘ut
1596 2697 1727 2757 cum
1757 2681 1951 2740 honore
2004 2695 2052 2741 et

448 2753 624 2843 οῐβείο
646 2798 662 2824 ’
688 2757 776 2843 γει
805 2754 1271 2843 "satiesue?!
1287 2753 1446 2843 ρεςεξτ·
1471 2753 2049 2843 ρξξίειίευίξειξηιειυξριξξ

451 2825 774 2885 εἶόίοθιιιιιιε
817 2825 1091 2895 dispuncti
1137 2839 1434 2894 pauperes,
1464 2825 1662 2895 quibus
1704 2835 1863 2881 antea
1916 2826 2054 2882 dixit

450 2902 827 2970 eleemOsynas
871 2894 1306 2970 a’Constantino
1352 2894 1577 2970 missas,
1619 2896 1817 2970 quibus
1863 2896 2049 2970 suble-

450 2972 563 3026 vati
620 2965 845 3040 possent
899 2968 1199 3036 respirare,
1248 2965 1468 3040 vestiri,
1529 2968 1713 3035 pasci,
1766 2966 2052 3040 gaudere?

449 3035 638 3108 Neque
663 3040 808 3095 enim
836 3035 1093 3103 necesse,
1126 3044 1187 3091 ut
1232 3035 1301 3091 de
1328 3036 1570 3108 ipsorum
1607 3052 1716 3092 tere
1763 3035 1941 3094 alieno
1971 3040 2054 3094 in-

451 3106 791 3183 telligamus,
822 3123 1147 3183 quamquam
1177 3114 1234 3161 et
1257 3106 1395 3183 illud
1424 3122 1641 3178 quoque
1694 3109 1923 3164 fortasse
1961 3126 2055 3167 ve-

450 3179 621 3237 rum':
644 3180 738 3236 sed
788 3179 1087 3249 elegantius
1112 3220 1127 3243 ,
1168 3188 1227 3249 ut
1257 3179 1372 3247 ipsa
1398 3186 1690 3247 paupertas
1714 3220 1729 3243 ,
1768 3194 1903 3249 qua:
1933 3196 2060 3249 gra-

451 3253 756 3315 vissimum,
774 3251 861 3306 vel
875 3248 988 3304 Sola
1003 3248 1455 3317 onus,dispuncta
1479 3249 1708 3305 dicatur.
1733 3248 2057 3307 Μζϐιιειιυιι.

526 3324 661 3380 Ibid.
696 3321 1099 3392 Dispungerent.
1132 3319 1212 3374 De
1238 3334 1439 3375 corona
1489 3321 1677 3392 militis
1702 3361 1716 3385 ,
1749 3320 1838 3376 ubi
1866 3322 1936 3376 de
1959 3324 2061 3377 im-

454 3390 1083 3519 peratorum'donativo
1136 3392 1356 3460 agitur:
1401 3391 1824 3463 expungebantur
1867 3394 2061 3450 milites

480 3472 679 3519 aureatt
703 3480 716 3515 :
743 3462 1168 3516 recensebantur
1188 3501 1204 3519 ,
1223 3461 1569 3514 notabantur.
1604 3468 1830 3519 ALBASP.

480 3464 679 3519 aureati
703 3480 716 3515 :
743 3462 1168 3516 recensebantur
1188 3501 1204 3524 ,
1223 3461 1590 3514 notabanturf
1604 3468 1830 3528 ALBASP,

452 3534 644 3661 l"(67)
690 3530 955 3586 Civitatem
1003 3532 1379 3602 proximarent.
1425 3530 1555 3586 Afra
1600 3532 1787 3586 itidem
1831 3532 2055 3589 locutio.

514 3619 675 3659 canr.

514 3619 675 3659 CERT.

527 3674 642 3748 (68)
676 3672 781 3748 Per
802 3689 977 3748 omnes
992 3672 1267 3748 nundinas
1289 3671 1429 3725 ntisit
1453 3670 1919 3748 Circumcelliones.
1948 3675 2059 3730 Lo-

454 3745 553 3802 cus
576 3747 648 3800 ita
690 3745 1098 3816 distinguendus
1135 3752 1226 3816 est
1254 3761 1273 3816 :
1299 3758 1555 3816 praecones
1583 3760 1676 3815 per
1698 3746 1871 3816 uicina
1892 3745 2008 3801 loca
2037 3787 2053 3811 ,

454 3826 505 3889 et
537 3832 626 3881 per
654 3833 825 3889 omnes
861 3812 1121 3889 nundinas
1158 3814 1295 3889 misit
1315 3855 1330 3877 ,
1362 3812 1810 3889 Circumcelliones
1838 3815 2059 3889 Agonis-

455 3887 586 3942 ticos
640 3886 911 3941 nominans
939 3886 1007 3939 ad
1038 3884 1376 3953 praadictum,
1424 3893 1529 3941 etc.
1547 3892 1618 4008 ﬁt
1724 3884 2057 3944 Cocbleana.

1603 3995 1616 4009 .
1692 3970 1876 4010 assus.

1603 3995 1616 4009 .
1650 3970 1876 4011 UASAUB.

550 4025 645 4099 69)
670 4026 1136 4099 Circumcelliones.
1175 4025 1254 4081 De
1299 4025 1415 4080 istis
1463 4024 1717 4096 frequens
1741 4036 1825 4082 est
1854 4029 2059 4085 mentio

461 4100 515 4154 in
538 4098 642 4154 hoc
662 4098 972 4153 schismate.
1006 4099 1234 4152 ALBASP.

533 4167 648 4243 (70)
678 4166 1145 4243 Circumcelliones.
1169 4165 1348 4243 _Hnjn_s
1365 4166 1519 4243 vocis
1538 4167 1927 4243 etymologiam
1947 4177 2057 4226 tra-

459 4236 896 4312 dit'Augustinus
920 4239 998 4312 sic
1014 4236 1465 4312 eosdesér‘ihens
1506 4238 1544 4312 l.
1578 4236 1611 4292 ι’
1639 4236 1831 4312 contra
1888 4240 2057 4297 Cres-

455 4308 675 4367 coniuni
698 4326 748 4365 c.
797 4311 892 4374 28,
926 4310 1008 4364 his
1029 4310 1254 4381 verbis:
1290 4308 1416 4381 Quis
1435 4309 1571 4363 enim
1594 4311 1756 4381 nescit
1774 4310 1871 4364 hoc
1898 4328 2060 4381 genus

458 4382 721 4438 hominum
740 4381 796 4434 in
823 4381 1091 4435 horrendis
1119 4379 1429 4450 facinoribus
1458 4380 1741 4450 inquietum
1765 4421 1781 4447 ,
1824 4379 2058 4437 ali—utili-

458 4453 552 4506 bus
602 4452 859 4523 operibus
896 4451 1113 4507 otiosum
1139 4492 1154 4515 ,
1198 4450 1626 4523 crudelissimum
1696 4452 1750 4505 in
1810 4453 2058 4508 mortibus

458 4520 674 4590 alienis,
707 4522 1005 4576 vilissimum
1052 4524 1106 4592 in
1131 4521 1236 4576 suis
1262 4562 1276 4585 ,
1305 4520 1525 4576 maxime
1550 4522 1605 4576 in
1653 4523 1790 4592 agris
1819 4526 2058 4579 territans

458 4604 505 4649 et
533 4595 694 4649 victus
722 4593 803 4646 sui
825 4609 983 4647 causa
1004 4591 1163 4647 cellas
1202 4593 1503 4646 circumiens
1546 4595 1833 4647 rttsticanas
1857 4635 1872 4659 ,
1926 4592 2066 4648 unde

459 4675 509 4719 et
551 4663 1020 4721 circumcellionum
1073 4678 1260 4716 nomen
1314 4663 1541 4730 accepit,
1584 4665 1817 4718 universo
1869 4666 2062 4718 mundo

457 4752 585 4806 pene
628 4735 1026 4808 fatuosissimum
1048 4773 1064 4799 ,
1109 4732 1343 4803 Africani
1385 4734 1575 4787 erroris
1623 4733 1992 4858 gpprsvbrium?
2034 4778 2043 4785 .

1669 4818 1702 4857 υ
1776 4818 1849 4858 ιιι.
1896 4846 1899 4847 ν

1669 4818 1702 4857 υ
1731 4818 1849 4859 ιιιιη.
1896 4846 1899 4847 ν

529 4875 649 4948 (71)
680 4872 1207 4948 Agonistieos._Quod
1231 4881 1531 4943 pugnarent
1559 4872 1821 4930 adversus
1849 4888 1944 4931 eos
1972 4877 2065 4946 qui

458 4945 556 5003 sua
585 4945 894 5002 tuebantur.
928 4946 1008 5001 Do
1034 4945 1154 4999 PIN.

532 5036 649 5115 (72)
686 5036 970 5115 Dementia.
1018 5034 1166 5115 Quia
1198 5034 1450 5115 immania
1504 5035 1683 5115 multa
1714 5045 1770 5115 et
1815 5038 2053 5094 inaudita

457 5106 841 5180 perpetrarunt
880 5108 965 5161 isti
1010 5106 1521 5180 Circumcelliones,
1570 5108 1837 5180 multique
1864 5125 2051 5165 eorum

455 5177 580 5234 sese
627 5177 1096 5252 praecipitaverunt
1140 5185 1201 5232 ut
1239 5178 1482 5250 martyrii
1528 5177 1765 5249 gloriani
1798 5192 2055 5252 asseque-

454 5256 664 5305 rentnr.
698 5248 768 5302 M.
794 5245 1030 5304 Castus.

531 5319 644 5390 (75)
670 5319 800 5373 Ante
824 5320 1088 5373 unitatem.
1120 5318 1422 5389 Antequam
1457 5321 1721 5375 Macarius
1749 5321 1815 5375 ad
1869 5323 2052 5376 unita-

454 5396 563 5461 tem
590 5398 811 5461 cngeret
837 5390 1141 5461 Donatistas
1166 5407 1181 5455 ;
1205 5391 1316 5459 jam
1348 5408 1386 5461 ira
1418 5390 1760 5445 Constantini
1792 5392 2052 5461 tempori-

450 5458 552 5515 bus
581 5458 791 5515 fuerant
811 5458 1312 5516 Circumcelliones.
1346 5460 1425 5515 Do
1454 5462 1567 5515 PIN.

523 5530 639 5602 (74)
670 5530 840 5585 Amida
864 5543 925 5602 _et
966 5528 1143 5583 Fasir.
1200 5529 1375 5585 Duces
1416 5530 1927 5586 Circumcellionum
1976 5531 2048 5586 ita

450 5600 734 5664 nominati.
766 5603 840 5653 Du
863 5600 982 5654 Pus.

520 5669 638 5750 (75)
663 5670 728 5725 Et
751 5669 839 5751 qui
868 5685 961 5751 pro
982 5668 1224 5751 praestitis
1260 5669 1387 5748 _suis
1429 5673 1604 5751 rogari
1625 5712 1642 5741 ,
1670 5682 1778 5751 etc.
1809 5671 1919 5751 __Vel
1947 5688 2047 5745 pro

2152 2688 2388 2758 positum
2409 2729 2425 2755 ,
2461 2701 2559 2757 pro
2584 2686 2996 2758 impellebantur.
3026 2682 3098 2739 Μ.
3123 2682 3353 2739 (ἔλειπε.
3377 2680 3450 2736 ita
3481 2680 3784 2739 restitutum.
3862 2740 3865 2741 ν

2154 2774 2221 2813 ια)
2242 2775 2369 2813 ηιεε.

2229 2829 2347 2901 (76)
2377 2828 2516 2901 Loco
2564 2822 3139 2901 0c:aoensi._gNumid-.e
3192 2823 3413 2901 oppido.
3455 2821 3611 2901 Inter
3656 2827 3784 2901 epiT

2155 2894 2353 2971 scapos
2374 2899 2462 2966 qui
2490 2901 2814 2971 sententiam
2826 2897 3085 2971 dicuntjn
3108 2895 3344 2971 concilio
3357 2894 3783 2971 Carthagineitsi

2155 2965 2551 3042 sub-Cypriano
2567 3011 2581 3034 ,
2608 2980 2691 3025 est
2724 2968 2895 3042 Vjctor
2915 2969 2977 3023 ab
2994 2967 3212 3042 Octavo.
3253 2966 3312 3021 In
3336 2965 3523 3042 notitia
3543 2965 3779 3042 episco-

2159 3036 2350 3112 porum
2362 3036 2625 3097 Numidia:
2636 3051 2718 3096 est
2735 3038 3030 3096 Octobensis
3041 3054 3136 3095 seu
3152 3036 3449 3093 Octavensis
3460 3036 3777 3163 ὅςὶεῐξιέριιε.

3505 3123 3681 3163 UI’IN.

2240 3181 2360 3256 (77)
2395 3182 2500 3238 Per
2525 3182 2790 3238 dealbatas
2818 3186 2956 3237 aras.
2994 3180 3102 3235 Per
3127 3178 3405 3235 dealbatos
3435 3180 3671 3235 tumulos
3719 3180 3784 3238 in

2166 3255 2279 3309 ara:
2328 3255 2558 3309 formam
2597 3261 2980 3308 constructos:
3022 3266 3187 3320 super
3243 3258 3544 3320 martyrum
3580 3266 3783 3306 monu-

2164 3325 2364 3381 mentis
2393 3332 2449 3380 et
2475 3324 2753 3380 memoriis
2782 3338 2935 3379 sacra
2955 3322 3087 3379 olim
3119 3320 3322 3376 ﬁebant
3343 3335 3495 3390 ,qnze
3522 3330 3582 3374 nt
3614 3337 3782 3377 com-

2162 3398 2327 3451 mode
2374 3403 2603 3465 possent
2630 3394 2779 3461 iieri,
2820 3400 3171 3465 monumenta
3204 3393 3256 3465 i_n
3298 3390 3779 3465 altarisuformam

2163 3460 2545 3537 erigebantur:
2572 3460 2862 3537 Donatista:
2884 3464 3050 3537 igitur
3072 3464 3179 3537 illis
3197 3460 3781 3537 Circumcellionibus,

2164 3533 2272 3605 qui'
2305 3544 2362 3591 et
2391 3537 2443 3590 in
2476 3537 2569 3591 illa
2598 3535 2813 3591 Macarii
2861 3533 3208 3605 expeditione
3234 3534 3554 3588 interierant
3584 3576 3602 3601 ,
3644 3549 3781 3591 aras

2163 3614 2461 3676 posuerant
2503 3618 2557 3661 et
2583 3613 2934 3676 monumenta
2951 3620 3032 3676 ex
3063 3605 3259 3676 quibus
3286 3617 3517 3676 corpora
3552 3606 3778 3661 occiso-

2162 3672 2282 3731 rum
2321 3685 2575 3748 poterant
2606 3674 2903 3731 numerari.
2936 3672 3147 3748 Concil.
3180 3672 3438 3743 Carthag.
3470 3689 3487 3729 ι
3513 3716 3530 3740 ,
3562 3690 3785 3734 canone

2161 3747 2403 3820 secundo
2437 3765 2471 3820 :A
2501 3756 2598 3820 aut»
2610 3748 2815 3820 insania
2840 3747 3187 3820 pracipitatos
3207 3786 3222 3812 ,
3248 3755 3535 3820 martyrum
3565 3748 3783 3820 nomine

2161 3818 2404 3889 appellet.
2433 3816 2737 3873 Concilium
2771 3816 3017 3889 quintum
3043 3834 3056 3870 :
3082 3817 3203 3871 item
3225 3816 3419 3885 placuit
3466 3825 3523 3869 ut
3544 3886 3553 3889 _
3577 3818 3786 3874 altaria

2160 3886 2279 3959 qua:
2307 3889 2499 3961 passim
2519 3906 2610 3959 per
2633 3886 2896 3958 agros'aut
2920 3888 3031 3961 uias
3061 3896 3320 3961 tamquam
3342 3886 3604 3961 memoria
3633 3904 3789 3941 mar-

2162 3956 2334 4030 tyrum
2363 3956 2762 4016 constituuntur.
2789 3959 3124 4030 Augustinus
3156 3957 3248 4030 lib.
3278 3972 3337 4012 ιιι
3361 3956 3553 4030 ingﬁne
3579 3967 3782 4015 contra

2162 4028 2579 4085 Parmenianum
2605 4071 2619 4095 ,
2671 4028 2977 4098 temporalia
3021 4028 3282 4098 supplicia
3327 4028 3625 4082 schismatis
3686 4032 3790 4084 sui

2162 4101 2397 4170 conferre
2411 4102 2603 4155 audent
2622 4101 2943 4170 passionibus
2970 4109 3255 4170 martyrum
3273 4139 3288 4162 ,
3313 4107 3370 4151 ut
3398 4099 3471 4153 eis
3502 4114 3787 4170 partarum

2162 4187 2372 4243 suarum
2414 4169 2649 4243 natalitia
2674 4171 2991 4226 celebrentur
3017 4185 3205 4243 magno
3232 4178 3481 4223 conventu
3500 4169 3789 4227 hominum

2162 4241 2504 4311 furiosorum.
2523 4241 2761 4297 ALBasr.

2233 4332 2366 4387 Ibid.
2402 4333 2509 4390 Per
2535 4334 2810 4388 Dealbatas
2837 4349 2958 4388 aras
2982 4341 3073 4387 aut
3116 4349 3317 4388 mensas
3337 4373 3354 4395 ,
3402 4341 3510 4388 etc.
3557 4332 3785 4391 Seneca

2164 4404 2326 4477 epist.
2363 4404 2462 4477 86:
2490 4403 2699 4477 Inripsa
2722 4403 2984 4477 Scipionis
3023 4402 3258 4474 Africani
3280 4404 3404 4459 uilla
3419 4406 3627 4475 jacens,
3662 4405 3788 4461 hinc

2083 4479 2136 4540 D
2162 4475 2250 4529 tibi
2279 4475 2446 4529 scribo
2471 4516 2485 4541 ,
2510 4474 2738 4530 adoratis
2784 4474 3015 4528 manibus
3044 4476 3157 4545 ejus
3182 4482 3228 4528 et
3239 4491 3369 4545 _ara,
3395 4474 3553 4544 quam
3590 4478 3786 4545 sepul-

2169 4562 2314 4617 crum
2344 4548 2471 4601 tanti
2512 4562 2619 4617 esse
2660 4545 3025 4617 uirisuspicor
3044 4542 3198 4613 ,'etc.
3226 4542 3307 4617 De
3334 4542 3508 4599 mensa
3532 4586 3549 4613 ,
3576 4542 3785 4601 Cicero

2168 4615 2237 4688 de
2256 4615 2490 4688 Legibus
2513 4616 2608 4671 lib.
2635 4632 2705 4688 ιι,
2736 4615 2889 4671 circa
2916 4615 3109 4682 linem,
3139 4615 3387 4688 sepulcris
3411 4625 3589 4688 autem,
3624 4620 3787 4674 novis

2169 4685 2583 4755 ﬁnivit'modum.
2626 4685 2768 4740 Nam
2786 4702 2938 4757 super
2967 4696 3117 4740 terra:
3161 4686 3419 4739 tumulum
3448 4687 3616 4757 noluit
3643 4689 3788 4756 quid

2167 4760 2323 4811 statui
2345 4799 2361 4825 ,
2390 4759 2487 4813 nisi
2517 4757 2840 4828 columellam
2862 4756 3021 4811 tribus
3042 4756 3222 4828 digitis
3242 4772 3347 4828 non
3369 4756 3611 4810 altiorem
3637 4797 3653 4821 ,
3680 4768 3791 4813 aut

2169 4844 2396 4882 mensam
2419 4870 2433 4893 ,
2460 4837 2550 4882 aut
2579 4827 2824 4883 labellum
2846 4867 2860 4893 ,
2901 4835 3007 4882 etc.
3040 4825 3157 4881 Hoc
3180 4827 3343 4881 etiam
3364 4827 3604 4896 pertinet
3626 4829 3789 4893 quod

2168 4898 2319 4952 locus
2370 4900 2459 4971 ubi
2507 4897 2809 4971 Cyprianus
2865 4913 3054 4971 passus
3093 4907 3212 4971 est,
3246 4896 3418 4952 dictus
3469 4907 3556 4952 est
3609 4899 3792 4971 vulgo

2159 4984 2334 5022 mensa
2361 4967 2627 5040 Cypriani.
2660 4968 2773 5040 Etsi
2797 4967 2950 5040 enim,
2965 4968 3074 5040 alio
3099 4967 3219 5023 loco
3233 4982 3446 5037 passum
3473 4982 3627 5032 esse,
3662 4967 3792 5040 alio

2159 5049 2339 5094 autem
2382 5038 2652 5110 sepultum
2674 5039 2893 5095 beatum
2920 5038 3072 5094 illum
3101 5045 3517 5110 ma_rtyrem._et
3555 5039 3787 5095 utrobi-

2157 5125 2263 5181 gue
2301 5107 2499 5181 cultain
2553 5110 2671 5181 ejus
2704 5110 3040 5181 (memoriam
3086 5124 3117 5181 _a
3151 5107 3369 5164 Victore
3412 5107 3661 5181 Uticensi
3701 5110 3787 5167 de

2157 5179 2437 5236 Persccnt.
2470 5180 2564 5237 lib.
2584 5178 2610 5235 ἰ
2632 5221 2651 5249 ,
2683 5180 2942 5236 discimus
2973 5198 2987 5233 :
3018 5178 3255 5251 priorem
3274 5189 3456 5251 tamen
3504 5180 3662 5235 illum
3689 5182 3787 5236 lo-

2156 5266 2279 5305 cum
2311 5252 2378 5307 ab
2407 5267 2497 5307 ara
2522 5292 2539 5319 ,
2571 5248 2667 5322 seu
2713 5267 2899 5309 mensa
2924 5293 2939 5317 ,
2988 5248 3245 5322 q'nteara:
3271 5248 3443 5322 instar
3468 5261 3665 5322 esset,
3691 5251 3786 5308 ibi

2157 5328 2454 5388 exstructa,
2479 5323 2549 5376 ita
2582 5321 2920 5392 indigitatutn
2944 5320 3067 5377 esse
3095 5321 3255 5376 docet
3281 5320 3514 5391 August.
3542 5321 3614 5377 de
3641 5320 3777 5392 Div.

2156 5406 2322 5446 serm.
2354 5407 2502 5448 cxtn.
2529 5389 2991 5460 Quod'dealbatas
3035 5392 3158 5449 illas
3183 5408 3302 5449 aras
3344 5389 3390 5446 et
3415 5408 3622 5448 mensas
3670 5389 3779 5449 hic

2156 5461 2406 5534 Optatos,
2429 5464 2472 5518 si
2504 5479 2629 5518 vere
2655 5477 2718 5517 ac
2740 5464 2959 5534 proprie
2971 5463 3258 5527 dealbatas,
3284 5478 3353 5517 ex
3381 5462 3647 5534 religione
3667 5475 3779 5516 co-

2154 5531 3001 5615 lentium_tamquatnmartyres,
3045 5534 3344 5615 profectum
3368 5531 3521 5615 puto.
3555 5532 3771 5615 Album

2150 5605 2295 5674 enim
2324 5602 2560 5659 colorem
2582 5606 2809 5661 mortuis
2826 5645 2842 5672 ,
2873 5606 3000 5660 item
3025 5602 3172 5673 puris
3191 5610 3351 5674 atque
3372 5602 3776 5659 innocentibus

2150 5673 2521 5729 defunctorum
2549 5675 2743 5731 animis
2772 5676 2974 5744 optime
3015 5676 3314 5729 convenire
3338 5674 3507 5728 etiam
3539 5674 3780 5729 Plutar-

446 5750 496 5799 et
531 5737 659 5815 aui,
711 5737 1060 5801 seribendum
1087 5747 1144 5795 ut
1180 5737 1307 5813 qui,
1358 5741 1445 5800 vel
1483 5737 1635 5802 ἕποι’
1661 5737 2046 5817 impellerentur

2160 5744 2284 5805 chus
2309 5746 2469 5805 docet
2484 5746 2540 5805 in
2564 5737 2850 5821 ρωμοιῑκοῗς
2861 5768 2970 5823 step.
2994 5744 3077 5807 διὰ
3097 5746 3149 5804 τί
3163 5745 3321 5825 leuarit
3331 5751 3552 5825 φοροῦσι
3566 5785 3583 5818 ,
3615 5752 3739 5804 etc.
