4152 6166
396 342 544 401 1009

1234 340 1322 397 DE
1361 334 1747 396 SCHISMATE
1784 329 2328 395 DONATISTARUM
2369 330 2579 389 LIBER
2617 330 2944 390 TERTIUS.

3589 334 3731 390 lOIO

390 468 490 515 aut
524 470 746 516 mensas
774 454 894 528 (78)
945 464 1252 527 potuerunt
1281 465 1306 492 η
1336 455 1632 510 numerari.
1682 453 1762 509 Ex
1790 468 2018 525 quorum
2047 457 2099 516 Α
2125 448 2460 506 conduceret
2504 451 2736 506 turbam.
2771 451 2850 504 Ex
2874 451 2993 521 ipso
3018 465 3216 523 genere
3238 454 3452 510 fuerant
3498 453 3589 524 qui
3635 453 3737 508 sibi

391 567 628 608 numero
657 567 778 606 cum
807 549 974 620 aliqui
1006 549 1131 616 (79)
1170 549 1223 603 in
1257 548 1498 603 Basilicis
1545 548 1761 618 sepeliri
1817 549 2014 619 cuspis—

391 653 556 710 scnt,
581 644 771 700 Clarus
796 644 1088 712 presbyter
1129 642 1184 695 in
1249 642 1368 696 loco
1401 640 1750 708 Subbulensi,
1796 641 1864 696 ab
1903 641 2019 711 epi-

396 752 571 810 scopo
597 738 704 810 ει
736 752 836 792 suo
859 744 1088 791 coactus
1121 744 1230 800 est,
1255 745 1307 788 ut
1329 734 1445 807 (80)
1465 736 1784 805 insepultam
1821 735 2022 792 laceret

393 831 728 900 sepulturam
751 828 889 900 (8|).
919 825 1035 897 (82)
1070 825 1234 882 Unde
1263 827 1534 896 proditum
1563 837 1681 894 est,
1705 827 2018 885 mandatum

394 923 564 977 fuisse
591 920 705 976 ﬁeri
734 962 749 986 ,
783 920 925 990 quod
957 917 1163 972 factum
1213 927 1295 974 est
1333 918 1448 991 (85)
1479 939 1490 974 :
1520 921 1736 986 quando
1783 937 1884 977 nec
1930 937 2016 979 se-

404 1014 620 1084 pultura
658 1012 711 1067 in
741 1013 903 1067 domo
920 1009 1018 1066 Dei
1043 1011 1292 1066 exhiberi
1321 1025 1585 1067 concessa
1617 1023 1699 1068 est
1728 1013 1865 1086 (84).
1902 1015 2018 1086 (85)

401 1106 597 1162 Eorum
654 1112 836 1174 postea
865 1102 1146 1159 convaluit
1172 1102 1493 1158 multitudo.
1531 1103 1621 1159 Sic
1675 1106 1880 1160 invenit
1911 1106 2016 1161 Do.

401 1207 556 1253 natus
596 1195 938 1268 Bagaiensis,
989 1194 1133 1251 unde
1160 1203 1359 1251 contra
1410 1195 1702 1269 Macarium
1755 1197 2015 1254 furiosam

2119 557 2472 618 percussores
2529 544 2632 600 sub
2684 543 2976 614 cupiditate
3020 545 3138 601 falsi
3194 549 3435 620 martyrii
3483 550 3535 603 in
3585 563 3740 603 suam

2122 636 2421 710 perniciem
2477 637 2878 693 conducebant.
2941 639 3070 695 lnde
3133 642 3292 696 etiam
3348 642 3464 709 illi,
3521 642 3612 713 qui
3668 658 3737 698 ex

2120 730 2356 784 altorum
2385 729 2646 784 montium
2699 729 3075 786 cacuminibus
3124 732 3260 786 viles
3305 733 3512 787 animas
3561 732 3736 802 proji-

2122 823 2332 878 cientes
2355 864 2369 888 ,
2402 837 2461 878 se
2492 823 2801 893 praecipites
2831 821 3051 878 dabant.
3081 825 3220 879 Ecce
3250 840 3317 880 ex
3345 825 3487 895 quali
3507 839 3737 880 numero

2125 914 2230 971 sibi
2280 915 2567 985 episcopus
2617 913 2761 968 alter
2813 913 3050 970 Donatus
3096 914 3346 972 cohortes
3385 915 3413 954 ι)
3459 917 3735 972 eﬂ'ecerat.

2129 1009 2244 1066 Hoc
2269 1020 2416 1064 metu
2465 1009 2711 1064 deterriti
2760 1007 2874 1074 illi,
2905 1008 2996 1079 qui
3045 1009 3332 1065 tlterausos
3379 1009 3621 1065 ferebant
3650 1020 3673 1048 ο
3719 1051 3736 1073 ,

2130 1117 2268 1175 quos
2291 1103 2619 1173 pauperibus
2669 1100 2999 1171 erogarent',
3031 1102 3355 1158 invenerunt
3381 1104 3432 1158 in
3463 1111 3609 1157 tanta
3639 1117 3738 1158 ne-

2131 1196 2388 1254 cessitate
2410 1197 2698 1252 consilium
2717 1237 2731 1264 ,
2763 1205 2820 1249 ut
2850 1210 2879 1249 a
2907 1195 3187 1267 Sylvestro
3207 1194 3418 1253 Comite
3460 1207 3729 1254 armatum

1658 1291 2047 1352 LECTIONES
2087 1291 2506 1348 VARIANTES.

465 1387 493 1414 λ
525 1384 596 1435 Ita
617 1387 669 1435 in
688 1385 919 1435 omnibus
941 1395 1058 1435 mss.
1084 1383 1214 1432 male
1238 1383 1297 1446 in
1317 1381 1488 1445 editis,
1513 1388 1757 1446 poterunt.

464 1447 495 1488 δ
526 1447 583 1499 In
598 1461 690 1498 ms.
717 1447 778 1498 G.
801 1452 1077 1509 consortes;
1099 1446 1191 1496 sed
1206 1443 1360 1494 male.

403 1637 549 1682 tomo
592 1644 623 1682 χ
653 1670 668 1693 ,
700 1642 800 1697 pag
827 1627 898 1683 82
920 1666 934 1690 .
965 1624 1094 1681 48⁸5.
1126 1623 1281 1693 Quod
1313 1622 1384 1697 si‘
1421 1621 1684 1697 dealbatas
1726 1637 1826 1697 pro
1877 1625 2020 1681 albis

404 1709 494 1753 aut
520 1692 1119 1768 candidis‘accipiamus
1142 1739 1157 1760 ,
1200 1705 1327 1768 tum
1360 1692 1664 1768 iueritqillis
1687 1693 1839 1747 color
1878 1710 2022 1768 pro-

407 1773 552 1840 prius
580 1770 696 1840 ejus
731 1764 934 1831 terrze',
968 1769 1081 1823 sive
1112 1766 1251 1831 loci,
1279 1766 1374 1820 ubi
1404 1764 1667 1832 sepulturi
1701 1773 1848 1818 sunt.
1867 1764 2019 1840 _Na_rn

405 1835 565 1896 etiam
588 1835 863 1896 trecentos
896 1840 1016 1894 illos
1049 1846 1352 1909 martyres,
1377 1850 1605 1909 quorum
1655 1835 2026 1909 memoria‘24
2061 1840 2118 1900 B

407 1913 629 1982 Augusti
660 1912 858 1966 colitur
882 1952 897 1976 ,
948 1926 977 1963 a
1003 1905 1221 1964 fornace
1250 1905 1485 1982 calcaria
1511 1948 1525 1971 ,
1555 1905 1606 1959 in
1635 1920 1738 1982 qua
1791 1905 1933 1975 passi
1959 1915 2027 1960 et

407 1976 708 2050 consumpti
764 1993 920 2044 sunt,
973 1997 1198 2034 massam
1252 1977 1585 2050 candidam,
1616 1976 1790 2030 dictos
1839 1991 1960 2031 esse
1997 2017 2018 2043 ,

409 2054 586 2107 sciunt
615 2047 826 2108 omnes.
858 2054 1031 2107 Etiam
1077 2051 1198 2104 illos
1225 2047 1651 2102 innumerabiles
1700 2057 1964 2117 martyres
1999 2087 2018 2112 ,

409 2124 501 2194 qui
546 2124 646 2179 sub
675 2123 908 2178 Daciano
949 2121 1328 2194 Hispaniarum
1371 2118 1796 2194 prgeside__passi
1840 2127 1964 2194 sum
1998 2161 2016 2186 ,

410 2188 746 2266 quorumque
773 2188 1116 2266 memoria}
1159 2190 1484 2246 Novembris
1525 2188 1576 2242 in
1599 2189 1820 2266 Calend.
1851 2188 2015 2247 Rom.

411 2259 716 2320 celebratur
742 2307 756 2329 ,
787 2281 895 2320 non
924 2265 994 2320 ab
1019 2264 1118 2318 alia
1151 2276 1345 2326 causa,
1379 2275 1538 2330 quam
1603 2259 1708 2313 loci
1762 2270 2018 2326 terrzeve,

413 2343 530 2392 sive
557 2337 783 2391 calcaria
806 2377 820 2400 ,
854 2337 988 2412 sive_
1016 2334 1124 2412 alia
1157 2333 1346 2403 quavis
1377 2332 1590 2412 propria
1621 2330 1869 2412 albedine
1895 2373 1930 2412 ,_
1960 2343 2022 2389 et

414 2409 563 2476 ipsos
590 2424 809 2476 massam
837 2405 1114 2461 candidam
1152 2419 1274 2458 esse
1301 2403 2016 2476 nuncupatos_crediderim,

410 2471 656 2548 quamvis
704 2475 866 2532 aliam
899 2478 966 2532 ab
1013 2476 1266 2548 aliiis_ejus
1317 2471 1694 2543 appellationis
1749 2475 2020 2530 rationem

412 2543 563 2604 reddi
596 2564 702 2602 non
732 2550 990 2618 ignorem.
1024 2547 1093 2601 Μ.
1122 2543 1354 2600 Cissus.

484 2621 604 2690 (78)
649 2612 1039 2674 Per'dealbatas
1067 2634 1186 2670 aras
1212 2627 1301 2669 aut
1339 2630 1590 2690 mensas.“
1608 2612 1712 2668 Per
1728 2613 2022 2690 dealbalos

411 2682 653 2744 tumulos
683 2691 736 2743 in
766 2706 873 2744 ara:
901 2692 1128 2743 formam
1158 2694 1520 2741 constructus.
1551 2682 1686 2738 Cum
1725 2685 2022 2743 Donatista:

412 2761 894 2816 Circumcelliones
923 2761 1046 2815 illos
1093 2759 1302 2812 occisos
1327 2772 1423 2824 pro
1455 2755 1780 2825 martyribus
1837 2755 2022 2812 babe—

413 2840 573 2899 rent,
607 2846 770 2900 super
797 2847 986 2887 eorum
1015 2829 1259 2898 sepulcra
1285 2835 1814 2900 arasexstruxeraut
1838 2843 1852 2893 ;
1892 2843 2017 2882 nam

414 2897 582 2968 super
609 2897 846 2956 tumulos
877 2897 1180 2972 martyrum
1207 2913 1333 2972 aras
1353 2897 1843 2972 erigere__solebant_
1861 2900 2020 2967 primi

410 2967 749 3038 Christiani,
802 2982 856 3028 et
903 2973 974 3027 ibi
1014 2967 1167 3027 sacra
1204 2970 1501 3024 celebrare.
1547 2967 1865 3037 Huiusmodi
1907 2985 2020 3025 ara:

411 3047 578 3100 etiam
607 3059 806 3098 mensae
833 3044 1171 3099 dicebantur.
1202 3040 1431 3109 Insignis
1457 3050 1538 3092 est
1569 3054 1630 3094 ea
1678 3039 1744 3092 de
1783 3055 1843 3093 re
1868 3041 2019 3095 locus

410 3116 553 3180 apud
611 3126 854 3170 sanctum
904 3114 1258 3183 Augustinum
1286 3154 1300 3176 ,
1349 3125 1600 3183 sermone
1631 3109 1698 3183 de
1745 3109 2013 3183 diversis,

410 3187 540 3241 olim
566 3201 699 3241 cxm
725 3228 738 3249 ,
770 3200 910 3241 nunc
955 3181 1119 3248 cccx,
1151 3184 1204 3237 in
1249 3182 1410 3236 natali
1435 3181 1688 3252 Cypriani
1721 3181 2011 3252 martyris:

411 3257 651 3326 Denique
671 3297 688 3321 ,
714 3257 883 3326 inquit
906 3298 921 3319 ,
947 3257 1077 3308 sicut
1107 3254 1266 3307 nostis
1302 3249 1603 3326 quicumque
1648 3249 2011 3322 Carthaginem

409 3322 607 3389 nostis,
635 3328 688 3380 in
714 3322 886 3382 eodem
922 3328 1037 3381 loco
1085 3340 1259 3378 mensa
1314 3322 1424 3376 Deo
1471 3333 1759 3375 constructa
1807 3332 1909 3386 est,
1965 3333 2011 3376 et

412 3410 580 3452 tamen
607 3415 781 3452 mensa
810 3399 998 3453 dicitur
1019 3396 1301 3467 Cypriani:
1323 3411 1424 3448 non
1447 3395 1567 3463 quia
1590 3392 1658 3467 ibi
1680 3402 1752 3446 est
1773 3409 2012 3467 umquam

413 3469 704 3541 Cyprianus
732 3471 1001 3537 epulatus;
1028 3465 1119 3522 sed
1137 3468 1254 3536 quia
1276 3467 1348 3541 ibi
1367 3475 1440 3520 est
1469 3466 1760 3518 immolatus
1784 3505 1798 3526 ,
1825 3475 1870 3541 et
1890 3465 2011 3534 quia

411 3535 530 3611 ipsa
556 3535 904 3594 immolatione
931 3556 1027 3593 sua
1046 3535 1243 3611 paravit
1265 3538 1396 3590 hanc
1417 3552 1643 3611 mensam
1671 3551 1688 3588 :
1710 3550 1810 3611 non
1835 3535 1889 3587 in
1910 3551 2012 3611 qua

413 3603 590 3682 pascat
616 3614 720 3683 sive
767 3620 1009 3683 pascatur
1033 3603 1056 3663 ἔ
1077 3608 1166 3683 sed
1191 3609 1244 3661 in
1273 3625 1375 3676 qua
1395 3606 1730 3683 _sa_cri/iciu_m
1757 3603 1865 3659 Deo
1884 3647 1900 3670 ,
1923 3603 2012 3659 cui

412 3676 461 3738 et
517 3684 626 3754 ipse
668 3676 868 3736 oblatus
921 3690 1030 3754 est,
1082 3677 1348 3745 offeratur.
1392 3676 1705 3754 Hujusmodi
1762 3691 1884 3754 aras
1914 3691 2009 3731 seu

412 3747 630 3808 mensas
654 3768 818 3822 super
865 3753 1098 3806 tumulos
1125 3760 1418 3822 martyrum
1449 3751 1647 3822 passim
1682 3748 1732 3822 i_n
1762 3747 1904 3816 agris
1956 3755 2011 3802 et

411 3824 517 3878 viis
546 3819 796 3878 aulilicari
828 3822 1018 3878 solitas
1047 3822 1341 3890 praesertim
1391 3819 1442 3872 in
1480 3819 1650 3872 Africa
1678 3819 1836 3872 docet
1875 3834 2007 3890 eon-

412 3897 522 3950 cilii
565 3893 1004 3964 Carthaginensis
1030 3888 1256 3964 vcanon
1291 3890 1400 3960 jam
1455 3890 1696 3944 laudatus
1752 3903 1786 3964 a_
1813 3888 2005 3944 nobis:

417 3964 621 4020 Placuit
650 3977 705 4019 ut
726 3960 912 4019 altaria
953 3980 1067 4032 qua:
1090 3963 1279 4032 passim
1309 3977 1399 4029 per
1422 3977 1571 4032 agros
1617 3970 1704 4012 aut
1738 3960 1847 4032 vias
1874 3970 2002 4012 tam-

411 4054 561 4106 quam
588 4037 848 4091 memorite
868 4031 1154 4106 martyrum
1173 4031 1576 4106 constituuntur,
1601 4040 1703 4084 etc.
1733 4031 1878 4084 Alias
1901 4046 2005 4106 non

413 4102 608 4162 desunt
651 4108 897 4174 exempla
941 4102 1134 4176 quibus
1183 4104 1527 4176 ostendatur
1555 4117 1719 4171 super
1773 4102 2008 4176 tumulos

413 4190 746 4233 mortuorum
779 4172 900 4231 aras
937 4172 992 4231 et
1013 4172 1228 4230 mensas
1253 4175 1357 4228 dici
1390 4172 1832 4246 potuissemApud
1881 4173 2008 4226 Ovi-

416 4249 562 4303 dium
595 4265 807 4304 ararum
857 4249 1238 4316 sepulcralium
1273 4249 1327 4298 lit
1382 4248 1619 4316 mentio._
1659 4244 1863 4316 sencca
1913 4259 2004 4316 ep.

414 4336 651 4376 Lxxxvt:
696 4319 761 4373 In
807 4314 932 4386 ipsa
951 4317 1210 4389 Scipionis
1250 4317 1484 4386 Africani
1532 4314 1653 4367 villa
1691 4315 1874 4383 jacens
1901 4314 2009 4389 [nec

413 4392 504 4444 tibi
531 4393 689 4446 scribo
737 4391 967 4444 adoratis
990 4386 1222 4464 manibus
1246 4390 1356 4464 ejus
1375 4429 1388 4452 ,
1419 4397 1464 4440 et
1508 4401 1621 4464 φά-
1641 4399 1794 4464 quam
1838 4386 2010 4464 sepul-

413 4479 554 4514 crum
583 4464 709 4517 tanti
728 4463 823 4515 viri
853 4478 961 4516 esse
989 4461 1241 4522 suspicor.
1265 4453 1461 4510 'tliccro
1505 4457 1570 4509 de
1602 4453 1832 4522 Legibus
1863 4453 1899 4506 l.
1929 4470 2009 4521 tt;

415 4479 554 4514 crum
583 4478 707 4517 lattlt
728 4479 822 4515 om
853 4478 961 4516 esse
989 4478 1073 4514 8N8
1118 4478 1241 4512 tcor.
1274 4478 1461 4510 btuuro
1505 4478 1570 4509 uc
1602 4478 1832 4522 chtuus
1864 4478 1897 4506 ι.
1929 4478 1963 4509 ll
1990 4478 2009 4521 ,‘

415 4534 676 4600 Sepulm—is
700 4544 865 4586 autem
893 4534 1033 4585 novis
1058 4478 1223 4600 ﬁnivit
1249 4528 1458 4600 modum
1479 4543 1497 4590 ;
1527 4542 1644 4600 nam
1671 4540 1823 4600 super
1862 4535 2011 4600 terra:

2191 1388 2212 1416 ο
2239 1384 2296 1434 In
2316 1398 2410 1436 ms.
2435 1386 2488 1436 S.
2515 1385 2574 1437 T.
2596 1386 2684 1450 qui
2709 1397 2862 1450 prope
2879 1384 3129 1439 thesauros
3149 1386 3349 1452 ferrent.

1761 1529 2134 1592 VARIORUM
2168 1534 2401 1591 NOTAE.

2134 1628 2387 1700 iidemque
2427 1629 2632 1684 bustum
2678 1631 2733 1684 in
2764 1633 2879 1701 foro
2919 1635 3163 1700 facerent,
3193 1632 3278 1700 qui
3316 1629 3458 1685 illam
3489 1630 3729 1701 insepul-

2140 1706 2248 1752 tam
2279 1704 2606 1774 sepulturam
2640 1705 2881 1772 fecerant.
2908 1703 2991 1757 Ad
3016 1718 3176 1774 quem
3209 1704 3384 1758 locum
3411 1701 3533 1757 vide
3561 1705 3727 1757 inter-

2141 1779 2343 1837 pretes.
2372 1771 2656 1828 CLsatcus.

2217 1839 2339 1915 (89.)
2379 1841 2845 1915 Undeprodilum.
2892 1845 3043 1900 Unde
3102 1846 3373 1915 proditum
3423 1844 3728 1899 Donatistas

2146 1911 2373 1987 velsuis
2399 1911 2727 1987 sepulturam
2768 1919 2820 1968 in
2845 1916 3006 1970 domo
3034 1911 3126 1971 Dei
3153 1916 3466 1987 denegasse.
3495 1920 3722 1969 ALBASP.

2215 1980 2357 2056 Ibid.
2406 1982 2554 2038 Unde
2611 1987 2868 2054 proditum
2917 1996 2988 2041 est
3039 1980 3336 2041 mandatum
3380 1987 3569 2056 fuisse,
3619 1994 3723 2040 etc.

2144 2051 2314 2124 Hanc,
2347 2055 2537 2124 inquit,
2583 2051 2922 2112 occasionem
2952 2058 3257 2114 Catholicos
3301 2051 3613 2112 traducendi
3640 2072 3729 2110 ar—

2142 2122 2437 2198 ripuerunr
2470 2127 2786 2198 Donatistae,
2831 2130 2981 2196 quasi
3025 2129 3188 2184 credis
3235 2129 3377 2183 illius
3420 2144 3484 2183 ac
3531 2129 3726 2198 stragis

2141 2192 2648 2268 Circumcellionum
2699 2192 2928 2254 fuissent
2986 2201 3308 2268 impulsores
3358 2208 3412 2254 et
3456 2192 3724 2260 auctorés.

2139 2266 2260 2332 quia
2311 2282 2480 2321 cmsos
2511 2268 2564 2340 in
2591 2267 2856 2334 Basilicis,
2903 2266 3119 2340 sepeliri
3155 2279 3335 2338 postea
3377 2286 3481 2325 non
3529 2271 3727 2340 permio

2136 2347 2348 2402 serunt,
2374 2339 2525 2410 quasi
2553 2339 2695 2410 idem
2725 2351 2888 2410 esset,
2921 2339 3250 2410 sepulturam
3282 2344 3332 2395 in
3362 2339 3604 2397 Ecclesia
3634 2357 3728 2397 ue-

2132 2419 2262 2481 gare
2294 2416 2350 2461 et
2375 2409 2478 2461 vita
2499 2409 2742 2481 privare.
2791 2409 3092 2465 Observare
3138 2425 3237 2464 nos
3282 2412 3369 2467 hic
3409 2413 3561 2481 jubet
3604 2413 3728 2467 Bal-

2132 2477 2328 2532 duinus
2349 2520 2380 2551 ,7
2403 2477 2622 2551 vetitam
2665 2489 2774 2533 tum
2807 2481 3110 2551 initemplo.
3145 2481 3230 2535 vel
3260 2477 3502 2537 Ecclesia
3546 2485 3726 2551 sepul-

2132 2556 2330 2622 turam.
2362 2549 2540 2622 Sedsi
2569 2564 2630 2622 ea
2662 2565 2817 2604 mens
2842 2550 3021 2620 Optati
3054 2560 3159 2616 est,
3191 2553 3331 2621 quod
3365 2555 3445 2608 bis
3469 2549 3720 2622 negaium

2130 2628 2233 2692 est,
2281 2619 2336 2675 id
2367 2620 2576 2692 publica
2609 2621 2725 2689 lege
2751 2636 2813 2674 ac
2841 2619 2993 2676 more
3025 2619 3273 2692 negatum
3304 2638 3456 2689 esse;
3511 2619 3619 2678 non
3647 2626 3725 2679 vi-

2129 2689 2231 2743 deo
2276 2692 2366 2760 qui
2395 2690 2520 2746 hinc
2545 2703 2920 2760 argumentum
2949 2693 3034 2748 vel
3066 2689 3418 2761 levissimum,
3455 2697 3722 2751 mandata:

2127 2774 2160 2813 a
2189 2761 2469 2837 catholicis
2495 2763 2691 2831 stragis
2723 2763 3022 2837 Donatistae
3037 2765 3234 2820 ducere
3260 2767 3550 2834 potuerint,
3574 2768 3721 2837 quod

2127 2838 2305 2906 tamen
2359 2834 2606 2906 innitere,
2638 2848 2966 2906 causamque
3015 2836 3151 2890 hanc
3185 2837 3507 2906 suSpicionis
3531 2834 3604 2893 et'
3628 2854 3722 2894 ca-

2124 2901 2344 2974 lumnia:
2392 2904 2620 2960 reddere
2653 2901 3155 2974 videtur'Optatus.
3208 2901 3335 2963 Scio
3375 2921 3590 2965 exstare
3620 2912 3721 2966 ali-
3811 2961 3820 2972 .

2123 2982 2253 3041 quot
2283 2972 2530 3051 Canones
2557 2977 2647 3051 qui
2679 2984 2884 3041 vetant,
2909 2972 3146 3051 fortasse
3189 2989 3244 3033 et
3286 2981 3500 3051 aliquot
3550 2982 3722 3051 impe-

2123 3055 2359 3116 ratorum
2393 3045 2560 3116 leges.
2597 3046 2648 3100 Id
2684 3057 2859 3101 tamen
2906 3047 2960 3102 in
2987 3048 3254 3104 Africanis
3284 3045 3563 3116 Ecc'lesiis,
3607 3045 3716 3107 non

2124 3113 2261 3190 ultra
2291 3114 2589 3190 obtinuisse
2618 3117 2888 3190 suspicor,
2911 3135 3072 3190 quam
3104 3129 3162 3174 ut
3190 3123 3306 3175 sine
3353 3113 3719 3190 permissione

2119 3184 2360 3262 episcopi
2412 3201 2516 3262 non
2552 3184 2760 3262 liceret.
2789 3188 2942 3255 Quod
2990 3199 3101 3244 tum
3151 3192 3240 3246 bic
3282 3184 3544 3262 Optalus,
3597 3202 3713 3247 tum

2118 3255 2450 3328 Augustinus
2480 3257 2543 3309 de
2569 3255 2836 3328 Curapro
2867 3262 3105 3323 mortuis,
3135 3277 3240 3314 non
3289 3255 3542 3328 obscure,
3586 3279 3714 3320 meo

2116 3327 2584 3402 quidemjudicio,
2615 3327 2978 3402 su_bi_udicant.
3021 3331 3370 3401 Armogastes
3398 3327 3541 3402 apud
3567 3334 3713 3390 Vict.

2117 3394 2257 3471 Utic.
2291 3394 2381 3471 lib.
2414 3413 2455 3460 ι,
2496 3412 2616 3471 cum
2661 3397 2895 3453 Felicem
2927 3413 3144 3471 rogaret
3191 3394 3504 3470 moriturus,
3551 3412 3609 3457 ut
3652 3421 3717 3460 se

2115 3467 2226 3541 sub
2273 3467 2481 3541 siliqua:
2525 3469 2721 3541 arbore
2764 3467 3017 3541 sepelire
3051 3472 3382 3541 dignaretur,
3432 3467 3712 3541 respondit

2115 3536 2263 3611 Felix
2297 3555 2310 3588 :
2340 3535 2471 3611 absit
2501 3555 2533 3591 a
2561 3538 2724 3611 vobis,
2748 3535 3025 3610 Confessor
3065 3535 3388 3610 venerabilis;
3433 3535 3536 3598 δείλ’
3565 3563 3712 3611 sepe-

2113 3608 2238 3661 liam
2267 3617 2313 3661 te
2354 3609 2408 3660 in
2446 3625 2550 3685 una
2589 3608 2954 3685 Basilicarum,
3001 3629 3120 3685 cum
3162 3608 3423 3684 triumpho
3465 3625 3512 3668 et
3540 3608 3712 3685 gratia

2150 3694 2267 3749 uani
2316 3681 2544 3732 mereris.
2597 3679 2652 3733 In
2699 3681 2835 3736 urbe
2883 3693 3061 3737 autem
3108 3683 3250 3737 intra
3300 3679 3504 3749 muros,
3540 3679 3710 3742 'nelas

2130 3748 2311 3827 'uiss_e,_
2354 3758 2547 3827 praeter
2597 3765 2820 3827 paucos,
2849 3766 2988 3821 quos
3034 3769 3174 3808 nexu
3222 3748 3526 3810 communis
3571 3757 3709 3827 legis

2112 3819 2348 3893 speciale
2380 3817 2713 3893 privilegium
2759 3817 3056 3886 exenterat,
3105 3839 3430 3893 quemquam
3474 3817 3709 3890 sepelire

2112 3905 2210 3958 per
2232 3889 2503 3961 Romanas
2532 3890 2702 3961 leges,
2738 3893 2824 3948 vel
2861 3908 2982 3961 qua:
3025 3889 3238 3948 exsiant
3281 3889 3444 3952 bodie
3491 3889 3708 3953 abunde

2113 3961 2269 4014 Iidem
2321 3959 2541 4037 faciunt.
2592 3959 2758 4037 Quod
2807 3959 2908 4018 etsi
2957 3965 3138 4037 Statim
3196 3978 3318 4037 post
3368 3969 3709 4024 Constantini

2113 4043 2354 4110 tempora
2381 4033 2544 4110 etrapit
2574 4035 2908 4110 exolescere,
2957 4033 3279 4110 tandemque
3312 4041 3525 4106 penitus
3567 4039 3706 4110 legi-

2112 4102 2211 4176 bus
2244 4103 2615 4176 imperialibus
2637 4106 2953 4176 abrogatum
2973 4102 3293 4169 est,diutius
3313 4102 3502 4164 'tamen
3534 4102 3706 4167 multo

2110 4173 2230 4227 aliis
2256 4175 2307 4226 in
2339 4173 2493 4236 locis,
2521 4183 2579 4226 ut
2607 4176 2657 4228 in
2690 4173 2878 4232 Gallia:
2904 4177 3233 4243 civitatibus,
3279 4179 3439 4233 etiam
3487 4190 3541 4234 ct
3583 4180 3702 4235 An-

2110 4245 2231 4315 gliae
2280 4253 2554 4315 servatum
2603 4253 2706 4300 est.
2757 4247 2865 4301 Sed
2913 4247 3030 4300 haec
3075 4249 3271 4302 obiter.
3320 4250 3474 4315 Quod
3520 4262 3702 4306 autem

2114 4313 2372 4368 Baronius
2400 4329 2490 4367 an.
2521 4313 2621 4367 Cb.
2654 4317 2780 4382 309,
2808 4317 2864 4381 4,
2894 4333 2959 4371 ex
2987 4317 3080 4371 lib.
3113 4318 3180 4372 de
3207 4313 3364 4374 Rom.
3395 4321 3700 4377 Pontilicib.

2112 4384 2280 4459 elicit,
2312 4385 2570 4438 Ecclesia:
2602 4386 2758 4442 Rom.
2806 4403 2833 4440 a
2865 4389 3152 4448 Maxentio,
3187 4389 3508 4446 Maximiani
3539 4391 3701 4459 Filio,

2108 4456 2218 4524 jam
2266 4466 2378 4509 tum
2425 4470 2742 4512 concessum
2791 4459 2977 4522 fuisse,
3025 4466 3082 4512 ut
3111 4456 3703 4530 corporaCbristianoQ

2113 4543 2231 4603 runt
2283 4538 2577 4603 martyrum
2621 4530 2758 4603 intra
2804 4530 2992 4588 urbem
3040 4531 3270 4603 sepelire
3316 4534 3445 4602 ipsis
3493 4535 3703 4603 liceret,

411 4593 665 4658 tumulum
696 4604 862 4657 noluit
882 4603 1006 4672 quid
1035 4593 1188 4656 statui
1209 4642 1223 4667 ,
1258 4600 1356 4651 nisi
1380 4598 1702 4672 colu-mellam
1729 4593 1890 4672 tribus
1927 4597 2008 4650 di-
2031 4600 2084 4659 D
2110 4599 2285 4672 donec
2313 4593 2527 4652 aliunde
2566 4602 2935 4672 conﬁrmetur,
2973 4593 3250 4668 probabile
3295 4593 3424 4658 m'ibi
3474 4621 3578 4659 non
3624 4593 3706 4659 vi;

411 4676 533 4747 gitis
561 4693 660 4729 non
688 4665 919 4727 altiorem
944 4717 958 4740 ,
989 4684 1076 4725 aut
1113 4665 1339 4725 mensam
1365 4679 1452 4723 aut
1484 4667 1741 4748 labellum.
1778 4665 2004 4721 Suorum

409 4734 626 4808 autem,
676 4755 733 4800 ut
779 4734 1087 4819 putabant,
1124 4755 1420 4819 martyrum
1469 4738 1736 4819 sepulcris
1779 4751 1902 4819 aras
1955 4750 2010 4794 et

413 4833 627 4872 mensas
654 4811 931 4887 impositas
952 4811 1333 4869 dealbuverant
1356 4811 1665 4892 Donatistre,
1686 4816 1744 4860 ut
1771 4811 2008 4892 notiores

411 4898 468 4943 et
487 4881 805 4960 insigniores
829 4895 1042 4951 essent,
1070 4894 1275 4955 utquea
1294 4882 1508 4937 caeteris
1527 4881 2003 5004 disﬁinguerentur.

1637 4966 1669 5004 υ
1696 4966 1801 5004 pm.

1637 4966 1669 5005 υ
1696 4966 1801 5006 PIN.

486 5031 604 5102 (79)
631 5030 695 5083 In
718 5028 976 5102 Basilicis.
1009 5027 1270 5102 Loquitur
1296 5020 1945 5102 de_Circumcellionibus_
1976 5027 2007 5077 a

411 5093 648 5155 Taurino
702 5101 930 5164 occisis,
978 5114 1083 5152 non
1109 5093 1152 5151 'a
1181 5097 1410 5150 Macario
1439 5112 1451 5147 :
1494 5108 1628 5163 quos
1656 5103 1716 5164 ut
1757 5093 2008 5149 ostendat

412 5173 648 5228 furiosos
679 5171 845 5227 fuisse
871 5163 926 5225 et
955 5171 1175 5224 insanos
1197 5210 1212 5232 ,
1265 5167 1339 5219 ait
1379 5163 1697 5221 Sabnlensis
1744 5165 1844 5217 loci
1892 5165 2011 5232 cpi--

411 5259 636 5314 sropum
675 5243 1005 5298 Donatistam
1034 5239 1363 5310 sepulturam
1392 5235 1470 5290 eis
1496 5236 1547 5289 in
1576 5233 1814 5288 Ecclesia
1843 5234 2013 5289 dene-

409 5318 856 5390 gasse._A_Leasr._
1011 5385 1026 5390 Δ
1344 5377 1374 5390 __
1580 5375 1644 5390 ,___
1712 5376 1725 5390 ,
1773 5376 1813 5390 ﬁ
1884 5376 1897 5390 ,
1965 5377 1978 5390 ,

487 5385 603 5457 (80)
646 5384 963 5457 Insepultam
998 5377 1545 5457 faceret‘sepulturam.
1580 5376 1651 5433 Ut
1677 5376 1746 5430 ab
1773 5376 2013 5432 Ecclesia

412 5450 725 5529 sepulturas
755 5456 874 5529 illas
899 5450 1140 5529 ejiceret.
1173 5450 1397 5529 Aut/ise.

491 5517 607 5602 (81)
650 5517 968 5602 Insepultain
1001 5527 1187 5602 facere}
1210 5522 1543 5602 sepulturam.
1572 5517 1643 5602 Ut
1685 5517 2011 5602 corpusnhu-

413 5591 625 5660 malum
657 5607 747 5650 aut
775 5591 909 5649 'mox
946 5591 1275 5648 humandum
1309 5593 1628 5643 exbumarvt
1677 5599 1779 5660 aut
1813 5591 2016 5656 abjice-

414 5659 524 5730 ret.
579 5669 655 5722 Du
687 5668 804 5720 I’IN.
831 5667 926 5720 Est
952 5666 1176 5720 imitatio
1207 5660 1486 5722 Ciceronis,
1529 5661 1617 5730 qui
1681 5661 1731 5714 in
1764 5659 1783 5713 l
1813 5660 2018 5728 Philip-

417 5729 544 5812 pica
593 5739 660 5792 de
701 5735 885 5792 funere
928 5736 1055 5792 Julii
1084 5732 1328 5812 Ctesaris,‘
1364 5747 1410 5784 c.
1441 5733 1475 5784 ‘2
1502 5750 1512 5783 :
1557 5729 1686 5812 Cum
1717 5744 1936 5812 serperet
1966 5734 2018 5785 in

425 5803 572 5871 Urbe
615 5809 870 5877 inﬁnitum
916 5808 1132 5872 malum,
1163 5804 1314 5871 idque
1338 5811 1568 5857 manaret
1612 5803 1663 5854 in
1705 5803 1813 5857 dies
1840 5803 2016 5872 latius,

2113 4671 2305 4735 detur;
2347 4678 2452 4722 tam
2485 4681 2703 4726 recente
2729 4671 2902 4725 adhuc
2935 4671 3249 4726 Diocletiani
3297 4684 3350 4727 et
3393 4677 3704 4732 Maximiani

2113 4741 2248 4810 lege,
2300 4755 2421 4810 qua:
2452 4749 2558 4794 tam
2593 4741 2713 4796 aliis
2742 4743 2995 4797 ornnibus

2112 4811 2430 4868 tet-dicebat.
2465 4812 2531 4865 M.
2563 4811 2793 4870 Casum.

2185 4881 2302 4952 (8'5)
2346 4881 2777 4958 Undeproditum
2807 4895 2878 4939 est
2907 4884 3205 4938 mandatum
3233 4887 3393 4956 fuisse
3429 4888 3543 4958 ﬁeri
3568 4892 3708 4956 quod

2113 4954 2304 5024 [actum
2343 4963 2434 5008 est.
2471 4955 2605 5008 Hinc
2630 4959 2970 5011 occasionem
3002 4954 3347 5024 arripuerunt
3391 4954 3706 5016 traducendi

2113 5022 2424 5078 Catholicos
2454 5035 2722 5094 tamquam
2769 5027 2931 5082 credis
2977 5022 3483 5084 Circumcellionum
3515 5044 3706 5088 aucto-

2114 5108 2220 5148 res.
2255 5095 2333 5148 Du
2359 5111 2461 5149 pus.

2194 5163 2308 5236 (84)
2347 5165 2680 5239 ραᾳηάοληερ
2702 5167 2966 5239 sepultura
2994 5169 3046 5222 in
3065 5168 3214 5222 domo
3234 5168 3330 5224 Dei
3346 5173 3574 5228 exhiberi
3587 5191 3711 5228 con-

2119 5235 2262 5290 cessa
2287 5247 2380 5291 est.
2428 5235 2593 5302 Quasi
2626 5235 2869 5292 diceret:
2905 5240 3182 5294 immerito
3226 5243 3447 5299 omnino
3478 5243 3530 5298 id
3577 5246 3710 5298 vitio

2116 5316 2395 5360 verterunt
2425 5307 2713 5362 Catbolicis
2740 5309 3059 5374 Douatistm,
3083 5310 3224 5376 quod
3256 5328 3396 5366 unus
3424 5329 3490 5368 ex
3521 5330 3713 5370 eorum

2118 5377 2460 5452 Presbyteris
2485 5379 2962 5435 Circumcelliones
3003 5379 3057 5434 in
3105 5381 3348 5436 Basilicis
3375 5387 3591 5452 sepeliri
3624 5401 3715 5440 ve-

2121 5449 2305 5524 tuerit,
2343 5465 2465 5524 cum
2516 5452 2792 5524 sepultura
2845 5453 2896 5506 in
2942 5453 3103 5509 domo
3131 5454 3223 5507 Dei
3253 5471 3355 5508 non
3397 5449 3571 5509 soleat
3596 5471 3717 5524 pas-

2118 5522 2810 5595 simgconcedi‘omnibus,
2865 5525 3033 5578 multo
3075 5527 3254 5578 minus
3303 5522 3717 5595 sceleratis‘qui

2119 5593 2314 5646 nterito
2340 5592 2618 5648 interfecti
2643 5591 2874 5648 fuerant.
2907 5595 2982 5650 DU
3015 5595 3128 5649 PIN.

2193 5664 2308 5730 (85)
2338 5662 2535 5717 Eorum
2569 5674 2760 5730 postea.
2789 5665 2862 5719 Ex
2898 5664 2982 5719 his
3030 5665 3230 5720 insanis
3255 5661 3448 5732 quibus
3479 5665 3720 5734 sepulti?-

2122 5748 2234 5786 ram
2287 5736 2591 5805 denegastis
2637 5735 2875 5790 Donatus
2921 5735 3230 5805 Bagaiensis
3259 5735 3461 5805 turbam
3491 5745 3545 5790 et
3572 5737 3716 5792 mili-

2128 5812 2206 5856 tes
2238 5805 2339 5858 sibi
2367 5804 2618 5860 conduxit
2649 5806 2906 5861 adversus
2939 5804 3251 5861 blacarium.
3286 5804 3517 5860 ALBASP.

3043 4757 3202 4811 quam
3253 4740 3573 4800 Christianis
3622 4749 3706 4802 in-
