4152 6166
468 285 610 342 1M5
668 329 672 332 .

1634 284 1877 343 SANCTI
1914 284 2167 343 ΟΡΤΑΤῙ
2210 283 2513 341 EPISCOPI

3598 288 3755 373 imo

467 383 520 436 in
553 379 842 439 vindictam
871 382 967 438 Dei
1010 380 1188 437 nullus
1232 386 1507 438 mereatur
1535 380 1730 437 occidi.
1777 380 1858 452 (1)
1885 380 2057 437 Nemo
2086 383 2137 444 Α
2161 383 2258 437 cisi
2286 394 2408 436 esse
2428 379 2699 435 dicuntur.
2732 379 2813 437 Sit
2842 378 3105 437 Macarius
3131 393 3278 454 reus,
3311 378 3366 435 in
3397 393 3465 436 eo
3490 380 3631 450 quod
3663 397 3759 439 so-

466 482 584 528 erat
630 473 911 529 laedendus
956 472 1024 529 ab
1071 474 1334 543 operariis
1381 474 1641 541 unitatis,
1699 472 1795 529 sed
1844 488 1945 529 nec
1987 472 2056 529 ab

386 610 389 613 .
467 565 733 636 episcopis
760 565 1010 620 mandata
1040 565 1221 622 divina
1251 566 1526 622 contemni
1555 566 1853 622 debuerant
1895 584 1908 620 :
1941 566 2057 637 quia

468 655 569 711 bus
615 665 942 728 praaceptum
989 665 1110 713 est:
1164 659 1349 726 Qutcre
1387 675 1564 731 pacem
1588 701 1604 725 ,
1648 668 1696 714 et
1737 660 2058 730 consequeris

468 764 578 803 eam
614 747 731 821 (Ps.
774 766 982 827 χχχιιι,
1031 750 1167 823 15);
1220 761 1275 808 et
1319 752 1516 808 iterum
1559 769 1755 823 :quam
1796 752 1983 807 bonum
2010 762 2059 806 et

468 857 622 910 quam
659 844 952 914 jucundum
991 842 1226 898 habitare
1254 844 1443 910 fratres
1462 844 1516 898 in
1538 861 1697 899 unum
1710 843 1829 917 (Ps.
1856 859 2058 910 cxxxn,

469 931 557 1005 i);
589 942 645 990 et
671 934 865 990 iterum
893 978 908 1003 ,
960 936 1132 1006 [elices
1159 937 1365 1007 paciﬁci
1389 978 1403 1004 ,
1435 939 1557 1007 quia
1586 938 1687 1007 ipsi
1718 938 1813 1008 ﬁlii
1840 936 1939 992 Dei
1969 952 2060 991 vo—

470 1027 725 1082 cabuntur
752 1028 968 1101 (Matth.
995 1045 1047 1095 v,
1066 1028 1145 1102 9).
1166 1029 1280 1085 [loc
1307 1030 1398 1101 qui
1429 1045 1528 1085 nec
1556 1030 1787 1085 libenter
1815 1028 2062 1085 volebant

469 1118 696 1186 audire,
735 1136 835 1175 nec
864 1121 1057 1177 devote
1089 1121 1269 1178 facere
1298 1123 1622 1189 voluerunt;
1670 1122 1929 1194 quidquid
1964 1137 2060 1192 po-

470 1219 687 1265 tuerunt
719 1213 827 1282 pati
854 1230 866 1265 :
898 1214 942 1267 si
974 1212 1147 1268 occidi
1179 1215 1377 1270 malum
1410 1225 1514 1284 est,
1545 1216 1673 1270 mali
1703 1216 1784 1272 sui
1815 1216 1914 1285 ipsi
1941 1224 2065 1270 sunt

467 1316 650 1358 causa.

540 1393 655 1450 VII.
701 1393 968 1451 Macarius
1011 1415 1043 1451 a
1074 1398 1461 1454 Donatistarum
1506 1401 1778 1455 calumniis
1826 1401 2062 1472 defendi-

470 1497 575 1541 tur.
597 1518 669 1529 —-
691 1488 797 1544 Sed
841 1491 1145 1561 arguendus
1176 1495 1255 1563 (ut
1293 1493 1496 1566 dicitis)
1524 1495 1677 1550 vobis
1709 1495 1921 1551 videtur
1945 1511 2065 1552 esse

470 1580 735 1636 Macarius
756 1624 769 1648 ,
803 1598 924 1638 cum
957 1585 1231 1641 voluntate
1262 1586 1358 1643 Dei
1389 1588 1667 1643 aestimatis
1697 1604 1819 1644 eum
1851 1590 1955 1644 hoc
1982 1587 2065 1643 fa-

467 1687 593 1728 cere
623 1688 730 1729 non
763 1676 1001 1745 potuisse
1030 1677 1077 1730 ⁸.
1137 1677 1359 1753 Habetis
1401 1680 1707 1751 hujusmodi
1755 1696 1877 1737 reos
1922 1682 2062 1737 anti-

2160 473 2243 530 lus
2266 474 2420 530 nobis
2446 473 2831 542 nescientibus,
2855 474 2951 529 sed
2976 474 3129 530 vobis
3159 473 3578 544 provocantibus
3604 474 3759 530 fecit.

2159 566 2337 636 Quare
2364 566 2519 622 nobis
2550 564 2609 620 tit
2635 565 2857 631 invidia,
2886 580 3007 622 cum
3035 566 3209 621 aliena
3235 575 3364 621 sunt
3388 567 3525 622 facta
3553 567 3577 621 2
3613 576 3671 624 et
3700 567 3762 623 in

2161 658 2315 714 vobis
2343 668 2428 714 est
2465 673 2665 723 causa;
2716 657 2837 728 quia
2870 667 3093 728 propter
3115 672 3247 726 vos,
3273 659 3365 730 qui
3397 656 3526 713 foris
3554 657 3765 728 fuistis,

2162 767 2485 824 quamquam
2514 760 2569 808 et
2590 767 2734 808 nunc
2761 751 2894 807 foris
2916 766 3039 808 esse
3067 742 3391 815 videamini,
3410 751 3660 808 evenisse
3679 752 3771 808 di-

2163 846 2342 911 citur;
2394 860 2502 901 non
2534 853 2756 915 propter
2785 858 2924 909 nos,
2975 844 3068 913 qui
3116 844 3257 898 intus
3309 843 3611 899 habitamus
3639 886 3656 910 ,
3709 853 3772 899 et

2163 953 2454 1009 numquam
2486 938 2553 993 de
2582 936 2762 992 radice
2785 937 3129 991 recessimus.
3165 935 3269 992 Sed
3298 937 3424 1007 quia
3453 950 3613 1007 supra
3648 951 3769 991 me-

2165 1040 2499 1085 moratorum
2543 1043 2802 1100 personas
2843 1043 2938 1098 per
2967 1028 3208 1083 ordinem
3251 1028 3522 1096 diximus,
3573 1029 3771 1084 viden.

2165 1141 2285 1180 mus
2310 1139 2478 1196 quare
2505 1124 2717 1196 Moyses
2745 1123 2850 1177 tria
2878 1122 3045 1176 millia
3076 1120 3353 1176 hominum
3393 1122 3555 1191 jussit
3582 1121 3770 1177 occidi

2166 1216 2366 1288 (Exod.
2417 1213 2630 1287 xxxn);
2682 1228 2853 1285 quare
2899 1212 3136 1270 Phinees
3186 1213 3296 1269 duo
3343 1212 3533 1285 (Num.
3577 1213 3769 1286 xxv);

2164 1317 2220 1364 et
2240 1323 2406 1379 quare
2428 1307 2576 1363 Elias
2596 1306 3019 1378 quadringentos
3042 1316 3095 1362 et
3114 1306 3498 1378 quinquaginta
3517 1305 3608 1379 (IIl
3627 1305 3768 1377 Reg.

2168 1400 2324 1471 xvnt)
2350 1415 2364 1465 ;
2427 1413 2593 1469 quare
2618 1395 2881 1453 Macarius
2907 1398 3047 1452 duos
3072 1439 3087 1464 ,
3114 1412 3345 1466 quorum
3372 1397 3589 1452 nomina
3620 1412 3770 1467 quo-

2168 1490 2300 1546 tidie
2325 1491 2407 1562 (ut
2433 1505 2593 1559 supra
2624 1489 2762 1560 dixi)
2795 1488 3013 1545 ﬂabello
3044 1488 3258 1544 invidia:
3289 1489 3581 1543 ventilatis.
3612 1488 3772 1544 Con-

2168 1592 2276 1637 stat
2306 1584 2357 1637 in
2386 1596 2481 1638 eos
2528 1581 2830 1637 vindicasse
2854 1622 2871 1649 ,
2921 1596 2951 1635 a
2988 1582 3184 1652 quibus
3225 1580 3399 1651 jussio
3427 1580 3607 1636 divina
3635 1594 3774 1636 con-

2171 1683 2370 1745 tempta
2390 1686 2494 1730 est.
2527 1673 2683 1741 Nam,
2717 1671 2839 1728 Non
2862 1673 2952 1727 tibi
2978 1673 3134 1743 facies
3157 1672 3397 1743 sculptile
3421 1670 3618 1743 (Exod.
3644 1672 3768 1742 xx),

467 1780 604 1836 quos
630 1784 643 1820 :
675 1778 926 1823 accusate
957 1770 1131 1840 primo
1161 1770 1423 1843 Moysen],
1458 1773 1629 1842 ipsum
1662 1773 2057 1843 legislatorem;
2091 1761 2139 1822 B
2166 1768 2263 1823 Dei
2292 1785 2391 1822 vox
2420 1775 2541 1822 est:
2575 1775 2664 1835 et,
2697 1784 2800 1822 non
2829 1767 2991 1838 [acies
3016 1767 3359 1833 adulterium,
3390 1766 3635 1837 ejusdem
3666 1766 3775 1822 Dei

468 1861 557 1930 qui
590 1876 710 1914 cum
742 1861 809 1916 de
840 1861 970 1917 Sina
998 1872 1182 1917 monte
1213 1863 1601 1930 descenderet,
1634 1880 1802 1935 prope
1832 1868 2063 1921 necdum

468 1953 809 2023 propositisb
845 1955 1038 2011 tabulis
1083 1956 1215 2026 legis
1240 1998 1255 2022 ,
1305 1958 1356 2011 in
1388 1958 1583 2028 quibus
1622 1959 1880 2030 scriptum
1911 1969 2061 2030 erat,

469 2061 571 2099 non
598 2046 831 2101 occides:
857 2047 956 2101 tria
981 2048 1145 2102 millia
1175 2048 1453 2103 hominum
1475 2065 1585 2105 uno
1607 2062 1882 2107 momento
1906 2053 2066 2124 jussit

473 2138 668 2193 occidi.
713 2138 1006 2194 Macarium
1038 2139 1253 2196 diﬂ'erte
1284 2142 1578 2213 paulisper,
1615 2143 1869 2200 Phineem
1899 2145 2065 2205 tilium

470 2230 795 2299 sacerdotis,
823 2247 983 2302 quem
1015 2232 1176 2304 paulo
1200 2243 1328 2289 ante
1352 2235 1670 2301 memoravi,
1699 2236 1875 2307 primo
1902 2236 1981 2308 (2)
2012 2238 2067 2294 in

465 2321 728 2393 judicium
761 2332 1050 2394 provocate
1076 2324 1267 2398 (Num.
1299 2326 1471 2398 xxv):
1521 2327 1569 2383 si
1619 2335 1798 2383 tamen
1850 2329 2070 2386 invene-

471 2416 589 2471 ritis
621 2424 817 2485 prmter
847 2416 1011 2471 Deum
1043 2417 1309 2488 aliquemc
1354 2418 1613 2489 judicem.
1647 2419 1783 2475 Nam
1812 2421 1955 2492 quod
1981 2438 2071 2478 ac-

471 2509 672 2565 cuszttis
701 2511 755 2563 in
787 2525 1013 2579 persona
1047 2512 1216 2581 ipsius
1239 2554 1256 2581 ,
1305 2529 1336 2567 a
1367 2512 1480 2568 Deo
1508 2514 1781 2569 laudatum
1812 2524 1895 2571 est
1926 2515 2070 2586 quod

474 2601 527 2656 in
557 2603 675 2657 zelo
705 2602 799 2658 Dei
831 2601 1030 2658 factum
1062 2614 1165 2659 est.
1194 2602 1272 2679 (5)
1302 2604 1634 2677 Supprimite
1661 2607 1878 2663 interim
1910 2623 2071 2666 voces

471 2710 607 2765 quas
637 2696 690 2750 in
718 2695 1006 2752 Macarium
1038 2697 1205 2753 dictat
1238 2698 1461 2756 invidia.
1510 2699 1793 2758 Recurrite
1822 2698 1849 2740 ά
1895 2702 2071 2773 primo

475 2791 541 2845 ad
571 2790 744 2846 Eliam
772 2801 796 2829 θ
822 2791 1162 2863 prophetam,
1191 2794 1283 2865 qui
1314 2795 1367 2849 in
1397 2795 1513 2851 rivo
1538 2794 1724 2865 Cison,
1756 2811 1878 2851 cum
1911 2812 2063 2867 pare-

474 2892 558 2939 ret
579 2884 839 2939 voluntati
869 2885 960 2939 Dei
983 2882 1003 2923 τ
1015 2927 1030 2951 ,
1049 2886 1559 2959 ιιιιίιιίιιιθείιιιιιεᾶ.
1579 2897 1633 2943 et
1649 2887 2072 2960 quadringentos

474 2976 693 3032 occidit.
738 2976 845 3033 Sed
871 2977 1011 3033 forte
1036 2978 1228 3035 dicatis
1250 3020 1266 3046 ,
1300 2980 1425 3035 illos
1449 2980 1644 3036 merito
1669 2982 1880 3037 occisos
1897 3024 1912 3048 ,
1937 2982 2072 3037 istos

475 3068 695 3139 indigne
717 3078 764 3122 8.
797 3069 1099 3142 Numquam
1129 3072 1373 3145 sequitur
1402 3072 1662 3140 vindicta,
1692 3073 1797 3129 nisi
1820 3073 1937 3143 ejus
1965 3089 2067 3129 an-

2168 1878 2274 1918 vox
2299 1869 2419 1919 est:
2450 1879 2555 1916 non
2584 1860 2901 1938 sacriﬁcabis
2927 1861 3081 1916 idolis
3104 1859 3221 1933 (Ps.
3249 1875 3445 1925 χχχιιι,
3471 1860 3583 1930 15),
3622 1859 3774 1915 idem

2170 1958 2312 2013 Deus
2340 1956 2551 2012 locutus
2580 1966 2663 2012 est
2692 1974 2705 2010 :
2756 1965 2810 2009 ct
2843 1968 2949 2009 non
2984 1954 3147 2010 facies
3186 1953 3418 2010 schisma
3447 1968 3461 2017 ;
3509 1960 3565 2006 et
3597 1968 3776 2024 quam

2172 2065 2349 2119 pacem
2377 2058 2424 2102 et
2446 2048 2767 2119 consequeris
2794 2062 2946 2113 eam,
2996 2045 3240 2117 ejusdem
3288 2054 3618 2114 praeceptum
3663 2053 3771 2099 est.

2171 2142 2533 2212 Temporibus
2553 2140 2723 2213 Moysi
2756 2140 2988 2212 populus
3016 2138 3180 2195 Israel
3210 2145 3371 2208 caput
3397 2136 3548 2191 vituli
3576 2136 3771 2201 coluit,

2172 2233 2315 2305 quod
2348 2234 2453 2289 illis
2478 2233 2740 2305 sacrilega
2773 2231 2990 2287 ﬂamma
3009 2231 3286 2298 conﬂavit;
3318 2230 3441 2285 ideo
3469 2230 3574 2285 tria‘
3600 2230 3773 2285 millia
3822 2261 3827 2265 η

2173 2326 2456 2381 hominum
2481 2324 2655 2380 occidi
2688 2332 3006 2381 meruerunt
3026 2365 3041 2390 ,
3084 2322 3208 2394 quia
3235 2321 3332 2377 Dei
3357 2337 3462 2377 vox
3487 2322 3774 2377 videbatur

2173 2434 2295 2477 esse
2325 2427 2658 2489 contempta.
2700 2416 2938 2473 Phinees
2965 2416 3240 2472 adulteros
3272 2431 3381 2471 uno
3411 2415 3520 2471 ictu
3552 2428 3777 2485 percus-

2173 2514 2283 2570 sit:
2318 2512 2525 2569 laudari
2552 2527 2582 2566 a
2609 2513 2720 2568 Deo
2751 2511 2980 2567 meruit:
3012 2511 3266 2581 quoniam
3298 2511 3604 2565 divinorum
3634 2526 3777 2580 pra:-

2173 2614 2454 2677 ceptorum
2477 2605 2507 2644 ιι
2532 2614 2937 2674 contemptores
2963 2604 3180 2660 occidit.
3212 2604 3279 2659 Et
3304 2602 3685 2673 quadringenti
3719 2611 3777 2658 et

2175 2698 2567 2772 quinquaginta
2586 2713 2724 2770 quos
2744 2698 2889 2753 Elias
2910 2697 3177 2753 occidisse
3207 2697 3421 2769 legitur,
3453 2695 3575 2751 ideo
3604 2696 3777 2752 occisi

2173 2804 2319 2862 sunt,
2345 2793 2469 2864 quia
2494 2800 2682 2849 contra
2706 2792 3005 2863 jussionem
3030 2791 3147 2858 Dei,
3182 2806 3276 2860 per
3298 2790 3441 2860 quod
3474 2790 3595 2845 falsi
3618 2790 3775 2845 vates

2174 2896 2351 2950 erant,
2380 2886 2473 2941 Dei
2505 2894 2773 2957 praecepta
2801 2890 3264 2953 contempserant.
3308 2882 3377 2938 Et
3406 2882 3508 2948 illi,
3539 2897 3774 2954 quorum

2176 2978 2486 3036 nominibus
2513 2978 2807 3034 Macarium
2834 2976 3160 3044 criminatis,
3190 2991 3294 3033 nec
3320 2991 3351 3031 a
3380 2976 3529 3031 falsis
3556 2976 3775 3032 vatibus

2175 3071 2335 3142 longe
2359 3080 2525 3136 sunt;
2570 3069 2695 3141 quia
2729 3083 2826 3124 vos
2852 3069 2997 3124 Deus
3023 3068 3160 3123 dixit
3205 3069 3416 3124 futuros
3441 3082 3564 3124 esse
3605 3067 3777 3125 falsos

477 3134 758 3217 tecesserit
802 3134 987 3219 causa.
1033 3134 1340 3220 Vindicav‘it
1385 3164 1478 3238 (ut
1530 3134 1788 3238 diximus)
1835 3134 2069 3239 Moyses,
2099 3134 2147 3200 δ
2177 3134 2350 3229 vates,
2380 3134 2523 3234 quod
2553 3134 2803 3233 proximo
2835 3161 2956 3217 loco
2985 3161 3258 3232 probaturi
3287 3175 3474 3216 sumus
3499 3178 3512 3213 :
3559 3169 3616 3216 et
3645 3160 3776 3216 dum

472 3253 767 3310 vindicavit
795 3255 963 3322 Elius,
996 3257 1289 3312 vindicavit
1314 3256 1583 3323 Phinees;
1614 3268 1667 3313 et
1699 3274 1804 3315 non
1829 3260 1993 3314 vultis
2016 3268 2074 3315 ut

472 3346 834 3405 vindicaverit
910 3347 1191 3405 Macarius.
1256 3347 1398 3405 Nihil
1452 3349 1789 3406 oﬂ‘enderant
1842 3356 1932 3421 qui
1982 3366 2075 3407 oc-

2181 3271 2368 3327 pacem
2400 3256 2692 3311 noluerunt
2720 3252 3018 3324 respicere.
3053 3268 3121 3309 ne
3147 3254 3199 3308 in
3231 3268 3339 3308 uno
3362 3267 3486 3308 cum
3515 3252 3776 3308 fratribus

2182 3349 2526 3415 habitarent,
2574 3357 2760 3405 contra
2812 3356 3079 3419 prazcepta
3127 3357 3183 3404 et
3221 3355 3411 3403 contra
3439 3348 3774 3404 voluntatem

1635 3494 1643 3500 ’
1702 3483 2087 3541 LECTIONES
2119 3482 2421 3540 VARIANT
2429 3482 2534 3538 ES.

537 3608 565 3637 ιι
588 3600 659 3651 Ita
681 3602 728 3652 in
747 3614 837 3652 ms.
863 3601 921 3651 P.
940 3600 992 3650 S.
1013 3599 1073 3650 In
1090 3613 1184 3651 ms.
1209 3599 1263 3650 S.
1282 3598 1341 3650 G.
1363 3597 1407 3651 si
1425 3598 1530 3651 sine
1573 3595 1808 3651 voluntate
1828 3598 1921 3649 Dei
1942 3595 2068 3650 testi-

470 3667 616 3720 matis
638 3676 747 3716 eum
762 3663 851 3727 hoc
867 3661 1056 3727 fecisse.
1078 3662 1132 3711 In
1157 3676 1247 3727 ms.
1274 3662 1404 3727 S._'l‘.
1432 3659 1537 3713 sine
1557 3659 1797 3727 polwttate
1830 3660 1921 3712 Dei
1940 3659 2070 3727 testi-

470 3729 613 3784 matis
627 3739 737 3777 eum
761 3725 852 3777 hoc
867 3722 1032 3791 facere
1324 3725 1532 3776 Primam
1556 3722 1819 3796 lectionem
1840 3731 1893 3775 ut
1914 3725 2072 3787 magis

472 3796 664 3857 planam
683 3796 737 3838 et
753 3787 977 3857 apertam
999 3787 1317 3857 praetulimus.

470 3849 517 3919 ᾖ
535 3856 565 3895 b
585 3853 647 3919 _ln
662 3864 755 3900 ms.
779 3849 833 3919 §.
859 3850 917 3919 ρ.
944 3849 1190 3919 depositis.

535 3920 559 3949 ο
585 3915 642 3966 In
663 3926 756 3963 ms.
780 3911 832 3962 8.
859 3912 918 3963 G.
936 3908 1159 3962 alterum.

2239 3601 2267 3637 ά
2288 3597 2346 3647 In
2362 3610 2485 3661 (mss.
2508 3596 2563 3648 S.
2577 3596 2638 3646 '1‘.
2663 3603 2715 3646 et
2735 3594 2794 3648 P.
2816 3595 2868 3647 S.
2886 3593 3125 3661 quibusin
3148 3593 3421 3648 Macarium
3438 3594 3575 3649 dicta
3590 3595 3778 3649 invidia

2176 3660 2405 3721 recurrit,
2429 3665 2477 3709 et
2502 3672 2520 3710 :
2542 3672 2654 3722 qua)
2676 3662 2925 3722 sententia
2950 3671 3121 3708 manca
3147 3666 3239 3709 est.

2244 3719 2951 3790 fMalein_m'§.S.T..aliwn.
3082 3779 3094 3790 _
3169 3788 3175 3790 _
3220 3788 3226 3790 Α
3274 3783 3307 3790 _
3349 3780 3360 3790 _

2246 3783 2267 3824 τ
2297 3782 2352 3834 In
2372 3798 2461 3835 ms.
2482 3783 2537 3833 S.
2556 3782 2615 3834 G.
2637 3796 2734 3834 una
2751 3781 2873 3833 hora
2892 3796 3003 3834 cum
3019 3779 3255 3834 voluntate
3269 3780 3379 3834 Dei.

2243 3848 2270 3887 8
2298 3846 2555 3896 Desuutin
2576 3859 2665 3896 ms.
2692 3845 2745 3896 S.
2773 3845 2834 3896 G.

2243 3908 2273 3949 h
2297 3908 2355 3959 In
2373 3922 2465 3960 ms.
2488 3909 2541 3960 S.
2567 3907 2627 3959 G.
2647 3908 3025 3967 mandatorumi

1801 4025 2162 4086 VARIORUM
2200 4026 2430 4083 NOTAE.

476 4160 600 4217 rat,
627 4150 845 4205 vinctus
875 4145 1051 4216 primo
1079 4145 1132 4200 in
1166 4144 1515 4217 possessione
1546 4144 1865 4217 Vegeselzn,
1885 4143 1936 4198 in
1966 4158 2069 4213 qua

477 4215 713 4280 Macario
739 4261 753 4283 ,
786 4215 907 4274 cum
936 4218 1206 4286 episcopis
1235 4216 1558 4286 quibusdam
1592 4215 1903 4270 Donatiauis
1927 4257 1942 4281 ,
1973 4228 2068 4269 oc-

473 4295 685 4357 currit,
739 4290 945 4345 funium
971 4288 1166 4343 ictibus
1193 4302 1369 4343 cassus
1399 4303 1522 4342 cum
1561 4287 1723 4342 sociis
1748 4329 1761 4347 .
1813 4286 1937 4341 inde
1975 4299 2071 4354 per

476 4367 683 4433 aliquas
730 4360 994 4433 Numidize
1044 4360 1290 4433 civitates
1340 4359 1443 4415 sub
1490 4360 1793 4433 arctissima
1839 4357 2068 4433 militum

476 4427 720 4491 custodia
758 4445 932 4499 usque
963 4430 1014 4483 in
1045 4430 1327 4485 castellum
1368 4444 1521 4484 nova:
1551 4429 1725 4485 Petra:
1757 4427 2071 4499 perductus,

478 4516 535 4561 et
574 4503 789 4561 tandem
823 4498 1007 4568 elapso
1033 4500 1318 4570 quatriduo
1346 4501 1413 4556 de
1449 4512 1613 4567 petra:
1642 4499 1879 4554 culmine
1906 4498 2068 4570 ami-

2178 4140 2405 4196 Marculi
2445 4149 2709 4197 mutatum
2741 4141 2795 4197 in
2827 4154 3023 4196 nomen
3058 4138 3327 4205 Marcelli,
3374 4138 3674 4196 Constantis
3716 4143 3769 4197 in

2173 4212 2482 4277 Constantii,
2507 4222 2562 4267 et
2588 4213 2656 4267 ab
2678 4212 2884 4284 Arionis
2914 4226 3010 4280 pro
3033 4210 3347 4284 Macarianis
3376 4213 3447 4268 de
3470 4228 3604 4284 rupe
3631 4229 3773 4284 pra:-

2175 4284 2429 4352 cipitatus
2477 4284 2696 4339 dicitur.
2750 4283 3003 4339 ltabanus
3048 4281 3344 4336 Marculum
3385 4283 3589 4350 pariter
3634 4281 3777 4339 inter

2179 4366 2449 4426 martyres
2479 4364 2745 4426 recenset.
2779 4354 2931 4426 H_aud
2962 4352 3125 4426 dubie
3154 4369 3260 4426 non
3281 4353 3417 4409 alius
3440 4353 3487 4409 is
3511 4364 3646 4410 esta
3668 4355 3774 4409 Do-

2178 4424 2426 4496 natiano.
2449 4426 2516 4481 de
2543 4441 2650 4496 quo
2683 4425 2769 4478 hic
2799 4424 3046 4493 Optatus.
3097 4424 3179 4479 Du
3208 4424 3323 4479 Pus.

2253 4496 2333 4568 (1)
2368 4495 2543 4568 (Nemo
2563 4493 2699 4550 erat.
2743 4496 3005 4568 Macarius
3035 4495 3306 4550 neminem
3339 4493 3574 4568 debebat
3601 4496 3772 4568 laede-

479 4556 983 4647 l‘i'te'prtecipitatns.
1018 4556 1396 4647 ln‘colla‘tione
1421 4556 1914 4647 Carthaginensi,c_.
1938 4567 2067 4647 18:7,
2097 4556 2150 4616 D
2180 4556 2381 4631 re,'sed
2412 4582 2586 4638 neque
2616 4582 2644 4620 a
2676 4567 2875 4623 vestris
2903 4567 3079 4621 unitas
3102 4576 3222 4621 erat
3251 4566 3622 4636 impedienda.
3664 4562 3775 4623 At.-

478 4638 701 4702 Dativus
742 4638 1029 4713 episcopus
1070 4642 1464 4697 Donatistarum
1510 4638 1928 4713 Novapetrensis
1972 4639 2068 4701 ait,

478 4709 869 4777 adversarium,
899 4709 1001 4767 hoc
1029 4723 1135 4778 est,
1166 4713 1479 4782 episcopum
1504 4709 1840 4782 Catholicum
1872 4725 1931 4762 se
1963 4724 2068 4782 non

477 4789 700 4853 habere,
730 4788 852 4855 quia
879 4784 1001 4855 illic
1018 4779 1370 4855 esthDantnusj
1387 4781 1653 4855 Marculus
1681 4782 1831 4855 cujus
1856 4779 2073 4855 stingui:

477 4876 593 4914 nem
616 4852 785 4927 exiget
816 4854 953 4927 Deus
986 4854 1040 4927 in
1069 4853 1151 4927 die
1173 4853 1384 4927 judicii.
1413 4852 1548 4927 Hinc
1574 4853 1761 4905 Donati
1783 4864 1830 4905 et
1855 4852 2071 4904 Mart-uli

479 4922 983 4984 nomina'translata
1016 4922 1185 4977 fuisse
1218 4922 1471 4994 videntur
1515 4922 1658 4994 inter
1689 4932 1957 4994 martyres
1984 4936 2074 4975 ca-

476 5000 712 5054 tholicos
738 5013 753 5059 ;
784 4995 976 5049 Donati
1005 4993 1220 5061 quidem
1250 4993 1315 5046 ad
1343 4993 1484 5049 diem
1514 4993 1537 5046 1
1568 4993 1737 5047 Martii
1764 4993 1851 5046 tthi
1881 5006 2070 5060 passus

477 5070 676 5125 dicitur
703 5067 845 5136 apud
880 5063 1182 5136 U_su:trdttln
1204 5061 1487 5136 :_Dﬁonatus
1515 5063 1816 5136 Carthagini
1844 5064 1948 5136 sub
1966 5062 2069 5136 Ur-

477 5142 622 5195 sacio
652 5132 780 5192 duce
808 5146 853 5190 et
881 5133 1188 5189 Marcellino
1216 5132 1444 5190 Tribuno
1467 5151 1485 5188 :
1516 5132 1800 5190 etMarculi
1831 5134 1897 5189 ad
1924 5135 2067 5188 diem

476 5210 551 5266 26
576 5207 893 5278 Novembris
905 5221 945 5278 _;_
960 5220 1081 5278 nam
1112 5204 1180 5278 de
1203 5220 1270 5278 eo
1296 5205 1601 5278 haechabet
1627 5205 2066 5278 Martyrologium

479 5281 749 5337 Usuardi:
794 5277 860 5331 In
893 5275 1199 5350 Nicomedia
1228 5277 1350 5350 (pro
1380 5277 1652 5350 Numidia)
1684 5274 1816 5331 beati
1841 5274 2070 5350 ΔΜανειιιὶ

477 5352 760 5407 sacerdotis
788 5359 834 5404 et
863 5349 1105 5419 martyris
1130 5350 1219 5414 qui
1240 5348 1561 5420 temporibus
1583 5348 1878 5420 Constantis
1900 5356 2068 5420 tyran-

477 5424 534 5477 ni
575 5422 974 5494 persecutiones
996 5416 1248 5474 maximas
1279 5416 1507 5494 _pértulit_
1533 5460 1546 5483 ,
1591 5417 1659 5471 ad
1691 5427 1975 5471 extremum
2002 5416 2066 5469 ab

477 5488 587 5549 alta
614 5511 741 5562 rupe
768 5491 1118 5562 prtecipitatus
1146 5499 1236 5543 est.
1270 5488 1612 5562 Conveniunt
1639 5502 1835 5562 nomen
1865 5494 2067 5562 mar-ty:

477 5566 553 5619 ris
575 5607 591 5631 ,
620 5555 965 5632 imperatoris
989 5571 1044 5614 et
1070 5561 1458 5632 genus_mortis
1482 5575 1497 5624 ;
1524 5573 1739 5632 potnen
1767 5558 1929 5611 etiam
1948 5555 2064 5632 loci

478 5625 588 5689 non
630 5625 853 5688 multum
885 5625 1180 5685 diversum.
1228 5626 1495 5699 Constans
1522 5629 1594 5682 ibi
1629 5637 1888 5699 tyrannus
1929 5625 2064 5681 dici-

479 5715 568 5758 tur
592 5748 606 5769 ,
654 5718 762 5774 quo
798 5702 1037 5774 epitheto
1063 5697 1371 5774 n_on_potuit
1414 5700 1512 5774 ui_s_i
1542 5714 1569 5751 a
1599 5697 1892 5774 Donatistis
1923 5699 2062 5754 infa-

481 5776 618 5831 mari
647 5769 766 5846 pius
795 5769 1064 5845 princeps.
1094 5769 1152 5826 lu
1179 5769 1422 5827 Romano
1452 5769 1835 5842 Martyrologio
1865 5783 2061 5826 nomen

2175 4652 2322 4693 BASP.

2249 4709 2329 4781 (τ’.)
2377 4707 2443 4783 In
2473 4709 3066 4783 judiciumpgovocgte;
3096 4708 3141 4783 si
3165 4716 3330 4783 tamen
3360 4709 3639 4783 inveneris,
3662 4720 3769 4767 etc.

2177 4776 2510 4835 Coiicinnitis
2539 4780 2704 4834 editio
2730 4776 2767 4833 Ξ
2793 4779 2883 4834 Fr.
2934 4778 3205 4839 Balduini,
3226 4781 3545 4835 inveneritis.
3571 4776 3772 4849 Quam-

2178 4864 2339 4919 quam
2390 4851 2504 4905 haec
2550 4860 2792 4917 tempora
2821 4866 2850 4903 a
2882 4850 3145 4920 theologis
3184 4850 3303 4918 ejus
3342 4852 3443 4920 nivi
3471 4892 3486 4915 ,
3536 4856 3771 4909 maxime

2181 4923 2353 4994 Afrisl
2381 4932 2770 4994 tam‘accurate
2797 4937 2901 4975 non
2934 4919 3312 4994 observentur.
3350 4919 3545 4994 qustes
3575 4926 3768 4994 praeci-

2181 5004 2285 5059 pue
2310 4989 2678 5063 Tertullianns
2726 5002 2781 5046 et
2811 4990 3100 5063 Arnobius.
3130 4990 3345 5058 Noster,
3389 4992 3485 5046 lib.
3531 4989 3592 5049 ι.’
3637 4996 3769 5063 Quia

2177 5062 2409 5131 quamvis
2436 5062 2565 5131 foris
2593 5064 2681 5128 sit,
2717 5073 2879 5117 tamen
2910 5078 2971 5116 ea:
3000 5061 3143 5116 nobis
3172 5063 3370 5116 existis.
3413 5063 3636 5121 lucent.

2252 5133 2337 5203 (3)
2380 5133 2700 5204 Supprimite
2739 5134 2943 5204 interim
2973 5132 3331 5204 vocesquibus
3372 5134 3428 5188 in
3454 5135 3765 5204 Macarium,

2175 5213 2273 5257 etc.
2317 5203 2601 5259 Editiones
2625 5205 2764 5266 aliae,
2794 5203 2976 5273 quibus
3007 5205 3062 5256 in
3092 5203 3383 5258 Macarium
3412 5205 3554 5260 dicta
3580 5210 3769 5262 inuidia

2175 5275 2425 5338 recurrit,
2460 5284 2506 5329 et
2536 5276 2699 5343 primo
2735 5276 2803 5326 ad
2831 5276 2991 5328 alium
3017 5274 3349 5345 praphetam,
3376 5287 3483 5331 etc.
3518 5277 3765 5342 fortasse.

2174 5344 2355 5413 quibus
2399 5347 2454 5399 in
2482 5346 2765 5399 Macarium
2811 5345 2948 5399 dicta
2980 5344 3171 5398 invidia
3216 5347 3455 5400 recurrit.
3504 5348 3768 5404 Recurrite

2176 5417 2365 5485 primo,
2396 5427 2502 5472 etc.
2533 5417 2615 5470 vel
2647 5417 2693 5470 si
2724 5417 2916 5479 mavis,
2947 5432 3075 5485 quas
3101 5417 3154 5469 in
3185 5415 3475 5471 Macarium
3506 5422 3669 5476 dictat
3693 5428 3768 5477 in-

2172 5487 2330 5542 vidia.
2390 5487 2688 5563 Recurrite,
2719 5496 2815 5563 etc.
2862 5485 3132 5563 Caeterum
3162 5488 3219 5542 τὸ
3257 5489 3426 5563 primo
3474 5506 3574 5559 pro
3602 5495 3761 5563 prius,

2169 5572 2294 5612 nam
2326 5566 2409 5613 ter
2432 5559 2711 5623 repetitur.
2755 5555 3026 5612 Recurrite
3053 5564 3232 5612 autem
3256 5555 3380 5627 quia
3409 5555 3535 5616 mox
3568 5555 3637 5619 ad
3660 5555 3766 5619 Ma?-

2167 5631 2373 5682 carium
2406 5627 2660 5682 redituris
2696 5670 2710 5691 ,
2765 5629 3016 5681 festinato
3058 5642 3195 5692 opus
3242 5639 3378 5683 erat.
3436 5630 3598 5686 Prius
3624 5635 3764 5689 enim

2165 5697 2410 5754 dixerat:
2445 5698 2733 5752 Macarium
2764 5698 2966 5765 dilferte
2988 5700 3271 5767 paulisper,
3297 5711 3407 5757 etc.
3443 5702 3761 5761 M.CASAUB.

2170 5769 2273 5824 Hic
2302 5771 2445 5825 locus
2474 5787 2505 5824 a
2534 5770 2678 5826 nobis
2706 5771 2971 5825 restitutus
3001 5778 3095 5824 est.
3530 5786 3539 5795 θ
