4152 6166
583 297 723 359 "HD

1758 287 2004 350 sarum
2038 288 2293 350 OPTA‘l'i
2333 271 2639 352 nrtscort

3693 305 3811 363 1090

582 417 838 484 fessores,
867 423 961 473 aut
985 413 1105 486 quis
1132 425 1322 470 eorum
1352 423 1551 480 negare
1576 415 1799 469 coactus
1823 414 1930 475 est,
1958 415 2014 463 et
2040 421 2169 463 con-
2197 409 2253 475 Α
2276 414 2362 464 tus
2389 406 2537 465 orbis
2567 406 2637 465 de
2666 405 2875 465 unitate
2902 403 3239 473 Catholica°,
3267 416 3463 479 preter
3480 420 3672 482 partem
3699 419 3817 474 Afri-

586 508 762 567 i‘essus
785 516 871 564 est
896 504 1215 565 Christum?
1259 502 1315 561 Si
1349 502 1514 574 igitur
1541 516 1642 559 nec
1670 498 2021 572 martyrium,
2051 501 2174 559 sino

584 599 782 663 Christi
827 596 1062 663 nominis
1104 596 1447 657 confessione
1494 608 1617 655 esse
1648 602 1872 665 potest,
1918 599 1975 649 et
2012 604 2174 651 nemo

585 693 866 755 confessus
891 700 995 757 est,
1016 700 1075 749 et
1098 690 1152 747 iu
1177 690 1411 746 vindicta
1438 695 1830 760 praceptorum
1852 684 1948 743 Dei
1973 683 2173 741 factum

583 798 688 855 est,
716 786 862 858 quod
896 785 1094 847 factum
1116 798 1244 841 esse
1272 782 1476 847 dicitis,
1507 790 1564 838 et
1588 795 1617 837 a
1648 779 1802 837 nobis
1827 777 2025 836 factum
2054 790 2176 833 esse

583 879 783 953 aliquid
808 894 913 939 non
939 878 1199 949 probatis,
1221 891 1344 937 cum
1371 874 1424 933 id
1449 873 1593 945 quod
1614 872 1810 930 factum
1831 879 1937 938 est,
1955 879 2009 929 et
2034 870 2176 929 Deus

586 972 784 1034 dixerit
812 971 893 1033 sic
921 970 1157 1037 futurum
1185 981 1328 1033 esse,
1360 976 1416 1024 et
1442 965 1561 1036 ejus
1589 972 1716 1020 sunt
1739 962 2006 1024 vindicata
2039 977 2178 1032 pra:-

584 1074 778 1136 ccpta:
826 1063 1004 1120 videte
1032 1078 1101 1122 ne
1131 1075 1238 1122 non
1275 1059 1451 1117 solum
1482 1072 1679 1117 vanum
1704 1098 1720 1124 ,
1766 1055 1861 1116 sed
1890 1054 2056 1112 etiam
2085 1069 2178 1109 su-

586 1155 956 1229 perstitiosum
1001 1153 1074 1210 sit
1117 1154 1235 1211 sine
1284 1150 1428 1211 bello
1456 1160 1700 1209 mortuos
1731 1148 1803 1209 ibi
1852 1161 2055 1217 ponere
2085 1147 2176 1205 ubi

586 1256 744 1316 sunt,
769 1248 861 1318 qui
893 1247 946 1302 in
974 1244 1247 1302 Christum
1278 1243 1509 1300 confessi
1539 1256 1637 1313 pro
1667 1242 1761 1301 Dei
1793 1240 2016 1297 nomine
2040 1239 2175 1297 mori

586 1347 876 1410 potuerunt
906 1356 921 1393 :
966 1349 1057 1393 aut
1081 1338 1127 1393 si
1157 1350 1253 1394 eos
1278 1346 1544 1407 martyres
1570 1348 1691 1391 esse
1720 1333 1912 1400 vultis,
1952 1331 2178 1403 probate

587 1432 711 1489 illos
735 1446 947 1487 amasse
979 1445 1165 1501 pacem
1191 1469 1206 1497 ,
1258 1429 1310 1483 in
1339 1442 1443 1499 qua
1470 1427 1641 1498 prima
1672 1434 1798 1483 sunt
1826 1423 2176 1485 fundamenta

587 1521 869 1594 martyrii;
918 1528 1014 1578 ant
1042 1519 1299 1576 dilexisse
1323 1518 1436 1574 Deo
1467 1518 1717 1589 placitam
1748 1514 2004 1573 unitatem
2030 1531 2046 1582 ;
2086 1523 2180 1579 aut

590 1613 840 1673 habuisse
856 1627 978 1669 cum
1009 1610 1265 1668 fratribus
1292 1609 1634 1666 charitatem.
1666 1607 2004 1667 Namomnes
2018 1605 2175 1661 Chri-

586 1704 813 1765 stianos‘
838 1705 1033 1769 fratres
1061 1717 1184 1760 esse
1212 1711 1267 1759 et
1309 1703 1362 1758 in
1410 1704 1586 1771 primo
1616 1700 1799 1759 libello
1832 1698 2179 1770 probavimus

2276 514 2387 566 cae,
2431 500 2484 554 in
2526 514 2628 569 qua
2674 499 2983 557 incendium
3032 500 3102 559 de
3139 494 3381 559 'scintilla
3423 505 3691 569 conflatum
3725 521 3813 567 est.

2275 590 2359 651 Ab
2403 592 2667 661 operariis
2732 592 2955 653 unitatis
2995 591 3286 664 querimini
3342 597 3518 653 nescio
3566 614 3679 670 quae
3717 617 3821 662 esse

2276 681 2583 741 commissa.
2617 682 2732 742 Hoc
2756 698 2862 741 non
2877 684 3126 754 queritur
3151 683 3306 741 italia
3326 690 3375 750 «ι,
3405 701 3507 743 non
3530 688 3707 756 Gallia,
3731 708 3821 750 non

2276 775 2531 847 Hispania
2553 819 2568 843 ,
2600 792 2706 832 non
2734 776 3036 844 Pannonia,
3079 791 3187 833 non
3223 777 3451 847 Galatia,
3493 796 3594 837 non
3621 782 3822 853 Graecia,

2277 883 2384 925 non
2413 884 2534 925 cum
2557 879 2636 925 tot
2657 870 2950 940 provinciis
2975 871 3086 927 suis
3108 870 3276 936 Asia;
3306 872 3430 942 quia
3452 872 3579 929 nihil
3608 874 3706 931 illic
3730 876 3827 932 fuas

2276 970 2362 1018 rat
2404 963 2823 1029 emendandum.
2876 963 3060 1024 nullus
3108 963 3237 1023 illuc
3278 966 3472 1022 missus
3511 978 3593 1023 est
3640 970 3657 1039 (
3681 980 3734 1024 ut
3767 971 3827 1026 ita

2278 1055 2531 1129 dixerim)
2556 1067 2732 1115 sartor
2760 1059 2813 1124 ’ς
2834 1065 2891 1115 et
2919 1059 3005 1114 hic
3033 1059 3089 1114 in
3124 1056 3308 1116 Africa
3331 1058 3632 1129 jamdudum
3661 1063 3829 1133 populo

2280 1152 2332 1208 in
2363 1155 2569 1213 unitate
2593 1153 2707 1226 66
2753 1163 3028 1218 manente,
3078 1154 3245 1209 vestis
3268 1154 3440 1210 fuerat
3462 1170 3619 1222 sana;
3664 1157 3832 1212 annuis

2280 1259 2444 1301 manu
2473 1243 2674 1303 inimici
2710 1244 2935 1302 discissa
2971 1253 3075 1300 est.
3124 1243 3439 1300 Pendcbaut
3475 1245 3833 1316 quodammudo

2281 1336 2440 1406 panni
2486 1335 2555 1391 de
2598 1350 2701 1391 una
2732 1335 2898 1391 vestis
2933 1336 3177 1407 origine;
3220 1346 3275 1391 et
3319 1336 3391 1392 de
3430 1351 3533 1391 una
3569 1336 3738 1393 radice
3762 1352 3839 1392 re-

2281 1427 2598 1494 nientes,ab
2624 1427 2861 1483 invicem
2890 1427 3049 1484 divisi
3077 1436 3205 1483 sunt
3226 1428 3385 1483 rami.
3420 1427 3536 1499 (i2)
3566 1427 3634 1484 lit
3649 1428 3760 1498 quid
3786 1445 3837 1483 se

2282 1535 2409 1592 pars
2468 1521 2608 1590 parti
2657 1518 3025 1591 anteponit“!
3070 1531 3128 1575 ttt
3169 1521 3298 1593 quid
3340 1536 3402 1577 se
3442 1536 3602 1592 super
3641 1522 3839 1577 alterum

2285 1628 2521 1684 pannum
2547 1614 2684 1670 alter
2715 1628 2923 1683 partitus
2949 1613 3181 1679 extollit,
3204 1627 3328 1669 cum
3360 1614 3633 1670 meliorem
3658 1628 3712 1668 se
3739 1626 3840 1682 pro-

2284 1705 2414 1763 bare
2458 1723 2564 1765 non
2618 1705 2854 1777 poterit?
2901 1705 3027 1776 quid
3065 1707 3210 1763 enim
3259 1705 3305 1762 si
3345 1705 3493 1760 dicat
3538 1713 3843 1774 contemptus

586 1806 640 1853 ei
666 1796 721 1853 in
748 1804 941 1862 quarto
969 1795 1342 1866 proculdubio
1371 1793 1648 1866 probaturi
1676 1805 1886 1849 sumus.
1912 1791 2062 1858 Quos
2091 1788 2174 1847 di-
2205 1791 2254 1851 B
2284 1813 2493 1868 patinus
2513 1839 2527 1863 ,
2554 1798 2693 1866 Quid
2731 1805 2783 1854 te
2821 1806 3025 1855 tantum
3062 1796 3319 1853 extollis?
3348 1794 3467 1870 (15)
3505 1796 3687 1853 Nonne
3713 1810 3844 1867 pares

587 1892 708 1949 citis
733 1890 1030 1961 appellari“|
1088 1897 1355 1960 martyres
1379 1928 1396 1955 ,
1441 1887 1733 1943 noluerunt
1773 1883 1969 1955 fratres
2006 1897 2176 1951 agno-

496 2055 500 2058 ,
588 1996 765 2049 scere,
795 1981 996 2041 nullam
1026 1979 1333 2039 habuerunt
1355 1977 1696 2036 charitatem.
1739 1974 1851 2031 Nec
1874 1974 2083 2029 dicatur
2110 1973 2179 2031 ad

587 2074 1016 2140 excusationem.
1040 2073 1165 2143 quia
1194 2071 1540 2129 traditoribus
1563 2069 1965 2127 communicare
1994 2067 2181 2127 uoluae

590 2178 752 2234 runt;
806 2182 930 2225 cum
981 2164 1423 2223 manifestissime
1468 2162 1753 2235 probatum
1797 2161 1907 2229 sit,
1958 2159 2180 2219 eosdem

589 2260 736 2329 ipsos
766 2258 906 2321 filios
929 2257 1099 2317 fuisse
1129 2256 1473 2315 traditarum.
1521 2254 1675 2311 Nulla
1706 2253 1869 2325 igitur
1897 2259 1985 2313 est
2010 2266 2180 2309 exeo-

588 2352 750 2419 satio,
772 2352 903 2423 quia
929 2351 1247 2411 charitatem
1277 2349 1399 2409 illos
1430 2363 1537 2408 non
1568 2345 1823 2403 habuisse
1849 2344 2181 2407 manifestis-

588 2445 726 2505 sime
753 2452 965 2503 constat
988 2484 1006 2511 ,
1057 2442 1177 2501 sine
1202 2457 1308 2514 qua
1340 2441 1546 2499 nullum
1576 2454 1678 2499 nec
1708 2439 1976 2499 nominari
2003 2444 2186 2509 potest

590 2545 674 2602 vel
699 2559 823 2602 esse
850 2545 1168 2617 martyrium
1194 2559 1209 2609 ;
1262 2542 1381 2598 sine
1409 2556 1514 2612 qua
1552 2539 1784 2596 maxima
1814 2547 1870 2595 et
1893 2536 2183 2608 imperiosa

587 2638 760 2694 virtus
789 2644 943 2693 caret
983 2635 1216 2701 effectu;
1264 2635 1383 2690 sine
1420 2648 1525 2705 qua
1570 2632 1701 2688 nihil
1747 2630 1891 2687 valet
1940 2627 2183 2689 omnium

589 2731 815 2788 scientia
842 2730 1144 2801 linguarum
1171 2745 1187 2794 ;
1228 2727 1346 2784 sine
1375 2742 1478 2798 qua
1506 2725 1642 2781 nihil
1669 2731 1848 2795 potest
1872 2722 2034 2778 etiam
2065 2720 2185 2792 (11)

590 2825 823 2881 societas
849 2823 1165 2894 angelorum
1188 2861 1205 2889 ,
1237 2820 1483 2890 apostolo
1512 2817 1680 2874 Paulo
1705 2815 1962 2873 dicente:
1993 2813 2058 2870 Si
2087 2812 2185 2868 hac

592 2917 736 2972 beant
763 2917 817 2971 in
846 2932 927 2970 me
954 2923 1251 2986 potestatem
1279 2912 1572 2984 imperandi
1600 2909 1890 2974 montibus,
1923 2915 1979 2963 ut
2009 2917 2187 2963 trans-

592 3010 763 3079 [eram
790 3024 844 3064 se
870 3007 938 3063 de
963 3007 1089 3062 locis
1117 3006 1174 3060 in
1202 3006 1316 3060 loca
1338 3044 1354 3072 ,
1404 3012 1453 3058 et
1492 3004 1676 3075 loquar
1700 3002 1929 3056 omnium
1956 3000 2187 3075 gentium

593 3101 813 3173 linguis,
864 3102 1020 3157 etiam
1059 3101 1360 3174 angelorum
1382 3141 1397 3167 ,
1445 3108 1495 3152 et
1521 3098 1707 3170 corpus
1753 3111 1921 3151 meum
1958 3095 2186 3165 ﬂammis

2283 1890 2587 1948 crevimus?
2632 1890 2686 1946 in
2720 1891 2967 1949 manibus
2996 1890 3405 1946 couiicientium
3452 1890 3609 1947 simul
3647 1888 3844 1945 [υἱωιεῖ

2284 1984 2424 2054 apud
2454 1984 2704 2048 lotorem.
2735 1985 2940 2055 pariter
2964 1983 3207 2041 mundati
3235 1983 3462 2043 sumus?
3504 1984 3739 2045 inimicus
3763 1997 3845 2037 nos

2285 2077 2455 2135 voluit
2495 2077 2563 2133 ab
2589 2076 2822 2135 invicem
2850 2078 3136 2145 excidere;
3184 2077 3536 2137 adversarius
3569 2078 3847 2150 pulcritudi-

2286 2183 2408 2223 nem
2447 2178 2686 2225 nostram
2731 2169 2901 2225 voluit
2935 2168 3264 2227 deformare.
3316 2169 3375 2226 In
3408 2179 3561 2241 parte
3586 2170 3739 2226 vestis
3764 2167 3843 2223 σάς

2286 2260 2393 2319 huc
2446 2277 2610 2321 unum
2663 2277 2875 2329 sumus,
2925 2263 3021 2320 sed
3066 2263 3120 2323 in
3170 2264 3390 2320 diversa
3416 2260 3845 2336 pendemus.(ii)

2285 2354 2439 2423 Quod
2471 2356 2613 2412 enim
2644 2355 2872 2413 scissum
2920 2365 3025 2423 est,
3058 2371 3126 2413 ex
3158 2368 3314 2427 parte
3353 2357 3585 2414 divisum
3622 2366 3715 2422 est,
3760 2369 3849 2415 non

2286 2461 2355 2505 ex
2404 2455 2546 2520 toto;
2579 2461 2703 2505 cum
2749 2455 2963 2504 constet
2993 2456 3021 2499 8
3050 2449 3286 2517 merito,
3318 2450 3448 2520 quia
3479 2448 3631 2505 nobis
3652 2457 3705 2504 et
3727 2446 3854 2502 vobis

2287 2537 2651 2596 ecclesiastica
2681 2553 2784 2595 una
2811 2549 2892 2594 est
2915 2536 3034 2610 (15)
3060 2540 3442 2607 conversatio;
3468 2540 3586 2597 etsi
3615 2538 3854 2594 hominum

2289 2632 2501 2703 litigant
2548 2642 2776 2699 mentes,
2820 2648 2926 2688 non
2972 2632 3191 2704 litigant
3234 2644 3603 2691 sacramenta.
3651 2630 3856 2700 Denique

2289 2737 2578 2793 possumus
2603 2732 2660 2780 et
2687 2738 2787 2779 nos
2814 2723 3034 2781 dicere:
3060 2723 3251 2793 Pares,
3281 2720 3679 2797 credidimus},
3702 2731 3749 2777 et
3772 2733 3858 2774 uno

2288 2815 2466 2885 sigillo
2495 2816 2693 2887 signati
2720 2830 2926 2883 sumus,
2959 2831 3060 2872 nec
3089 2816 3249 2873 aliter
3280 2817 3543 2888 baptizati
3571 2831 3720 2887 quam
3745 2826 3855 2868 vos:

2291 2910 2407 2983 (16)
2439 2911 2840 2967 Testamentum
2889 2912 3135 2968 divinum
3184 2914 3424 2985 legimus
3474 2915 3859 2985 pariter;untun

2292 3002 2461 3058 Deum
2493 3018 2782 3073 rogamus;
2824 3002 2942 3076 (t7)
2971 3004 3159 3060 Oratio
3204 3005 3495 3062 Dominica
3538 3003 3671 3076 apud
3710 3006 3864 3056 noset

2291 3096 2431 3166 apud
2468 3111 2569 3151 vos
2598 3110 2707 3151 una
2747 3107 2871 3163 est;
2924 3097 3022 3154 sed
3070 3098 3248 3152 scissa
3281 3098 3388 3172 (ut
3425 3112 3585 3168 supra
3621 3087 3863 3159 diximus)

593 3196 818 3261 tradunt,
847 3204 895 3251 et
921 3197 1220 3250 charitatem
1247 3194 1298 3248 in
1338 3209 1419 3248 me
1446 3209 1548 3247 non
1574 3191 1791 3246 habeam
1815 3230 1830 3252 ,
1874 3188 2008 3251 nihil
2031 3203 2143 3247 sum
2170 3203 2188 3241 :
2216 3177 2262 3249 C
2294 3199 2447 3261 parte
2479 3186 2525 3257 ί,
2557 3190 2796 3259 partibus
2840 3187 2966 3243 hinc
2996 3195 3170 3258 atque
3200 3189 3337 3244 inde
3364 3185 3737 3261 pendentibus,
3773 3193 3866 3235 sar-

590 3289 681 3346 aed
711 3305 798 3344 ero
823 3298 1152 3350 teretitantum
1178 3289 1400 3347 tiuuiens
1429 3287 1485 3343 in
1511 3286 1732 3352 deserto,
1757 3293 1811 3339 ut
1840 3290 2019 3356 pereat
2046 3281 2187 3341 uocis

595 3398 744 3454 opus,
774 3382 864 3435 ubi
910 3382 1086 3437 nullus
1129 3384 1351 3437 occurrit
1393 3381 1602 3435 auditus
1629 3378 1673 3447 (l
1706 3377 1826 3439 Cor.
1858 3392 1973 3445 xm,
2006 3374 2083 3449 i).
2128 3374 2187 3430 Si

597 3486 745 3533 tanta
774 3492 882 3545 res,
915 3478 960 3532 si
990 3476 1182 3533 beatus
1210 3475 1431 3539 Paulus,
1457 3474 1505 3529 si
1535 3488 1629 3533 vas
1655 3470 1964 3539 electiOuis,
1995 3482 2189 3538 quam-

596 3568 678 3625 vis
706 3573 757 3624 in
788 3568 1078 3638 imperiosa
1108 3570 1304 3623 virtute
1329 3576 1385 3621 et
1408 3565 1724 3641 angelorum
1752 3564 2045 3628 societate,
2075 3575 2193 3639 pro-

594 3662 807 3723 nuntiat
832 3676 894 3717 se
914 3659 1044 3717 nihil
1066 3674 1206 3725 esse,
1228 3660 1330 3717 nisi
1352 3660 1670 3719 charitatent
1694 3658 1971 3721 habuerit:
1991 3657 2190 3726 videte,

595 3771 665 3810 an
695 3770 801 3809 nou
829 3756 1391 3827 dicantur'martyres,
1421 3754 1516 3810 scd
1548 3753 1749 3824 aliquid
1776 3753 1922 3808 aliud
1949 3760 1980 3801 h
2012 3753 2195 3829 appel-

596 3846 696 3901 lari
722 3857 1031 3902 mereantur
1058 3889 1073 3913 ,
1102 3850 1192 3918 qui
1225 3846 1509 3902 charitatis
1538 3847 1846 3903 desertores
1875 3861 1975 3917 pro
2001 3845 2193 3905 eadem

596 3938 908 3995 desertione
942 3941 1048 4010 pati
1080 3940 1278 4011 aliquid
1309 3948 1623 4010 potuerunt.

666 4031 758 4097 lx.
790 4031 1134 4097 Procuranda
1160 4041 1270 4095 erat
1294 4034 1467 4091 unitas
1489 4034 1542 4087 in
1567 4032 1764 4103 Africa.
1787 4061 1858 4074 -—
1874 4031 2086 4089 Gaudet
2113 4040 2197 4087 to-

2292 3295 2407 3339 turn
2456 3282 2630 3338 fuerat
2668 3282 2998 3341 necessaria.
3050 3281 3118 3337 Et
3161 3290 3353 3339 tamen
3402 3282 3561 3352 hujus
3590 3278 3666 3339 rei
3707 3273 3869 3337 artifex

2293 3383 2385 3429 aut
2413 3374 2714 3443 Opuraritts,
2748 3372 2875 3427 dum
2915 3371 3032 3427 vult
3057 3382 3273 3427 vestcm
3317 3372 3373 3428 in
3406 3373 3675 3442 antiquam
3706 3364 3867 3420 faciem

2292 3479 2575 3530 revocare,
2609 3463 2784 3517 vicina
2807 3462 2893 3517 ﬁla
2922 3464 3264 3535 compungit.
3290 3464 3561 3534 Displicet
3585 3460 3675 3517 tibi
3702 3465 3868 3516 sat-tor.

2294 3560 2386 3638 qui
2414 3558 2729 3624 scissuram,
2758 3556 2883 3618 dum
2911 3565 3087 3627 sanat,
3119 3558 3409 3627 vulnerat;
3442 3557 3537 3619 ille
3566 3555 3656 3617 tibi
3683 3549 3862 3627 magisi

2299 3652 2603 3722 displiceat,
2636 3651 2725 3721 qui
2774 3649 2922 3717 fecit,
2970 3649 3085 3704 uti
3113 3659 3303 3705 sartor
3353 3664 3584 3721 peccare
3628 3645 3872 3717 potuisset.

2299 3748 2432 3817 Quae
2451 3748 2506 3801 in
2517 3761 2614 3801 vos
2636 3744 2704 3799 ab
2724 3744 2990 3815 operariis
3009 3743 3442 3815 unitatisﬁicitis
3457 3757 3580 3799 esse
3591 3735 3874 3796 commissa;

2301 3849 2394 3896 aut
2430 3839 2496 3894 ad
2547 3848 2796 3909 parentes
2839 3844 3050 3892 vestros
3091 3837 3423 3906 pertinent,
3473 3850 3699 3906 quorum
3744 3837 3876 3883 causa

2300 3932 2440 3989 facta
2464 3940 2628 3998 sunt;
2659 3940 2750 3984 aut
2775 3944 2843 3986 ex
2864 3927 3141 3983 voluntate
3168 3929 3266 3983 Dei
3298 3926 3663 3985 descendunt.
3689 3920 3785 3977 Nos
3804 3930 3878 3969 au-

2303 4039 2410 4093 tem
2447 4022 2467 4062 ι
2499 4023 2625 4079 inde
2649 4022 2816 4078 alieni
2846 4033 3055 4077 sumus.

1837 4145 2223 4204 LECTIONES
2254 4137 2673 4199 VAHIANTES.

661 4242 690 4317 ξ
711 4240 768 4317 in
781 4256 875 4317 ms.
970 4243 1028 4295 T.
1048 4254 1168 4308 quos
1182 4241 1349 4317 dicitis
1370 4239 1830 4317 debere‘appettart.

657 4303 688 4343 δ
714 4307 871 4357 Deest
891 4307 938 4356 in
965 4303 1078 4357 mss'.
1103 4308 1195 4356 sed
1218 4306 1573 4356 necessarium.

665 4372 687 4401 ο
716 4369 771 4420 In
792 4383 886 4419 ms.
910 4371 967 4423 Β.
992 4370 1050 4420 G.
1078 4367 1358 4420 Catholica.

660 4429 689 4470 (ι
714 4429 768 4497 in
793 4444 886 4483 ms.
905 4432 957 4482 S.
985 4432 1046 4483 G.
1066 4446 1154 4496 pro
1173 4429 1342 4497 Italia,
1377 4430 1586 4483 habetur
1610 4426 1771 4489 Gallia
1792 4441 1812 4487 ;
1836 4433 2099 4493 utrumque
2115 4440 2202 4479 rc-

599 4494 871 4559 posuimus-

669 4556 693 4586 ο
721 4552 848 4603 Male
872 4556 921 4603 in
939 4566 1032 4605 ms.
1057 4554 1112 4605 S.
1135 4554 1195 4606 G.
1219 4560 1370 4607 sator.

669 4616 691 4657 ι
716 4615 835 4681 llaec
856 4617 1192 4681 supplevimus
1215 4631 1280 4669 ex
1300 4631 1389 4667 ms.
1416 4617 1471 4669 S.
1494 4617 1553 4681 (Ξ.

668 4683 697 4729 Ι
722 4678 1046 4737 Desunt'btec
1071 4680 1223 4731 verba
1243 4682 1292 4731 in
1306 4693 1399 4731 ma.
1419 4681 1474 4735 S.
1498 4678 1559 4733 (ὲ.

2365 4231 2396 4273 Ιι
2420 4232 2474 4283 in
2497 4245 2588 4282 ms.
2610 4231 2663 4280 S.
2688 4229 2749 4281 Τ,
2774 4228 3041 4282 credimus.

2369 4296 2387 4335 ί
2418 4273 2679 4345 initiis}.
2697 4273 2855 4343 ’871":
2861 4273 3039 4341 "iii;
3067 4303 3159 4340 ms.
3182 4290 3241 4341 S.
3271 4289 3337 4341 ϐ.
3386 4289 3499 4339 haec
3539 4287 3767 4337 habentur
3786 4273 3885 4345 {894

2302 4341 2838 4420 scissura—Viut‘supra
2867 4350 3107 4416 diximus)
3131 4351 3292 4417 facta.
3319 4351 3539 4416 Utrique
3561 4350 3730 4402 eadem
3746 4341 3889 4394 subest

2304 4424 2455 4472 notio.
3133 4432 3138 4443 ί

2368 4487 2383 4534 i
2418 4483 2538 4533 Haec
2557 4493 2651 4532 vox
2673 4479 2820 4528 deest
2834 4479 2887 4527 in
2909 4489 3025 4526 mss.
3048 4477 3101 4528 S.
3126 4476 3188 4529 Τ.
3217 4483 3277 4529 et
3298 4476 3360 4527 Ρ.
3387 4478 3442 4528 S.

2369 4545 2397 4585 Ιι
2421 4545 2479 4597 In
2500 4556 2592 4595 ms.
2616 4543 2674 4592 Β.
2700 4540 2761 4591 (ἶ.
2785 4538 2887 4597 ubi.

2372 4609 2394 4647 1
2419 4608 2474 4665 ln
2497 4618 2589 4661 ms.
2613 4607 2668 4657 S.
2687 4603 2748 4656 Τ.
2766 4608 2942 4661 tamen.

1949 4779 2306 4849 VARIORUM
2344 4777 2577 4835 ΝΟΤΕ.

677 4882 795 4954 (il)
817 4880 1075 4955 _Socie_taa
1126 4881 1459 4955 Angelorum.
1488 4878 1716 4955 Videtur
1764 4878 2035 4955 capiicare
2090 4875 2208 4955 inec
2310 4874 2385 4955 tio
2407 4873 2462 4940 Ξ,
2480 4870 2646 4927 habet
2676 4888 2689 4925 :
2715 4870 2770 4925 in
2793 4885 2881 4926 ove
2914 4884 3064 4941 pares
3090 4868 3379 4922 crevimus.
3415 4865 3636 4921 iNCBR‘l'.
3668 4857 3748 4914 Ita
3770 4848 3887 4908 resti-

610 4948 850 5023 Apostoli
883 4953 1069 5019 verba,
1102 4948 1255 5008 etiam
1295 4951 1629 5020 Angelorum,
1677 4950 1746 5007 de
1772 4951 1949 5021 aliqua
1974 4948 2210 5023 cumeis
2313 4954 2498 5023 tutum.

611 5020 871 5083 societate
899 5032 955 5077 et
980 5028 1364 5085 conttntunione
1393 5041 1408 5078 :
1444 5031 1494 5077 et
1543 5023 1684 5093 loqui
1708 5020 1935 5077 omnium
1961 5020 2211 5093 rgentiunt

613 5093 844 5162 tinguis,
903 5110 1025 5153 esse
1065 5095 1324 5165 epistolas
1373 5092 1879 5150 communicatorias
1916 5092 1991 5165 ab
2037 5092 2210 5165 omni.

614 5165 714 5221 bus
743 5165 991 5234 gentibus
1014 5162 1285 5237 accipere,
1310 5178 1363 5224 et
1394 5182 1515 5223 cum
1546 5165 1627 5222 eis
1654 5164 2073 5229 communicare.
2102 5162 2211 5227 Δια

614 5249 763 5291 ΒΔΘΡ.

689 5328 805 5404 (η)
858 5329 929 5386 Ut
961 5330 1085 5401 quid
1137 5347 1258 5404 pars
1305 5333 1440 5404 parti
1492 5347 1548 5386 se
1583 5323 1865 5404 anteponit.
1909 5326 2209 5404 orthodoxi

618 5399 872 5457 volebant
895 5399 1439 5457 communicare'cum
1472 5399 1783 5465 Donatistis;
1809 5399 2211 5455 Donatistmnu.

617 5483 727 5528 tem
773 5472 1195 5536 reinctahantur,
1238 5481 1293 5527 et
1321 5488 1506 5528 eorum
1545 5470 2086 5527 communicationem
2134 5467 2215 5522 iu—

617 5544 836 5616 giebant
856 5586 870 5609 ,
896 5553 1223 5615 quapmpter
1244 5558 1364 5603 sese
1391 5542 1814 5612 anteponebant.
1845 5545 2071 5601 Atnasr.

692 5636 813 5712 (i3)
842 5635 906 5691 In
928 5653 1037 5691 ore.
1068 5635 1261 5692 Melius
1278 5650 1434 5705 quam
1459 5651 1647 5690 nonne.
1666 5632 1895 5689 Annasr.

693 5732 831 5809 ibid.
883 5731 1071 5809 Nonne
1105 5748 1229 5809 pars
1258 5732 1527 5787 crevimus.
1570 5724 2221 5809 Pitcrba‘c‘iegensanif

629 5796 932 5863 madvertat
954 5796 1237 5887 legendum
1253 5820 1402 5891 pares
1422 5819 1529 5886 non
1553 5818 1693 5891 pars.
1719 5799 1811 5880 Fr.
1835 5796 2082 5873 Balduiui
2109 5796 2225 5863 edi-

2384 5015 2499 5086 (14)
2534 5013 2686 5083 Quod
2710 5012 3105 5086 enimfsrissunt
3144 5020 3266 5086 est‘,
3303 5026 3372 5073 ea:
3395 5016 3546 5086 parte
3573 4999 3889 5086 divisutng’.

2313 5067 2724 5142 etcfShbiiiiter
2751 5083 3029 5153 distinguit
3062 5082 3204 5137 inter
3226 5067 3362 5145 ista,
3388 5067 3631 5153 scindere
3650 5081 3703 5129 et
3723 5067 3891 5153 absus-

2313 5159 2469 5225 dere;
2498 5156 2638 5225 quod
2672 5166 2850 5210 tamen
2879 5147 3171 5225 discrimen
3202 5168 3234 5206 a
3264 5166 3550 5225 quoquam
3567 5147 3886 5225 observabili:

2316 5230 2404 5282 vix
2436 5216 2559 5283 alibi
2595 5227 2852 5295 reperies.
2894 5222 3115 5279 [nterim
3144 5238 3239 5295 res
3274 5216 3758 5295 Vipsa'diguissima,
3794 5216 3890 5277 qui”

2316 5299 2601 5371 diligenter
2630 5292 3112 5371 animadveﬂatnr.
3246 5294 3503 5371 insana.

2391 5363 2508 5438 (i5)
2537 5368 2881 5427 Conversatio.
2915 5364 3035 5438 Una
3061 5363 3379 5438 disciplina.
3412 5370 3646 5438 Annasr:

2531 5419 3164 5513 Tes’tant'entuntdivinum
3194 5419 3448 5513 tegimus,
3480 5444 3589 5491 etc.
3629 5419 3888 5513 Notandtlil.‘

2323 5497 2411 5568 est
2430 5497 2553 5568 huic
2582 5510 2855 5581 scriptori,
2884 5524 3069 5581 rogare
3099 5497 3542 5581 essefadorare;
3589 5515 3762 5581 negare
3784 5497 3891 5581 fg“:

2325 5597 2468 5647 esse,
2520 5569 2801 5653 rencgare,
2843 5569 2985 5653 quod
3016 5569 3245 5653 verbum
3282 5577 3452 5632 hodie
3497 5569 3552 5630 in
3594 5569 3890 5653 lli'spt'ttliffl0

2327 5639 2635 5719 Latinitatis
2653 5639 3083 5706 retinentissimo
3105 5651 3393 5719 integrum
3421 5639 3699 5719 remansit.
3721 5639 3889 5719 Bagig;

2332 5697 3281 5797 θ’(ἷῆῖ’ῦὶῥιέὄ’”ῡὸξὶιῖὶὶὲὲῖιξ”ἰδὲιῐ
3302 5697 3651 5777 “agitans
3685 5697 3893 5777 intelligit

2330 5794 2509 5869 missa:
2521 5794 2871 5868 Sacrificium.
2894 5794 3121 5862 Auensr.
