4152 6166
595 312 739 372 1025

1772 305 2019 365 SANCTI
2045 306 2299 366 OPTATI
2340 306 2651 366 EPISCOPI

3719 316 3837 373 102i

590 430 643 486 in
665 426 864 500 quibus
886 422 1129 482 Ecclesia
1163 422 1446 479 Catholica
1475 431 1559 479 est
1585 423 1913 478 constituta?
1937 423 2043 494 sed
2066 423 2186 493 quia
2219 428 2266 484 Α
2297 437 2403 477 non
2435 422 2690 492 potuistis
2738 421 2842 476 nisi
2888 421 3152 477 seducere
3185 439 3198 475 :
3231 427 3286 477 et
3313 435 3434 493 qua;
3459 422 3562 479 sint
3585 426 3728 482 verba
3765 444 3840 485 se-

593 522 835 577 vindicts
883 520 1001 586 fuit,
1051 534 1157 572 non
1208 518 1537 588 persecutio,
1584 517 1734 572 solus
1778 517 1960 588 paries
2001 531 2192 588 passus

595 622 700 681 est,
747 613 833 669 cui
879 613 1023 668 Deus
1063 612 1446 668 interminatus
1491 623 1575 667 est
1614 619 2026 680 tempestatem,
2075 612 2194 681 plu-

593 710 758 770 viam,
795 713 852 760 et
881 703 1215 775 petrobolos,
1246 712 1301 758 et
1326 705 1722 760 accusationes.
1749 702 1840 760 Sic
1867 706 2012 759 enim
2045 703 2194 759 locu-

595 807 681 854 tus
725 806 842 864 est;
883 797 1013 868 quid
1057 797 1367 852 :edilicastis
1410 797 1663 852 ruinam?
1701 799 1830 869 quid
1867 798 2194 854 dealbastis?

595 891 725 962 quid
751 891 989 946 linistis?
1035 891 1136 946 hoc
1165 900 1356 945 contra
1387 891 1720 945 voluntatem
1762 906 1936 946 meam
1965 900 2068 957 est,
2112 891 2197 946 di-

590 985 666 1039 cit
696 984 976 1039 Dominus.
1013 983 1310 1053 Displicent
1348 983 1502 1038 vobis
1540 993 1787 1054 tcmpora
1830 985 2012 1040 nescio
2042 985 2195 1054 cujus

593 1076 830 1142 Leontii,
866 1074 1101 1142 Ursacii,
1153 1075 1368 1130 Macarii
1411 1087 1466 1130 et
1513 1084 1869 1140 cancrorum;
1911 1076 2198 1131 emendate

595 1169 933 1224 voluntatem
975 1169 1093 1234 Dei,
1120 1165 1164 1223 si
1197 1169 1445 1237 potestis,
1473 1169 1568 1240 qui
1600 1169 1736 1224 dixit
1768 1186 1780 1222 :
1806 1166 1998 1224 Contra
2029 1171 2198 1236 parie‘

597 1269 700 1314 tem
731 1277 1006 1334 exsurgant
1031 1278 1147 1315 cum
1185 1263 1266 1316 ira
1303 1279 1434 1328 mea,
1466 1272 1514 1316 et
1550 1263 1821 1317 immittunt
1857 1271 2199 1334 tempestatem

601 1353 814 1407 nimiam
852 1363 897 1406 et
939 1353 1194 1421 pluviam,
1231 1353 1450 1420 diluvia,
1481 1364 1528 1407 et
1568 1353 1764 1424 lapides
1791 1353 2102 1424 petrobolos,
2148 1362 2196 1407 et

599 1447 883 1516 percutiam
921 1447 1170 1518 parietem
1213 1447 1502 1512 ruinosam,
1541 1455 1588 1500 et
1616 1446 1958 1500 dissolventur
1993 1460 2202 1514 compa-

597 1539 742 1610 gines
785 1540 898 1609 ejus
942 1536 1182 1607 (Ezeclt.
1230 1553 1357 1602 xm,
1394 1539 1520 1605 15).
1563 1537 1670 1593 Sed
1701 1552 1770 1592 ne
1809 1538 1930 1607 quis
1959 1544 2200 1591 vestrum

601 1629 768 1697 dicat,
801 1631 846 1684 si
891 1633 1070 1684 unitas
1095 1630 1295 1685 bonum
1319 1638 1424 1696 est,
1458 1643 1625 1699 quare
1647 1630 1807 1684 toties
1833 1626 1971 1683 facta
2001 1627 2201 1682 durare

603 1738 713 1778 non
744 1721 960 1794 potuit?
999 1720 1160 1787 Ideo,
1206 1720 1326 1791 quia
1360 1719 1440 1775 sic
1468 1735 1556 1775 res
1595 1721 1705 1789 ipsa
1739 1735 1768 1773 a
1807 1720 1916 1774 Deo
1946 1727 2030 1774 est
2057 1717 2204 1773 ordi-

2296 515 2566 571 ductionis
2592 525 2789 571 vestrae
2815 526 2861 582 ε,
2887 515 3140 571 omnibus
3171 523 3359 570 notum
3401 524 3498 571 est.
3530 517 3750 574 Vestrum
3771 531 3842 577 est

2297 607 2504 675 dicere,
2528 609 2786 662 Attendite
2811 618 2925 679 post
2954 625 3042 663 vos
3070 625 3088 662 :
3117 617 3354 664 vestrum
3386 617 3468 664 est
3491 610 3685 676 dicere,
3716 613 3844 668 Redi-

2298 703 2418 754 mite
2461 701 2660 754 animas
2691 712 2880 755 uestras
2911 716 2931 754 :
2955 708 3195 756 vestrum
3243 709 3328 756 est
3366 701 3540 756 dicere
3580 701 3844 762 hominibus

2299 794 2550 850 ﬁdelibus
2571 803 2624 848 et
2645 793 2877 862 clericis,
2899 794 3012 866 (27)
3030 794 3206 849 Estote
3229 792 3521 849 Christiani.
3536 797 3633 852 Sed
3655 814 3760 853 cum
3777 799 3841 855 di-

2299 888 2443 950 citis,
2467 888 2710 943 attendite
2733 899 2844 957 post
2871 904 2980 952 vos,
3004 899 3191 943 contra
3216 887 3553 958 Evangelium
3575 889 3750 956 facitis,
3777 892 3848 946 ubi

2300 980 2502 1035 dictum
2525 989 2610 1035 est
2644 998 2656 1033 :
2693 979 2860 1034 Nemo
2899 990 3072 1035 tenens
3112 981 3363 1034 manicam
3390 982 3568 1048 aratri,
3594 993 3699 1052 post
3721 999 3768 1038 se
3789 994 3854 1038 at-

2302 1073 2536 1135 tendens,
2605 1073 2817 1126 intrabit
2869 1088 3028 1145 regna
3076 1071 3318 1126 calorum
3361 1071 3511 1141 (Luc.
3555 1089 3645 1138 lx,
3673 1073 3773 1146 62).
3801 1077 3853 1131 Et

2301 1165 2465 1216 vultis
2496 1163 2638 1216 scire
2665 1163 2792 1233 quid
2829 1163 3046 1226 meruit,
3083 1162 3174 1231 qui
3204 1171 3326 1231 post
3353 1176 3414 1217 se
3439 1162 3675 1226 attendit,
3704 1173 3752 1219 et
3781 1164 3856 1233 qui

2303 1262 2428 1309 aute
2454 1254 2676 1326 se?“
2703 1253 3064 1309 recordamini
3083 1251 3444 1308 Sodomorum
3465 1253 3720 1324 fugitivos,
3738 1255 3853 1310 Loth

2304 1358 2357 1402 et
2388 1362 2614 1402 uxorem
2646 1348 2765 1418 ejus
2793 1344 2819 1384 ά
2851 1362 3006 1417 ιηιιω
3029 1354 3152 1417 post
3171 1361 3228 1401 se
3249 1346 3554 1411 attendens,
3584 1346 3633 1400 in
3659 1356 3855 1401 statuam

2303 1441 2433 1496 salis
2471 1451 2674 1495 mutata
2706 1449 2790 1496 est
2819 1438 2975 1512 (Gen.
3019 1440 3162 1512 nx):
3206 1440 3298 1510 qui
3341 1449 3469 1494 ante
3500 1454 3557 1494 se
3595 1440 3854 1509 prospexit,

2303 1534 2498 1589 evasit.
2526 1534 2662 1602 Quid
2693 1543 2779 1590 est
2800 1549 2930 1603 ergo
2954 1534 3098 1603 quod
3127 1533 3330 1599 dicitis,
3356 1532 3613 1588 Attendite
3635 1542 3736 1603 post
3757 1533 3859 1587 vos?

2307 1641 2430 1682 nam
2466 1636 2521 1682 et
2557 1642 2682 1682 cum
2729 1626 2929 1692 dicitis,
2976 1626 3234 1681 Redimite
3262 1627 3462 1680 animas
3488 1636 3666 1681 vestras
3695 1644 3707 1680 :
3743 1625 3858 1680 unde

2309 1719 2426 1772 illas
2455 1719 2688 1784 emistis,
2729 1727 2786 1772 ιιι
2825 1717 3117 1772 vendatis?
3158 1716 3271 1788 (28)
3318 1717 3452 1784 Quis
3475 1726 3556 1772 est
3591 1716 3678 1772 ille
3709 1717 3862 1771 nescio

599 1827 751 1880 nata,
782 1815 876 1885 qui
905 1815 1271 1870 comminatus
1292 1824 1375 1869 est
1399 1822 1797 1883 tempestatem,
1828 1810 2086 1881 pluviam,
2124 1811 2200 1864 la-
2231 1815 2280 1874 B
2308 1812 2432 1880 quis
2464 1811 2694 1881 angelus
2729 1821 2774 1878 θ,
2819 1811 2909 1880 qui
2952 1810 3072 1881 (29)
3113 1811 3385 1864 nundinas
3423 1809 3548 1864 facit
3580 1807 3858 1873 animarum,

599 1908 752 1979 pides
773 1915 829 1963 et
849 1907 1260 1968 accusationes;
1295 1913 1350 1959 et
1379 1903 1497 1958 istae
1533 1913 1768 1974 quatuor
1799 1917 1886 1956 res
1913 1917 2020 1956 non
2053 1910 2203 1970 pote-

601 2009 728 2055 rant
768 2015 876 2054 uno
913 2009 1159 2067 tempore
1202 1996 1341 2051 ﬁeri.
1388 1995 1509 2050 Fuit
1554 1995 1730 2066 primo
1769 2003 2060 2064 tempestas
2105 1992 2205 2047 sub

605 2090 834 2147 Ursacio
857 2099 918 2156 0;
951 2089 1070 2161 (2i)
1101 2078 1334 2159 agitatus
1361 2097 1446 2143 est
1476 2086 1675 2157 paries,
1723 2086 1818 2142 sed
1846 2101 1951 2141 non
1983 2084 2203 2151 occidit,

607 2181 722 2252 (25)
771 2190 828 2235 ut
857 2181 1085 2236 haberet
1123 2180 1322 2249 pluvia,
1377 2179 1465 2234 ubi
1511 2186 1851 2248 Operaretur.
1898 2178 2096 2233 Secuta
2125 2185 2210 2232 est

602 2274 778 2344 pluvia
823 2272 924 2328 sub
954 2271 1296 2339 Gregorio';
1348 2269 1542 2324 udatus
1586 2277 1670 2324 est
1712 2269 1910 2338 paries,
1955 2268 2051 2324 sed
2099 2283 2204 2323 non

2309 1919 2443 1974 quas
2485 1912 2612 1958 ante
2647 1904 2767 1973 ejus
2796 1904 3092 1959 adventum
3131 1903 3384 1959 diabolus
3422 1903 3753 1974 possidebat?
3779 1903 3858 1955 has

2310 1995 2574 2064 sanguine
2625 2009 2726 2048 suo
2778 1994 3034 2049 Christus
3091 1995 3345 2050 Salvator
3405 2004 3590 2050 noster
3642 1994 3864 2055 redemit,

2315 2087 2582 2156 Apostolo
2603 2087 2818 2142 dicente
2841 2104 2853 2140 τ
2873 2086 3050 2156 Empti
3073 2088 3206 2141 enim
3227 2088 3347 2141 estis
3375 2088 3539 2157 pretio
3556 2082 3866 2157 magno.Cnn-

2314 2188 2424 2233 stat
2448 2179 2593 2234 enim
2617 2178 2880 2248 sanguine
2911 2177 3112 2233 Christi
3139 2193 3336 2234 omnes
3366 2179 3691 2248 redemptos.
3717 2175 3870 2230 Chris-

2317 2282 2402 2327 tus
2450 2287 2556 2326 non
2604 2271 2846 2326 vendidit
2896 2287 3030 2342 quos
3076 2271 3332 2326 redemit.
3382 2271 3591 2326 Animae
3633 2277 3805 2339 emptae
3845 2281 3869 2320 a

607 2365 836 2427 maduit,
877 2373 936 2418 ιιι
965 2364 1228 2418 haberent
1269 2361 1480 2432 lapides
1500 2403 1515 2427 ,
1544 2361 1632 2415 tibi
1665 2369 2042 2430 operarentur.
2083 2360 2213 2414 Post
2313 2366 2536 2420 Christo
2564 2382 2669 2420 non
2698 2375 2992 2436 potuerunt
3019 2365 3179 2420 veudi
3214 2366 3260 2432 ί,
3289 2376 3351 2421 ut
3374 2366 3753 2438 possint,sicul
3772 2360 3870 2415 vul-

605 2457 844 2528 pluviatn
875 2454 1046 2510 secuti
1077 2464 1204 2510 sunt
1235 2453 1442 2524 lapides
1472 2453 1573 2508 sub
1601 2453 1868 2523 operariis
1906 2452 2207 2517 unitatisa;

2313 2461 2402 2522 tis,
2434 2475 2462 2511 a
2496 2459 2656 2515 vobis
2685 2459 2882 2514 iterum
2913 2458 3128 2514 redimi.
3159 2460 3270 2514 Aut
3300 2459 3576 2530 quomodo
3607 2465 3766 2528 potest
3790 2466 3873 2508 una

604 2550 886 2618 dispersus
910 2556 994 2602 εει
1026 2549 1224 2617 Ραΐῖοευ
1256 2548 1352 2602 Sed
1389 2547 1458 2601 de
1485 2545 1853 2600 fundamentis
1887 2546 2002 2599 SUiS
2028 2559 2087 2599 se
2115 2545 2214 2600 ile-
2309 2552 2488 2605 anima
2519 2550 2658 2606 duos
2689 2550 2943 2606 dominos
2981 2551 3222 2606 habere?
3259 2563 3357 2605 aut
3389 2549 3647 2620 numquid
3667 2556 3742 2604 est
3766 2546 3875 2600 alter

605 2658 722 2698 rum
753 2641 1052 2712 reparavit.
1083 2639 1201 2695 Jam
1244 2641 1343 2694 tria
1376 2649 1592 2708 peracta
1621 2648 1780 2704 sunt;
1817 2638 2082 2693 debentur
2110 2653 2210 2691 vo-

607 2734 692 2790 bis
731 2734 1131 2796 accusatioues,
1161 2731 1255 2786 sed
1283 2731 1554 2801 quomodo
1574 2740 1628 2785 et
1659 2728 1896 2798 quando,
1926 2729 2072 2784 novit
2099 2729 2209 2795 ille,

616 2827 702 2880 cui
735 2824 938 2895 placuit
959 2823 1028 2878 de
1055 2823 1208 2878 vobis
1231 2824 1328 2876 ista
1360 2823 1626 2876 nuntiare.

680 2915 772 2970 XI.
806 2913 1108 2969 Donatistas
1133 2915 1424 2969 seductorcs
1467 2930 1574 2967 esse
1616 2915 1919 2967 ostenditur.
1950 2946 2021 2956 —
2046 2914 2114 2968 Et
2145 2928 2212 2968 ne

607 3011 806 3081 aliquis
831 3009 900 3064 de
932 3009 1034 3065 hoc
1064 3009 1341 3064 intellectu
1371 3008 1667 3070 dubitaret,
1700 3007 1844 3062 Deus
1870 3007 2095 3072 addidit,
2129 3007 2212 3062 di-

607 3118 740 3160 cens
767 3123 780 3159 :
817 3103 937 3158 Non
960 3115 1075 3159 sunt
1105 3121 1219 3173 qua:
1243 3105 1358 3158 dico
1385 3105 1446 3159 de
1473 3105 1598 3168 luto,
1629 3115 1716 3159 aut
1739 3105 1800 3158 de
1829 3105 2007 3170 latere,
2036 3114 2122 3157 aut
2151 3105 2215 3158 de

607 3197 820 3269 pariete,
846 3197 937 3251 sed
958 3198 1020 3250 de
1047 3197 1198 3268 falsis
1229 3197 1522 3269 prapltetis,
1555 3198 1642 3264 qui
1673 3197 1922 3250 seducunt
1962 3197 2211 3266 papulum

606 3307 794 3344 meum.
831 3289 943 3345 lloc
966 3290 1188 3344 verbum
1217 3333 1231 3356 ,
1257 3291 1527 3354 seducunt,
1556 3289 1674 3362 (26)
1722 3289 1900 3344 videte
1940 3291 2028 3344 cui
2073 3290 2210 3359 parti

605 3394 902 3453 competat.
939 3385 1232 3440 Nobiscum
1262 3395 1418 3439 erant
1445 3399 1636 3439 omnes
1661 3425 1676 3449 ,
1711 3384 1869 3438 nobis
1899 3383 2213 3438 absentibus

607 3475 888 3532 irruistisb
915 3494 928 3530 :
957 3477 1052 3531 sed
1079 3485 1136 3532 ut
1161 3477 1430 3532 haberetis
1449 3492 1584 3546 quos
1611 3475 1811 3531 habere
1837 3476 2210 3542 desiderastis,

2314 2642 2662 2711 redemptor?
2689 2642 2779 2712 qui
2807 2641 3096 2710 Prophetas
3125 2642 3316 2696 nuntia
3326 2650 3528 2698 verunt
3548 2642 3761 2696 alterum
3778 2648 3876 2691 esse

2315 2744 2601 2790 venturum
2633 2735 2696 2787 8?
2724 2735 2845 2804 quis
2867 2734 3083 2790 Gabriel
3115 2734 3313 2789 iterum
3342 2735 3410 2790 ad
3439 2735 3659 2789 alteram
3688 2730 3876 2786 Mariam

2313 2829 2528 2884 locutus
2559 2828 2681 2884 est?
2707 2843 2828 2896 qua:
2850 2828 3003 2897 virgo
3033 2827 3233 2882 iterum
3266 2828 3522 2898 peperit?
3552 2825 3667 2898 quis
3689 2822 3880 2878 virtutes

2314 2936 2484 2976 novas
2515 2929 2608 2974 aut
2635 2921 2833 2975 alteras
2875 2920 3035 2975 fecit?
3067 2921 3126 2976 Si
3162 2921 3348 2976 nullus
3384 2931 3472 2976 est
3511 2929 3697 2990 praeter
3723 2929 3878 2976 unum,

2313 3015 2405 3085 qui
2451 3013 2680 3068 redemit
2718 3013 2928 3066 animas
2959 3013 3202 3067 omnium
3250 3012 3623 3077 credentium,
3665 3005 3778 3079 quid
3812 3010 3883 3059 est

2315 3106 2455 3176 quod
2483 3104 2682 3170 dicitis,
2712 3105 2946 3158 redimite
2972 3105 3172 3158 animas
3192 3114 3397 3160 uestras
3415 3105 3441 3158 .9
3461 3103 3580 3159 lam
3605 3099 3725 3155 illud
3751 3095 3884 3165 quale

2317 3208 2421 3264 est,
2452 3197 2596 3268 quod
2625 3197 2934 3252 hominibus
2953 3195 3272 3252 christianis
3294 3198 3464 3252 etiam
3491 3193 3699 3251 clericis
3716 3186 3883 3251 dicitis,

2319 3300 2474 3346 estote
2517 3290 2840 3344 Christiani?
2887 3298 2942 3343 et
2985 3288 3100 3359 (50)
3147 3303 3274 3342 cum
3327 3289 3596 3344 miraculo
3628 3283 3653 3321 ιι
3691 3279 3885 3352 qundam

2322 3385 2614 3454 unicuique
2654 3383 2867 3437 audetis
2893 3381 3100 3444 dicere,
3130 3380 3231 3436 Cai
3261 3381 3381 3448 Sci,
3413 3379 3543 3436 Caia
3573 3379 3689 3434 Scia
3723 3373 3735 3410 ί
3768 3369 3881 3445 (51),

2322 3477 2498 3532 adhuc
2518 3490 2762 3548 paganus
2791 3490 2871 3540 es,
2903 3482 2996 3528 aut
3029 3488 3261 3545 pagana.
3297 3473 3441 3528 Eum
3469 3472 3559 3542 qui
3588 3469 3651 3524 ad
3678 3468 3822 3521 Deum
3842 3473 3888 3513 se

1834 3612 2216 3671 LECTIONES
2257 3615 2672 3673 VARIANTES.

675 3725 973 3799 lfliaectria.
999 3725 1088 3777 sub
1133 3726 1358 3800 Ursacio,
1399 3725 1489 3777 sub
1530 3724 1785 3839 Gregorio,
1831 3725 1920 3777 sub
1960 3725 2212 3790 Operariis

679 3796 828 3839 ttatts.
849 3804 944 3839 non
972 3790 1215 3839 habentur
1233 3803 1322 3838 IIISl
1348 3794 1396 3839 itt
1417 3801 1507 3839 ms.
1526 3789 1578 3838 S.
1655 3821 1667 3833 .

597 3789 828 3852 unitatis,
849 3804 944 3840 non
972 3790 1215 3839 habentur
1233 3790 1322 3852 nisi
1348 3794 1396 3839 itt
1417 3801 1507 3839 ms.
1526 3789 1578 3838 S.
1608 3789 1667 3839 (ἶ.

675 3850 704 3916 ι)
731 3850 782 3916 in
803 3850 890 3902 tus.
913 3852 965 3916 ξ.
989 3851 1046 3916 G.
1068 3850 1310 3916 erupistis.

677 3915 703 3976 εξ
731 3912 784 3976 in
803 3927 890 3962 ms.
917 3913 970 3962 S.
997 3915 1055 3976 (ξ.
1082 3920 1126 3964 ιί
1148 3911 1258 3976 qua:
1279 3918 1388 3964 sunt
1410 3911 1702 3976 seductionis
1724 3919 1914 3964 vestrae.

678 3973 708 4014 ἀ
732 3973 788 4025 ln
810 3988 900 4023 ms.
927 3976 978 4024 S.
1006 3974 1065 4025 G.
1089 3973 1298 4036 additur,
1323 3974 1649 4026 Molassadon.

681 4039 705 4068 θ
731 4036 920 4087 in'mss.
945 4038 999 4090 S.
1030 4036 1088 4086 Τ.
1117 4045 1168 4087 et
1189 4037 1245 4086 P.
1268 4039 1320 4088 S.
1346 4038 1462 4099 Quis
1498 4043 1567 4089 est
1605 4036 1766 4089 nescio
1787 4037 1873 4103 qui
1904 4037 2124 4102 angelus.
2158 4037 2216 4088 In

2320 3742 2408 3778 ms.
2435 3730 2484 3795 8Ζ
2512 3728 2570 3795 G,
2597 3725 2716 3790 Quis
2746 3737 2814 3780 est
2833 3726 2915 3780 ille
2930 3729 3169 3795 angelus:
3201 3736 3483 3795 utrumque
3527 3740 3616 3780 nos
3631 3720 3892 3790 jungendum

2323 3804 2436 3841 esse
2455 3791 2699 3840 duximus.

2387 3851 2408 3891 τ
2438 3852 2492 3901 In
2515 3866 2606 3902 ms.
2627 3854 2680 3902 S.
2706 3852 2765 3903 G.
2791 3851 3017 3904 distrahi.

2385 3918 2411 3955 κ
2439 3915 2490 3963 lu
2517 3928 2607 3964 ms.
2631 3917 2682 3965 S.
2710 3915 2768 3965 G.
2796 3914 3052 3967 Christum.

2384 3976 2413 4014 h
2439 3978 2492 4026 in
2515 3989 2629 4027 mss.
2652 3978 2706 4026 S.
2733 3977 2792 4027 Τ.
2819 3985 2872 4027 et
2895 3979 2949 4027 P.
3049 3975 3384 4031 admiraculo.

2389 4039 2406 4078 ί
2439 4039 2492 4088 In
2510 4040 2669 4090 tribus
2686 4053 2804 4090 mss.
2826 4039 3008 4099 Gaisei,
3031 4039 3309 4105 Gaiaseiaq

1938 4143 2300 4202 VARIORUM
2338 4144 2572 4200 NOTAE.

689 4236 808 4310 (24)
849 4239 1088 4308 Agitatus
1114 4249 1185 4294 est
1219 4239 1408 4308 paries,
1441 4237 1531 4294 sed
1559 4255 1661 4292 non
1693 4237 1897 4310 cecidit,
1925 4247 1979 4290 ut
2012 4237 2214 4310 haberet

615 4306 812 4382 pluuia,
862 4306 945 4364 ubi
982 4306 1299 4378 operaretur.
1338 4310 1414 4365 Ita
1458 4311 1575 4380 lege
1611 4325 1733 4364 cum
1761 4308 1997 4364 editione
2024 4324 2062 4363 ιι
2119 4306 2211 4362 Fr.

621 4381 888 4436 Balduini.
924 4382 1143 4436 lucum.

693 4473 812 4543 (25)
855 4471 924 4527 Ut
952 4472 1102 4526 habet
1135 4474 1306 4539 pluvia
1351 4483 1404 4528 ut
1439 4483 1702 4537 operatur.
1747 4472 2055 4541 Legendum
2083 4486 2215 4527 con-

616 4544 879 4612 jeceram,
907 4554 962 4596 ut
992 4545 1197 4597 haberet
1223 4546 1395 4612 pluuia
1436 4545 1522 4599 ubi
1560 4556 1883 4612 operaretur,
1909 4559 2030 4598 cum
2065 4557 2218 4596 eam-

620 4615 743 4668 dem
790 4616 1110 4683 scripturam
1161 4618 1506 4670 conlirmavit
1533 4616 1701 4672 editio
1747 4631 1782 4668 ιι
1841 4614 1902 4668 F.
1942 4613 2214 4669 Balduini.

621 4685 826 4741 ΒΑιιτιι.
863 4684 949 4739 Ita
979 4687 1290 4741 restitutum.

693 4756 810 4829 (2b)
858 4757 1036 4811 Videte
1071 4758 1153 4811 cui
1190 4760 1325 4825 parti
1360 4767 1633 4827 competat.
1669 4757 1760 4812 Sic
1788 4756 2004 4829 quidem
2036 4755 2218 4824 legen-

620 4825 918 4891 duiu,nam
953 4843 1236 4896 perperam
1269 4831 1442 4883 videre
1471 4825 1757 4882 excussum
1783 4836 1884 4880 est.
1919 4825 2142 4880 lucem.

693 4897 809 4970 (27)
851 4897 1085 4966 Clericis,
1110 4911 1266 4953 estote
1291 4900 1590 4953 Christiani.
1623 4897 2058 4952 Orthodoxorum
2089 4898 2220 4968 bap»

623 4969 840 5024 tismum
869 4973 1212 5038 respuebant.
1245 4972 1472 5026 ALBASP.

699 5060 814 5128 (28)
859 5060 986 5128 Quis
1013 5073 1083 5116 est
1105 5063 1273 5116 nescio
1295 5063 1408 5129 quis
1429 5061 1663 5131 angelus,
1689 5070 1798 5116 etc.
1817 5063 1988 5116 Malus
2010 5062 2214 5133 utique,

624 5131 812 5204 idest,
852 5133 1122 5196 diabolus,
1169 5135 1256 5201 qui
1306 5133 1512 5186 animas
1554 5133 1788 5187 nondum
1835 5131 2145 5204 redemptus
2183 5150 2210 5186 a

623 5203 862 5273 Christo,
886 5205 1191 5273 possedisse
1213 5219 1334 5257 mox
1355 5205 1570 5258 (iit'lllll‘.
1599 5209 1632 5256 Α
1645 5221 1677 5258 ιι
1701 5221 1767 5259 eo
1789 5203 2052 5271 respexit,
2072 5204 2214 5272 quod

622 5272 1002 5347 Christusiqui
1041 5289 1138 5347 nos
1169 5275 1418 5339 redemit,
1450 5276 1680 5344 Angelus
1719 5277 1949 5347 ﬂecteris.
1986 5277 2212 5330 Malach.

623 5361 703 5409 ηις
738 5347 900 5400 luisse
922 5345 1083 5400 etiam
1119 5345 1402 5401 haereticos
1433 5347 1520 5416 qui
1551 5345 1773 5417 Angelos
1812 5358 2068 5400 creatores
2109 5362 2220 5400 esse

623 5418 913 5471 (numerum
935 5427 1264 5476 assererem,
1283 5417 1442 5470 docet
1467 5420 1816 5486 Augustinus,
1839 5418 1927 5470 ubi
1951 5417 2018 5470 de
2037 5417 2222 5471 Seleu-

620 5488 813 5549 ciauis,
842 5503 936 5542 seu
967 5487 1272 5557 Hettnianjs
1304 5489 1595 5551 Ita-reticis,
1621 5487 1716 5542 sed
1750 5488 1880 5541 illttd
1913 5488 2014 5540 huc
2045 5488 2218 5557 ρει·ιὶο

623 5575 752 5612 nere
787 5573 892 5612 non
915 5568 1062 5626 puto.
1096 5557 1164 5611 Μ.
1198 5555 1426 5613 Casum.

696 5650 833 5722 (29).
860 5648 1136 5705 Nundinas
1182 5653 1304 5722 facit
1347 5653 1658 5705 animarum.
1704 5650 1997 5719 Eleganter
2036 5651 2223 5722 vendig

629 5722 830 5800 tionem
859 5722 1014 5800 dixit.
1049 5735 1106 5777 ut
1143 5721 1428 5800 πᾰνῄγυριν
1466 5731 1561 5781 τοῦ
1604 5724 1721 5799 βίου
1772 5724 1953 5795 legere
1998 5721 2224 5780 memini

618 5795 759 5859 apud
787 5792 1204 5852 Nasienzenum.
1243 5792 1448 5850 Bita'ru.

2397 4237 2510 4313 (50)
2546 4236 2652 4313 βί-
2651 4254 2764 4290 cum
2791 4238 3122 4313 Διιίίιτιὶνίιειιις)
3155 4237 3706 4313 quodam__unicuique_
3739 4232 3896 4313 dicere,

2323 4306 2416 4361 Cai
2473 4307 2581 4364 Sci.
2613 4307 2932 4363 Franciscus
2981 4298 3281 4364 Baldui'uus
3346 4311 3523 4366 edidit
3567 4298 3786 4379 plenius,

2327 4379 2435 4451 Sci,
2470 4379 2707 4451 att_t_(,‘aia
2734 4380 2878 4443 Scia,
2903 4379 3071 4433 adhuc
3095 4397 3342 4451 paganus
3361 4399 3438 4448 es,
3465 4371 3790 4449 aut-pagana.
3816 4371 3900 4451 ibi:

2324 4449 2448 4504 dem
2482 4469 2494 4504 :
2525 4449 2576 4502 Ν
2581 4467 2647 4524 an
2675 4453 2937 4524 quaerebat
2950 4446 3270 4524 Aillud,qubtl
3300 4446 3540 4505 humana
3563 4446 3751 4517 semper

2325 4521 2642 4593 consuetudo
2687 4521 2750 4574 de
2799 4522 3004 4593 pluviis,
3041 4521 3104 4574 de
3137 4521 3294 4593 pace,
3327 4534 3466 4586 etc.,
3514 4537 3633 4593 qum
3658 4521 3902 4593 continuis

2326 4591 2607 4662 duodecim
2649 4592 3004 4661 sequentibus
3044 4590 3256 4662 paginis
3301 4590 3600 4662 leguntur;
3639 4590 3900 4662 desinenlﬂ

2244 4651 2300 4712 D
2326 4661 2376 4716 iu
2419 4663 2536 4717 haec
2575 4651 2744 4716 verba
2773 4680 2785 4715 :
2816 4651 3093 4717 vindicavit
3111 4651 3313 4727 Ἔιίαδ,
3349 4651 3637 4718 eindicauit
3667 4659 3901 4713 Phineu:

2324 4734 2588 4788 alieniore
2612 4734 2729 4787 loco
2753 4733 3024 4802 leguntur,
3049 4744 3102 4787 et
3124 4733 3424 4789 referenda
3457 4744 3583 4789 sunt
3606 4732 3668 4787 ad
3692 4728 3901 4803 paginam

2323 4805 2414 4862 58.
2445 4820 2497 4858 v.
2529 4804 2621 4863 22,
2653 4801 3104 4872 quemadmodum
3159 4807 3232 4856 ibi
3266 4806 3609 4860 monuimus.
3645 4801 3732 4856 His
3775 4801 3834 4851 ita
3861 4801 3900 4845 in

2323 4888 2479 4927 suum
2513 4875 2686 4928 locum
2713 4877 3074 4942 ll‘alISpOSiliS,
3099 4877 3522 4931 continuandus
3541 4873 3733 4929 deinde
3754 4875 3902 4942 sermo

2322 4944 2389 5017 ad
2415 4946 2555 5000 hunc
2565 4947 2794 5017 modum
2822 4963 2836 5001 :
2859 4939 2905 4998 et
2926 4963 3040 5017 cum
3061 4945 3400 5017 admiraculo
3423 4947 3651 5017 quodam
3672 4939 3904 5017 unicuiqntf

2321 5015 2514 5078 dicere,
2550 5014 2641 5090 Cai
2695 5016 2803 5078 Sci,
2822 5016 3073 5090 _aut_Caia
3097 5015 3249 5081 Scia,
3294 5013 3478 5071 adhuc.
3498 5030 3728 5090 paganus
3750 5027 3814 5070 es.
3832 5013 3903 5090 ευτ’

2325 5087 2572 5158 pagana?
2609 5103 2720 5139 eum
2747 5087 2832 5155 qui
2875 5087 2944 5141 ad
2989 5085 3151 5139 Deum
3181 5078 3245 5140 se
3271 5078 3590 5145 conuersum
3615 5100 3716 5142 esse
3742 5078 3903 5155 ριόία·

2317 5172 2404 5211 sus
2433 5167 2525 5220 est,
2561 5174 2814 5223 paganum
2843 5158 3032 5211 uocas?
3059 5168 3163 5212 etc.
3200 5158 3437 5214 INCERT.

2395 5216 2650 5299 (31)7Cai"
2673 5227 2783 5290 Sci.
2836 5226 2965 5282 Cuia
3030 5227 3172 5283 Seia.
3225 5229 3469 5284 Nomina
3504 5238 3631 5283 sunt
3670 5216 3901 5299 hateful-

2325 5289 2502 5371 gaija,
2530 5299 2722 5371 quibus
2751 5289 3053 5371 generatim
3087 5300 3170 5351 hic
3205 5309 3264 5353 et
3296 5300 3394 5356 ille
3421 5301 3755 5371 designatur.
3785 5289 3904 5371 Unde

2327 5379 2381 5422 et
2402 5367 2771 5423 Tertullianus
2809 5368 3240 5438 iuApologetico
3294 5367 3696 5425 cmuntemorat
3723 5367 3902 5438 vulgare

2328 5440 2458 5494 illud
2501 5440 2571 5494 de
2602 5440 2908 5494 Christiano
2938 5460 2950 5493 :
2979 5435 3155 5493 Bonus
3188 5442 3270 5494 vir
3299 5439 3467 5496 Caius
3490 5442 3665 5497 Seius.
3696 5435 3899 5495 Similem

2331 5509 2730 5564 Donatistarum
2798 5511 2864 5563 ad
2925 5511 3242 5564 CatboIiCos
3319 5514 3708 5567 allocutionem
3773 5503 3903 5561 refer!

2331 5580 2387 5637 S.
2410 5581 2546 5650 Aug.
2585 5582 2618 5633 Ι.
2655 5598 2688 5635 ιι
2719 5580 2786 5635 de
2825 5581 3005 5647 Bapt.,
3030 5596 3079 5634 c.
3111 5581 3142 5634 7
3173 5598 3187 5633 :
3219 5581 3408 5636 Bonus
3435 5587 3594 5637 homo
3617 5595 3741 5636 esses
3765 5578 3804 5630 si
3824 5587 3902 5650 non

2332 5669 2465 5706 esses
2493 5640 2729 5716 i'raditor;
2754 5640 2960 5706 consule
2983 5640 3174 5705 anima:
3201 5665 3329 5718 tute,
3367 5669 3480 5710 esto
3507 5654 3807 5709 Christianus
3826 5640 3904 5699 :ad

2331 5739 2453 5808 qua:
2481 5737 2602 5777 cum
2641 5723 2851 5808 thato.
2875 5723 3383 5808 pariterexclalnat
3537 5724 3906 5808 improbitatis;

2334 5782 2485 5862 biem,
2517 5811 2631 5848 cum
2661 5782 2952 5850 Christidno
2993 5794 3205 5860 dicitur,
3241 5793 3377 5850 Esto
3417 5782 3768 5852 Christum”!
3803 5782 3903 5855 quid
