4152 6166
507 192 642 247 1051

1689 175 1936 248 SANCTI
1977 191 2226 250 0PTA'fl
2266 193 2581 252 EPISCOPI

3659 197 3808 255 1052

501 305 739 362 secundo
786 304 1138 376 diapsalmate
1158 345 1173 372 ,
1226 303 1487 375 Spiritum
1541 303 1796 360 Sanctum
1855 305 2094 360 dixisse:
2130 313 2181 372 Α
2206 311 2349 365 enim
2374 317 2680 379 contempta
2703 314 2787 363 est
2813 306 3096 379 disciplina
3122 321 3135 362 :
3161 315 3220 362 ut
3240 307 3372 380 quid
3393 310 3589 365 recitas
3611 309 3811 367 Testa—

503 397 773 455 Peccatori
803 407 973 453 autem
1015 399 1141 452 dixit
1175 397 1313 451 Deus
1340 397 1358 468 (
1385 397 1480 453 Ps.
1505 413 1650 464 xux,
1677 398 1808 467 16).
1842 398 1954 453 Hoc
1984 399 2103 454 loco

502 493 829 550 advertenda
843 503 928 549 est
947 502 1058 547 tota
1081 493 1278 548 mentis
1300 492 1554 555 intentio,
1576 500 1632 548 et
1651 491 1962 558 videndum,
1984 493 2106 562 quis

502 589 574 644 sit
604 595 871 657 peccator.
891 584 1003 657 (11)
1032 585 1089 641 Si
1119 585 1263 640 enim
1295 595 1418 655 post
1456 584 1599 656 quod
1628 585 1823 640 lectum
1857 593 1960 650 est,
1987 601 2106 656 pec-

502 681 663 735 catori
685 689 857 734 autem
891 677 1028 732 dixit
1059 677 1236 732 Deus:
1265 677 1427 732 verba
1473 676 1779 747 hujusmodi
1810 691 2107 747 sequeren-

503 784 612 839 tur,
645 783 700 829 et
728 774 933 830 diceret
960 793 972 827 :
1007 773 1177 828 tulisti
1200 787 1371 839 arma,
1405 772 1716 843 processisti
1745 773 1960 837 castris,
1991 781 2102 826 ste-

500 867 612 922 tisti
662 876 852 923 contra
902 866 1089 923 hostes
1123 866 1176 921 in
1215 867 1374 922 acie:
1426 866 1725 920 timendum
1767 874 1886 921 erat
1925 864 2102 932 militi,

501 941 626 1030 quia
657 960 833 1028 potuit
856 959 971 1029 ipse
993 958 1163 1014 videri
1199 967 1470 1028 peccator.
1495 960 1600 1012 Aut
1625 957 1671 1012 si
1693 956 1928 1012 diceret:
1957 972 2107 1011 com-

503 1052 708 1123 parasti
755 1066 1002 1116 merces,
1052 1051 1427 1121 peregrinatus
1467 1065 1562 1115 es,
1603 1049 1760 1120 egisti
1812 1049 2102 1116 nundinas,

501 1144 640 1200 lucri
677 1159 845 1218 causa
883 1143 1028 1214 quod
1056 1157 1267 1198 emeras
1299 1142 1629 1198 vendidisti:
1664 1139 1961 1195 timendum
1989 1149 2108 1194 erat

504 1235 837 1307 negociatori
860 1276 876 1301 ,
908 1237 1033 1304 quia
1064 1233 1241 1303 potuit
1269 1233 1386 1304 ipse
1414 1233 1588 1287 videri
1617 1241 1888 1301 peccator.
1931 1230 2038 1285 Aut
2058 1229 2104 1284 si

501 1327 708 1384 diceret
733 1345 745 1380 :
779 1327 1054 1382 fabricasti
1087 1341 1311 1392 navem,
1337 1325 1581 1380 struxisti
1613 1324 1830 1380 funibus
1853 1365 1868 1391 ,
1898 1321 2105 1379 ornasti

505 1423 660 1491 velis,
683 1433 1020 1492 opportunos
1057 1429 1115 1476 ut
1155 1422 1438 1491 navigares
1466 1421 1694 1491 captasti
1727 1427 1915 1473 ventos
1945 1434 1959 1471 :
1986 1413 2104 1487 (12)

504 1517 802 1573 timendum
833 1526 950 1573 erat
979 1525 1178 1581 nautae,
1209 1516 1333 1586 quia
1366 1517 1538 1584 potuit
1567 1515 1683 1584 ipse
1713 1513 1881 1568 videri
1915 1527 2107 1582 pecca-

502 1617 606 1664 tor.
642 1609 746 1664 Aut
777 1617 897 1679 post
919 1607 1062 1679 quod
1092 1608 1292 1662 lectum
1324 1617 1406 1662 est
1433 1626 1444 1661 :
1479 1605 1748 1661 Peccatori
1775 1614 1948 1659 autent
1974 1604 2104 1658 dixit

2209 410 2476 466 mentum,
2501 401 2590 470 qui
2616 399 2968 456 Testamento
2993 415 3099 454 non
3130 401 3326 466 servis,
3343 401 3394 455 in
3411 417 3518 471 quo
3535 402 3809 475 descripta

2207 501 2291 549 est
2317 492 2631 563 disciplina,
2659 507 2820 563 quam
2863 507 3084 549 servare
3115 507 3222 548 non
3253 493 3459 550 vultis?
3503 494 3622 551 Non
3659 497 3809 551 enim

2209 587 2434 657 potestis
2460 586 2672 652 dicere,
2703 600 2798 641 vos
2826 601 2945 641 eam
2972 601 3194 642 servare
3222 597 3271 652 ⁸,
3300 598 3487 642 contra
3517 603 3678 659 quam
3702 590 3811 644 mi-

2207 677 2392 732 litatis.
2429 678 2568 733 Deus
2597 677 2728 733 dicit
2762 695 2774 730 :
2812 677 2995 742 Quwrc
3023 695 3233 750 pacem,
3265 688 3312 733 et
3340 682 3668 751 consequeris
3694 699 3813 737 eam

2209 767 2326 841 (Ps.
2355 784 2552 834 xxsm,
2581 767 2683 840 l5)
2715 785 2726 822 :
2753 767 2866 841 (15)
2892 779 2948 824 ιιι
2970 771 3267 840 repudiasti
3295 786 3511 842 pacem:
3536 787 3755 832 nonest
3780 773 3810 814 δ

2207 869 2556 916 contemnere
2577 861 2956 930 disciplinam?

2279 951 2454 1023 731i:
2473 951 2981 1024 Evangeliolegitur
3003 954 3120 1026 (16)
3140 971 3152 1007 :
3170 972 3274 1025 pax
3286 956 3573 1014 hominibus
3595 961 3649 1015 in
3666 973 3812 1017 terra

2208 1043 2353 1099 bona:
2376 1046 2651 1100 voluntatis
2665 1045 2815 1117 (Luc.
2835 1062 2897 1115 tt,
2926 1046 3015 1116 14)
3033 1065 3044 1100 :
3063 1057 3118 1103 tu
3137 1063 3238 1104 nec
3251 1050 3581 1108 voluntatem
3603 1053 3812 1111 bonam

2209 1138 2287 1193 vis
2316 1139 2519 1195 habere
2546 1155 2646 1195 nec
2676 1154 2863 1210 pacem
2897 1157 2910 1194 :
2937 1157 3041 1195 non
3073 1151 3157 1197 est
3183 1151 3534 1201 contemnere
3559 1146 3813 1219 discipli-

2208 1233 2372 1286 nam?
2401 1233 2528 1288 Item
2558 1233 2609 1287 in
2644 1234 2853 1303 psalmo
2882 1249 3071 1288 cum
3104 1235 3299 1306 legitur
3331 1255 3345 1291 :
3377 1235 3510 1292 Ecce
3527 1255 3683 1308 quam
3712 1241 3812 1295 ba-

2208 1339 2331 1377 num
2370 1334 2474 1388 est,
2518 1334 2564 1378 et
2592 1326 2920 1397 jucundum,
2952 1325 3184 1380 habitare
3235 1329 3289 1380 in
3316 1344 3474 1382 unum
3505 1348 3518 1383 :
3552 1329 3607 1385 in
3637 1346 3810 1387 unum

2206 1415 2452 1471 habitare
2477 1431 2597 1472 cum
2633 1417 2888 1474 fratribus
2915 1433 3023 1473 non
3056 1419 3137 1473 vis
3172 1437 3183 1472 :
3215 1434 3321 1474 non
3354 1430 3439 1476 est
3457 1432 3812 1482 contemnere

2209 1509 2594 1578 disciplinam?
2620 1508 2868 1565 Christus
2893 1510 3025 1565 dicit
3062 1512 3114 1566 in
3160 1511 3452 1583 Evangelio
3482 1532 3495 1566 :
3539 1517 3628 1586 qui
3650 1518 3814 1574 semel

2208 1604 2342 1656 lotus
2368 1612 2476 1669 est,
2509 1620 2610 1656 non
2642 1603 2788 1657 habet
2809 1605 3163 1658 necessitatem
3183 1605 3367 1659 iterum
3387 1606 3594 1660 lavandi
3617 1606 3808 1676 (Joan.

501 1699 683 1757 Deus:
705 1702 751 1756 si
772 1709 1130 1772 sequerentur
1153 1700 1268 1755 haec
1285 1700 1481 1755 verba:
1503 1699 1772 1754 dissensio
1791 1697 2100 1753 etschisma
2131 1692 2181 1753 B
2213 1709 2304 1747 xm
2329 1693 2469 1764 ,10)
2507 1712 2519 1747 :
2555 1704 2607 1747 tu
2661 1694 3050 1774 rebaptizando
3095 1695 3289 1751 iterum
3339 1697 3486 1752 lavas
3516 1713 3530 1750 :
3585 1714 3690 1754 non
3721 1710 3813 1756 est

503 1793 600 1850 tibi
638 1794 944 1865 displicuit,
985 1793 1331 1849 concordasti
1365 1808 1488 1848 cum
1532 1791 1698 1847 fratre
1739 1802 1867 1858 tuo,
1897 1800 1953 1847 et
1981 1806 2102 1846 cum

504 1903 608 1943 una
622 1887 863 1944 Ecclesia
881 1903 1002 1959 quae
1025 1899 1107 1943 est
1131 1888 1182 1942 in
1214 1895 1328 1942 toto
1351 1886 1480 1941 orbe
1508 1896 1802 1952 terrarum,
1823 1885 2103 1958 (15)com-

506 1981 789 2036 municasti
814 1988 1020 2050 septem
1043 1980 1302 2035 Ecclesiis
1326 1988 1380 2034 et
1401 1977 1518 2052 (11)
1546 1979 1819 2034 memoriis
1835 1979 2106 2048 apostolo-

504 2088 648 2137 rum,
678 2073 963 2143 amplexus
987 2087 1046 2126 es
1060 2072 1326 2127 unitatem
1348 2089 1361 2124 :
1386 2071 1431 2125 si
1453 2071 1567 2125 hzec
1588 2072 1926 2140 subsequens
1948 2071 2105 2125 lectio

504 2163 843 2231 contineret,
876 2162 1032 2218 nobis
1059 2162 1358 2218 timendum
1383 2169 1531 2228 erat,
1565 2176 1666 2216 nos
1692 2176 1813 2217 esse
1836 2160 2104 2232 potuimus

506 2262 844 2324 peccatores.
874 2253 1010 2310 Cum
1043 2264 1223 2310 autem
1249 2254 1383 2308 dicit
1411 2254 1554 2308 Deus
1579 2268 1593 2306 ι
1627 2253 1709 2306 Ad
1738 2253 1862 2324 quid
1893 2254 2106 2324 exponis

496 2349 732 2421 justitias
759 2365 935 2414 meas,
977 2357 1026 2403 et
1065 2348 1285 2403 assumis
1317 2356 1675 2402 testamentum
1706 2363 1875 2401 meum
1919 2363 2008 2418 per
2050 2363 2105 2401 os

505 2443 698 2496 tuum?
726 2453 781 2497 tu
811 2450 979 2498 autem
1006 2441 1360 2510 contempsisti
1387 2440 1751 2511 disciplinam,
1798 2449 1843 2492 et
1873 2439 2106 2509 abjecisti

501 2550 758 2590 sermones
783 2551 920 2590 meos
949 2544 1086 2589 retro
1116 2549 1134 2588 :
1165 2535 1345 2587 sedens
1384 2532 1657 2586 adversum
1694 2532 1906 2601 fratrem
1934 2541 2102 2597 tuum,

504 2626 828 2693 detrahebas,
855 2637 904 2680 et
925 2625 1168 2682 adversus
1195 2625 1363 2695 ﬁlium
1383 2625 1564 2678 matris
1588 2633 1688 2678 tua:
1714 2623 1938 2694 ponebas
1955 2639 2105 2678 scan-

503 2719 699 2774 dalum.
757 2719 980 2775 Videbas
1011 2722 1199 2791 furem,
1243 2727 1290 2773 et
1319 2717 1559 2772 currebas
1606 2734 1720 2771 cum
1763 2733 1853 2783 eo,
1896 2726 1943 2772 et
1987 2733 2101 2769 cum

501 2812 750 2868 adulteris
778 2813 1062 2883 portionem
1081 2822 1225 2866 tuam
1253 2812 1474 2882 ponebas
1495 2810 1615 2881 (Ps.
1651 2827 1799 2876 xux,
1832 2810 1942 2882 16).
1979 2810 2103 2865 Haec

502 2903 569 2959 ad
597 2919 690 2960 vos
703 2904 846 2961 dicta
863 2913 990 2960 sunt
1011 2906 1212 2960 omnia.
1238 2904 1504 2960 Excusate
1518 2919 1614 2960 vos
1635 2905 1702 2959 ab
1723 2903 1808 2959 his
1827 2903 2098 2971 omnibus,

504 2995 551 3052 si
579 2996 826 3066 potestis.

2209 1795 2560 1841 contemnere
2614 1786 2996 1856 disciplinam?
3044 1787 3187 1842 Deus
3241 1788 3374 1843 dicit
3413 1807 3426 1842 :
3472 1807 3534 1844 ne
3583 1791 3815 1861 tetigeri-

2211 1877 2274 1930 tis
2307 1876 2536 1931 Christos
2563 1893 2701 1931 meos
2727 1917 2741 1942 ,
2783 1893 2942 1947 neque
2984 1878 3040 1930 in
3089 1878 3368 1947 prophetas
3412 1895 3550 1934 meos
3594 1897 3818 1937 manum

2210 1966 2588 2040 miseritis(Ps.
2617 1984 2736 2033 CIV,
2768 1969 2856 2037 15)
2887 1985 2902 2026 :
2951 1983 3046 2024 vos
3091 1979 3167 2024 tot
3205 1970 3516 2027 sacerdotes
3563 1972 3656 2028 Dei
3691 1973 3819 2044 (17)

2211 2059 2511 2129 honoribus
2537 2061 2891 2130 exspoliastis
2922 2077 3062 2115 :non
3092 2071 3175 2116 est
3198 2071 3551 2119 contemnere
3566 2064 3821 2135 discipli-

2211 2154 2371 2208 nam?
2392 2153 2639 2209 Christus
2664 2152 2792 2208 dicit
2823 2171 2836 2206 :
2868 2153 2986 2208 inde
3021 2153 3128 2208 scio
3171 2156 3294 2224 quia
3322 2155 3567 2226 discipuli
3597 2159 3697 2211 mei
3728 2175 3820 2212 es-

2210 2246 2274 2299 tis
2295 2287 2309 2310 ,
2342 2246 2387 2298 si
2413 2261 2499 2300 vos
2525 2245 2739 2299 invicem
2761 2245 2988 2316 diligatis
3010 2245 3192 2316 (Joan.
3225 2263 3320 2302 xm
3345 2287 3362 2316 ,
3395 2247 3487 2318 51)
3521 2249 3684 2304 :odio
3707 2266 3816 2307 nos

2211 2338 2442 2403 habetis,
2460 2338 2653 2394 fratres
2681 2339 2870 2410 utique
2906 2347 3117 2394 vestros
3145 2357 3157 2392 :
3185 2355 3286 2395 nec
3304 2342 3580 2408 apostolos
3605 2343 3816 2399 imitari

2210 2431 2478 2495 voluistis,
2502 2446 2533 2486 a
2559 2430 2756 2500 quibus
2783 2431 2942 2485 etiam
2967 2438 3194 2500 negator
3216 2431 3445 2487 dilectus
3468 2442 3550 2487 est
3571 2433 3772 2489 Petrus
3799 2453 3812 2489 :

2211 2536 2316 2576 non
2349 2532 2432 2576 est
2461 2531 2810 2577 contemnere
2836 2520 3177 2590 disciplinam
3203 2522 3226 2575 ?
3256 2523 3500 2593 Exponis
3537 2524 3818 2593 justiﬁca-

2210 2615 2386 2670 tiones
2421 2614 2550 2680 Dei,
2597 2625 2652 2669 et
2707 2614 2942 2669 assumis
2976 2613 3384 2670 Testamentum
3439 2616 3554 2686 ejus
3601 2633 3700 2686 per
3749 2634 3819 2675 os

2212 2718 2401 2763 tuum:
2424 2709 2827 2764 Testamentum
2859 2708 3073 2773 recitas,
3094 2718 3148 2765 et
3177 2711 3524 2767 Testamento
3555 2728 3660 2768 non
3690 2729 3820 2769 ser.

2210 2805 2288 2858 vis
2313 2845 2327 2868 ,
2358 2804 2411 2858 in
2442 2817 2550 2873 quo
2575 2802 2844 2872 descripta
2867 2811 2953 2857 est
2975 2803 3258 2873 disciplina
3289 2823 3303 2860 :
3327 2806 3598 2876 quomodo
3626 2806 3768 2861 dicis
3797 2827 3813 2862 :

2209 2910 2390 2967 qurere
2421 2909 2641 2965 pacem,
2675 2910 2798 2949 cum
2826 2909 2932 2948 non
2962 2893 3165 2951 habeas
3195 2896 3425 2965 pacem?

2281 2988 2351 3044 V.
2378 2987 2667 3040 Donatista:
2693 2987 3096 3042 calumniatores
3113 3029 3127 3053 ,
3154 2989 3467 3045 detractores
3491 3031 3506 3056 ,
3528 2991 3821 3046 seandalo-

571 3087 664 3144 IV.
701 3087 987 3144 Donatista:
1017 3088 1310 3160 disciplina:
1335 3096 1729 3160 contemptores.
1757 3115 1829 3128 —
1872 3086 1917 3140 A
1944 3085 2099 3142 vobis
2127 3074 2172 3138 C
2204 3098 2318 3137 rum
2345 3091 2674 3135 auctores.—
2703 3079 2822 3152 (18)
2853 3079 3024 3135 Electi
3053 3083 3184 3137 estis
3203 3122 3218 3148 ,
3262 3083 3354 3154 qui
3402 3084 3657 3139 sedentes
3705 3101 3817 3156 po-

1718 3199 2106 3257 LECTIONES
2146 3194 2570 3254 VARIANTES.

563 3299 590 3330 α
611 3295 668 3349 In
686 3311 804 3348 mss.
829 3297 882 3348 S.
908 3295 968 3346 Τ.
995 3301 1048 3348 et
1069 3295 1130 3346 P.
1151 3295 1204 3346 S.
1232 3306 1467 3346 servasse.

2268 3288 2298 3328 b
2323 3287 2380 3338 In
2403 3300 2496 3337 ms.
2515 3286 2566 3336 S.
2593 3287 2654 3338 G.
2677 3287 2840 3354 utique
2860 3287 2950 3339 hoc
2976 3296 3047 3341 est
3069 3301 3086 3341 :
3107 3296 3159 3342 et
3184 3292 3249 3344 ita
3267 3293 3520 3356 deinceps.

1829 3398 2191 3457 VARIORUM
2227 3397 2458 3455 ΝΟΤᾸΕ.

455 3522 460 3527 ·
500 3506 768 3557 testantur
789 3497 888 3552 viri
914 3495 1079 3553 docti.
1110 3498 1355 3554 Alterum
1381 3503 1558 3549 autem
1581 3508 1703 3548 cum
1728 3493 1836 3561 jam
1863 3493 2089 3556 versuti,

503 3573 637 3644 (non
661 3569 814 3644 enim
835 3569 1096 3644 sequendi
1127 3568 1216 3637 qui
1249 3566 1462 3644 tollunt,
1491 3567 1711 3644 curn-sit
1736 3575 1790 3644 et
1822 3563 2092 3644 inlicbr.)

499 3635 860 3714 princesserit.
878 3639 1025 3714 ⁸ξύει)
1049 3635 1275 3694 fortasse
1307 3637 1508 3691 dictum
1534 3636 1599 3690 ab
1625 3636 1842 3704 Optato,
1875 3635 1962 3690 hic
1986 3645 2089 3701 est,

498 3709 590 3768 sub
611 3729 712 3766 sec.
744 3720 850 3766 etc.
877 3711 948 3766 M.
972 3709 1205 3766 CASAUB.
2030 3760 2034 3764 ἱ

570 3783 688 3854 (11)
717 3783 778 3838 Si
799 3783 949 3854 enim
975 3791 1095 3854 post
1125 3781 1340 3835 electum
1361 3787 1454 3854 est.
1499 3778 1617 3854 Pro
1633 3778 1854 3854 electum
1893 3777 2096 3854 mavult

498 3849 752 3908 Barthius
775 3849 1044 3907 delectum.
1079 3853 1310 3906 Interest
1335 3850 1476 3904 enim
1508 3849 1723 3919 militem
1753 3849 1909 3919 deligi
1933 3857 2093 3919 atque

497 3924 813 3996 eligidicas.
845 3923 981 3978 Cum
1009 3922 1235 3996 delectus
1262 3919 1515 3996 ei_rei_sit
1536 3918 1797 3973 familiare
1826 3918 2047 3996 verbum
2076 3937 2088 3971 :

449 4016 458 4034 ι
500 3989 633 4049 illud
671 3993 900 4048 alterum
933 4001 1138 4047 temere
1165 3992 1232 4045 de
1265 3991 1523 4044 militibus
1557 4004 1662 4043 non
1705 3991 1966 4056 reperias.
1998 3989 2088 4044 Fr.

499 4065 794 4121 Balduinns
814 4063 1003 4129 edidit,
1029 4065 1072 4116 si
1094 4063 1227 4116 enim
1250 4071 1518 4131 postquam
1542 4059 1724 4113 lectum
1748 4072 1843 4114 est.
1873 4060 2087 4115 lucem.

570 4134 1017 4208 (i2)rTimendnm
1045 4143 1161 4208 erat
1184 4143 1371 4185 nautae.
1408 4131 1825 4208 Lege_exiget_tte
1856 4147 2017 4186 sensu
2043 4139 2097 4186 et

501 4202 604 4263 ﬁde
631 4202 856 4277 jubeute
881 4205 1072 4277 eodem
1108 4205 1268 4277 libro,
1300 4214 1518 4256 naturae.
1550 4202 1604 4256 Si
1635 4202 1853 4271 quidem
1896 4213 2096 4256 natura:

501 4279 590 4334 hic
621 4274 927 4348 prodigiose
955 4276 1182 4348 editum.
1224 4274 1444 4348 lucem.

570 4349 688 4422 (15)
701 4343 1099 4404 Communicasti
1112 4355 1302 4417 septem
1316 4343 1581 4400 Ecclesiis.
1596 4343 1915 4470 Clltxrisﬁanis
1927 4343 2091 4400 Asiae.

1695 4432 1874 4470 nasse.

1695 4432 1874 4471 LBASP.

2200 3491 2448 3546 divinum
2481 3489 2743 3545 honorem
2777 3503 2917 3545 esse.
2956 3491 3124 3560 Epist.
3179 3487 3213 3545 5
3255 3491 3348 3546 lib.
3379 3506 3456 3547 tv.
3496 3489 3677 3548 Dicini
3703 3494 3818 3550 ho-

2202 3563 2344 3616 noris
2355 3562 2616 3617 ssocielate
2647 3563 2764 3630 conj
2770 3571 2969 3615 unctas.
3003 3564 3235 3618 ALBASP.

2280 3633 2396 3703 (18)
2417 3632 2582 3686 Electi
2613 3634 2730 3686 estis
2751 3633 2838 3701 qui
2859 3633 3111 3699 sedentes,
3144 3644 3249 3688 etc.
3285 3632 3476 3690 Scribe
3498 3637 3616 3690 lecti
3646 3639 3776 3693 estis
3804 3654 3825 3693 :

2203 3705 2344 3776 quod
2380 3704 2550 3776 valet,
2581 3705 2841 3776 scriptum
2875 3718 3034 3772 porro
3063 3713 3148 3759 est
3175 3704 3244 3760 de
3265 3705 3416 3760 vobis
3437 3747 3451 3769 ,
3486 3718 3578 3760 aut
3603 3707 3823 3776 aliquid

2201 3774 2426 3828 simile:
2472 3774 2656 3827 lectum
2707 3775 2850 3827 enim
2906 3779 3287 3842 proscriptum
3339 3790 3462 3829 eum
3517 3776 3583 3830 de
3637 3774 3824 3835 sacris

2201 3845 2560 3920 scriptoribus
2591 3844 2706 3898 loca
2734 3848 3101 3920 proteruntur,
3137 3855 3194 3898 et
3225 3846 3385 3900 lectio
3427 3847 3538 3920 nm‘
3564 3851 3765 3920 ἐξοχὴν
3799 3892 3816 3914 ,

2204 3913 2512 3989 proquavis
2540 3930 2711 3969 sacrtc
2738 3913 3051 3989 §cripturae
3099 3925 3351 3989 περιοχῇ.
3399 3917 3514 3989 sive
3555 3913 3822 3989 περἰἷεοπῇ

2203 3985 2509 4057 (capitulum
2533 3996 2726 4040 vocant
2755 3986 2980 4040 Tertull.
3014 3995 3068 4039 et
3093 3985 3208 4052 alii)
3252 3985 3362 4040 tam
3412 3988 3667 4056 frequens
3721 3986 3819 4046 es't

2200 4058 2253 4110 in
2304 4058 2386 4111 his
2427 4067 2480 4127 et
2511 4057 2776 4111 similibus
2821 4057 3005 4118 libris,
3037 4067 3092 4110 ut
3121 4057 3254 4111 nihil
3288 4058 3627 4127 frequentius
3674 4077 3822 4117 esse

2199 4129 2389 4197 possit.
2425 4126 2618 4181 Notum
2659 4143 2721 4182 ac
2753 4128 2934 4200 tritum
2987 4137 3104 4188 est,
3137 4128 3263 4196 quid
3294 4126 3519 4200 Neliem.
3554 4146 3648 4185 vin
3675 4173 3690 4194 ,
3725 4131 3764 4186 8
3803 4173 3822 4200 ,

2202 4213 2310 4279 non
2343 4202 2495 4279 pauci
2529 4203 2690 4279 mp1:
2738 4197 2901 4279 ntikra
2938 4209 3254 4279 exponant,
3278 4199 3528 4279 velquid
3577 4217 3640 4255 ea
3674 4197 3827 4259 voce

2205 4267 2417 4324 Hebraei
2441 4267 2695 4324 doctn'res
2727 4271 2885 4337 vulgo
2920 4267 3224 4337 designent.
3277 4267 3476 4324 Eadem
3513 4276 3730 4328 ratione
3763 4285 3825 4328 et

2203 4340 2531 4394 Alcoranum
2560 4339 2666 4395 dici
2699 4340 2852 4394 multi
2887 4349 3254 4393 autnmarunt.
3289 4340 3395 4395 Sed
3429 4341 3666 4396 Thomas
3705 4346 3821 4396 Er-

2206 4411 2397 4478 penius
2420 4453 2434 4477 ,
2467 4411 2519 4463 in
2541 4410 2693 4478 cujus
2719 4409 3160 4464 excellentissimi
3193 4411 3287 4464 viri
3315 4412 3600 4466 immatura
3629 4426 3826 4470 morte

573 4488 689 4560 (14)
711 4489 779 4541 Et
803 4489 1060 4543 memoriis
1090 4487 1473 4557 Apostolorum.
1504 4488 1570 4542 Et
1601 4486 1840 4556 reliquiis
1870 4488 1930 4541 Β.
1954 4487 2099 4542 Petri
2129 4480 2181 4540 D
2211 4491 2414 4560 lautam
2443 4480 2690 4536 fecerunt
2729 4480 2992 4560 jacturam
3033 4482 3226 4560 litterae
3251 4480 3596 4560 Orientales,
3623 4501 3781 4553 quau
3802 4517 3822 4527 ο

850 4575 932 4614 use
972 4562 1280 4616 communio
1313 4561 1618 4616 necessaria
1645 4567 1731 4612 cst
1776 4567 1834 4612 ut
1861 4560 1982 4628 quis
2025 4561 2096 4613 sit

854 4630 1134 4686 hristiana.
1162 4630 1395 4685 ALBASP.

498 4570 555 4643 et
581 4561 734 4644 Pauli
765 4576 778 4612 :

499 4642 554 4687 tn
578 4642 783 4687 unitate

573 4723 783 4799 (l5)Tu
803 4723 1085 4799 repudiasti
1113 4730 1432 4799 pacein,etc.
1448 4720 1858 4799 ﬁuctioreshic
1889 4722 2094 4789 priores

498 4789 767 4851 editiones
805 4789 1010 4866 integra
1040 4789 1264 4864 periodo
1287 4809 1309 4866 :_
1346 4790 1413 4844 In
1441 4789 1722 4866 Evangelia
1752 4791 1962 4866 legitur,
1993 4809 2096 4862 pax

499 4867 783 4922 hominibus
807 4866 860 4919 in
887 4859 1198 4920 te'rra'bonaz
1227 4863 1522 4915 uoluntatis.
1548 4859 1628 4914 Tu
1656 4877 1748 4914 nec
1779 4859 2094 4917 uoluntatem

497 4937 682 4993 bonam
701 4939 776 4991 vis
799 4937 1003 4999 habere,
1027 4949 1116 4987 nec
1138 4948 1314 5002 pacem
1338 4948 1355 4985 .'
1379 4948 1482 4984 non
1504 4941 1578 4984 est
1601 4942 1920 4988 contemnere
1940 4935 2095 4988 disci-

497 5009 734 5080 plinam?
764 5005 896 5060 Item
936 5001 1253 5080 inMPsalmq
1280 5001 1581 5080 etc.“llaud
1613 5003 1832 5059 dubium
1865 5005 1992 5080 quin
2026 5007 2094 5080 sit

495 5073 694 5150 Dptati,
732 5089 906 5150 neque
928 5074 1146 5150 difﬁcile
1172 5083 1257 5129 est
1282 5073 1574 5143 conjicere,
1605 5089 1726 5145 qua:
1747 5073 1908 5131 causa
1935 5075 2100 5132 fuerit

497 5143 806 5206 omittendi.
821 5143 910 5200 Μ.
941 5143 1175 5201 ΟΑεΑιιιι.

570 5241 686 5315 (16)
718 5238 1091 5315 Inﬁcangelio
1122 5239 1326 5315 legitur.
1364 5240 1575 5315 μεριξ-οι
1607 5240 1844 5315 editione
1869 5240 2094 5297 Germa-

498 5310 709 5369 maniCa
739 5310 1016 5372 addimus;
1047 5318 1104 5365 et
1131 5310 1288 5377 bene,
1327 5312 1379 5365 ni
1406 5311 1586 5365 fallor.
1619 5314 1847 5367 ALBASP.

567 5403 688 5478 (17)
720 5403 1020 5478 Honoribus
1045 5403 1394 5478 esspoliastis.
1425 5402 1552 5478 Siue
1581 5419 1766 5478 causa
1793 5413 1847 5457 et
1896 5404 2099 5478 absque

494 5473 723 5535 crimine
755 5476 1040 5546 episcopos
1071 5473 1339 5546 deponitis
1364 5491 1376 5526 :
1401 5473 1544 5542 quod
1571 5490 1674 5546 non
1699 5475 1875 5527 minus
1895 5474 2098 5546 crimen

495 5559 633 5614 erat,
658 5544 821 5619 quam
846 5547 1188 5619 innocentem
1220 5544 1284 5596 ad
1314 5545 1684 5612 pmuitentiam
1714 5558 1941 5619 cogere;
1969 5545 2096 5619 utri-

495 5636 600 5689 quc
645 5613 792 5675 enim
825 5619 1028 5673 tollitur
1058 5614 1256 5689 gradus
1297 5624 1350 5689 et
1399 5630 1520 5689 βίη-ε
1551 5630 1710 5689 quem
1759 5613 1988 5689 habebnt
2043 5614 2097 5668 in

501 5685 732 5766 corpore
759 5689 985 5749 Christi.
1018 5685 1172 5744 Adde
1203 5702 1270 5743 ex
1302 5686 1368 5742 D.
1412 5685 1684 5758 Cypriane
1725 5686 2095 5759 cpiscmiatutn

2207 4564 2312 4608 tam
2343 4552 2466 4606 ullae
2498 4567 2750 4620 umquam
2795 4552 2846 4604 in
2877 4552 3039 4606 unius
3071 4552 3300 4605 hominis
3345 4562 3519 4607 morte
3565 4552 3776 4608 littera:
3807 4598 3823 4619 ,

2202 4624 2546 4679 doctissimos
2589 4636 2832 4692 quOSque
2883 4621 3089 4676 Arabes
3119 4623 3443 4687 dissentire,
3498 4633 3554 4678 et
3589 4625 3658 4677 ab
3693 4626 3820 4682 alia

2203 4695 2451 4766 quamvis
2477 4693 2718 4766 ejusdem
2751 4694 2949 4766 radicis
2979 4694 3371 4766 significatione
3398 4694 3648 4766 derivare
3667 4737 3686 4762 ,
3717 4713 3829 4751 uo-

2207 4763 2334 4820 tavit
2361 4765 2414 4818 in
2447 4767 2587 4819 notis
2610 4763 2676 4818 ad
2701 4764 2891 4818 histor.
2919 4763 3140 4832 Josephi
3167 4764 3464 4818 Patriarch.
3495 4765 3648 4820 Hanc
3670 4783 3816 4822 seu-

2207 4836 2427 4891 tentiam
2456 4835 2801 4889 doctissimus
2827 4834 3123 4889 Salmasius
3170 4834 3219 4887 in
3252 4834 3574 4888 admirando
3603 4835 3827 4892 Pliniu-

2207 4921 2396 4961 narum
2426 4904 2880 4960 exercitationum
2910 4920 3103 4974 opere,
3138 4920 3240 4958 non
3273 4905 3451 4960 laudat
3484 4907 3648 4960 modo
3669 4949 3684 4968 ,
3717 4910 3825 4962 sed

2205 4988 2260 5033 et
2286 4977 2596 5031 Graecorum
2625 4976 2946 5030 testimoniis
2986 4976 3057 5028 ita
3105 4975 3420 5039 confirmat,
3471 4987 3527 5029 ut
3567 4993 3656 5032 res
3694 4981 3826 5045 jam

2205 5047 2428 5108 minime
2453 5048 2778 5101 controverti
2809 5047 3022 5101 debeat.
3051 5046 3156 5101 Sed
3179 5047 3300 5114 quia
3327 5046 3632 5101 admirandi
3664 5048 3827 5104 illius

2202 5121 2385 5187 operis
2413 5118 2741 5173 mentionem
2793 5133 2880 5172 me
2924 5119 3148 5188 contigit
3196 5117 3522 5188 hiefacere,
3559 5119 3823 5187 ingratus

2204 5186 2325 5244 sum
2349 5189 2451 5243 nisi
2480 5188 2581 5243 hoc
2605 5191 2720 5258 ipso
2746 5191 2862 5242 loco
2885 5188 3000 5257 ejus
3021 5186 3251 5252 auctori,
3268 5186 3383 5242 viro
3411 5186 3826 5244 humanissimo

2204 5269 2260 5316 et
2289 5260 2356 5314 de
2386 5269 2494 5314 tota
2523 5260 2801 5328 republica
2847 5259 3110 5314 litteraria
3142 5260 3489 5313 meritissimo
3510 5301 3524 5324 ,
3557 5264 3827 5329 gratissi-

2207 5346 2324 5386 mas
2353 5346 2506 5400 agam
2533 5329 2757 5400 gratias,
2790 5329 2944 5399 cujus
2967 5344 3191 5400 munere
3221 5329 3353 5383 tanti
3374 5330 3634 5400 thesauri
3657 5346 3824 5386 coui-

2208 5417 2305 5470 pos
2331 5399 2450 5455 sum
2483 5399 2673 5454 laetus.
2705 5400 2810 5454 Sed
2835 5411 2892 5454 ut
2916 5399 2980 5454 ad
3008 5400 3262 5468 Optatum
3282 5399 3604 5466 redeamus,
3637 5409 3696 5455 ut
3725 5403 3824 5456 hic

2203 5471 2350 5526 electi
2382 5489 2478 5540 pro
2508 5472 2656 5530 lecti,
2687 5471 2848 5525 etiam
2880 5473 2932 5525 in
2965 5473 3064 5525 hac
3091 5471 3318 5540 optima,
3342 5470 3414 5523 ita
3449 5471 3500 5524 iu
3530 5472 3821 5540 prioribus

2201 5542 2565 5605 cditionibus,
2593 5541 2784 5596 eodem
2834 5557 3018 5596 errore
3048 5544 3262 5596 electum
3291 5555 3390 5610 pro
3444 5542 3629 5595 lectum
3658 5542 3820 5611 lege.

2202 5613 2378 5668 batur.
2419 5613 2516 5666 Ubi
2569 5614 2708 5664 enim
2764 5620 2889 5666 ante
2919 5628 3076 5666 uuam
3105 5623 3196 5670 aut
3224 5612 3449 5666 alterunt
3502 5615 3758 5682 paginam
3801 5629 3815 5665 :

2201 5685 2263 5741 Si
2294 5685 2429 5740 enim
2455 5694 2722 5755 postquam
2748 5683 2933 5739 lectum
2959 5693 3033 5740 est
3055 5723 3070 5752 ,
3096 5683 3305 5754 priores
3344 5681 3536 5741 ultima
3578 5681 3820 5742 Baldui-
