4152 6166
554 321 579 375 1
589 319 691 377 059

1762 293 2012 370 SANCTI
2048 309 2300 368 OPTATI
2337 307 2647 368 EPISCOPI

3713 305 3851 365 1040

549 445 712 505 ungat
733 440 893 502 caput
922 445 1122 486 meum.
1151 426 1411 483 —-Etiam
1471 425 1602 482 illud
1641 426 1788 482 disce
1810 469 1825 494 ,
1860 427 2014 498 cujus
2049 443 2148 482 vox
2179 429 2230 490 Α
2256 425 2492 482 Jordane
2519 439 2659 496 :quo
2687 437 2809 480 cum
2826 421 3215 480 veniretFilius
3247 421 3846 491 l)ei,Salvatornoster,

549 530 620 582 sit
651 545 662 580 :
695 526 858 580 oleum
883 524 1163 594 peccatoris
1189 538 1290 576 non
1317 520 1600 592 impinguet
1637 531 1789 592 caput
1827 537 1995 574 nteant
2028 519 2147 591 (Ps.

549 636 677 682 ch,
713 621 768 687 5)
798 635 812 671 :
842 623 896 670 tu
922 617 1066 671 enim
1097 631 1205 670 non
1249 615 1586 681 intellexisti,
1617 615 1774 683 cujus
1796 613 1912 668 hcce
1933 629 2034 669 vox
2059 615 2148 678 sil,

551 715 733 783 utique
756 709 977 775 Clu-isti,
1009 709 1098 780 qui
1130 708 1356 764 necdum
1389 718 1585 764 unctus
1616 707 1812 774 fuerat,
1851 722 1971 762 cum
1995 723 2154 778 roga-

547 813 649 869 ret,
673 813 733 858 ut
753 803 930 857 oleum
953 802 1252 871 peccatoris
1272 817 1378 855 non
1403 801 1764 871 impinguaret
1785 809 1810 835 ἰ
1833 807 1991 869 caput
2008 799 2148 868 ejus.

548 893 664 971 (5f)
714 895 838 950 Haec
886 906 941 949 tu
977 910 1083 949 non
1131 894 1476 965 intelligens,
1540 893 1767 948 dixisti:
1807 892 1944 960 Quia
1982 891 2152 946 David

547 989 813 1061 PrOpheta
837 989 1007 1043 timuit
1045 987 1212 1042 oleum
1244 988 1545 1058 peccatoris.
1573 988 1619 1041 A
1646 986 1900 1041 Samuele
1935 985 2153 1056 jamdu-

545 1083 672 1139 dum
705 1092 996 1152 perunctus
1025 1080 1054 1119 δ
1085 1082 1254 1136 fuerat
1296 1081 1384 1151 qui
1415 1081 1698 1142 cantabat;
1740 1095 1847 1133 non
1881 1078 1980 1132 fuit
2011 1078 2151 1133 ratio

549 1184 609 1230 ιιι
634 1175 826 1230 iterum
861 1182 1152 1244 angeretur
1183 1192 1195 1226 :
1228 1188 1358 1244 ergo
1389 1189 1490 1228 vox
1531 1181 1614 1228 est
1641 1171 1842 1228 Christi
1877 1171 2146 1228 dicentis:

547 1268 714 1322 oleum
755 1267 1040 1334 peccatoris
1068 1282 1168 1319 non
1211 1277 1371 1335 ungat
1425 1276 1446 1303 ε
1499 1274 1652 1335 caput
1706 1280 1894 1319 meum.
1953 1264 2150 1321 Preces

547 1368 693 1424 sunt,
726 1374 830 1413 non
859 1357 1166 1427 jussiones;
1199 1356 1469 1412 desideria
1519 1366 1664 1423 sunt,
1699 1373 1805 1412 non
1839 1365 2146 1428 pratcepta:

543 1469 668 1509 nam
690 1454 734 1509 si
759 1453 932 1523 jussio
954 1451 1347 1516 esset,diceret
1371 1467 1385 1504 :
1410 1451 1580 1505 oleum
1609 1451 1892 1519 peccatoris
1919 1467 2018 1504 non
2048 1467 2148 1505 un-

541 1560 622 1620 get
648 1545 674 1584 ί¹
705 1557 858 1619 caput
886 1563 1072 1601 meum.
1118 1545 1237 1600 Vox
1277 1545 1439 1616 igitur
1478 1552 1564 1600 est
1601 1544 1718 1598 Filii
1753 1544 1846 1600 Dei
1881 1544 1993 1614 jam
2025 1555 2151 1600 tunc

543 1641 832 1696 metuentis
860 1639 1038 1693 oleum
1080 1639 1381 1708 peccatoris
1428 1636 1707 1692 incurrere
1739 1646 1794 1702 ο,
1829 1635 1881 1690 id
1916 1644 2020 1703 est,
2053 1651 2148 1690 cu-

533 1735 731 1805 jusque
764 1734 1027 1799 hominis;
1059 1734 1184 1802 quia
1234 1746 1394 1787 nemo
1423 1731 1649 1787 estsine
1689 1741 1911 1802 peccato
1943 1730 1987 1797 ί,
2042 1732 2143 1787 nisi

2259 519 2324 575 ad
2338 518 2601 574 Joannem
2638 526 2891 573 ostensus
2916 528 2996 571 est
3022 516 3106 572 his
3137 517 3314 572 verbis
3340 534 3352 570 :
3379 533 3497 572 ecce
3521 530 3684 587 agnus
3715 513 3808 568 Dei
3830 530 3850 570 :

2259 614 2342 666 hic
2373 623 2446 667 est
2471 612 2559 684 qui
2582 610 2718 666 tollit
2747 620 2955 682 peccata
2978 611 3161 665 mundi
3189 609 3376 682 (Joan.
3403 627 3442 676 ι,
3467 610 3540 667 50
3557 611 3599 681 ).
3624 609 3854 665 Descen-

2256 708 2336 763 dit
2360 707 2410 762 in
2436 723 2653 778 aquam,
2674 723 2780 762 non
2805 708 2926 777 quia
2958 716 3076 762 erat
3099 706 3240 777 quod
3268 707 3320 761 in
3346 706 3458 762 Deo
3482 704 3853 772 mundaretur,

2255 800 2352 857 sed
2385 811 2838 871 superventurum
2869 799 3047 855 oleum
3089 797 3203 871 (55)
3239 813 3374 869 aqua
3419 797 3607 854 debuit
3637 807 3856 853 antece-

2253 895 2407 962 dere,
2440 895 2507 950 ad
2541 895 2798 967 mysteria
2830 891 2860 930 ιι
2891 893 3152 949 initianda
3197 901 3252 949 et
3290 891 3624 959 ordinanda,
3671 901 3728 947 et
3761 893 3862 947 im-

2255 988 2452 1058 plenda
2484 987 2822 1056 baptismatis
2851 1009 2864 1041 :
2901 987 3066 1052 lotus,
3103 1001 3223 1042 cum
3259 987 3309 1040 in
3355 984 3580 1042 Joannis
3613 985 3860 1042 manibus

2253 1080 2565 1146 haberetur,
2597 1092 2817 1137 secutus
2856 1080 2950 1151 est?
2975 1080 3111 1134 ordo
3159 1079 3420 1150 mysterii,
3463 1087 3520 1134 et
3565 1077 3864 1149 complevit

2251 1175 2411 1231 Pater
2465 1175 2609 1246 quod
2661 1184 2947 1246 rogaverat
2993 1173 3164 1228 Filius
3214 1183 3269 1228 et
3321 1171 3466 1243 quod
3517 1171 3864 1227 nuntiaverat

2253 1269 2491 1340 Spiritus
2521 1280 2761 1325 sanctus.
2784 1269 3047 1339 Apertum
3071 1277 3154 1325 est
3181 1266 3376 1324 ctelum
3419 1267 3530 1324 Deo
3577 1276 3728 1336 patre
3758 1282 3859 1322 un-

2253 1375 2436 1436 gente,
2485 1364 2730 1434 spiritale
2776 1362 2895 1435 (54)
2943 1362 3124 1418 oleum
3180 1362 3360 1418 statim
3388 1360 3445 1416 in
3485 1359 3720 1431 imagine
3767 1374 3859 1416 co-

2251 1459 2452 1514 lnmbae
2472 1457 2774 1524 descendit,
2806 1465 2863 1512 et
2909 1455 3109 1511 insedit
3137 1453 3299 1524 capiti
3345 1452 3487 1523 ejus,
3535 1462 3591 1508 et
3623 1449 3862 1522 perfudit

2251 1552 2371 1607 oleo
2405 1551 2421 1588 ί
2450 1592 2465 1614 ,
2489 1549 2605 1623 (55)
2629 1548 2774 1605 unde
2803 1549 2971 1619 coepit
2996 1546 3392 1609 diciChristus.
3424 1544 3642 1617 quando
3666 1553 3861 1600 unctus

2249 1637 2336 1700 es!
2369 1659 2398 1698 a
2432 1644 2540 1700 Deo
2571 1643 2762 1708 Patre;
2789 1643 2875 1697 cui
2908 1657 2976 1697 ne
3007 1640 3124 1714 (56)
3171 1653 3362 1695 manus
3389 1638 3667 1709 impositio
3712 1638 3726 1688 i
3765 1637 3861 1693 de-

2249 1736 2416 1792 fuisse
2437 1736 2736 1802 videretur,
2761 1749 2865 1790 vox
2888 1733 3070 1790 audita
3095 1743 3178 1788 est
3202 1732 3293 1788 Dei
3317 1731 3386 1787 de
3414 1731 3560 1787 nube
3589 1731 3856 1786 dicentis:

537 1828 685 1882 solus
733 1825 897 1881 Deus.
939 1824 1067 1879 Ideo
1098 1822 1265 1877 Filius
1302 1822 1421 1892 ejus
1455 1822 1633 1876 timuit
1670 1823 1850 1877 oleum
1879 1823 2135 1890 hominis,
2168 1814 2217 1873 Β
2247 1828 2330 1882 hic
2359 1837 2430 1882 est
2458 1826 2630 1882 Filius
2658 1843 2817 1895 meus,
2859 1826 2922 1880 de
2959 1841 3060 1895 quo
3097 1826 3221 1879 bene
3251 1823 3409 1890 sensi,
3463 1823 3610 1877 hunc
3674 1822 3859 1876 audite

541 1920 662 1990 quia
688 1918 889 1974 foedum
913 1915 1247 1987 fuerat(5'2),
1264 1917 1476 1970 utDeus
1499 1917 1567 1970 ab
1585 1915 1803 1972 homine
1825 1925 2135 1988 ungeretur.
2153 1915 2166 1932 '

543 2010 670 2066 Ideo
691 2009 1015 2079 deprecatur
1038 2018 1062 2054 ε
1087 2009 1324 2072 Patrem,
1349 2017 1406 2060 ιιι
1432 2022 1537 2062 ηοη
1558 2017 1787 2077 ungatur
1804 2009 1870 2062 ab
1899 2010 2135 2077 homine,

539 2104 635 2160 sed
652 2103 720 2159 ab
738 2098 854 2173 ipso
878 2101 1106 2156 Domino
1129 2101 1311 2156 Patre.
1334 2101 1473 2155 Petit
1497 2116 1624 2170 ergo
1640 2100 1804 2156 Filius
1827 2102 2138 2160 :videamus

539 2211 606 2250 an
639 2194 976 2250 consenserit
996 2193 1176 2248 Pater.
1204 2191 1315 2247 Hoc
1342 2192 1581 2263 Spiritus
1609 2203 1828 2249 sanctus
1859 2195 2058 2250 indicat
2085 2205 2141 2253 et

539 2287 849 2344 manifestat
881 2287 931 2341 in
964 2287 1172 2356 psalmo
1201 2302 1348 2352 thv,
1374 2285 1464 2341 ubi
1497 2287 1572 2340 ait
1602 2287 1669 2340 ad
1701 2287 1875 2356 ipsum
1898 2289 2094 2344 Filium
2121 2309 2134 2344 :

535 2391 687 2452 unget
715 2389 761 2434 te
788 2378 1041 2432 Dominus
1077 2376 1213 2431 Deus
1245 2388 1364 2431 tuus
1396 2377 1508 2432 oleo
1539 2379 1892 2433 exsultationis
1931 2380 2080 2434 aliter
2107 2397 2139 2435 a

537 2473 856 2529 consortibus
887 2471 986 2525 tuis
1014 2469 1033 2535 (
1059 2469 1154 2524 Ps.
1179 2484 1328 2535 xuv,
1353 2469 1449 2540 8).
1478 2469 1775 2526 Consortes
1806 2471 2018 2528 fuerant
2042 2472 2137 2529 Ju-

537 2567 774 2622 dreorum
818 2563 1133 2619 sacerdotes
1167 2573 1219 2618 et
1251 2576 1439 2632 reges,
1479 2578 1615 2632 quos
1643 2562 1888 2635 singulos
1942 2577 2136 2621 unctos

537 2658 606 2714 ab
637 2655 946 2713 hominibus
976 2661 1208 2708 constat.
1239 2652 1346 2708 Sed
1377 2653 1499 2723 quia
1527 2653 1697 2708 Filius
1721 2670 1752 2710 a
1785 2655 1962 2722 Patre,
1990 2657 2135 2712 Deus

534 2765 566 2804 a
599 2750 730 2815 Deo,
760 2755 878 2803 erat
898 2745 1212 2817 ungendus,
1246 2745 1543 2800 secundum
1581 2745 1723 2815 quod
1757 2746 1926 2804 Filius
1956 2750 2129 2818 petiit,

533 2840 766 2913 Spiritus
797 2837 1062 2910 promissa
1111 2836 1413 2903 nuntiavit,
1466 2845 1520 2893 et
1566 2837 1856 2908 complevit
1885 2839 2048 2896 Pater
2074 2842 2128 2898 in

2241 1922 2261 1992 (
2289 1919 2478 1973 Matth.
2504 1934 2582 1984 In,
2609 1920 2675 1974 17
2702 1918 2747 1990 ).
2779 1918 2892 1974 Hoc
2913 1925 2998 1973 est
3024 1917 3186 1988 igitur
3205 1917 3348 1987 quod
3375 1915 3572 1970 lectum
3596 1913 3703 1985 77
3730 1923 3820 1970 est
3841 1931 3855 1968 :

2243 2014 2412 2066 oleum
2440 2012 2725 2083 peccatoris
2753 2028 2856 2065 non
2875 2020 3035 2082 ungat
3085 2019 3239 2080 caput
3275 2025 3443 2063 meum
3491 2007 3628 2080 (57).
3666 2008 3858 2064 Ratio-

2244 2121 2369 2161 nem
2399 2106 2662 2172 veritatis,
2698 2105 2867 2162 frater
2902 2104 3293 2170 Parmeniane,
3326 2103 3410 2160 vel
3437 2118 3562 2160 sero
3600 2103 3854 2172 addisce,

2241 2200 2495 2269 quoniam
2528 2214 2672 2254 nunc
2705 2208 2916 2269 tempus
2949 2197 3202 2254 invenisti
3229 2196 3475 2252 discendi
3510 2194 3559 2249 ιι.

2315 2289 2454 2344 VIII.
2490 2289 2603 2363 (58)
2650 2290 2894 2345 eretici
2921 2290 3130 2361 proprie
3152 2289 3250 2360 ﬁlii
3276 2288 3646 2342 adulterorum.
3676 2318 3751 2329 ——
3788 2287 3854 2344 Ει

2245 2383 2377 2440 illud
2405 2385 2544 2454 quod
2575 2387 2626 2438 in
2654 2384 2944 2440 Salomone
2971 2383 3236 2453 pmpheta
3264 2382 3460 2439 lectum
3485 2396 3605 2438 esse
3627 2381 3848 2437 dixisti:

2244 2479 2383 2548 ﬁlios
2433 2478 2791 2533 adulterorum
2850 2480 3288 2532 inconsummatos
3344 2473 3502 2548 (59),
3561 2485 3608 2528 ει
3667 2475 3850 2545 spuria

2242 2568 2357 2642 (60)
2410 2570 2717 2625 citulamina
2775 2570 2891 2643 (61)
2940 2571 3073 2626 altas
3119 2569 3320 2623 radices
3369 2568 3496 2622 dare
3543 2583 3646 2622 non
3697 2584 3852 2637 posse

2243 2661 2396 2734 (Sap.
2433 2679 2512 2729 ιιι,
2569 2663 2673 2729 16;
2731 2679 2820 2730 tv,
2876 2663 2932 2734 5)
2971 2679 2984 2716 :
3019 2664 3121 2719 hoc
3169 2672 3225 2718 et
3273 2659 3591 2732 simpliciter
3640 2660 3847 2716 dictum

2241 2768 2364 2810 esse
2409 2755 2637 2827 intelligi
2678 2765 2874 2827 potest.
2909 2755 3067 2812 Unde
3105 2755 3153 2810 si
3185 2755 3409 2826 figuram
3441 2752 3606 2808 facias
3630 2794 3644 2816 ,
3685 2767 3849 2809 veros

2239 2846 2514 2904 adulteros
2543 2851 2806 2906 excusasﬁ
2840 2849 2983 2922 (62).
3031 2848 3140 2906 Sed
3167 2849 3250 2906 fac
3271 2890 3287 2917 ,
3321 2857 3379 2905 ut
3407 2847 3705 2920 ﬁguraliter
3731 2847 3848 2904 dic-

1751 2953 2137 3015 LECTIONES
2177 2958 2386 3017 VARIA
2396 2963 2594 3022 NTES.

523 3053 532 3065 '
591 3053 619 3082 α
653 3051 711 3101 Ιιι
733 3062 848 3100 mss.
873 3048 925 3098 S.
957 3046 1017 3096 T.
1045 3052 1097 3095 et
1116 3045 1173 3095 P.
1203 3041 1566 3108 S.inquinaret.

588 3113 618 3153 b
653 3113 708 3163 In
732 3126 821 3161 ms.
841 3112 892 3161 S.
922 3108 978 3159 G.
1005 3121 1156 3171 puero
1176 3107 1267 3158 Dei
1285 3107 1475 3171 unctus.

553 3241 563 3251 .
589 3178 612 3208 ο
652 3178 794 3253 [tari'n
817 3167 1168 3253 mss..S.'.T.'elt
1191 3172 1243 3220 8.
1271 3169 1332 3253 ϐε
1373 3179 1425 3219 et
1455 3169 1529 3219 sic
1550 3167 1818 3232 legendum
1846 3172 1990 3234 juxta
2012 3186 2127 3224 ver-

524 3241 716 3289 sionem
740 3235 1063 3299 Septuaginta
1086 3232 1354 3295 Intcrpret.
1571 3291 1582 3302 .
1847 3232 1861 3234 “

588 3300 617 3339 d
653 3301 706 3350 In
729 3313 817 3348 ms.
840 3299 892 3347 S.
923 3297 982 3347 Τ.
1007 3301 1174 3360 surgat.
1202 3294 1257 3343 In
1279 3307 1369 3344 ms.
1400 3295 1453 3344 S.
1481 3293 1539 3345 G.
1564 3294 1828 3359 nnpinguet
1844 3309 1863 3359 ;
1889 3299 1979 3350 sed
2008 3310 2126 3362 per-

520 3376 714 3482 WE")?
727 3437 818 3471 ms.
847 3422 898 3471 s.
925 3419 985 3469 G.
1004 3430 1064 3468 ne
1088 3417 1225 3469 homo
1244 3414 1350 3482 ejus
1371 3416 1529 3467 oleum
1550 3417 1816 3480 peccatoris
1835 3417 2122 3478 incurreret.

590 3485 612 3524 ί
650 3485 707 3535 Ia
728 3497 819 3534 ms.
844 3483 897 3532 S.
924 3482 982 3532 Τ.
1007 3492 1144 3531 nemo
1167 3492 1261 3530 non
1283 3484 1354 3531 est
1385 3486 1625 3540 peccator.

2298 3054 2324 3120 β
2357 3054 2413 3120 lu
2438 3070 2528 3106 ms.
2555 3056 2608 3106 S.
2626 3056 2692 3120 7G.
2720 3063 2964 3120 precatur.

2294 3114 2325 3154 ιι
2359 3118 2411 3166 In
2438 3133 2527 3169 ms.
2549 3120 2603 3169 S.
2623 3119 2683 3170 Τ.
2703 3114 3000 3171 ministeria:
3017 3125 3070 3171 et
3086 3118 3210 3170 infra
3499 3134 3587 3184 pro

2297 3179 2312 3217 ί
2356 3179 2410 3228 la
2436 3194 2550 3231 mss.
2574 3182 2626 3230 S.
2654 3183 2712 3232 Τ.
2738 3191 2788 3232 et
2814 3184 2869 3231 P.
2896 3184 2948 3232 S.
2973 3181 3189 3236 pertudit
3210 3195 3336 3234 eum.
3362 3184 3418 3233 In
3444 3197 3532 3233 ms.
3555 3135 3700 3236 8%.
3729 3199 3846 3236 ner-

2297 3179 2422 3250 ίηῐιι-
2436 3194 2550 3231 mss.
2574 3182 2626 3250 S_.
2654 3183 2712 3232 Τ.
2738 3191 2788 3250 et
2814 3184 2869 3231 P.
2896 3184 2948 3250 S_.
2973 3181 3189 3250 pertudit
3210 3195 3336 3250 eum.
3362 3184 3418 3233 In
3555 3186 3608 3236 S.
3729 3199 3847 3250 per-

2228 3241 2355 3317 fudit
2374 3241 2533 3317 oleum
2556 3241 2996 3317 :‘Iegendumﬁolcj‘d.
3019 3241 3074 3317 Iri
3097 3260 3186 3317 ms.
3212 3247 3264 3317 8.
3284 3246 3340 3296 '1'.
3364 3256 3471 3317 post
3493 3241 3847 3317 hacaddi'tur,

2230 3310 2276 3380 et
2300 3303 2485 3380 digesta
2517 3312 2616 3367 est;
2734 3320 2824 3357 ms.
2850 3307 2902 3357 S.
2930 3307 2990 3358 G.
3016 3313 3062 3358 et
3101 3305 3341 3374 digestum
3361 3303 3448 3360 est.
3487 3308 3627 3360 Istud
3666 3303 3848 3377 utpote

2229 3369 2533 3429 superfluum
2556 3369 2828 3420 omisimus.
3158 3369 3178 3374 ⁷
3239 3379 3241 3383 ’

2295 3429 2624 3508 item
2736 3433 2859 3508 sti:-
2970 3430 3446 3508 ηιωιτιείηιροςίιαο.
3552 3493 3583 3508 ..

2295 3493 2323 3530 k
2359 3491 2414 3541 In
2438 3507 2552 3544 mss.
2583 3494 2636 3544 S.
2656 3493 2714 3544 Τ.
2745 3501 2798 3546 et
2821 3494 2878 3544 P.
2904 3497 2954 3546 S.
2981 3501 3165 3559 tempus
3187 3491 3259 3548 est
3288 3493 3505 3547 invenire
3528 3493 3782 3549 discendi.

1847 3587 2209 3650 VARIORUM
2246 3594 2474 3652 ΝΟΤΑ-ἒ.

594 3686 706 3762 (51)
741 3685 876 3752 Quia
904 3682 1189 3762 __Pr0pltcta
1232 3681 1610 3762 timuitnoleum
1634 3686 1967 3762 “peccatoris,
1998 3701 2116 3762 _etc.

529 3751 849 3827 Distingue:
895 3751 1105 3810 Htcc'tu
1144 3770 1246 3806 non
1276 3751 1582 3827 intelligens
1609 3751 1807 3821 dixisti,
1839 3759 1961 3826 quia
1988 3758 2126 3815 Pro-

521 3833 675 3902 pheta
707 3825 871 3882 timuit
907 3827 1075 3902 oleum
1106 3826 1423 3902 peccatoris._
1451 3826 1494 3877 Α
1529 3825 1788 3902 βάηιιιειε
1807 3825 2121 3902 jamdudum

524 3847 675 3902 pheta
707 3847 871 3882 ttmuu
907 3847 1075 3880 meum
1106 3847 1404 3893 peccatoris.
1451 3847 1494 3877 Α
1548 3847 1788 3879 oamuete
1839 3847 2114 3886 amattaum

524 3919 654 3971 puer
682 3909 864 3972 unctus
887 3900 1083 3972 fuerat,
1112 3911 1226 3961 qua:
1251 3895 1489 3948 cantabat
1521 3895 1595 3963 (id
1622 3911 1704 3950 eSt
1727 3897 1753 3951 ὁ
1794 3847 2053 3970 κία),μδδος
2074 3905 2114 3972 ),

521 3967 648 4028 Non
679 3971 776 4042 fuit
798 3969 929 4042 ratio
958 3976 1010 4020 ut
1036 3967 1218 4019 iterum
1248 3974 1519 4042 uagaretur
1541 3982 1560 4030 ;
1587 3982 1712 4036 ergo
1736 4009 1750 4032 ,
1779 3967 1883 4023 etc.
1901 3967 1987 4027 Μ.
2011 3967 2118 4029 Cli—

528 4035 690 4099 save:
721 4038 1008 4094 Restitutus
1038 4046 1111 4090 est
1137 4052 1167 4088 α
1194 4035 1337 4091 nobis
1364 4037 1458 4090 iste
1487 4035 1652 4091 locus.

601 4110 716 4186 (5‘2)
751 4110 818 4166 Ut
845 4107 1090 4186 Deus_ab
1119 4106 1568 4186 homineJJnctio
1606 4116 1690 4162 est
1725 4111 1932 4186 species
1967 4129 2118 4186 (om-

523 4179 817 4245 mn'nionis,
845 4191 904 4236 ut
926 4179 1152 4234 habetur
1173 4181 1313 4248 apud
1332 4179 1668 4250 Dionysium,
1693 4195 1812 4250 cap.
1841 4184 1934 4237 ult.
1966 4185 2115 4241 Hier.

522 4257 735 4313 Eccles.
768 4253 868 4320 Qui
897 4261 1074 4325 autem
1114 4250 1548 4325 communionem
1579 4252 2038 4325 alicui_impertit,
2071 4258 2116 4314 is

521 4329 767 4398 superior
793 4340 915 4398 esse
945 4321 1189 4398 videtur;
1222 4322 1362 4377 unde
1393 4336 1552 4398 nemo
1573 4322 1698 4398 olim
1734 4321 2004 4398 Episcopo
2025 4321 2119 4382 'sa-

523 4391 857 4455 cramentum
884 4393 1161 4464 impertiri
1182 4400 1410 4461 poterat.
1442 4391 1532 4464 Ait
1573 4393 1733 4462 igitur
1779 4391 2007 4464 Optatus
2036 4399 2118 4454 in-

519 4471 741 4541 dignum
767 4466 931 4522 fuisse
957 4475 1013 4518 nt
1036 4463 1288 4520 Christus
1313 4479 1410 4535 per
1439 4463 1711 4588 hominen:
1742 4471 2111 4533 perficeretur.

1722 4552 1901 4588 LBASP.

1722 4552 1901 4594 LBASP.

591 4609 706 4686 (55)
736 4611 884 4686 Aqua
930 4606 1118 4686 debuit.
1139 4605 1445 4676 Baptismus
1483 4617 1608 4662 ante
1650 4608 2114 4668 confirmationem

520 4683 925 4741 conferebatur.
950 4683 1177 4735 ALBASP.

591 4755 924 4829 (54)‘0leum
949 4754 1141 4804 statim.
1173 4747 1649 4804 Confirmabantur
1679 4750 1767 4804 ubi
1796 4763 1948 4807 erant
1977 4753 2110 4824 bap-

511 4825 936 4882 tizziti.'ALaAsr.

590 4897 708 4967 (55)
739 4893 1053 4967 υηνάε-ςφρὶι
1068 4890 1321 4967 Christus.
1346 4889 1654 4967 Baptismus
1681 4889 1908 4967 faciebat
1931 4895 2101 4954 ﬁlios:

515 4961 866 5023 Confirmatio
884 4962 1239 5027 Christianos,
1268 4961 1508 5014 Ecclesia
1534 4961 1740 5016 fideles.
1761 4964 1987 5021 Αιιιιιειι.

591 5037 706 5110 (5‘76)
741 5033 1234 5110 Manttsimpositio.
1283 5032 1348 5086 Et
1398 5046 1464 5087 ne
1513 5031 1728 5110 deesset
1778 5037 1953 5092 Oratio
2004 5056 2106 5110 qua

517 5103 859 5164 confirmatio
912 5103 1001 5156 illa
1032 5104 1411 5172 perficeretur;
1442 5119 1552 5158 non
1581 5105 1754 5158 solum
1787 5123 1977 5164 manus
2007 5103 2105 5166 ὀι-

516 5180 686 5234 tentio
718 5176 1005 5231 vocabatur
1037 5190 1224 5228 manus
1250 5173 1544 5244 impositio,
1569 5175 1662 5228 sed
1703 5177 1864 5231 etiam
1897 5181 2102 5236 oratio-

513 5265 635 5315 nes,
661 5264 780 5319 quae
800 5262 921 5301 cum
949 5261 1166 5299 manum
1192 5245 1563 5313 admoverent,
1597 5249 2098 5317 pronuntiabantur.

1691 5319 1923 5375 ALBASP.

581 5389 698 5464 (57)
723 5388 1014 5464 ﬁctionem
1054 5387 1281 5464 veritatis
1306 5428 1320 5452 ,
1353 5391 1518 5458 frater
1559 5389 1906 5464 Parmenione
1928 5433 1943 5456 ,
1991 5403 2097 5450 etc.

511 5459 645 5520 Alite
672 5459 958 5522 editiones,
989 5459 1226 5526 quoniam
1255 5475 1390 5510 nunc
1417 5470 1614 5526 tempus
1641 5469 1712 5512 est
1741 5462 1964 5515 invenire
1995 5465 2102 5518 dis-

509 5535 674 5589 cendi.
713 5534 822 5602 Ego
850 5529 1048 5592 scribo,
1072 5529 1314 5602 quoniam
1340 5545 1441 5602 non
1471 5538 1545 5602 est
1571 5541 1789 5596 tempus,
1823 5533 1930 5595 vel,
1962 5551 2098 5588 nunc

506 5625 607 5661 non
636 5598 836 5672 tempus
858 5609 930 5655 est
949 5598 1172 5666 juvenile
1194 5599 1439 5652 discendi.
1467 5601 1624 5654 Prius
1648 5604 1812 5669 enim,
1847 5603 1925 5656 vel
1944 5620 2054 5657 sero
2077 5622 2096 5660 :

501 5677 656 5744 quasi
685 5676 914 5739 diceret,
943 5678 1166 5744 praestat
1191 5683 1335 5744 sero,
1366 5685 1535 5744 quam,
1557 5687 1865 5743 numquam.
1895 5674 1966 5730 M.
1995 5675 2096 5732 Ca-

501 5739 651 5803 stico.
687 5739 969 5801 Restitutus
998 5753 1072 5798 est
1101 5741 1186 5795 hic
1215 5739 1359 5795 locus
1387 5739 1419 5796 ὰ
1449 5743 1614 5797 nobis.

572 5817 688 5892 (58)
737 5817 803 5874 Et
839 5817 969 5873 illud
996 5814 1134 5887 quod
1177 5814 1232 5870 in
1269 5811 1551 5872 Salomone
1594 5814 1860 5890 Propheta
1905 5819 2092 5877 lectum

2226 3712 2335 3780 esse
2359 3698 2538 3753 dixisti
2563 3742 2577 3763 ,
2610 3700 2756 3780 ﬁlios
2779 3701 3138 3780 adulterorum
3165 3714 3564 3780 consummatos.
3598 3705 3845 3780 Insignis

2227 3766 2380 3850 locus
2433 3779 2485 3850 et
2544 3766 3016 3850 animadversione
3063 3775 3112 3830 si
3165 3775 3285 3850 quis
3334 3775 3472 3830 alius
3522 3777 3576 3831 in
3631 3766 3846 3849 Ορῖτιιο

2223 3837 2594 3908 dignissimus.
2628 3844 2736 3898 Vox
2768 3856 3146 3900 consummatos
3178 3837 3340 3915 plane
3368 3855 3555 3901 contra
3589 3837 3845 3906 mentem

2222 3915 2463 3987 auctoris
2485 3924 2720 3983 pugnat;
2745 3925 2800 3970 et
2825 3916 3066 3985 Sapient.
3093 3932 3211 3986 cap.
3239 3932 3319 3982 ιιι,
3347 3916 3461 3973 btee
3482 3931 3613 3974 sunt
3637 3923 3842 3987 verba,

2221 3983 2380 4068 Τέξενα
2429 3982 2483 4040 δὲ
2512 3982 2715 4068 {tamdiu
2762 3982 3013 4068 ἁτέλέστα
3059 3982 3226 4068 ἔστ-ξι,
3281 3992 3365 4043 καὶ
3411 3991 3466 4043 ὲκ
3514 3982 3844 4068 παρανόμοι)

2221 4056 2395 4116 κοίτης
2437 4056 2647 4132 σπέρμα
2678 4060 3105 4132 ,ἀφανισθήσεταμ
3155 4060 3234 4114 Ex
3273 4075 3501 4132 quorum
3549 4056 3849 4128 ιιὺειιιιὲωο

2225 4139 2492 4194 perpeuso
2521 4129 2625 4183 non
2657 4129 2908 4184 dubitant
2931 4131 3150 4199 quidam
3179 4131 3475 4201 corrigere,
3504 4132 3649 4199 filias
3677 4136 3849 4190 adul-

2221 4203 2448 4269 terorum
2469 4215 2558 4252 seu
2585 4213 2780 4256 somno
2807 4212 2982 4256 natos.
3015 4201 3159 4269 Quas
3185 4210 3296 4255 tres
3320 4217 3482 4258 voces
3511 4204 3740 4262 inscitia
3781 4207 3849 4262 li-

2219 4265 2382 4322 brarii
2428 4271 2738 4340 turpissime
2770 4273 2822 4326 in
2855 4265 3256 4341 unam'redegit
3287 4273 3515 4329 scilicet.
3551 4274 3667 4331 Sed
3717 4277 3849 4333 hac

2219 4341 2488 4395 correctio
2535 4341 2655 4396 aliis
2696 4342 2926 4400 fortasse
2969 4357 3063 4398 seu
3112 4359 3304 4398 somno
3354 4352 3477 4400 nata
3519 4345 3842 4404 videbitur.

2222 4406 2320 4489 Diu
2352 4420 2435 4464 est
2463 4427 2584 4467 eum
2616 4414 2900 4489 legendum
2924 4414 3432 4489 suspicabar,_/ilios
3459 4416 3845 4489 adulterorum

2218 4483 2676 4562 inconsummatos.
2718 4483 3224 4562 Na_m__sic_v_ulgata
3265 4485 3450 4562 Latina
3495 4488 3672 4544 editio
3705 4491 3845 4547 libri

2226 4548 2517 4620 Sapientiae
2545 4563 2718 4610 sonat.
2758 4555 2886 4610 Filii
2922 4548 3271 4611 adulterorum
3297 4559 3348 4612 in
3375 4564 3844 4617 consummatione

2224 4620 2382 4706 (alias
2409 4641 2509 4679 non
2551 4627 2760 4692 initiati,
2793 4627 2891 4706 _veI_
2909 4627 3217 4706 imperfecti)
3249 4638 3428 4698 erunt,
3472 4640 3519 4684 et
3543 4631 3612 4684 ab
3641 4633 3847 4706 iniquo

2220 4691 2368 4747 thoro
2395 4711 2564 4750 semen
2589 4691 3030 4753 exterminabitur.
3056 4691 3275 4756 I'Ncsn'r.

2217 4855 2229 4868 .
2290 4786 2407 4868 (59)
2429 4787 2904 4868 _Inconsummatos.
2937 4791 3012 4868 Ita
3051 4793 3386 4868 restituimus
3416 4809 3482 4868 ex
3513 4809 3654 4852 mss.
3689 4797 3844 4857 Male

2215 4859 2266 4934 in
2315 4859 2471 4913 editis
2497 4902 2512 4926 ,
2539 4875 2935 4916 consummatos.
2977 4862 3033 4916 In
3071 4863 3263 4919 Graeco
3298 4865 3624 4934 Sapientiae,
3670 4874 3844 4929 τέκνα

2134 4960 2184 5020 D
2211 4925 2493 5020 gé-EOIXQV
2530 4934 2776 4990 ἀτέλεστα
2796 4933 2964 5018 ἔσται..
3138 4934 3322 4991 Graeca
3360 4925 3645 5020 ἆτέλεσταέ

2211 4999 2419 5084 [λιιικῇ
2454 5004 2883 5084 inconsummalos
2914 5006 3425 5084 significarepotest
3451 5051 3466 5070 ,
3485 5018 3595 5084 aut
3623 4999 3842 5084 imper-

2209 5070 2391 5139 fectos,
2422 5084 2515 5126 aut
2542 5079 2809 5146 profanos,
2834 5092 2897 5132 ac
2925 5070 3035 5131 sine
3061 5070 3342 5149 sacriﬁcio.
3375 5081 3451 5134 Du
3482 5079 3602 5135 PIN.

2282 5160 2394 5232 (60)
2439 5161 2769 5220 Vitulamina.
2801 5165 2971 5223 Vocat
3011 5167 3255 5224 stolones
3294 5177 3351 5224 et
3389 5169 3610 5228 suboles
3649 5175 3836 5234 arbo-

2206 5246 2346 5287 rum.
2377 5234 2595 5289 laccn'r.

2282 5302 2407 5384 (_61)_
2455 5306 2796 5384 Vitulamina.
2848 5307 2923 5384 Ita
2973 5308 3513 5384 Latinus_lnterpres
3561 5328 3694 5381 cap.
3746 5333 3830 5384 ιν,

2204 5389 2259 5429 v.
2293 5378 2344 5439 5,
2376 5377 2630 5459 deceptus
2655 5379 3002 5459 ambiguitate
3025 5384 3172 5459 vocis
3195 5377 3400 5437 Graecai
3419 5377 3827 5459 poexebpma,

2204 5448 2843 5538 attat-iiitul-ossiglui'tiLeat
2863 5461 2925 5538 et
2945 5451 3311 5538 stoloneslseu
3347 5448 3685 5538 prepaginés
3714 5501 3734 5538 ,_
3767 5448 3828 5514 ut

2200 5517 2386 5594 videre
2415 5528 2498 5573 cst
2524 5519 3127 5594 apud_’l‘heophrastum
3171 5517 3412 5594 aliosque
3449 5517 3548 5582 'rei
3578 5517 3825 5585 rustice

2201 5586 2527 5659 Scriptores.
2562 5586 2638 5644 Du
2671 5589 2786 5645 PIN.

2270 5681 2389 5749 (62)
2435 5679 2589 5735 Veros
2628 5681 2889 5738 adulteros
2915 5686 3188 5740 accusasti.
3215 5684 3468 5743 Trahens
3493 5688 3721 5746 scilicet
3761 5693 3818 5747 in

2196 5766 2416 5807 sensum
2441 5751 2774 5822 spiritualem
2805 5758 2948 5828 quod
2978 5756 3032 5811 in
3065 5758 3212 5827 ipsos
3237 5755 3446 5814 dictum
3477 5769 3573 5815 est.

3456 5831 3533 5886 Du
3565 5829 3692 5886 Pw.
