4152 6166
528 243 591 300 {0
610 239 664 296 .3

1663 233 1906 291 SANCTI
1948 229 2082 290 OPT
2092 225 2204 289 δτι
2246 231 2550 290 EPISCOPI

3660 235 3774 295 {Ml

523 373 581 415 et
625 357 900 413 [dolorum
940 355 1268 426 inquinatam
1298 358 1536 407 sectatus
1578 347 1752 406 fuerat
1780 348 2116 419 religionem.
2152 351 2200 410 Α
2229 350 2516 419 eolligeres
2539 391 2552 415 ,
2588 356 2637 402 et
2675 345 2787 418 (70)
2825 343 3132 401 everricqu
3165 355 3186 379 υ
3217 342 3446 414 quodam
3478 346 3669 401 malitiae
3701 367 3776 403 ar.

529 452 644 507 Hoc
670 459 776 515 est,
797 447 944 518 quod
971 445 1120 500 dolet
1147 443 1286 498 Deus
1317 460 1329 496 :
1361 443 1463 498 hoc
1489 452 1573 498 est
1597 439 1740 511 quod
1769 439 1901 494 dicit
1926 438 2128 494 emtum

529 542 896 602 exhorruisse.
952 539 1088 595 Nam
1129 547 1182 592 et
1224 550 1322 607 per
1361 535 1578 592 Esaiam
1625 533 1942 605 prophetam
1984 531 2127 586 idem

529 639 624 694 Dei
655 635 808 691 dolor
853 639 976 698 est,
1005 630 1131 686 dum
1181 630 1236 683 in
1269 629 1370 684 hoe
1399 627 1507 683 duo
1551 635 1782 683 testatur
1818 626 2086 680 elementa
2110 659 2126 690 ,

529 731 657 786 dum
672 728 746 781 ait
779 744 793 780 :
821 724 968 792 audi,
995 724 1200 788 caelmn,
1230 731 1279 778 et
1305 723 1505 791 percipe
1530 721 1764 788 auribus,
1783 728 1921 774 terra
1949 734 1968 772 :
1995 718 2132 786 ﬁlios

530 821 770 896 generari
811 829 859 873 et
902 819 1125 874 exaltari
1173 833 1192 872 :
1238 818 1339 887 ipsi
1381 826 1552 870 autem
1617 831 1698 870 me
1751 814 2132 884 dereliquerunt

529 913 699 984 (Esai.
760 925 797 979 ι,
829 911 911 984 2).
942 911 1120 980 Quare
1165 924 1273 965 non
1321 909 1390 964 de
1422 909 1522 965 hac
1566 907 1800 963 lectione
1847 906 2048 976 aliquid
2077 913 2127 969 δ,

529 1010 697 1064 frater
755 1005 1149 1068 Parmeniane,
1198 1001 1418 1057 dixisti?
1457 1015 1526 1056 an
1573 1001 1696 1071 quia
1746 999 1831 1054 hic
1873 1013 1982 1053 non
2050 1007 2135 1054 est

534 1115 669 1170 aqua
703 1097 1019 1154 nominata?
1065 1094 1182 1167 (69)
1209 1093 1532 1165 lntelligeris
1559 1097 1702 1148 enim
1745 1090 1924 1146 studio
1952 1091 2136 1145 crimi-

533 1193 697 1250 nandi
745 1193 822 1246 sic
873 1191 1119 1261 pulsasse
1157 1187 1186 1226 ι)
1234 1188 1410 1258 legem
1464 1193 1524 1240 ut
1569 1184 1892 1253 ubicumque
1939 1193 2134 1252 aquam

533 1288 789 1358 scriptam
821 1284 1016 1355 legeris
1043 1325 1056 1348 ,
1097 1281 1382 1354 praestigiis
1407 1279 1726 1351 quibusdam
1765 1277 1833 1333 ad
1876 1276 2133 1332 invidiam

2231 449 2609 512 gumentorum
2655 441 2859 494 intexto
2885 480 2900 505 ,
2946 441 3012 492 ad
3043 448 3094 492 te
3127 427 3329 492 onmia'
3354 452 3472 508 qua:
3514 447 3625 494 sunt
3661 441 3780 500 bona

2235 532 2470 587 traxisti.
2503 531 2634 586 Nam
2670 531 2848 602 qualis
2875 539 2958 585 est
2989 540 3110 584 tuus
3138 527 3440 585 intellectus
3467 527 3520 584 in
3542 529 3633 587 hoc
3656 535 3780 604 capi-

2235 627 2351 682 tulo
2379 624 2655 690 Jeremiae,
2686 639 2809 680 cum
2841 625 3039 680 clamet
3068 624 3210 679 Deus
3237 638 3298 678 se
3321 623 3578 679 desertum
3601 641 3722 692 esse,
3742 637 3789 684 et

2232 720 2312 774 sic
2333 717 2560 774 effossos
2583 719 2731 772 lacus
2765 735 2776 770 :
2810 731 2912 788 pro
2936 730 2996 772 se
3032 715 3284 770 irascitur
3309 756 3324 781 ,
3369 729 3472 770 non
3502 731 3592 786 pro
3613 732 3668 772 re
3688 733 3788 774 sus.

2227 811 2446 881 (Jerem.
2478 818 2564 882 tt.)
2590 811 2704 883 (Ἠ)
2739 814 2891 882 Aqua
2917 810 3062 864 enim
3092 808 3437 878 Baptismatis
3471 824 3555 864 res
3583 809 3667 865 Dei
3695 821 3793 881 est,

2238 919 2348 960 non
2379 905 2518 960 Deus
2549 921 2563 957 :
2595 912 2650 958 et
2679 904 2724 958 si
2755 902 2961 974 putatis
2987 901 3236 956 desertos
3265 915 3388 956 esse
3408 941 3421 964 ,
3451 901 3650 970 quando
3673 904 3794 972 apud

2237 1009 2336 1051 vos
2383 993 2640 1060 luerunt,
2671 993 2762 1063 qui
2813 991 2956 1064 apud
2987 1006 3087 1047 nos
3133 991 3386 1062 baptizati
3431 1002 3586 1059 sunt,
3633 996 3801 1051 merito

2240 1089 2400 1143 vestri
2431 1087 2744 1142 desertores
2765 1085 2832 1140 ad
2864 1099 2963 1140 nos
2985 1085 3175 1139 venire
3196 1084 3520 1139 viderentur.
3541 1085 3800 1143 Probatunt

2243 1191 2327 1239 est
2357 1196 2508 1253 ergo,
2541 1190 2592 1236 te
2623 1195 2729 1235 non
2760 1188 2952 1236 contra
2994 1193 3116 1247 nos,
3150 1177 3244 1236 sed
3270 1187 3456 1235 contra
3483 1195 3576 1236 vos
3598 1180 3801 1250 dixisse,

2243 1275 2385 1346 quod
2413 1289 2444 1329 α
2475 1284 2528 1330 ιε
2551 1273 2755 1330 dictum
2785 1283 2870 1329 est
2898 1272 2968 1329 de
2996 1273 3124 1329 oleo
3145 1280 3202 1328 et
3225 1272 3490 1329 sacriﬁcio
3511 1274 3800 1345 peccatoris.

1766 1375 2153 1450 LECTIONES
2191 1387 2614 1447 nummus.

594 1497 622 1527 α
657 1494 813 1544 Deest
831 1493 882 1541 in'
904 1502 992 1541 ms.
1013 1491 1068 1542 S.
1095 1488 1155 1540 G.

593 1556 624 1597 δ
660 1557 718 1608 In
741 1569 830 1607 ms.
861 1556 914 1605 8.
937 1554 997 1604 G.
1022 1559 1262 1618 ραιραωε.

2252 1545 2262 1554 ⁸
2314 1484 2337 1512 ⁶
2373 1480 2570 1554 Inﬁmsns.
2592 1481 2644 1532 S.
2667 1480 2808 1554 T..et
2824 1481 2886 1554 .P.
2913 1483 2966 1532 S.
2993 1480 3237 1534 curriculo
3252 1495 3273 1544 ,'
3292 1480 3386 1534 sed
3406 1482 3556 1535 multo
3580 1485 3748 1537 rectius
3765 1493 3812 1538 ut

2247 1545 2299 1594 in
2320 1557 2411 1596 ms.
2430 1545 2483 1594 S.
2510 1544 2571 1595 G.
2595 1541 2882 1596 euerriculo.

1890 1652 2252 1709 VARIORUM
2292 1653 2526 1709 ΝΟΤιΕ.

1890 1654 1932 1709 ν
1984 1652 2052 1709 Rl
2513 1691 2526 1709 .

604 1755 722 1831 (69)
757 1753 1234 1831 lntelligerisenim
1256 1749 1434 1831 studio
1449 1747 1781 1831 criminandi,
1817 1757 1921 1803 etc.
1938 1652 2252 1831 ioci:ng
2292 1653 2612 1810 quae
2623 1747 2818 1810 tripode
2840 1760 2905 1798 ex
2925 1746 3099 1798 Phoebi
3125 1746 3366 1812 lauruque
3389 1747 3622 1812 profatur.
3643 1749 3818 1801 lucrm.

536 1819 668 1884 mihi
701 1819 1005 1896 suspectus.
1048 1823 1166 1896 Nisi
1201 1833 1377 1896 tamen
1420 1821 1543 1877 ideo
1570 1822 1712 1896 divit
1737 1836 1858 1876 eum
1891 1819 2130 1888 palpasse

538 1903 717 1971 legem,
748 1891 899 1971 quod
910 1899 1025 1971 suis
1044 1891 1745 1971 Parmenianuspraestigiis
1767 1901 1824 1945 et
1843 1904 2132 1971 argumen-

538 1959 715 2026 toi-uui
743 1959 1036 2023 calliditate
1066 1963 1329 2027 effecerit,
1357 1974 1412 2018 ut
1445 1959 1528 2018 lex
1557 1959 1792 2030 iniquior
1839 1959 2132 2014 Catholicis

537 2053 591 2098 et
617 2055 804 2096 eorum
831 2053 1047 2101 causae;
1091 2037 1191 2106 ipsi
1222 2047 1401 2089 autem
1435 2035 1556 2104 plus
1592 2049 1746 2102 aequo
1773 2031 1956 2086 lavere
1985 2031 2134 2106 vide-

539 2124 722 2168 retur:
747 2112 874 2165 dum
909 2103 1181 2172 nimirum,
1207 2107 1320 2160 sola
1343 2103 1540 2175 promit
1565 2119 1630 2159 ex
1659 2106 1767 2168 illa,
1795 2118 1916 2172 quae
1939 2103 2134 2175 saltem

539 2187 594 2237 in
625 2182 807 2254 specie
826 2182 934 2254 ipsi
961 2174 1418 2254 commodabam;
1456 2192 1575 2246 qua:
1609 2178 1789 2254 ipsum
1814 2183 1996 2228 autem
2023 2174 2136 2254 pla-

536 2272 606 2309 tte
634 2245 971 2322 jugulabaut,
1002 2259 1054 2322 et
1077 2245 1926 2322 adversariosaperte—juvabant,
1952 2245 2134 2299 omnia

538 2316 807 2380 malitiose
831 2335 884 2378 et
916 2321 1144 2376 subdole
1172 2321 1381 2375 reticet.
1413 2319 1480 2373 Μ.
1509 2316 1742 2373 (lassus.

613 2460 728 2535 (70)
782 2457 848 2535 Et
892 2457 1149 2535 curriculo
1196 2456 1423 2535 quodam
1461 2454 1685 2535 malitias
1717 2462 2142 2535 argumentorum

537 2525 747 2596 intexto,
775 2530 843 2585 ad
867 2541 914 2585 te
933 2530 1107 2584 omnia
1123 2525 1240 2599 quia
1260 2537 1382 2599 sunt
1397 2527 1528 2599 bona
1551 2526 1864 2599 traxisti._'l‘b
1885 2525 2142 2578 curriculo

539 2595 741 2660 tuendi
768 2613 1078 2672 suspectum
1121 2595 1316 2655 merito
1361 2598 1610 2672 Barthius
1647 2595 1910 2672 corrigit,
1955 2606 2003 2650 et
2049 2612 2143 2672 ceu

540 2675 790 2730 riticulo:
827 2667 946 2744 quae
967 2672 1016 2726 ei
1049 2673 1161 2741 ipsa
1191 2678 1278 2744 est
1304 2669 1504 2744 veritas
1532 2686 1553 2744 _:
1589 2669 1685 2744 sed
1719 2667 1958 2744 fallitur,
1981 2675 2038 2744 et
2065 2669 2144 2744 le-

539 2746 774 2818 gendum
788 2737 1010 2799 omnino
1018 2737 1389 2818 et'evrrriculo.
1425 2745 1468 2795 A
1493 2739 1792 2810 piscatione
1810 2737 1973 2794 trahit
1994 2737 2145 2793 simi-

542 2813 850 2883 litudinem,
879 2831 984 2870 non
1016 2815 1197 2870 hercle
1222 2813 1391 2883 magis
1415 2827 1598 2866 veram
1628 2829 1640 2868 :

2490 1841 2788 1892 Emendatus
2811 1846 2882 1892 est
2909 1853 2942 1891 a
2960 1840 3096 1892 nobis
3115 1839 3206 1892 iste
3228 1839 3382 1893 locus.

2312 1957 2453 2033 (Ἡ)⁸
2478 1959 2623 2033 Aqua
2653 1958 2784 2012 enim
2814 1957 3138 2033 baptismatis
3160 1975 3252 2033 res
3284 1958 3386 2014 Dei
3413 1969 3507 2025 est,
3542 1977 3640 2033 non
3678 1960 3819 2015 Deus.

2240 2029 2418 2084 Etiam
2441 2029 2528 2084 hic
2547 2031 2754 2099 integra
2780 2030 3002 2097 periodo
3027 2032 3298 2100 pleniores
3323 2041 3538 2088 veteres
3555 2032 3820 2095 editiones,

2240 2116 2405 2170 quam
2433 2116 2530 2155 cur
2556 2100 2786 2173 Optatos
2810 2117 2908 2170 pro
2925 2105 3158 2170 genuina
3185 2119 3290 2157 non
3322 2115 3608 2173 agnoscat,
3633 2114 3716 2158 aut
3742 2118 3824 2158 cur

2242 2187 2344 2227 nos
2373 2173 2609 2242 agnitam
2638 2182 2692 2226 et
2730 2171 2938 2228 liberali
2963 2183 3225 2230 assertam
3259 2171 3430 2231 manu
3455 2175 3531 2230 illi
3558 2191 3660 2230 non
3684 2174 3824 2229 resti-

2247 2253 2485 2317 tuamus,
2510 2258 2730 2317 causam
2760 2258 2866 2317 non
2893 2243 3067 2298 video.
3101 2245 3174 2299 lta
3200 2244 3364 2317 igiutr
3388 2247 3478 2300 ille
3503 2264 3515 2298 :
3547 2247 3686 2317 Aqua
3711 2245 3825 2298 enim

2248 2313 2785 2389 baptismatisres‘Dei
2815 2327 2914 2389 est,
2941 2334 3044 2370 non
3079 2313 3241 2381 Deus,
3264 2315 3333 2368 Et
3353 2313 3612 2389 si'putatis
3629 2318 3828 2389 desertos

2247 2384 2387 2458 esse,
2418 2384 2624 2455 quando
2671 2384 2828 2457 (lego
2871 2387 3096 2442 desertos
3126 2404 3214 2442 vos
3256 2384 3672 2458 essefquande.
3701 2385 3825 2451 etc.)

2248 2457 2398 2530 apud
2417 2473 2504 2530 vos
2525 2461 2751 2527 fuerunt,
2775 2458 2863 2530 qui
2883 2458 3022 2530 apud
3051 2476 3143 2514 nos
3163 2459 3416 2530 baptizati
3442 2457 3656 2526 sunt,ut
3675 2458 3830 2530 merito

2249 2526 2407 2600 uestri
2427 2526 2842 2600 desertores,_ad
2879 2526 2972 2583 nos
3009 2529 3179 2584 venire
3206 2526 3529 2585 viderentur.
3566 2533 3729 2600 Atque
3760 2528 3832 2600 hic

2248 2598 2437 2673 debuit
2455 2599 2702 2673 desinere
2721 2598 2859 2673 liber
2876 2611 3115 2671 quartus.
3143 2602 3272 2668 Qun!
3299 2612 3602 2673 sequuntur
3625 2598 3828 2673 periodi,

2249 2671 2416 2741 altera
2445 2670 2510 2724 ad
2554 2670 2713 2725 linem
2747 2671 2868 2726 libri
2899 2670 3082 2736 tertii,
3129 2681 3186 2727 ut
3216 2682 3371 2728 recte
3386 2670 3454 2728 ‘in
3483 2670 3679 2741 nupera
3707 2670 3835 2725 Pari-

2195 2802 2204 2810 ,
2249 2740 2414 2816 siensi
2441 2742 2744 2796 restitutum
2768 2753 2886 2810 est;
2909 2744 3078 2798 altera
3102 2745 3479 2816 adsequentis
3499 2740 3621 2799 libri
3645 2743 3830 2798 initium

2251 2815 2504 2882 pertinet,
2533 2822 2587 2867 ut
2614 2829 2738 2868 mox
2763 2831 2791 2866 a
2820 2815 2974 2870 nobis
3005 2815 3344 2886 probabitur.
3381 2817 3452 2872 Μ.
3477 2816 3706 2871 Caseus.

548 2944 3815 2974 ,_________.___________________________.__..___

1594 3025 1704 3096 79
1736 3041 2070 3112 LIBER
2172 3041 2696 3128 QUINTUS.

542 3180 608 3235 In
635 3179 732 3234 hoc
756 3179 937 3249 quinto
959 3175 1132 3231 libello
1161 3173 1447 3230 ostenditur
1487 3173 1610 3245 quia
1633 3173 1688 3227 in
1717 3173 2024 3244 baptismate
2053 3175 2282 3228 homines
2311 3185 2622 3243 operantur,
2673 3185 2721 3230 et
2757 3176 2882 3243 quia
2911 3175 3052 3233 Deus
3079 3177 3243 3243 lauat,
3269 3149 3324 3234 et
3352 3179 3597 3235 Christus
3638 3181 3742 3252 ejus
3765 3176 3842 3229 dat

607 3272 747 3342 quod
766 3273 817 3326 in
857 3269 1160 3341 baptismate
1185 3268 1461 3338 accipitur,
1487 3276 1536 3322 et
1556 3267 1679 3337 quia
1708 3266 2010 3339 rebaptizati
2051 3285 2268 3341 regnum
2301 3267 2400 3323 Dei
2421 3270 2681 3341 possidere
2708 3287 2807 3325 non
2833 3282 3070 3343 possunt,
3097 3283 3142 3328 et
3162 3275 3287 3344 quia
3312 3277 3655 3346 perdiderunt
3684 3285 3845 3328 vestem

611 3371 914 3440 nuptialem.

619 3490 658 3542 l.
716 3487 796 3542 Ex
825 3487 1093 3558 principiis
1133 3485 1464 3540 Parmenioni
1496 3483 1634 3554 sequi
1672 3497 1832 3536 unum
1873 3496 1982 3536 esse
2021 3481 2146 3550 bap—
2171 3507 2216 3571 Ο
2253 3490 2399 3537 tores
2445 3496 2569 3539 esse
2601 3482 2800 3538 iudicio
2839 3482 3025 3539 divino
3051 3483 3366 3541 docuimus.
3409 3487 3534 3544 lam
3567 3489 3635 3544 de
3665 3486 3848 3559 Baptis-

546 3583 718 3637 tisma.
745 3609 817 3620 -—
845 3578 1165 3634 Traditores
1199 3577 1278 3648 (l)
1313 3576 1446 3646 legis
1471 3576 1562 3645 qui
1603 3571 1843 3628 iuerintu
1874 3583 1929 3629 et
1957 3587 2143 3629 auem-

540 3689 632 3730 res
651 3670 988 3737 schismatis,
1024 3670 1077 3724 ln
1111 3671 1288 3740 primo
1320 3667 1460 3721 libro
1487 3665 1950 3720 manifestissimis
1977 3665 2145 3720 docu-

539 3768 740 3823 mentis
771 3763 1132 3828 ostendimus,
1182 3769 1238 3817 et
1275 3758 1420 3830 apud
1463 3769 1724 3813 nosesse
1762 3771 1925 3812 uuam
1956 3772 2143 3814 veram

542 3860 846 3918 Ecclesiam
883 3853 1222 3912 Catholicam
1253 3851 1495 3910 secundo
1542 3852 2004 3908 monstravimus:
2037 3861 2148 3908 ter-

541 3953 618 4008 tio
643 3966 776 4007 vero
808 3949 1160 4021 probavimus
1213 3960 1334 4017 quae
1363 3960 1557 4016 aspere
1577 3943 1604 3982 ι)
1635 3945 1775 4000 facta
1804 3958 1928 4000 esse
1955 3944 2147 3999 dicun-

539 4053 648 4114 tur,
683 4045 753 4101 ad
784 4059 883 4100 nos
922 4042 1146 4098 minime
1186 4041 1482 4112 pertinere,
1512 4046 1569 4095 et
1608 4053 1708 4094 vos
1742 4041 1912 4110 magis
1953 4053 2144 4109 pecca-

2259 3586 2402 3628 mate
2434 3574 2536 3628 hoc
2583 3574 2703 3630 loco
2747 3573 3034 3630 dicendum
3075 3584 3194 3631 est:
3227 3578 3286 3632 in
3318 3596 3429 3647 qua
3475 3597 3562 3647 re,
3589 3589 3850 3651 quznnunc

2250 3670 2446 3740 agitur,
2479 3668 2707 3738 qumstio
2746 3677 2861 3724 tota
2889 3671 3165 3733 consistit,
3192 3673 3353 3741 quod
3381 3673 3654 3745 baptisma
3694 3679 3848 3726 vestra

2253 3762 2476 3816 violavit
2499 3761 2746 3827 audacia,
2781 3761 2909 3816 dum
2940 3762 2992 3816 id
3020 3763 3280 3819 voluistis
3311 3766 3524 3822 iterare
3543 3777 3594 3833 ο,
3623 3761 3760 3836 quod
3779 3775 3851 3814 sc-

2254 3854 2362 3910 mel
2392 3854 2671 3909 mandavit
2704 3852 2956 3910 Christus
3002 3869 3125 3910 esse
3159 3855 3483 3913 iaciendum
3503 3855 3555 3914 δ.
3585 3856 3734 3926 Quod
3765 3866 3850 3908 nec

2252 3955 2307 4001 tu
2341 3961 2526 4017 negas,
2556 3944 2726 4000 frater
2754 3945 3136 4016 Parmeniaue,
3169 3950 3309 4018 quie
3344 3951 3401 4006 in
3436 3951 3706 4023 principio
3732 3956 3853 4003 trac-

2249 4047 2394 4094 tatus
2422 4039 2518 4105 tui,
2550 4037 2720 4094 multa
2745 4047 2936 4094 contra
2966 4054 3069 4096 vos
3091 4054 3190 4110 pro
3211 4041 3409 4109 nobis,
3444 4059 3572 4115 qua:
3602 4049 3729 4099 sunt
3748 4054 3857 4095 nos—

1775 4154 2167 4213 LECTIONES
2203 4154 2621 4212 VABIANTES.

601 4255 629 4285 ⁸
661 4254 734 4304 Ita
756 4251 925 4314 incipit
947 4251 1028 4301 hic
1050 4249 1252 4314 Iiberin
1269 4260 1357 4298 ms.
1378 4246 1429 4298 S.
1451 4247 1509 4297 G.
1536 4247 1592 4297 in
1615 4259 1734 4298 mss.
1761 4247 1813 4297 S.
1837 4247 1894 4314 '_l‘.
1923 4254 1975 4299 et
1997 4248 2054 4314 Ρ.
2076 4246 2130 4298 8.

537 4313 836 4388 emetat
856 4309 1052 4388 tuarum
1089 4311 1352 4388 "wore
1369 4316 1816 4388 et.ee‘eee:et¢-
1843 4309 1899 4361 ιιι
1926 4311 2134 4374 quibus-

533 4381 644 4430 dam
670 4371 1178 4439 edit'ionlbusliamiet
1195 4371 1279 4439 qui
1301 4371 1482 4436 fuerint
1509 4371 1788 4425 traditores.

595 4442 624 4482 ι)
661 4442 718 4492 In
739 4454 858 4491 mss.
883 4439 936 4488 S.
961 4438 1020 4488 T.
1047 4445 1100 4490 et
1118 4438 1176 4488 P.
1203 4438 1256 4489 S.
1282 4449 1477 4501 aspera.

2306 4252 2328 4279 ο
2364 4247 2421 4298 In
2448 4262 2539 4299 ms.
2566 4250 2619 4300 S.
2648 4247 2710 4298 G.
2735 4244 2925 4300 iterari.

2303 4309 2332 4350 ιι
2364 4307 2485 4375 Eleae
2505 4309 2843 4375 supplevinius
2867 4324 2930 4375 εξ
2965 4323 3056 4362 ms.
3082 4310 3133 4375 S_.
3161 4311 3224 4364 G.

2307 4376 2329 4405 ο
2367 4373 2439 4424 Ita
2465 4376 2516 4423 in
2534 4372 2623 4426 ms}
2644 4373 2695 4423 S.
2723 4373 2784 4424 G.
2811 4377 2868 4428 In
2890 4372 3015 4437 aliis,
3042 4373 3175 4438 quia.

1877 4542 2243 4602 VARIORUM
2281 4545 2513 4603 NOTAE.

601 4661 800 4734 (l)Qui
832 4661 1023 4732 fuerint
1048 4659 1325 4734 traditores
1349 4669 1395 4714 et
1418 4668 1657 4734 a_uctores
1684 4657 2128 4734 scitisma_tis,_etc.
2159 4661 2214 4722 D
2241 4661 2406 4734 Satis,
2436 4672 2489 4716 ut
2519 4663 2761 4730 arbitror,
2802 4663 2856 4718 in
2882 4664 3109 4719 secundo
3151 4665 3342 4721 libello
3372 4666 3442 4722 de
3470 4665 3730 4731 Ecclesia,
3757 4670 3857 4719 etc.

529 4729 673 4790 Aliae
692 4729 960 4788 editiones
988 4735 1066 4787 sic
1093 4732 1356 4801 incipiunt
1385 4749 1400 4785 :
1430 4730 1553 4784 lam
1588 4739 1636 4784 et
1665 4729 1751 4793 qui
1779 4731 1969 4798 fuerint
1997 4729 2131 4784 Tra-

531 4807 747 4871 ditores,
776 4814 882 4860 etc.
925 4805 1078 4872 Quod
1114 4818 1300 4858 verum
1324 4817 1446 4856 esse
1474 4811 1530 4856 et
1558 4801 1679 4856 sine
1703 4814 1864 4872 causa
1893 4816 2134 4872 expunc-

533 4885 615 4932 tas
654 4877 777 4931 illas
818 4871 1042 4930 voculas
1089 4875 1282 4943 quovis
1323 4874 1547 4943 pignore
1585 4871 1985 4943 contenderim.
2021 4873 2132 4928 Ex-

529 4947 805 5017 pungeudi
836 4959 1017 5001 autem
1051 4939 1173 5017 haec
1199 4939 1362 5017 causa
1385 4939 1516 5004 luit.
1547 4941 1691 5017 quod
1730 4942 2018 5017 ridiculum
2052 4946 2132 4998 vi-

531 5013 752 5075 deretur
793 5019 991 5072 librum
1034 5016 1102 5068 ab
1143 5015 1209 5068 iis
1261 5015 1520 5083 incipere.
1569 5013 1676 5068 Sed
1724 5029 1828 5068 non
1879 5015 2130 5072 viderunt

529 5093 630 5145 viri
660 5091 824 5152 docti,
860 5088 1021 5142 verba
1053 5086 1143 5139 illa
1175 5085 1266 5140 lib.
1303 5101 1353 5139 tv
1386 5103 1398 5138 :
1430 5095 1476 5139 et
1499 5085 1818 5156 intelligendi
1839 5083 1929 5139 tibi
1955 5089 2129 5142 aditus

531 5164 752 5225 clausit;
784 5161 865 5213 vel
899 5158 1074 5227 potius
1106 5157 1216 5224 illa,
1251 5157 1403 5212 vestri
1430 5155 1709 5212 desertores
1735 5155 1804 5209 ad
1831 5173 1922 5211 nos
1960 5161 2129 5213 venire

531 5233 846 5310 viderentur,
891 5239 1158 5310 postrema
1194 5230 1312 5310 libri
1344 5229 1512 5310 yerba
1540 5243 1684 5310 esse,
1722 5231 2130 5310 ettmque_clau-

531 5305 682 5358 dere.
730 5300 943 5354 Initium
992 5300 1114 5352 libri
1140 5301 1310 5369 quinti
1343 5301 1547 5354 iecerat
1593 5300 1916 5370 Optatusﬁin
1964 5302 2126 5356 istis:

533 5374 804 5444 probatum
831 5380 904 5424 est
943 5387 1062 5439 ergo
1093 5379 1142 5424 te
1167 5387 1270 5424 non
1307 5381 1486 5424 contra
1529 5369 1653 5444 nos,
1683 5383 1787 5426 etc.
1824 5369 1958 5444 Nam
1991 5373 2129 5425 alio-

532 5442 665 5514 quin
696 5456 882 5496 manca
928 5454 1073 5496 esset
1103 5457 1234 5509 quze.
1262 5457 1383 5495 mox
1421 5442 1662 5509 sequitur
1693 5442 2032 5511 superiorum
2063 5444 2096 5497 li
2117 5475 2129 5487 -

535 5513 758 5569 brorum
800 5513 1140 5587 recensioiet
1165 5513 1626 5587 ᾁνακεφαλαὶῳσις,
1651 5528 1761 5587 qua
1796 5527 1916 5587 cum
1950 5515 2127 5587 primi,

532 5587 764 5650 secundi,
798 5584 1036 5653 tertiique
1066 5584 1182 5640 libri
1212 5581 1540 5648 meminerit,
1575 5583 1774 5638 nullam
1805 5581 2128 5653 facitquarti

533 5661 886 5718 mentionem.
918 5652 1018 5710 nisi
1053 5655 1136 5709 his
1175 5653 1525 5724 verbis,qu:e
1547 5657 1736 5724 quinto
1766 5652 2123 5710 vindicamus.

531 5726 638 5782 Sed
670 5738 723 5784 et
763 5725 956 5784 confer
994 5726 1331 5798 singulorum
1367 5723 1624 5782 librorum
1671 5726 1847 5793 initia,
1878 5735 1935 5780 ut
1964 5727 2124 5796 tertii,

2240 4732 2314 4787 lta
2338 4745 2394 4788 et
2425 4736 2779 4808 reliquorum,
2803 4735 2854 4788 in
2878 4736 3094 4806 quibus,
3126 4736 3316 4793 uthoc
3344 4741 3552 4808 quinto
3578 4757 3606 4794 a
3635 4737 3860 4808 proxime

2240 4802 2599 4874 praecedentis
2644 4802 2967 4876 argumento
3021 4808 3184 4862 sumit
3235 4802 3492 4865 initium.
3550 4802 3784 4871 Erroris,
3823 4802 3862 4858 si

2237 4877 2460 4954 quatrij,
2497 4876 2633 4954 haec,
2664 4878 2716 4931 ni
2751 4876 2928 4942 fallor,
2970 4892 3131 4932 causa
3165 4877 3300 4954 luit.
3343 4881 3672 4954 Scripserat
3713 4879 3862 4946 Optas

2239 4955 2358 5000 tus:
2394 4947 2679 5021 Probatum
2707 4959 2781 5002 est
2805 4965 2947 5019 ergo,
2981 4958 3112 5021 etc.,
3140 4951 3206 5003 de
3235 4950 3364 5006 oleo
3399 4963 3452 5008 et
3473 4947 3740 5021 sacri/icio
3761 4963 3863 5019 pec‘

2239 5019 2584 5091 catorislibro
2624 5029 2806 5087 quarto
2838 5035 2936 5090 pro
2965 5020 3096 5074 libro
3121 5030 3345 5091 quarto,
3386 5026 3539 5080 male
3571 5019 3860 5091 descripSe;

2235 5099 2319 5143 rat
2347 5088 2567 5174 aliquis
2611 5086 2738 5144 libro
2775 5086 3142 5174 Διμὶξζιὲιολέιιιιι
3173 5091 3278 5147 lib.
3305 5086 3378 5174 Iv
3445 5111 3548 5165 pro
3600 5111 3687 5174 tv_,
3723 5086 3860 5174 quod

2240 5172 2424 5239 postea
2453 5161 2836 5239 prosequentis
2861 5161 2980 5217 libri
3003 5163 3180 5224 titulo.
3216 5166 3345 5232 qui,
3376 5161 3624 5239 ut'saepe
3648 5169 3696 5220 in
3722 5161 3859 5239 MSS.

2239 5231 2731 5306 omissusfortasse
2762 5231 2958 5298 fuerat,
2990 5231 3288 5306 acceptum
3326 5246 3440 5291 est.
3477 5231 3570 5291 lta'
3592 5240 3752 5306 igitur
3779 5234 3863 5286 de-

2238 5301 2329 5358 bet
2354 5302 2454 5358 ltoe
2479 5304 2690 5358 initium
2735 5305 2966 5368 restitui,
3005 5301 3154 5359 Liber
3187 5307 3447 5375 quintus.
3484 5301 3768 5365 Probatum
3793 5312 3859 5358 est

2239 5389 2380 5444 ergo,
2410 5384 2456 5429 te
2482 5392 2582 5428 non
2625 5385 2802 5428 contra
2831 5394 2924 5429 nas
2967 5375 3158 5431 dixisse
3208 5381 3365 5448 quod
3390 5391 3518 5435 ante
3555 5383 3746 5435 dictum
3773 5383 3858 5448 est.

2237 5458 2305 5498 an
2331 5447 2530 5515 potius,
2563 5461 2594 5499 a
2625 5447 2692 5516 te,
2735 5454 2787 5500 ut
2819 5460 2978 5516 supra
3012 5463 3117 5502 non
3159 5446 3350 5504 semel
3382 5468 3396 5504 :
3426 5452 3537 5508 nisi
3568 5455 3671 5509 hoc
3715 5446 3856 5504 nimis

2237 5517 2502 5584 putidum,
2529 5526 2579 5570 te
2604 5515 2796 5571 dixisse
2817 5515 2951 5585 quod
2981 5535 3012 5569 a
3043 5526 3090 5573 te
3112 5518 3327 5573 dictum
3356 5534 3459 5586 est,
3487 5524 3558 5577 de
3586 5525 3699 5579 oleo
3719 5530 3767 5577 et
3787 5535 3858 5572 sa-

2234 5587 2432 5666 crificio
2455 5589 2736 5657 peccatoris
2765 5588 3117 5666 libroquarto.
3145 5588 3282 5666 Jam
3299 5603 3371 5666 et
3399 5598 3500 5664 qui
3528 5597 3722 5666 fuerint
3742 5589 3848 5666 Tra-

2239 5659 2447 5741 ditores,
2492 5669 2538 5712 et
2569 5668 2798 5741 auctores
2837 5660 3149 5741 scbisriiatis,
3197 5661 3258 5717 in
3288 5659 3432 5724 libro
3471 5659 3668 5741 primo,
3701 5660 3848 5721 mam"

2235 5731 2379 5804 festis
2401 5730 2736 5798 documentis,
2759 5741 2866 5788 etc.
2894 5732 2965 5789 bl.
2995 5733 3231 5800 ϐᾼςλυιι.
