4152 6166
373 210 526 273 4043
1144 196 1155 201 ’
1210 206 1299 264 DE
1341 203 1739 263 SClllSMA'I‘E
1779 202 2325 265 DONATIS‘I'ABUM
2363 205 2572 265 LIBER
2610 204 2933 275 QUINTUS.
3575 209 3747 269 1046‘

369 338 476 392 ira,
523 322 740 382 dixisti.
788 322 1271 379 Contmemorasti‘
1303 322 1453 378 enim
1496 321 1552 376 in
1599 322 2007 391 comparatione
2034 327 2088 389 Α
2111 324 2360 393 corporis
2381 323 2557 380 electa
2586 332 2695 387 est,
2728 323 2872 381 unde
2903 324 3253 395 peritemenn
3276 325 3446 385 semel
3476 326 3716 386 ablatum

368 419 753 492 baptismatis,
795 417 969 474 semel
997 415 1203 473 factum
1242 428 1371 470 esse
1403 412 1706 481 diluvium,
1752 422 1810 470 et
1837 428 2002 470 unam
2107 414 2351 471 salutare
2384 416 2441 470 in
2481 414 2591 471 illis
2630 415 2837 486 faceret
2864 424 2889 452 ο
2921 416 3157 489 signum,
3203 418 3347 489 quod
3385 420 3494 477 nan
3537 429 3719 490 potest

368 510 860 573 circumcisionem
904 509 1075 567 fuisse
1113 506 1183 567 ad
1231 505 1508 577 populum
1547 504 1883 565 Judazorum.
1928 503 2001 563 Et
2103 505 2304 565 iterum
2338 506 2520 591 fierit).
2557 506 2638 578 (7)
2690 506 2877 564 Semel
2917 508 3064 565 enim
3093 510 3293 568 factum
3324 522 3520 570 servat
3568 514 3717 570 sala-

366 624 498 668 cum
530 607 659 662 bace
702 603 862 661 initio
898 601 1155 661 dictionis
1182 608 1295 657 tua
1338 599 1671 657 tractaveris
1690 608 1739 666 ι,
1766 600 1822 654 in
1864 612 1999 668 μοι·
2106 608 2254 657 tem:
2282 601 2329 657 si
2362 600 2559 658 iterum
2610 598 2723 668 fiat,
2759 609 2987 672 potests
3020 601 3221 660 afferre
3265 604 3564 675 perniciem
3591 624 3607 663 :
3634 607 3717 663 sic

363 718 527 763 cossu
554 680 829 757 tractatus
868 698 945 754 tui
991 693 1213 753 tamenh
1259 693 1462 751 horum
1510 694 1796 754 immemor
1820 693 2000 753 (acuis
2104 704 2161 751 et
2217 694 2488 765 baptisma
2533 690 2998 761 Christianorum,
3053 695 3327 755 Trinitate
3380 697 3714 768 confectum,

364 812 447 865 es,
482 791 804 851 inducendo
827 790 964 847 dua
992 802 1183 860 aquas,
1211 794 1270 843 et
1300 786 1545 857 deaque
1569 797 1592 827 ε
1622 801 1748 845 vera
1779 795 1835 843 et
1860 786 1999 845 falsa
2105 786 2325 844 confert
2367 786 2636 857 gratiam:
2667 787 2716 843 si
2747 796 3045 858 repetatur,
3091 788 3224 845 facit
3269 791 3397 847 vitae
3417 791 3708 862 iacturam.

361 889 638 951 dicturus,
663 883 781 955 80
800 880 879 953 (2)
908 881 1236 954 principium
1257 879 1545 936 sermonis
1569 880 1645 935 tui
1674 879 1998 950 insipienter
2107 876 2250 947 Quid
2286 876 2384 935 tibi
2404 877 2568 949 igitur
2597 879 2821 950 placuit,
2853 879 3023 938 frater
3046 879 3429 948 Parmeniane,
3460 899 3575 940 rem
3601 884 3715 940 sin-

364 988 711 1054 przstruens
731 973 761 1017 ά
791 973 873 1049 (5)
899 972 1168 1030 ordinasti
1200 989 1213 1025 ε
1247 971 1617 1041 inﬁrmando,
1648 972 1950 1029 confirmas
1970 980 1995 1011 °
2105 974 2352 1045 guiarem
2381 988 2708 1045 proponere.
2737 983 2794 1032 et
2824 984 3015 1032 contra
3045 975 3186 1034 hanc
3211 976 3336 1034 licet
3358 977 3571 1035 diversa
3603 978 3716 1037 duo

366 1072 547 1131 sancti
584 1066 932 1142 baptismatis
979 1066 1261 1121 unionem.
1314 1064 1389 1119 De
1431 1063 1867 1122 circumcisione
1902 1062 2002 1119 Ju-
2107 1066 2433 1137 baptismate
2477 1082 2820 1138 comparare.
2867 1085 3032 1125 unum
3080 1085 3294 1136 verum,
3340 1072 3575 1128 alterum
3607 1072 3712 1128 fal-

366 1167 548 1232 daica,
586 1162 749 1235 quasi
794 1160 1201 1217 fundamentum
1241 1157 1460 1229 jactare
1504 1158 1753 1225 voluisti,
1802 1158 1992 1228 quod'
2106 1157 2269 1215 sum?
2316 1159 2396 1215 sic
2426 1159 2572 1214 enim
2601 1169 2789 1230 postea
2830 1160 3143 1233 disputasti,
3172 1162 3309 1219 duas
3350 1178 3521 1235 aquas
3567 1179 3712 1231 esse,

361 1259 635 1331 baptisma
683 1252 1116 1310 Christianorum
1169 1251 1224 1307 in
1293 1249 1661 1307 Hebraeorum
1709 1251 1999 1307 circumcio
2106 1265 2233 1307 cum
2270 1250 2425 1307 vobis
2462 1267 2624 1307 unam
2660 1253 2944 1309 vindicans
2987 1268 3196 1320 veram,
3243 1255 3510 1325 alteram,t
3555 1258 3715 1312 nobis

365 1352 526 1408 sicne
569 1348 756 1405 fuerat
805 1344 1184 1401 adumbratam
1224 1340 1351 1414 πμ)
1395 1340 1708 1400 defendisti
1755 1342 2000 1400 Catholi-

364 1430 483 1505 cam
536 1443 671 1499 dum
720 1442 1029 1511 impugnas.
1081 1437 1167 1511 (5)
1214 1430 1478 1492 Etenim‘8
1529 1440 1586 1492 in
1644 1435 2003 1506 progressu“

366 1545 632 1593 tractatus
663 1534 768 1601 tui,
799 1533 1032 1588 alterum
1064 1540 1121 1587 te
1150 1530 1363 1586 inanire
1391 1527 1680 1599 professas
1730 1540 1814 1593 es,
1840 1538 1901 1585 ut
1924 1528 2004 1586 al-

2109 1342 2432 1401 mendacem
2459 1343 2771 1402 adscribere
2801 1345 3041 1402 voluisti.
3075 1346 3209 1403 Post
3236 1347 3341 1402 hoc
3364 1348 3530 1404 etiam
3552 1346 3715 1404 Cata-

2109 1433 2302 1503 clysmi
2329 1434 2511 1490 fecisti
2551 1436 2881 1492 mentionem
2911 1454 2924 1490 :
2952 1446 3071 1494 erat
3110 1437 3326 1508 quidem
3357 1439 3535 1511 imago
3573 1442 3706 1509 bap-

2111 1524 2370 1592 tismatis,
2394 1534 2454 1581 ut
2491 1526 2807 1598 inquinatus
2838 1537 2985 1584 totus
3014 1530 3191 1597 orbis,
3228 1530 3494 1590 demersis
3521 1549 3716 1604 pecca-

368 1638 550 1686 terum
600 1625 821 1697 replere
869 1622 1150 1679 videreris.
1195 1620 1359 1676 Extra
1416 1619 1819 1677 haereticorum
1868 1619 2003 1691 bap-

2108 1618 2338 1685 toribus,
2360 1618 2577 1676 lavacro
2607 1621 3028 1688 interveniente.
3057 1624 3115 1680 in
3152 1623 3344 1682 faciem
3373 1626 3701 1696 pristinam'i

370 1723 534 1778 tisma
562 1718 609 1787 ί,
637 1718 775 1774 dum
800 1715 940 1772 dicis
966 1712 1194 1771 alterum
1220 1720 1279 1769 et
1305 1714 1586 1778 alterum;
1619 1712 1758 1767 licet
1786 1710 2001 1773 diversa
2033 1719 2083 1781 Β
2112 1713 2482 1770 mandaretur.
2532 1714 2642 1772 Sed
2682 1717 2773 1786 qui
2798 1716 2818 1752 ί
2851 1724 3038 1787 postea
3083 1716 3331 1776 dicturus
3374 1735 3521 1787 eras,
3551 1732 3711 1777 extra

371 1813 671 1871 ostendere
704 1817 939 1868 conatus
969 1810 1069 1875 sis,
1098 1823 1207 1864 non
1256 1807 1443 1879 possis
1471 1821 1697 1878 negare,
1733 1808 1859 1878 quia
1889 1808 1999 1867 duo

369 1916 533 1971 sunt;
563 1921 629 1962 ex
659 1904 859 1976 quibus
892 1901 1021 1957 dum
1048 1899 1265 1957 conaris
1284 1898 1515 1955 auferre
1548 1898 1812 1967 alterum,
1848 1900 1997 1958 labo-

372 2000 511 2056 rasti
542 2008 601 2054 ut
642 1998 714 2054 de
758 1994 1006 2057 secundo
1032 1993 1194 2064 quasi
1220 1992 1466 2063 primum
1498 1991 1675 2048 facere
1702 1984 1995 2052 videreris.

372 2089 732 2147 Circumcisio
758 2096 942 2143 autem
967 2086 981 2136 i
1019 2093 1148 2141 ante
1185 2083 1489 2140 adventum
1510 2080 1535 2120 ι
1561 2082 1911 2154 baptismatis
1939 2086 1996 2147 in

380 2184 550 2255 figura
596 2179 878 2253 praemissa
916 2189 1022 2244 est,
1062 2183 1120 2233 et
1163 2191 1194 2232 a
1235 2185 1291 2232 te
1339 2182 1636 2232 tractatum
1691 2185 1797 2244 est,
1848 2177 1993 2247 apud

375 2272 716 2330 Christianos
744 2270 884 2327 duas
929 2283 1054 2326 esse
1080 2282 1246 2340 aquas
1279 2283 1294 2322 :
1323 2282 1460 2338 ergo
1489 2276 1547 2323 et
1588 2266 1734 2337 apud
1764 2267 1992 2329 Judaeos

378 2368 516 2423 duas
563 2363 1013 2422 circumcisiones
1059 2359 1328 2427 ostende;
1388 2360 1622 2415 alteram
1669 2361 1989 2429 meliorem,

384 2459 623 2530 peiorem
650 2456 904 2512 alteram.
954 2452 1071 2509 Hoc
1097 2452 1142 2507 si
1186 2466 1429 2522 qnmras,
1461 2464 1570 2506 non
1605 2451 1807 2520 poteris
1837 2452 1992 2510 inve-

380 2549 505 2606 nire
536 2565 551 2606 ε
584 2546 817 2604 Abrahae
846 2544 1097 2616 prosapia
1124 2541 1170 2611 ι,
1196 2557 1300 2614 qua
1327 2541 1508 2599 Judaei
1536 2550 1853 2611 censentur,
1887 2543 1994 2604 hoc

380 2640 564 2712 sigillo
588 2654 650 2696 se
679 2637 928 2709 insigniri
967 2636 1272 2708 gloriantur
1302 2653 1317 2690 :
1343 2649 1483 2704 ergo
1514 2632 1638 2691 talis
1664 2633 1829 2690 debet
1851 2637 1993 2694 veri-

385 2745 467 2791 tas
508 2732 687 2804 sequi,
718 2731 894 2802 qualis
918 2730 1040 2801 ejus
1079 2728 1261 2800 imago
1287 2727 1576 2799 praemissa
1616 2738 1721 2784 est.
1765 2727 1899 2786 Nam
1940 2739 1998 2789 et

386 2829 549 2897 Dens,
599 2827 693 2899 qui
740 2825 913 2883 voluit
967 2822 1259 2880 ostendere
1284 2822 1370 2896 (6)
1424 2832 1547 2878 rem
1600 2821 1995 2903 singularem-1

388 2928 511 2992 post
544 2933 668 2977 esse
701 2918 910 2976 debere
946 2918 1271 2989 insequente
1297 2915 1567 2980 veritate;
1617 2930 1726 2971 non
1751 2915 1820 2973 de
1849 2918 1997 2974 auri-

385 3016 532 3082 cula,
561 3028 672 3071 non
698 3012 769 3071 de
793 3011 969 3085 digito
998 3009 1173 3068 voluit
1199 3007 1405 3080 aliquid
1439 3006 1561 3064 tolli
1587 3024 1602 3074 ;
1652 3006 1750 3066 sed
1778 3023 1841 3064 ea
1871 3025 1998 3080 pars

2108 1807 2491 1865 haereticorum
2541 1808 2823 1867 morbidos
2873 1808 3090 1878 fontes,
3159 1826 3283 1869 esse
3328 1814 3492 1870 etiam
3540 1813 3705 1869 aliam

2103 1917 2329 1973 aquam,
2360 1902 2412 1957 id
2453 1911 2559 1969 est,
2604 1902 2945 1971 mendacem,
2995 1914 3184 1961 contra
3223 1920 3451 1963 veram:
3481 1915 3540 1963 ut
3576 1906 3709 1976 quid

2102 1995 2503 2066 Cataclysmum
2539 1995 2710 2067 (quod
2745 1997 2913 2053 semel
2940 1994 3114 2068 fuit“)
3151 2012 3586 2058 commemorare
3615 2016 3711 2055 vo-

2104 2088 2285 2146 luisti?
2314 2088 2373 2145 Si
2402 2088 2481 2145 ita
2505 2097 2613 2156 est,
2644 2089 2879 2147 ostende
2905 2090 3057 2160 prius
3074 2090 3212 2147 duas
3234 2105 3392 2150 arcas
3416 2092 3567 2149 etsi'
3598 2107 3707 2149 non

2103 2180 2335 2246 similes,
2370 2188 2428 2236 et
2463 2179 2601 2237 duas
2627 2180 2914 2239 columbas
2956 2180 3210 2251 dispares
3247 2182 3500 2242 diversos
3529 2198 3716 2240 ramos

2102 2288 2198 2331 ore
2234 2287 2335 2329 suo
2366 2281 2647 2337 portantes
2673 2271 2890 2345 (Gener.
2922 2274 3064 2345 vm),
3108 2275 3155 2330 si
3187 2273 3272 2347 (8)
3296 2291 3493 2347 aquam
3523 2291 3711 2333 veram

2104 2376 2159 2423 et
2200 2365 2394 2422 falsam
2438 2366 2766 2435 probaturus
2801 2379 2881 2423 es.
2916 2367 3068 2436 Aqua
3112 2366 3280 2437 igitur
3318 2369 3434 2425 sola
3481 2378 3537 2427 et
3580 2384 3711 2428 vera

2103 2458 2199 2516 illa
2224 2468 2330 2524 est,
2361 2470 2481 2528 quae
2512 2472 2618 2514 non
2662 2458 2733 2515 de
2774 2457 2919 2525 loco,
2944 2456 3024 2530 (9)
3068 2467 3179 2515 non
3207 2458 3279 2515 de
3311 2474 3564 2529 persona,
3608 2463 3709 2518 sed

2101 2551 2173 2607 de
2208 2550 2477 2607 Trinitate
2501 2549 2719 2607 condita
2765 2558 2851 2606 est
2887 2559 2977 2605 :et
2999 2549 3127 2620 quia
3168 2548 3379 2619 dixisti,
3428 2562 3483 2608 et
3510 2567 3707 2622 aquam

2100 2659 2223 2701 esse
2253 2644 2593 2710 mendacem,
2633 2645 2796 2701 etiam
2838 2644 2985 2700 hoc!
3025 2644 3200 2711 disce,
3228 2645 3324 2702 ubi
3353 2660 3476 2703 eam
3501 2648 3707 2718 poteris

2100 2739 2346 2796 invenire
2392 2738 2556 2809 :(lO)
2608 2737 2752 2809 apud
2798 2737 3151 2803 Praxeam)’,
3202 2738 3703 2811 Patripassianum.

2095 2832 2187 2903 qui
2218 2845 2287 2887 ex
2330 2839 2443 2887 toto
2486 2828 2682 2886 Filium
2728 2838 2910 2902 negat,
2957 2840 3013 2887 et
3052 2830 3268 2887 Patrem
3296 2847 3516 2903 passum
3570 2848 3698 2891 esse

2100 2921 2404 2979 contendit.
2434 2923 2502 2977 Et
2539 2937 2663 2979 cum
2709 2921 2783 2978 sit
2823 2921 2994 2979 Filius
3021 2922 3118 2980 Dei
3142 2924 3367 2992 veritas,
3412 2925 3556 2982 sicut
3588 2927 3706 2997 ipse

2104 3022 2336 3073 testatur
2378 3014 2569 3071 dicens
2600 3033 2614 3071 :
2642 3031 2736 3087 ego
2783 3030 2900 3071 tum
2954 3017 3146 3086 ianua,
3193 3025 3244 3072 et
3294 3017 3379 3072 aia
3419 3028 3470 3073 et
3516 3019 3704 3074 veritas

1634 3119 2022 3185 LECTIONES
2058 3126 2477 3184 VARIANTES.

452 3223 481 3256 ι
510 3220 786 3290 In_mss.__8.
809 3221 871 3275 Τ.
895 3228 949 3272 et
967 3217 1334 3290 P._$._additur
1356 3215 1523 3290 male:
1546 3216 1599 3265 in
1627 3224 1870 3280 postrema
1894 3222 1972 3272 edi
1992 3247 2003 3262 ε
2027 3224 2073 3287 C
2169 3221 2202 3290 “_
2233 3221 2308 3290 Ita
2338 3224 2394 3290 _in
2413 3234 2503 3290 ms.
2528 3220 2670 3290 8.6.
2704 3220 2763 3290 in
2792 3234 2906 3290 mss.
2940 3222 2999 3290 _s,
3023 3216 3083 3273 'l'.
3102 3226 3160 3290 et
3182 3222 3241 3274 P.
3266 3223 3319 3275 8.
3345 3223 3710 3290 aspernante»,

389 3285 671 3362 tiopeklate.
700 3283 1194 3362 illrumtgtenvidetur
1211 3278 1536 3345 superfluum.

454 3347 485 3414 ξι
517 3348 679 3414 Qeest
705 3350 755 3398 in
775 3360 869 3414 ms.
893 3345 949 3397 S.
980 3345 1039 3414 t3.
1366 3412 1374 3414 ν
1463 3402 1495 3414 _.

456 3410 481 3442 °
517 3409 679 3461 Hicin
701 3422 816 3460 mss.
843 3410 1083 3473 inseritur
1103 3417 1201 3456 vox
1222 3406 1539 3473 argumentis,
1562 3414 1675 3467 quae
1696 3416 1795 3456 non
1831 3407 1997 3458 cohae-

396 3473 864 3538 retcpmorationis
884 3471 1042 3538 s_eri_e.
1174 3530 1211 3538 _‘
1268 3529 1297 3538 Α
1618 3536 1623 3537 γ

457 3534 485 3573 d
518 3534 659 3606 Itain
680 3549 773 3585 ms.
813 3535 867 3584 S.
893 3532 952 3584 G.
978 3532 1035 3581 In
1057 3541 1148 3580 ms.
1174 3530 1232 3580 P.
1266 3529 1318 3580 S.
1341 3529 1704 3594 prtzslringens.
1732 3529 1787 3582 In
1810 3544 1904 3584 ms.
1934 3531 1993 3584 P.

394 3597 852 3729 5‘1???
877 3654 1189 3729 conﬁrmans.

459 3719 999 3788 {iamsi-9491's-
1074 3775 1086 3788 .

460 3785 486 3823 8
517 3781 573 3831 In
595 3795 683 3832 ms.
710 3784 762 3834 S.
788 3783 848 3833 T.
877 3781 983 3833 Sed
1006 3781 1153 3830 enim.

455 3843 488 3883 h
517 3842 573 3893 In
597 3858 684 3895 ms.
705 3846 757 3896 8.
792 3845 853 3897 G.
879 3854 1128 3897 nrocessu.

462 3906 481 3946 ί
518 3905 658 3968 Itain
680 3920 772 3958 ms.
795 3908 850 3958 8.
880 3900 940 3957 Τ.
969 3904 1027 3954 lu
1044 3917 1136 3968 ms.
1162 3902 1216 3953 S.
1243 3900 1303 3953 ϐ.
1325 3910 1376 3954 et
1373 3902 1445 3968 _in
1466 3900 1630 3966 editis,
1658 3900 1958 3968 baptismate.

462 3970 490 4048 iL
518 3967 638 4048 llaec
660 3969 900 4048 particula
924 3968 1070 4048 deest
1094 3967 1145 4015 in
1172 3967 1363 4048 tnsE‘S.n
1372 3964 1432 4016 Τ.
1490 4040 1500 4048 ἣ

462 4031 492 4072 ιι
526 4028 872 4094 Snpplevimus
890 4029 1018 4080 istud
1045 4041 1109 4079 ex
1132 4041 1223 4077 ms.
1248 4029 1302 4079 S.
1328 4028 1388 4079 G.
1490 4040 1500 4048 ‘

422 4092 504 4181 ἶ..ιδ
522 4092 577 4143 in
599 4106 716 4145 mss.
737 4094 790 4146 S.
815 4092 875 4145 '1‘.
903 4098 958 4144 et
978 4091 1036 4143 P.
1057 4090 1110 4143 S.
1137 4090 1259 4143 vitio
1276 4090 1661 4156 amanuensinm,
1687 4101 1779 4155 pro
1798 4091 1993 4157 eripien-

395 4161 504 4247 ιωιίζ
532 4216 589 4269 in
604 4230 695 4269 ms.
713 4215 768 4271 S.
793 4216 854 4272 Τ.
872 4213 1188 4282 singularem.

2106 3283 2304 3346 omissis
2323 3285 2514 3346 duabus
2531 3286 2701 3346 primis
2718 3284 2919 3337 litteris.
2938 3283 3064 3337 Hinc
3077 3286 3251 3339 vitiose
3274 3283 3471 3339 omnino
3493 3291 3542 3339 in
3562 3283 3712 3341 editis

2103 3345 2332 3408 deperire
2356 3345 2435 3396 vel
2456 3344 2675 3409 ἀρεῤεὶτὶ
2699 3352 2765 3396 at.

2167 3408 2194 3473 9
2229 3408 2284 3473 l_n
2309 3408 2585 3473 mss.‘S.A'i‘.
2612 3414 2665 3457 et
2685 3408 2741 3473 If.
2766 3409 2820 3459 S.
2846 3405 2995 3473 faciat

2169 3471 2198 3536 ιζ
2232 3469 2287 3536 in
2308 3484 2400 3521 ms.
2426 3471 2478 3536 8.
2506 3470 2563 3536 (3.
2591 3473 2650 3520 Et
2670 3468 2742 3536 sic
2763 3478 2814 3521 at
2838 3468 2933 3521 non
2952 3469 3101 3536 possit
3120 3469 3295 3523 iterum
3322 3470 3453 3536 ﬁeri.

2169 3532 2199 3597 {l
2233 3531 2403 3597 inms.
2427 3534 2478 3583 8.
2506 3532 2565 3584 G.
2587 3531 2750 3597 possit.

2174 3595 2197 3666 ξ
2228 3595 3015 3666 'Supplegtrnusﬁancvocemex
3036 3608 3128 3647 ms.
3154 3597 3206 3647 S.
3234 3596 3295 3650 G.

2168 3657 2191 3723 ξ
2228 3654 2285 3723 In
2306 3654 2401 3707 ius.
2419 3659 2473 3723 8.
2498 3659 2558 3723 ⁷1].
2579 3658 2633 3708 in
2647 3657 2773 3723 [acie

2168 3715 2190 3752 τ
2228 3716 2285 3782 in
2308 3733 2399 3770 ms.
2426 3720 2478 3772 S.
2506 3718 2564 3782 G.
2588 3715 2740 3782 quid;
2764 3715 2910 3782 male.

2163 3779 2911 3846 urnmss.s.1.etpzs.ﬁt.

2161 3851 2192 3881 τ
2227 3840 2280 3892 In
2305 3857 2424 3896 mss.
2446 3845 2497 3895 S.
2524 3844 2582 3895 T.
2608 3854 2661 3896 et
2683 3845 2739 3895 P.
2763 3845 2816 3894 S.
2838 3840 2904 3895 et.

2165 3913 2194 3941 ι
2228 3903 2286 3973 ἔρ
2311 3920 2425 3958 mss,
2530 3908 2589 3958 Τ.
2613 3916 2666 3957 et
2687 3908 2746 3959 Ρ.
3040 3968 3043 3973 ⁴

2165 3977 2193 4017 1
2228 3967 2416 4019 Nomen
2440 3972 2655 4035 Prusae
2671 3964 2923 4035 reperitur
2946 3971 3003 4035 in
3033 3968 3151 4035 mss.
3179 3966 3232 4035 S.
3264 3964 3321 4021 Τ.
3362 3970 3415 4021 et
3438 3964 3494 4023 P.
3523 3966 3708 4035 S,,sed

2100 4034 2563 4095 deest_prmpositio
2584 4032 2747 4095 apud,
2773 4041 2825 4083 et
2849 4032 2957 4094 ejus
2991 4032 3097 4081 loco
3128 4032 3356 4090 habetur,
3395 4041 3478 4083 aut
3511 4032 3707 4095 Flaviae

2259 4092 2315 4143 in
2446 4096 2500 4146 S.
2528 4092 2759 4162 G._t_leest
2779 4092 2972 4162 nomen
2983 4097 3230 4162 Praxag,
3245 4100 3300 4144 et
3321 4095 3532 4162 habetur
3568 4094 3701 4162 apud

2100 4158 2348 4212 Ebionem.
2374 4158 2441 4208 At
2463 4171 2559 4208 non
2582 4156 2804 4221 Ebionis,
2827 4158 2920 4210 sed
2937 4158 3147 4208 Praxea:
3169 4154 3259 4208 fuit
3280 4168 3418 4209 error
3439 4158 3552 4210 iste.

1756 4298 2120 4362 VARIORUM
2159 4300 2392 4359 NOTAE.

473 4414 558 4504 (2)
598 4415 930 4507 Principium.
963 4416 1696 4507 sermonis“tui‘.in:ipientei;,
1745 4427 1848 4507 etc.
1891 4421 1993 4476 Alii
2102 4439 2280 4507 gressu
2311 4430 2558 4507 tractatus
2584 4423 2687 4507 tui,
2710 4423 2929 4507 alterum
2956 4431 3003 4507 te
3030 4423 3531 4507 inanireprofessus
3547 4430 3708 4507 es._ut

400 4487 701 4567 insipienter
724 4487 1091 4567 praestringens
1127 4488 1396 4567 ordinasti.
1425 4487 1547 4544 Scio
1590 4489 1800 4567 defendi
1834 4507 1994 4567 posse
2102 4487 2324 4549 alterum
2365 4493 2563 4567 replere
2603 4487 2867 4562 videreris,
2918 4504 3059 4551 extra
3098 4487 3457 4552 Iuereticorum
3507 4487 3703 4567 baptis-

403 4559 547 4633 quod
591 4562 676 4616 hic
700 4559 802 4618 est.
840 4559 1187 4618 Puto—tamen
1234 4562 1485 4633 Optatum
1528 4559 1989 4633 scripsisse'insi-

2103 4574 2266 4630 mata,
2293 4562 2431 4621 dum,
2447 4562 2576 4621 dicis
2603 4566 2843 4633 alterum,
2874 4574 2923 4623 el
2954 4566 3213 4632 alterum;
3245 4567 3360 4622 licet
3390 4562 3589 4621 diversa
3616 4584 3703 4623 os-

402 4630 596 4715 pienter
615 4644 923 4715 praestruens
954 4630 1393 4715 ordinasti.‘CuAm
1423 4630 1577 4697 duas,
1607 4632 1800 4700 inquit,
1830 4649 1997 4715 aquas
2026 4636 2074 4698 D
2103 4636 2308 4715 tendere
2341 4648 2555 4715 conatus
2578 4639 2677 4706 sis,
2706 4654 2809 4715 non
2833 4630 2998 4715 possis
3029 4630 3234 4715 negare,
3267 4632 3387 4715 quia
3415 4636 3706 4715 duo‘sunt:
3748 4650 3763 4657 '

404 4704 458 4759 in
493 4719 746 4776 processu
776 4713 1036 4760 tractatus
1065 4705 1137 4758 lui
1164 4704 1681 4776 inducturusgcsses,
1718 4706 1998 4776 proposito

404 4783 498 4831 tuo
526 4774 813 4847 infeliciter
842 4775 1221 4847 prmstrnxisti,
1260 4775 1388 4847 dum
1422 4774 1594 4847 unica:
1633 4774 1998 4832 circumcisio~

407 4849 495 4919 nis
518 4843 926 4919 [tundamentnm
956 4846 1148 4919 iactas,
1184 4844 1392 4919 etc._M.
1425 4843 1654 4901 CASAUB.

478 4916 559 4990 (ὅ)
591 4916 902 4992 Insipienter
928 4916 1259 4992 praestruens.
1290 4916 1347 4972 Id
1385 4925 1486 4981 est,
1518 4933 1640 4972 cum
1669 4917 1804 4973 duas
1832 4931 2001 4992 aquas

408 4990 466 5047 in
490 4988 754 5059 'processLu
785 4988 1045 5046 tractatus
1078 4992 1151 5042 tui
1172 4988 1491 5059 inducturus
1519 5003 1690 5059 esses,
1726 4988 2002 5059 prOpOsito

410 5057 511 5144 tuo
546 5057 832 5144 infeliciter
861 5060 1239 5144 praestruxisti,
1286 5059 1416 5144 dum
1462 5057 1597 5114 dicis
1632 5057 1845 5144 unicum
1878 5075 2006 5144 esse

409 5131 672 5190 diluvium
702 5142 757 5188 et
786 5130 998 5187 unicam
1039 5130 1534 5204 circumcisionem,
1560 5146 1682 5203 qua:
1726 5142 1852 5187 sunt
1874 5131 2008 5204 figu-

410 5218 490 5261 rae
523 5204 883 5273 baptismatis.
923 5204 999 5258 Du
1034 5203 1146 5257 PlN.

486 5273 573 5348 (4)
594 5270 890 5348 Defendisti
910 5273 1229 5348 Catholicam
1249 5270 1370 5348 dum
1392 5273 1685 5348 impugnas.
1709 5272 1842 5328 Dum
1868 5273 2009 5348 apud

413 5343 514 5403 nos
539 5343 883 5419 baptismum,
920 5347 1167 5419 quantivis
1197 5343 1588 5419 falsum,_dicas
1611 5358 1778 5419 esse;
1812 5343 2010 5415 probas

412 5433 538 5475 eum
561 5414 682 5473 esse
712 5432 897 5473 verum
918 5428 971 5474 et
1000 5418 1318 5488 legitimum,
1344 5415 1468 5485 quia
1496 5415 1637 5487 apud
1658 5414 1875 5472 indecus
1902 5432 2006 5473 una

416 5494 633 5544 tantum
658 5497 775 5544 erat
800 5487 1159 5545 circumcisio.
1184 5487 1416 5544 ALBASP.

493 5578 577 5652 (5)
610 5579 817 5635 Etenim
846 5582 901 5636 in
931 5596 1205 5652 progressu
1246 5588 1492 5635 tractatus
1529 5581 1628 5652 tui,
1653 5589 1759 5637 etc.
1790 5581 2012 5652 Aliquot

419 5650 513 5710 hic
543 5650 712 5706 lineas
739 5650 940 5709 mendo
966 5653 1232 5714 laborare.
1274 5666 1361 5706 res
1390 5651 1503 5720 ipsa
1535 5650 1755 5707 clamat.
1794 5650 1908 5721 Ego
1940 5653 2012 5709 lta

421 5721 713 5789 scribenda
747 5723 861 5779 haec
884 5738 947 5780 ac
986 5721 1369 5799 distinguenda
1392 5730 1523 5803 puto
1549 5740 1561 5777 :
1589 5721 1792 5797 Etenim
1813 5724 1865 5778 in
1896 5739 2017 5795 pro-

2107 4725 2170 4764 ca:
2197 4708 2378 4780 quibus
2400 4710 2523 4765 dum
2544 4704 2750 4782 (conaris
2776 4704 2979 4782 auferre
3008 4704 3250 4782 alteram,
3278 4704 3530 4782 laborasti
3559 4718 3610 4762 nt
3641 4710 3706 4782 de

2106 4776 2351 4853 secundo,
2403 4781 2552 4853 quasi
2597 4781 2823 4853 primunt
2847 4776 3036 4852 'facere
3082 4777 3349 4853 videreris.
3423 4776 3709 4853 Circumci-

2108 4852 2210 4916 sio,
2255 4861 2361 4907 etc.
2394 4850 2466 4908 M.
2497 4852 2729 4909 Caesus.
2776 4850 2877 4907 me
2911 4854 3053 4907 locus
3082 4867 3113 4906 a
3140 4850 3285 4905 nobis
3311 4852 3576 4907 restitutus
3610 4858 3704 4908 est.

2181 4942 2263 5014 (6)
2294 4941 2421 4997 Rem
2445 4944 2778 5014 singularem.
2809 4942 3059 5013 Figuram
3087 4957 3208 5014 esse
3236 4942 3312 4997 rei
3335 4957 3453 5012 qua:
3483 4953 3568 4999 est
3596 4945 3707 4999 sin-

2108 5013 2312 5083 gularis
2337 5025 2390 5068 et
2420 5012 2540 5083 quae
2569 5016 2738 5083 repeti
2772 5012 2893 5069 non
2909 5023 3105 5081 potest.
3134 5012 3369 5069 ALBASP.
3787 5062 3790 5066 Α

2186 5081 2268 5156 (7)
2301 5081 2472 5140 Semel
2498 5081 2643 5138 enim
2662 5090 2854 5154 factum
2877 5095 3040 5138 servat
3063 5084 3301 5139 salutem.
3330 5084 3713 5143 Salutareesl?

2112 5169 2305 5211 sensus
2337 5156 2713 5226 requirit,_sed
2748 5157 2909 5226 verba
2934 5170 3043 5210 non
3072 5156 3269 5212 lerunt.
3299 5158 3382 5212 An
3411 5158 3710 5213 salutarem

2110 5227 2217 5299 vim
2243 5224 2477 5299 retinet?
2506 5224 2614 5299 _Scd
2638 5226 2762 5294 quid
2793 5225 2935 5282 hoc?
2959 5225 3098 5282 Puto
3120 5227 3429 5299 legendum,
3454 5229 3611 5287 servis
3639 5226 3710 5283 ad

2114 5297 2355 5354 salutem.
2387 5298 2455 5354 Μ.
2489 5297 2721 5353 CASAUB.
3150 5306 3165 5315 "

2191 5369 2270 5441 (8)
2300 5369 2499 5441 Aquam
2521 5384 2710 5435 veram,
2737 5375 2781 5422 et
2800 5368 3009 5442 falsam.
3036 5369 3178 5428 Duos
3200 5366 3520 5442 baptismos,
3545 5382 3713 5425 unum

2115 5439 2334 5506 falSum,
2360 5439 2590 5498 alterum
2625 5455 2834 5496 verum.
2865 5439 3095 5496 ALBASP.

2190 5512 2273 5584 (9)
2306 5511 2428 5567 Non
2459 5513 2524 5567 de
2573 5511 2825 5584 Persona.
2864 5513 2980 5568 Non
3011 5514 3077 5567 de
3124 5515 3410 5570 sanctitate
3441 5524 3711 5581 persona.

2119 5586 2213 5640 sed
2244 5583 2312 5639 ex
2343 5584 2392 5638 vi
2423 5585 2771 5639 sacramenti.
2800 5583 3033 5641 ALBASP.

2193 5654 2310 5727 (10)
2341 5655 2495 5726 Apud
2516 5653 3035 5727 PraxeamnFalsam
3067 5654 3207 5727 apud
3236 5654 3493 5727 Praxeam
3524 5664 3714 5723 posses

2123 5721 2364 5782 invenire
2389 5721 2604 5798 aquam,
2640 5726 2763 5797 quia
2793 5725 2901 5781 filio
2931 5738 3035 5780 non
3059 5721 3251 5783 credit.
3283 5721 3515 5779 Assasr.
