4152 6166
527 209 666 267 1017

529 438 638 478 non
679 433 780 488 est,
835 422 1171 478 mendacium
1192 422 1301 492 ει
1333 430 1417 475 est
1452 440 1464 474 :
1498 436 1624 478 cum
1673 422 1814 494 apud
1852 423 2125 494 Patripas-

529 515 744 571 sianum
768 523 794 551 ει
827 528 932 569 non
984 522 1068 569 est
1106 512 1300 579 Filius,
1345 527 1452 568 non
1505 523 1589 569 est
1627 513 1904 581 veritasb;
1936 525 1990 570 et
2037 514 2127 570 ubi

528 609 734 665 veritas
765 621 873 662 non
899 615 1004 670 est,
1030 606 1104 662 ibi
1129 615 1212 661 est
1232 621 1370 677 aqua
1401 607 1656 663 mendax.
1687 607 1865 676 Quare
1892 607 1976 662 vel
2005 622 2129 664 sero

528 699 718 756 desine
754 698 1070 770 conﬁngere
1107 699 1370 764 crimina;
1404 708 1459 754 et
1497 699 1643 770 quod
1689 699 1742 755 in
1773 699 2129 770 Patripassia-

531 807 630 849 nos
654 792 855 847 dictum
895 801 1002 858 est,
1051 792 1102 846 in
1144 788 1456 847 Catltolicos
1504 793 1614 848 noli
1652 793 1942 850 tranferre.
1978 792 2130 849 Nunc

531 887 788 956 quoniam
821 885 1107 941 manifeste
1138 893 1495 941 monstratum
1525 896 1644 953 est,
1690 902 1720 941 a
1752 887 1908 943 nobis
1950 897 2005 942 et
2031 902 2130 957 pro

533 977 689 1032 vobis
710 977 815 1032 dici
847 977 1110 1047 potuisse,
1141 977 1284 1046 quod
1312 977 1380 1033 de
1409 977 1612 1034 diluvio
1636 987 1692 1034 et
1715 979 2130 1035 circumcisione

531 1069 748 1125 locutus
773 1085 832 1126 es
862 1087 874 1122 :
907 1085 1248 1141 consequens
1275 1079 1358 1126 est
1383 1073 1693 1138 ostendere,
1719 1073 1992 1144 quomodo
2017 1074 2135 1130 lau-

531 1162 654 1218 dem
690 1161 1028 1230 baptismatis
1056 1163 1126 1216 ita
1160 1162 1388 1226 dixeris,
1424 1171 1481 1219 ut
1523 1165 1574 1219 in
1606 1179 1667 1220 ea
1707 1165 1873 1220 multa
1898 1182 1998 1237 pro
2029 1181 2130 1222 no-

533 1255 620 1310 bis
649 1265 702 1310 et
731 1269 828 1324 pro
853 1253 1026 1317 vobis,
1058 1255 1261 1325 aliquid
1291 1265 1474 1312 tamen
1502 1266 1688 1313 contra
1720 1273 1816 1312 vos
1848 1276 1861 1313 :
1886 1257 2002 1330 (11)
2035 1274 2132 1330 pro

532 1347 774 1417 utrisque
798 1347 928 1401 illttd
953 1356 1058 1412 est,
1091 1347 1236 1417 quod
1258 1357 1312 1403 et
1341 1349 1497 1404 nobis
1533 1359 1588 1404 et
1611 1351 1764 1406 vobis
1785 1363 1806 1390 ο
1837 1365 2132 1408 commune

530 1449 651 1494 est:
681 1438 795 1511 (12)
829 1439 952 1495 ideo
980 1449 1033 1494 et
1064 1441 1242 1506 vobis,
1281 1441 1409 1511 quia
1435 1457 1501 1498 ex
1537 1443 1694 1498 nobis
1723 1443 1938 1498 existis.
1974 1445 2133 1499 Deni—

531 1547 638 1602 que
660 1541 716 1587 et
737 1533 878 1603 apud
903 1547 1000 1587 vos
1026 1541 1082 1588 et
1102 1532 1243 1603 apud
1269 1547 1369 1588 nos
1391 1549 1496 1589 una
1525 1544 1609 1589 est
1631 1535 1995 1592 ecclesiastica
2016 1536 2134 1608 (15)

534 1626 901 1692 conversatio,
933 1625 1049 1697 (14)
1084 1641 1405 1681 communes
1430 1627 1710 1694 lectiones,
1741 1628 1928 1685 eadem
1972 1628 2128 1698 ﬁdes,

1741 205 1989 267 SANCTI
2023 205 2277 267 ΟΡΤΑἸἹ
2319 207 2629 267 EPISCOPI

523 329 704 403 (Joan.
731 343 846 397 xlv,
878 327 934 400 6)
964 346 976 384 :
1006 340 1134 398 ergo
1160 325 1332 383 Filius
1371 326 1464 382 Dei
1495 335 1580 382 est
1602 327 1843 393 veritas;
1873 329 1961 383 ubi
2009 329 2125 398 ipse
2152 329 2205 389 Α
2228 327 2379 385 vivas
2429 329 2636 384 animas
2691 326 2928 384 edidisse
2976 344 2988 380 :

3683 205 3810 265 1018

3045 323 3304 397 numquid
3357 337 3454 379 sua
3500 329 3690 394 sponte
3727 338 3814 378 cas

2226 438 2489 496 generare
2538 423 2868 494 potuerunt?
2915 419 3176 490 numquid
3231 434 3339 474 non
3389 428 3446 473 et
3501 417 3607 472 illic
3658 415 3828 472 luerat

2230 526 2340 574 tota
2365 517 2634 572 Trinitas?
2670 515 2852 587 utique
2874 523 2929 571 et
2977 512 3084 570 illic
3121 512 3301 568 fuerat
3334 511 3482 566 Deus
3521 519 3700 582 pater,
3733 510 3820 582 qui

2224 610 2416 682 jubere
2465 609 2715 679 dignatus
2756 616 2878 673 est,
2914 607 3003 678 qui
3057 606 3229 662 dixit:
3280 603 3502 660 educant
3542 617 3688 672 aqum
3731 619 3821 656 na-

2233 702 2395 758 tantia
2420 741 2436 767 ,
2487 701 2755 766 volatilia,
2785 707 2892 754 etc.
2937 697 3154 770 (Cenes.
3184 713 3235 763 ι,
3265 695 3391 767 20).
3426 695 3581 764 Quod
3627 695 3670 750 si
3713 694 3824 750 sine

2229 800 2488 865 operante
2515 791 2670 848 ﬁeret
2698 790 2839 862 quod
2869 789 3066 845 factum
3099 797 3184 843 est
3204 830 3220 854 ,
3260 787 3471 842 diceret
3503 785 3682 841 Deus:
3710 785 3827 839 edit-

2231 885 2354 950 cite,
2385 900 2532 950 aqutv
2559 881 2722 954 (Ibid.
2753 881 2937 954 tt):ibi
2965 888 3083 936 erat
3104 894 3233 949 ergo
3263 877 3435 933 Filius
3470 877 3562 933 Dei
3591 876 3683 947 qui
3707 891 3830 946 ope-

2232 977 2454 1035 rabatur
2497 996 2511 1031 :
2563 977 2634 1032 ibi
2683 983 2802 1032 erat
2849 974 3080 1046 Spiritus
3127 983 3382 1038 sanctus,
3429 970 3594 1026 sicuti
3639 971 3830 1026 lectum

2233 1081 2314 1129 est
2342 1090 2354 1126 :
2387 1081 2432 1127 et
2464 1070 2690 1142 Spiritus
2719 1068 2816 1123 Dei
2841 1067 3258 1140 superferebatur
3308 1081 3469 1136 super
3516 1080 3697 1135 aquas.
3739 1063 3830 1118 Ni-

2235 1165 2309 1220 hil
2335 1162 2452 1237 (23)
2477 1163 2587 1220 illic
2610 1163 2768 1219 video
2794 1170 3068 1231 quartum,
3103 1158 3234 1214 nihil
3267 1158 3445 1213 minus
3475 1171 3506 1210 a
3536 1156 3743 1222 tribus;
3782 1164 3835 1212 et

2234 1268 2412 1315 tamen
2447 1267 2628 1313 natum
2659 1255 2680 1295 ί
2713 1265 2798 1312 est
2821 1255 2963 1326 quod
2987 1254 3223 1309 Trinitas
3245 1258 3470 1322 Operata
3498 1260 3618 1306 est:
3651 1258 3709 1305 et
3730 1265 3832 1306 non

2235 1352 2308 1407 ibi
2338 1351 2511 1406 fuistis
2537 1369 2550 1404 :
2584 1358 2678 1403 aut
2697 1348 2742 1404 si
2770 1349 2890 1403 sine
2919 1346 3072 1402 vobis
3105 1343 3239 1399 nihil
3269 1343 3433 1399 debet
3463 1343 3630 1399 licere
3660 1341 3836 1397 Trini-

2236 1441 2332 1496 tati
2359 1484 2374 1508 ,
2405 1451 2659 1497 revocate
2687 1439 2863 1510 pisces
2894 1438 2946 1492 in
2968 1436 3233 1507 originem
3261 1452 3274 1488 :
3304 1435 3414 1504 jam
3439 1433 3688 1490 volantes
3709 1449 3832 1490 aves

2237 1535 2490 1592 fluctibus
2539 1533 2806 1604 mergite,
2849 1532 2895 1587 si
2941 1529 3096 1586 vobis
3136 1528 3453 1585 absentibus
3499 1527 3634 1583 nihil
3682 1527 3838 1584 debet

2239 1628 2474 1683 Trinitas
2507 1625 2724 1699 operari
2751 1635 2799 1681 8.

532 1719 650 1791 (15)
706 1719 819 1789 ipsa
871 1718 994 1775 ﬁdei
1042 1729 1404 1786 sacramenta,
1445 1720 1563 1794 (16)
1609 1722 1798 1778 eadem
1848 1723 2128 1794 mysteria.
2164 1714 2210 1774 Β
2308 1720 2398 1775 lll.
2430 1718 2702 1790 Baptisma
2745 1734 2847 1772 non
2891 1733 3000 1772 esse
3044 1714 3359 1770 iterandum.
3386 1745 3443 1754 —
3487 1711 3624 1769 Cum
3655 1709 3836 1785 ergoll

535 1814 685 1868 Bene
727 1813 892 1884 igitur
920 1813 1153 1868 laudasti
1201 1813 1468 1883 baptisma
1501 1831 1516 1870 :
1545 1816 1667 1884 quis
1717 1816 1862 1870 enim
1892 1816 2130 1872 fidelium

532 1905 763 1972 nesciat,
810 1905 1083 1975 singulare
1120 1905 1409 1974 baptisma,
1435 1906 1554 1976 (17)
1591 1907 1849 1962 virtutum
1889 1923 2013 1964 esse
2063 1910 2134 1964 vi-

539 2005 673 2063 tam,
723 1996 1015 2052 criminum
1064 2003 1318 2063 mortem,
1371 1997 1704 2052 nativitatem
1746 1998 2131 2069 immortalem,

536 2087 780 2143 caelestis
816 2089 970 2158 regni
1009 2089 1498 2159 comparationem,
1543 2089 1866 2145 innocentiae
1895 2100 2131 2161 portum,

538 2189 888 2250 peccatorum
918 2179 1000 2250 (ut
1043 2189 1100 2236 et
1147 2188 1205 2235 tu
1237 2180 1448 2253 dixisti)
1498 2181 1855 2254 naufragium.
1889 2183 1999 2240 Has
2047 2201 2134 2240 res

533 2275 828 2344 unicuique
868 2274 1110 2330 credenti
1133 2272 1182 2343 ἀ,
1231 2291 1337 2330 non
1387 2275 1636 2345 ejusdem
1681 2279 1756 2332 rei
1785 2278 1901 2350 (18)
1939 2294 2133 2350 opera-

532 2366 670 2430 rius,
699 2365 794 2420 sed
824 2367 1098 2422 credentis
1123 2366 1256 2422 ﬁdes
1285 2376 1340 2422 et
1362 2367 1598 2422 Trinitas
1627 2377 1865 2439 praestat.

608 2455 671 2510 ll.
705 2455 770 2510 In
797 2457 1098 2525 baptismate
1121 2457 1460 2525 Trinitatem,
1493 2475 1596 2513 non
1621 2460 1844 2514 ministri
1869 2477 2138 2531 personam

532 2551 758 2620 aperari.
782 2579 856 2590 —
883 2549 1086 2606 Deinde
1112 2552 1309 2621 quzeris
1328 2593 1343 2617 ,
1367 2551 1496 2621 quid
1529 2551 1581 2605 in
1613 2551 1772 2608 laude
1799 2553 2138 2622 baptismatis

528 2653 720 2698 contra
747 2658 844 2698 vos
860 2642 1106 2698 dixeris?
1131 2643 1256 2698 audi
1281 2661 1295 2709 ;
1329 2643 1425 2699 sed
1451 2645 1598 2714 prius
1618 2655 1700 2699 est
1723 2644 1968 2711 fatearis,
1995 2647 2139 2715 quod

533 2753 722 2794 omnes
768 2753 967 2809 negare
997 2738 1241 2810 [minime
1284 2738 1551 2808 poteritis.
1602 2737 1788 2794 Dicitis
1834 2740 1978 2794 enim
2021 2739 2140 2812 (19)

535 2831 854 2887 Trinitatem
890 2845 986 2900 pro
1025 2830 1200 2886 nihilo
1238 2831 1458 2897 haberi,
1491 2831 1579 2886 ubi
1627 2847 1734 2888 non
1779 2833 2088 2888 interfuerit
2116 2844 2139 2871 ο

532 2932 718 2980 vestra
748 2923 1056 2993 praesentia.
1090 2922 1207 2995 (20)
1235 2922 1291 2980 Si
1323 2923 1479 2978 nobis
1501 2923 1776 2995 derogatis
1795 2967 1810 2994 ,
1840 2925 1922 2980 vel
1957 2925 2142 2981 Domi-

538 3032 666 3072 num
706 3017 1033 3072 reveremini
1059 3060 1075 3084 ,
1119 3018 1209 3088 qui
1259 3017 1312 3072 in
1364 3017 1631 3075 Trinitate
1675 3021 1825 3091 prior
1869 3030 2001 3078 est:
2051 3023 2142 3094 qui

2237 1813 2441 1869 dixeris
2471 1822 2526 1868 et
2553 1826 2716 1867 unum
2749 1810 2916 1866 fuisse
2946 1809 3241 1874 diluvium,
3272 1816 3329 1862 et
3365 1807 3838 1862 circumcisionem

2233 1905 2405 1976 repeti
2436 1921 2544 1960 non
2587 1918 2784 1976 posse;
2821 1911 2876 1959 et
2919 1917 3018 1957 nos
3039 1901 3325 1957 docuimus
3366 1899 3594 1956 cmlestc
3650 1913 3841 1954 munus

2237 1997 2525 2067 unicuique
2548 1995 2791 2051 credenti
2823 2009 2854 2048 a
2880 1993 3144 2048 Trinitate
3171 1991 3413 2047 conferri
3438 2035 3454 2059 ,
3489 2006 3600 2046 non
3634 1991 3705 2046 ab
3748 1991 3840 2046 lto-

2235 2092 2420 2147 mine:
2451 2089 2578 2161 quid
2617 2087 2632 2126 ί
2674 2087 2829 2143 vobis
2877 2087 3050 2141 visum
3090 2094 3175 2141 est
3199 2126 3213 2150 ,
3255 2099 3362 2140 non
3397 2094 3518 2154 post
3569 2099 3674 2141 nos
3699 2127 3713 2151 ,
3753 2083 3842 2140 scd

2237 2194 2360 2257 post
2392 2183 2711 2240 Trinitatem
2734 2225 2749 2248 ,
2781 2183 3044 2253 baptisma
3074 2179 3392 2250 geminare?
3437 2178 3594 2246 cujus
3639 2178 3710 2233 de
3758 2193 3842 2232 sa-

2239 2291 2518 2337 cramento
2549 2294 2655 2334 non
2685 2278 2808 2334 leve
2843 2284 3122 2332 certamen
3154 2274 3400 2329 innatum
3431 2281 3516 2327 est
3541 2315 3555 2337 ,
3596 2281 3656 2327 et
3692 2271 3843 2326 dubi-

2241 2383 2425 2441 tatur,
2467 2387 2534 2428 an
2577 2379 2701 2442 post
2740 2370 3060 2425 Trinitatem
3106 2369 3161 2422 in
3211 2367 3399 2422 eadem
3445 2365 3720 2422 Trinitate
3750 2368 3845 2420 hoc

2241 2467 2439 2522 iterutn
2488 2465 2652 2520 liceat
2700 2462 2900 2519 facere.
2955 2463 3063 2516 Vos
3110 2460 3329 2526 dicitis,
3369 2459 3538 2516 licet:
3572 2473 3678 2514 nos
3721 2459 3848 2514 dici-

2243 2574 2398 2629 mus,
2440 2571 2550 2613 non
2591 2557 2767 2613 licet:
2800 2557 2941 2610 inter
2983 2554 3112 2608 licet
3153 2562 3395 2609 vestrum
3420 2595 3434 2619 ,
3478 2562 3534 2608 et
3571 2569 3686 2608 non
3734 2552 3852 2607 licet

2243 2661 2490 2706 nostrum
2509 2691 2524 2714 ,
2549 2656 2742 2703 nutant
2770 2657 2825 2703 et
2851 2647 3117 2716 remigant
3145 2645 3342 2700 animae
3374 2644 3727 2715 populorum.
3757 2643 3853 2698 Nc-

2244 2759 2337 2801 mo
2376 2743 2529 2799 vobis
2567 2740 2790 2807 credat,
2836 2754 2998 2794 nemo
3038 2738 3242 2792 nobis:
3283 2751 3475 2792 omnes
3523 2736 3851 2792 contentiosi

2245 2835 2494 2891 homines
2537 2849 2741 2889 sumus.
2774 2831 3066 2902 Quzerendi
3113 2840 3241 2885 sunt
3281 2829 3540 2900 judiccs:
3584 2831 3631 2884 si
3678 2829 3858 2885 Chris-

2248 2927 2377 2982 tiani
2403 2969 2419 2995 ,
2450 2926 2518 2982 de
2555 2935 2781 2996 utraque
2808 2933 2959 2994 parte
2994 2922 3111 2977 dari
3159 2937 3265 2978 non
3294 2930 3562 2992 possunt;
3591 2924 3723 2993 quia
3751 2932 3860 2978 stu-

2249 3020 2352 3076 diis
2393 3019 2595 3075 veritas
2642 3016 2956 3089 impeditur.
2981 3015 3062 3071 De
3107 3014 3243 3069 foris
3280 3013 3610 3084 quaerendus
3648 3021 3736 3069 est
3773 3013 3858 3082 iu-

537 3125 664 3164 cum
697 3109 841 3166 Filio
871 3121 926 3166 et
951 3110 1158 3182 Spiritu
1206 3120 1394 3167 sancto
1419 3113 1598 3168 omnia
1637 3125 1893 3184 operatur
1917 3127 1970 3172 et
1995 3131 2145 3175 com.
2179 3106 2226 3172 C
2256 3114 2359 3171 dex
2392 3135 2403 3168 :
2435 3113 2479 3168 si
2527 3127 2796 3182 paganus,
2828 3109 2943 3181 (24)
2976 3125 3083 3163 non
3133 3116 3310 3180 potest
3339 3106 3658 3164 Christiana
3707 3121 3860 3162 nosse

535 3202 680 3272 plet,
709 3203 872 3258 etiam
906 3210 963 3259 et
995 3203 1106 3258 illic
1145 3204 1232 3259 ubi
1281 3219 1388 3260 non
1434 3204 1592 3261 fuerit
1627 3206 1856 3262 humana
1897 3224 2150 3279 persona.

535 3297 616 3352 Tu
646 3313 806 3365 vero,
843 3300 1010 3355 frater
1041 3299 1392 3356 Parmeniane
1412 3347 1426 3371 ,
1458 3303 1575 3375 (21)
1607 3304 1659 3360 in
1685 3303 1844 3360 laude
1872 3321 2025 3377 aqua:
2074 3307 2142 3363 de

535 3390 892 3448 Genesiortun
947 3393 1179 3450 lectione
1233 3395 1464 3464 dixisti,
1520 3398 1639 3469 (22)
1689 3414 1855 3470 aquas
1905 3401 2138 3470 primum

2262 3219 2470 3266 secreta
2502 3226 2516 3264 :
2548 3207 2592 3262 si
2621 3204 2841 3263 Judazus
2864 3246 2880 3269 ,
2920 3203 3173 3257 inimicus
3199 3210 3282 3256 est
3305 3200 3602 3256 Christiani
3662 3200 3860 3272 baptis-

2253 3304 2413 3358 matis
2443 3318 2457 3356 :
2492 3315 2621 3372 ergo
2655 3300 2706 3354 in
2740 3299 2901 3354 terris
2923 3294 2991 3353 de
3017 3295 3119 3351 hac
3150 3310 3210 3351 re
3241 3295 3442 3350 nullum
3474 3295 3685 3364 poterit
3714 3307 3862 3362 repe-

2252 3399 2348 3454 riri
2389 3396 2689 3468 judicium;
2729 3393 2797 3450 de
2837 3391 2978 3450 ctelo
3021 3389 3348 3462 qumreodus
3391 3396 3477 3446 est
3518 3389 3718 3460 judex.
3760 3384 3862 3444 Sed

1795 3514 2188 3573 LECTIONES
2228 3512 2655 3571 VARIANTES.

597 3603 626 3667 F
660 3602 718 3667 1n
741 3617 830 3655 ms.
856 3604 905 3654 S.
936 3603 996 3667 ϐ,
1024 3602 1441 3667 Patripassianos.

595 3665 639 3732 δέ
661 3665 718 3716 In
741 3679 854 3732 mss.
883 3668 932 3717 S.
956 3666 1014 3732 T.
1039 3675 1093 3717 et
1110 3665 1242 3719 P.'S.
1278 3681 1377 3732 non
1400 3674 1470 3720 est
1509 3681 1597 3732 nec
1639 3668 1836 3732 veritus,
1875 3671 2003 3732 quod
2029 3685 2139 3721 cum

533 3730 707 3842 ῗιὲἔίυε
723 3731 806 3792 sit,
831 3731 990 3780 secuti
1010 3744 1181 3781 sumus
1202 3731 1420 3782 codicem
1443 3733 1495 3784 S.
1524 3731 1583 3783 G.
1626 3734 1709 3783 ubi
1733 3730 1880 3785 deest
1897 3730 2141 3799 particula

599 3855 622 3884 ο
659 3853 852 3904 Desunt
870 3855 918 3903 in
937 3867 1052 3904 mss.
1079 3856 1132 3905 S.
1157 3855 1217 3905 T.
1239 3854 1364 3904 etP.
1392 3855 1444 3904 S.

596 3915 626 3955 ἀ
661 3915 838 3966 Addita
865 3923 942 3968 est
963 3917 1072 3968 haec
1095 3930 1190 3969 vox
1216 3930 1282 3968 ex
1302 3929 1394 3967 ms.
1419 3917 1472 3968 S.
1495 3917 1556 3969 G.

2313 3611 2336 3669 εξ
2371 3607 2428 3657 In
2447 3619 2537 3656 ms.
2565 3608 2620 3657 s.
2645 3605 2705 3657 G.
2729 3603 2899 3669 fuerit.

2311 3667 2336 3738 ξ
2373 3671 2703 3738 Deestinmg.
2813 3666 2874 3718 ϐ.
2916 3729 2954 3738 _
2988 3727 3002 3738 .
3041 3725 3070 3738 ,Δ
3112 3725 3142 3738 μ’

2312 3735 2338 3800 _8
2373 3732 2431 3800 In
2452 3745 2545 3782 ms.
2571 3732 2624 3800 ξ.
2649 3730 2706 3800 1_}.
2734 3729 2886 3800 licere
2915 3727 3162 3781 ‘i'rinitati.

2309 3793 2338 3862 ιδ
2374 3794 2545 3862 [πως.
2569 3792 2872 3862 ελίξεβηξηξ
2915 3854 2946 3862 ,.
3031 3858 3040 3862 _
3134 3851 3146 3862 .

2317 3859 2335 3897 ι
2374 3857 2430 3907 In
2454 3870 2568 3908 mss.
2595 3857 2648 3908 S.
2673 3856 2731 3908 Τ.
2759 3861 2811 3906 et
2831 3854 2890 3906 P.
2914 3854 2969 3906 S.
2994 3853 3200 3918 etquid.

1812 3955 1816 3959 ’
1869 3982 2238 4040 VARIORUM
2264 3982 2499 4040 NOTAE.

604 4091 726 4166 (11)
761 4091 867 4166 Pro
896 4093 1124 4164 utrisque
1156 4093 1291 4149 illud
1317 4102 1425 4156 est,
1456 4094 1593 4164 quod
1615 4103 1663 4166 et
1697 4095 1840 4148 nobis
1872 4111 2139 4150 commune

527 4165 638 4238 est,
665 4173 770 4219 etc.
807 4165 988 4238 Possis
1027 4166 1243 4234 legere,
1277 4167 1412 4238 quod
1442 4177 1487 4218 et
1530 4165 1674 4219 nobis
1717 4183 1982 4238 commune
2025 4177 2137 4231 est,

531 4236 648 4290 ideo
671 4247 718 4309 et
747 4236 886 4291 vobis
907 4279 922 4309 ε
943 4238 1068 4309 quia
1091 4253 1155 4292 ea:
1183 4236 1346 4291 nobis.
1375 4237 1487 4308 Ego
1516 4245 1694 4292 tamen
1721 4236 1978 4309 Optatum
2011 4247 2140 4307 puto

530 4308 815 4374 scripsisse
847 4326 858 4360 :
893 4307 998 4362 Pro
1030 4311 1256 4378 utrisque
1287 4307 1528 4363 illud’est
1551 4349 1564 4371 ,
1591 4307 1730 4378 quod
1757 4319 1804 4362 et
1831 4310 1974 4363 nobis
2001 4325 2138 4362 com-

531 4394 686 4448 mune
713 4388 786 4432 est
813 4389 860 4432 et
886 4379 1042 4433 vobis.
1077 4379 1207 4433 Ideo
1233 4390 1280 4433 et
1309 4379 1450 4432 vobis
1471 4420 1485 4438 ,
1517 4380 1636 4448 quia
1665 4395 1730 4434 ea:
1769 4380 1912 4434 nobis
1937 4381 2135 4434 existis.

533 4447 734 4516 Supra,
777 4450 869 4503 lib.
901 4467 915 4505 ι
950 4468 962 4504 :
1001 4449 1067 4504 Ut
1093 4451 1217 4513 quid
1238 4468 1269 4504 a
1299 4461 1344 4505 te
1365 4447 1634 4522 memorati
1674 4461 1806 4522 sunt
1834 4453 1957 4516 isti,
2000 4451 2140 4522 apud

531 4536 662 4588 quos
689 4536 791 4574 non
819 4531 938 4575 sunt
963 4532 1281 4591 sacramenta
1299 4565 1313 4586 ,
1343 4537 1456 4591 qua:
1485 4521 1630 4574 nobis
1655 4531 1702 4574 et
1729 4521 1866 4576 vobis
1903 4521 2140 4575 videntur

530 4607 642 4646 esse
689 4590 1018 4648 communia?
1066 4590 1563 4662 Nusquam’autcm
1614 4593 1814 4659 saepius
1859 4609 1887 4646 a
1935 4593 2138 4646 Scribis

2323 4094 2445 4167 (18)
2504 4094 2799 4168 Operantis.
2850 4095 3086 4151 Persona
3110 4094 3566 4221 operantisAnihil
3624 4094 3857 4151 confert.

3455 4183 3648 4221 LDASP.

3455 4183 3648 4222 LBASP.

2322 4237 2435 4310 (19)
2467 4237 2772 4292 Trinitatem
2821 4254 2916 4307 pro
2963 4236 3148 4293 nihilo.
3176 4238 3496 4294 Trinitatem
3545 4239 3690 4294 nihil
3737 4253 3864 4294 con-

2249 4309 2391 4365 ferre
2421 4310 2474 4363 in
2505 4311 2792 4379 baptismo.
2822 4309 3051 4364 Annssr.

2321 4379 2438 4449 (20)
2480 4381 2543 4434 Si
2588 4381 2730 4434 nobis
2769 4379 3050 4450 derogatis.
3081 4379 3187 4434 Cur
3215 4379 3396 4434 dicitis
3429 4395 3701 4443 personas
3745 4394 3867 4436 nos-

2252 4461 2365 4507 tras
2395 4453 2658 4522 impedire
2712 4452 3001 4522 quominus
3043 4462 3188 4506 recte
3218 4454 3339 4520 quis
3368 4451 3683 4522 baptizetur
3724 4450 3863 4523 apud

2251 4536 2387 4585 nos:
2429 4541 2550 4578 eum
2599 4523 2740 4578 Deus
2785 4523 2835 4577 in
2869 4524 3137 4587 baptismo
3184 4523 3502 4589 invocetur,
3539 4523 3638 4594 qui
3685 4523 3861 4580 omnia

2253 4596 2512 4662 perlicere
2556 4602 2730 4661 potest
2750 4596 2772 4646 ‘t
2806 4596 3031 4649 Austtsr.

528 4671 812 4729 peccatum
861 4679 983 4720 esse
1007 4706 1023 4732 ,
1068 4680 1227 4731 quam
1276 4665 1367 4719 ubi
1419 4663 1843 4736 eaedemhvores
1890 4665 2135 4736 proxime
2163 4667 2216 4727 D
2314 4667 2426 4736 (21)
2459 4665 2524 4719 In
2550 4667 2701 4719 laude
2721 4681 2868 4731 aqua:
2888 4665 2951 4719 de
2973 4664 3451 4736 Genesiorum,etc.
3477 4665 3672 4720 Victor
3698 4665 3860 4728 Utic.,

529 4735 777 4803 repetita:
807 4748 932 4790 sunt
974 4744 1064 4789 aut
1101 4736 1387 4806 geminatze
1415 4775 1430 4799 ,
1456 4737 1566 4802 jam
1598 4734 1886 4805 aliquoties
1919 4734 2134 4788 mortui-

533 4819 674 4859 mus.
706 4806 776 4860 Μ.
805 4807 1039 4862 CASAUB.

602 4876 719 4948 (12)
753 4876 882 4930 Ideo
913 4887 958 4930 et
990 4876 1149 4930 vobis.
1176 4875 1310 4941 Quia
1347 4890 1376 4928 a
1408 4875 1563 4930 vobis
1589 4890 1651 4931 ea
1683 4875 1992 5002 aciepistis.

1797 4963 1974 5002 casse.

1797 4963 1974 5003 LBASP.

599 5017 721 5088 (1'5)
756 5015 1103 5072 Conversatio.
1137 5016 1252 5073 Una
1291 5015 1670 5074 Ecclesiastica
1707 5018 2017 5088 disciplina.

1687 5092 1919 5146 ALBASP.

603 5157 719 5234 (1})
751 5156 1054 5234 Communes
1084 5161 1342 5216 lectiones.
1379 5161 1583 5218 Eodem
1623 5161 1782 5218 modo
1825 5162 2138 5234 Scripturas

531 5229 890 5298 explicanius.
926 5233 1153 5287 ALBASP.

607 5299 722 5443 (15)
760 5300 883 5388 Ipsa
909 5303 1031 5373 ﬁdei
1055 5315 1394 5386 sacramenta.
1428 5305 1686 5388 Regulam
1718 5305 1863 5387 ﬁdei.
1899 5306 2131 5388 Abesse.

607 5373 698 5443 (1b
757 5372 956 5428 Eadem
983 5386 1242 5443 mysteria.
1282 5377 1341 5432 Ι).
1376 5379 1705 5443 Augustinus
1734 5375 2017 5442 distinguit
2053 5393 2131 5430 tn-

605 5372 721 5444 (lti)
757 5372 956 5428 Eadem
983 5378 1242 5445 mysteria.
1282 5377 1341 5432 Ι).
1376 5372 1705 5446 Augustinus
1734 5375 2017 5446 distinguit
2053 5380 2136 5430 in-

530 5450 614 5498 ter
646 5449 906 5518 mysteria
950 5455 1366 5518 ctrsacramenta
1397 5465 1409 5500 :
1441 5445 1754 5518 mysterium
1783 5458 1864 5500 est
1908 5445 1957 5518 id
1990 5447 2134 5518 quod

527 5514 808 5570 confertur
851 5527 944 5571 aut
987 5517 1338 5586 signiﬁcatur;
1364 5514 1757 5572 sacramentum
1789 5530 1878 5571 rcs
1909 5514 2136 5572 visibilis

524 5599 625 5654 per
647 5603 807 5652 qttntn
842 5604 928 5641 res
957 5588 1251 5656 spiritualis
1278 5587 1455 5640 datur.
1483 5591 1711 5642 Aumsr.

598 5657 710 5725 (~17)
754 5657 1214 5731 Virtuttnnvitam.
1254 5659 1387 5725 Quia
1417 5658 1643 5716 virtutes
1674 5661 1790 5715 sine
1817 5658 1988 5731 gratia
2025 5673 2146 5715 non

521 5738 750 5792 possunt
778 5729 980 5798 perlici.
1013 5728 1240 5783 ALBASP.

2249 4737 2342 4790 lilt.
2378 4735 2455 4808 tt:
2487 4736 2914 4808 Snperferebutur
2953 4736 3180 4806 Spiritus
3215 4735 3310 4790 Dei
3351 4753 3503 4808 super
3544 4753 3720 4808 aquas
3743 4781 3758 4802 ,
3787 4746 3864 4790 ut-

2248 4819 2364 4877 pote
2389 4806 2602 4879 creator
2631 4806 2812 4862 virtute
2837 4809 3076 4879 potentia:
3101 4823 3208 4862 sua:
3231 4806 3507 4879 (continens
3531 4806 3831 4863 creaturam
3848 4850 3861 4869 ,

2248 4889 2302 4931 nt
2330 4896 2392 4933 ea:
2417 4877 2497 4932 Itis
2520 4882 2632 4934 viva
2653 4877 3200 4949 onmia'producturus
3222 4878 3330 4950 ipse
3350 4878 3570 4933 rudibus
3600 4880 3862 4936 elementis

2247 4950 2386 5023 ignis
2417 4949 2627 5023 propria
2661 4954 2887 5023 fontenta
2916 4960 3180 5020 prtestaret
3204 4991 3218 5014 ,
3245 4959 3291 5001 et
3313 4952 3429 5023 jam
3461 4961 3584 5004 tunc
3617 4952 3862 5023 ntysterio

2247 5021 2498 5075 emicante
2545 5021 2866 5086 baptismatis
2907 5024 3142 5074 virtutem
3178 5021 3600 5087 sanctificationis
3648 5021 3863 5092 liquoris

2247 5103 2435 5146 natura
2467 5093 2752 5163 perciperet
2775 5132 2788 5150 ,
2823 5093 3085 5162 primaque
3111 5093 3179 5146 ad
3199 5093 3353 5146 vitam
3381 5108 3602 5163 corpora
3628 5096 3858 5148 animata

2243 5163 2458 5234 produci
2473 5172 2570 5217 ret.
2603 5162 2674 5217 Μ.
2704 5163 2934 5234 Ossan}.

2316 5233 2432 5304 (22)
2468 5236 2640 5305 Aquas
2667 5234 2825 5288 vivas.
2856 5232 3223 5288 Tertullianus
3262 5232 3335 5288 de
3374 5233 3656 5304 baptismo
3688 5256 3702 5292 :
3742 5236 3857 5290 Pri.

2242 5321 2356 5358 mus
2389 5305 2556 5378 liquor
2586 5305 2724 5376 quod
2749 5306 2931 5378 viveret
2961 5306 3122 5360 edidit
3149 5321 3166 5358 :
3195 5321 3284 5358 nec
3311 5307 3497 5359 mirum
3537 5309 3603 5362 sit
3641 5309 3701 5362 in
3731 5311 3852 5378 bap-

2242 5377 2394 5430 tisnto
2417 5420 2429 5436 .
2462 5377 2506 5429 si
2533 5392 2679 5445 aqua:
2705 5377 2935 5431 animare
2961 5386 3230 5430 noverunt.
3264 5379 3492 5432 Αιιιιιερ.

2315 5446 2432 5518 (25)
2466 5445 2586 5515 Non
2615 5446 2760 5501 video
2791 5458 3059 5512 quantum.
3090 5447 3206 5502 Non
3235 5446 3394 5518 video
3425 5463 3720 5516 personam
3757 5449 3851 5504 ltu-

2245 5517 2456 5572 manant
2488 5518 2688 5587 aliquid
2721 5518 2828 5572 illic
2859 5522 3106 5573 c0nferrc
3133 5537 3144 5571 :
3174 5528 3280 5571 tres
3299 5517 3587 5574 sufllciunt.
3618 5525 3658 5574 Α
3672 5536 3849 5576 ιωςιι.

2325 5589 2439 5661 (24)
2475 5588 2594 5642 Non
2628 5599 2793 5658 potest
2821 5604 2968 5644 nosse
2989 5587 3282 5662 Christiana
3307 5600 3519 5642 secreta.
3545 5591 3848 5662 Mysteria:

2254 5659 2618 5715 Tertullianns
2644 5678 2656 5714 :
2690 5663 2916 5732 sequitur
2937 5671 2992 5716 ut
3017 5659 3245 5716 extranei
3268 5675 3288 5714 :
3311 5671 3363 5715 at
3396 5662 3527 5715 unde
3544 5701 3558 5728 ,
3592 5659 3850 5716 extraneis

2256 5732 2478 5786 notitia?
2509 5733 2736 5789 Annnsr.
