4152 6166
387 233 527 291 1049

1177 232 1267 290 DE
1311 231 1705 292 SCllISMATE
1747 233 2288 296 DONA'I‘ISTARUM
2329 239 2529 297 LIBER
2570 240 2895 310 QUINTUS.

3564 248 3705 307 1050

386 360 446 406 ιιι
471 347 593 420 quid
641 347 930 418 pulsamus
961 349 1027 405 ad
1065 349 1260 406 coalum
1283 392 1298 417 ,
1333 366 1453 405 cum
1485 351 1784 408 habeamus
1801 352 1900 409 'lllC
1943 353 1995 409 in
2025 360 2076 419 Α
2103 357 2246 411 habet
2291 361 2640 416 necessitatem
2669 366 2856 417 iterum
2878 363 3112 432 (attendi,
3141 365 3267 435 quia
3286 375 3360 424 est
3378 370 3604 424 mundus
3634 382 3712 427 to-

387 440 682 512 Evangelio
725 443 844 514 82
876 451 1261 499 testamentum
1290 443 1356 498 αἳ
1382 444 1517 510 Quia
1563 445 1667 500 hoc
1700 447 1819 501 loco
1851 457 1998 504 recte

385 543 608 608 possunt
631 542 852 588 terrena
881 534 1198 591 cmlestibus
1226 537 1530 607 comparari
1558 555 1571 590 :
1602 537 1711 594 tale
1740 547 1824 594 est
1850 539 1997 609 quod

386 627 560 702 quivis
589 626 876 681 hominum
913 625 1122 682 habens
1165 643 1486 684 numerosos
1517 629 1657 685 ﬁlios
1681 673 1695 697 ,
1737 631 1993 702 quamdiu

387 729 539 792 pater
568 730 810 787 przesens
851 728 972 785 est,
1019 719 1135 789 ipse
1181 719 1410 788 imperat
1455 719 1721 790 singulis;
1774 737 1880 776 non
1911 730 1997 778 est

387 814 558 869 adhuc
587 812 966 866 necessarium
1012 820 1396 868 testamentum
1432 832 1446 870 :
1491 815 1570 870 sic
1613 825 1666 870 et
1700 815 1950 870 Christus
1975 857 1990 881 ,

389 905 638 978 quamdiu
679 918 930 975 praesens
974 905 1026 959 in
1061 905 1222 960 terris
1264 904 1360 960 fuit
1388 905 1657 977 (quamvis
1702 923 1802 962 nec
1832 907 1993 962 modo

394 999 574 1070 desit),
601 1013 698 1069 pro
733 1005 982 1068 tempore
1007 997 1265 1070 quidquid
1297 1001 1669 1055 necessarium
1705 1010 1821 1055 erat
1852 1005 1995 1070 Apo-

394 1091 544 1146 stolis
583 1089 886 1160 imperavit.
926 1088 1036 1146 Sed
1071 1090 1346 1162 quomodo
1372 1101 1619 1146 terrenus
1649 1099 1834 1163 pater,
1865 1093 1992 1148 dum

390 1197 451 1238 se
477 1183 528 1238 in
556 1181 791 1238 confinio
819 1182 1055 1238 senserit
1093 1183 1325 1250 mortis,
1361 1185 1562 1239 timens
1593 1199 1659 1240 ne
1696 1195 1816 1256 post
1844 1201 1992 1241 mor-

389 1284 495 1331 tem
543 1291 689 1330 suatn
719 1319 734 1342 ,
779 1284 940 1347 rupta
980 1290 1152 1346 pace,
1200 1276 1414 1348 litigent
1458 1275 1688 1344 fratres,
1735 1279 1994 1337 adhibitis

386 1367 647 1436 testibus,
707 1368 1040 1424 voluntatem
1099 1385 1249 1424 suam
1301 1369 1369 1425 de
1442 1382 1660 1441 pectore
1733 1375 1994 1430 morituro

387 1459 640 1517 transfert
667 1461 718 1516 itt
752 1461 965 1515 tabulas
995 1461 1086 1516 ditt
1113 1461 1444 1517 duraturus:
1477 1472 1533 1518 et
1573 1463 1619 1518 si
1652 1463 1814 1520 fuerit
1854 1467 1996 1522 inter

389 1550 586 1608 fratres
617 1565 736 1608 nata
785 1554 1099 1620 eonteulio,
1133 1569 1241 1608 non
1291 1553 1402 1609 itur
1443 1554 1512 1608 ad
1560 1556 1864 1624 tumulum,
1897 1558 1992 1614 sed

389 1645 647 1717 quaeritur
676 1654 1058 1704 testamentum
1088 1665 1101 1700 :
1135 1657 1189 1702 et
1215 1645 1332 1718 (25)
1364 1649 1460 1716 qui
1491 1647 1544 1702 in
1573 1648 1782 1705 tumulo
1809 1653 1990 1721 quies-

2104 457 2187 504 tus
2217 449 2382 523 (Ibid.
2416 452 2505 522 l0)
2535 470 2548 507 :
2584 453 2732 510 etde
2774 469 2839 509 eo
2869 456 3086 512 lavacro
3127 461 3536 530 pronuntiavit,
3567 465 3711 535 quod

2100 543 2169 599 de
2197 545 2459 602 Trinitate
2495 548 2880 605 celebrandum
2910 565 3033 607 esse
3070 551 3460 610 mandaverat:
3492 572 3600 612 non
3643 558 3714 617 de

2100 636 2411 695 Iudaeorum
2453 652 2547 696 aut
2574 641 2988 710 haereticorum,
3022 644 3146 717 qui,
3195 646 3324 702 dum
3353 648 3558 716 lavant,
3596 667 3717 710 sor-

2101 728 2325 796 didant;
2354 731 2448 786 sed
2477 731 2545 787 de
2572 747 2713 803 aqua
2744 743 2958 801 sancta,
2983 750 3108 806 qua:
3140 735 3212 793 de
3240 739 3400 794 trium
3434 743 3713 800 nominum

2103 819 2344 878 fontibus
2383 823 2628 878 inundat.
2668 823 2759 880 Sic
2800 826 2942 880 enim
2987 827 3106 898 ipse
3154 828 3416 886 Dominus
3460 837 3719 906 praacepit

2101 911 2333 968 dicendo
2358 931 2371 967 :
2404 915 2472 968 ite
2491 955 2507 979 ,
2540 914 2797 985 baptizate
2825 909 2999 972 omnes
3042 929 3219 990 gentes
3241 963 3256 989 ,
3284 922 3339 977 in
3369 927 3574 981 nomine
3604 927 3717 984 Pa-

2101 1006 2199 1058 tris
2222 1047 2238 1073 ,
2271 1016 2322 1060 et
2363 1004 2523 1072 Filii,
2557 1017 2604 1062 et
2637 1007 2869 1078 Spiritus
2898 1014 3065 1066 sancti
3093 1011 3331 1086 (Matth.
3361 1034 3525 1075 xxvttt
3553 1063 3566 1084 ,
3595 1021 3716 1092 29).

2105 1097 2181 1152 De
2213 1097 2318 1154 hoc
2347 1099 2560 1155 lavacro
2589 1099 2762 1156 dixit:
2795 1104 2884 1172 qui
2923 1105 3085 1159 semel
3123 1106 3264 1162 lotus
3294 1118 3367 1164 est
3387 1151 3401 1173 ,
3430 1129 3530 1167 non
3569 1114 3720 1170 habet

2102 1190 2455 1244 necessitatem
2485 1191 2671 1245 iterum
2693 1193 2900 1248 lavandi
2922 1193 3112 1264 (Joan.
3129 1213 3262 1264 xm,
3295 1200 3405 1274 10).
3430 1203 3531 1272 Qui
3549 1208 3718 1264 semel

2100 1278 2269 1345 dixit,
2309 1281 2587 1351 prohibuit
2631 1285 2825 1340 iterum
2860 1287 2974 1342 lieri
3005 1306 3018 1342 :
3048 1295 3106 1342 ct
3147 1289 3218 1346 de
3249 1307 3308 1348 re
3356 1293 3565 1352 locutus
3595 1309 3714 1368 est,

2100 1372 2220 1444 (28)
2255 1389 2364 1429 non
2395 1375 2464 1432 de
2508 1391 2783 1447 persona;
2825 1380 2941 1455 (29)
2975 1398 3100 1437 nam
3145 1384 3194 1439 si
3230 1399 3374 1444 esset
3417 1390 3672 1447 distantia
3700 1435 3715 1460 ,

2099 1465 2348 1522 diceret:
2378 1469 2468 1537 qui
2497 1471 2654 1525 semel
2677 1472 2799 1526 bene
2820 1475 2955 1529 lotus
2977 1476 3170 1546 fuerit;
3204 1478 3303 1534 sed
3327 1479 3455 1536 dum
3486 1497 3592 1538 non
3618 1483 3716 1539 ad-

2097 1558 2237 1614 didit
2266 1560 2532 1626 verbum,
2565 1562 2722 1632 bene,
2753 1565 2949 1620 indicat
2980 1567 3107 1637 quia
3149 1570 3410 1642 quidquid
3451 1573 3503 1629 itt
3535 1575 3715 1632 'l‘rini-

2099 1661 2207 1708 tate
2238 1654 2441 1709 factum
2475 1655 2672 1726 fuerit,
2707 1659 2844 1715 bene
2879 1669 2986 1716 est.
3023 1661 3155 1716 lude
3181 1672 3297 1732 est,
3327 1667 3467 1735 quod
3501 1668 3711 1739 simpli-

385 1739 499 1808 cit,
529 1739 720 1794 tacitus
750 1740 819 1795 de
846 1740 1045 1796 tabulis
1072 1740 1330 1811 loquitur.
1358 1740 1557 1806 Vivus,
1590 1742 1744 1812 cujus
1775 1755 1853 1798 est
1884 1754 1990 1801 tes-
2022 1752 2068 1812 Β
2095 1746 2233 1800 citer
2268 1762 2298 1800 a
2346 1747 2500 1803 vobis
2533 1750 2807 1808 venientes
2833 1754 3156 1823 excipimus.
3186 1755 3320 1812 Cum
3357 1769 3378 1798 ο
3404 1759 3570 1815 dicit:
3604 1778 3709 1816 non

385 1843 680 1890 tamentam
703 1876 717 1903 ,
759 1835 814 1890 in
863 1835 1004 1891 coelo
1035 1845 1116 1890 est
1147 1855 1160 1891 :
1205 1850 1334 1907 ergo
1372 1836 1630 1890 voluntas
1657 1838 1774 1906 ejus
1798 1881 1811 1904 ,
1845 1841 1994 1896 velut

387 1930 444 1984 in
477 1939 796 1986 testamento
818 1973 834 1998 ,
885 1933 964 1986 sic
997 1932 1049 1985 in
1085 1931 1376 2002 Evangelio
1417 1930 1746 2002 requiratur.
1781 1935 1987 1990 Etenim

384 2022 456 2078 de
501 2023 836 2094 pra-scientia
890 2022 950 2092 δ,
1001 2039 1120 2094 qua:
1171 2023 1334 2079 modo
1384 2025 1599 2089 facitis,
1649 2025 1760 2094 jatn
1810 2026 1989 2083 futura

385 2127 741 2186 conSpexerat
782 2118 1055 2174 Christus.
1103 2118 1343 2186 Denique
1390 2132 1512 2172 cum
1570 2118 1773 2174 lavaret
1827 2121 1990 2190 pedes

385 2209 663 2281 discipulis
690 2211 840 2276 suis,
882 2210 963 2265 sic
1003 2211 1078 2264 ait
1123 2208 1287 2264 Petro
1323 2208 1492 2264 Filius
1539 2209 1638 2265 Dei
1683 2228 1694 2264 :
1726 2212 1866 2282 quod
1896 2229 1990 2284 ego

383 2303 556 2373 facio,
589 2313 645 2357 tu
672 2305 880 2371 nescis;
910 2305 1040 2358 scies
1102 2313 1273 2358 autem
1313 2314 1488 2377 postea
1528 2303 1712 2370 (Joan.
1744 2322 1834 2360 xm
1857 2348 1872 2372 ,
1905 2307 1985 2378 8).

383 2395 628 2451 Dieendo
655 2439 669 2463 ,
720 2398 850 2452 scies
895 2405 1112 2465 τιοδιςιι,
1155 2396 1271 2451 lucc
1336 2408 1578 2466 tempora
1627 2397 1984 2468 designabat:

380 2505 511 2560 ergo
557 2490 696 2545 inter
732 2499 958 2545 caeteros
985 2488 1319 2544 Testamenti
1348 2489 1566 2556 titulos,
1599 2488 1741 2544 hunc
1771 2490 1985 2545 titulum

377 2583 450 2638 de
499 2600 636 2653 aqua
686 2584 988 2639 constituit.
1044 2581 1178 2638 Cum
1229 2584 1436 2640 lavaret
1483 2585 1647 2655 pedes
1702 2586 1986 2656 Discipulis

377 2677 516 2747 suis,
551 2676 854 2731 tacentibus
887 2675 1121 2740 caeteris,
1152 2675 1199 2730 si
1230 2687 1430 2731 taceret
1461 2688 1515 2731 et
1562 2677 1754 2732 Petrus
1774 2721 1787 2744 ,
1817 2679 1984 2733 solam

377 2771 586 2827 fecerat
625 2771 737 2843 (9.6)
767 2771 995 2826 formam
1047 2770 1397 2838 humilitatis,
1432 2771 1563 2826 nihil
1594 2773 1981 2843 pronuntiave-

373 2873 464 2920 rat
508 2865 576 2919 de
616 2875 958 2919 sacramento
989 2862 1349 2933 baptismatis.
1382 2863 1490 2918 Sed
1522 2878 1644 2918 cum
1677 2864 1869 2920 Petrus
1898 2879 1982 2920 re-

371 2968 569 3023 cusat,
620 2974 720 3015 nec
770 2960 936 3030 pedes
991 2957 1095 3012 sibi
1147 2958 1310 3011 lavari
1362 2957 1651 3028 permisit,
1701 2969 1858 3028 negat
1899 2957 1977 3013 illi

372 3051 626 3109 ChriStus
668 3068 892 3124 regnum
920 3095 934 3117 ,
975 3052 1077 3106 nisi
1134 3052 1433 3122 accepisset
1477 3053 1818 3124 obsequium.
1871 3053 1977 3108 Sed

2097 1840 2246 1894 habet
2277 1843 2631 1899 necessitate»:
2663 1845 2845 1900 iterant
2887 1847 3094 1901 lavandi
3119 1890 3136 1916 ,
3172 1849 3288 1905 haec
3315 1853 3582 1906 sententia
3610 1869 3709 1924 ge-

2097 1932 2299 1988 neralis
2330 1943 2456 2003 est,
2491 1951 2598 1992 non
2644 1939 2931 2008 Specialis;
2966 1955 3086 1994 nam
3129 1941 3176 1997 si
3221 1942 3382 1998 Petro
3411 1942 3439 1981 ἀ
3468 1944 3583 2000 haec
3619 1946 3704 2002 di-

2095 2039 2350 2082 cerentur
2374 2071 2387 2094 ,
2418 2029 2627 2086 diceret
2653 2029 2904 2088 Christus
2929 2052 2941 2086 :
2971 2035 3096 2103 quia
3121 2037 3277 2091 semel
3311 2037 3445 2092 lotus
3469 2054 3521 2092 es
3540 2080 3556 2104 ,
3597 2055 3701 2094 non

2095 2119 2252 2176 habes
2279 2125 2634 2179 necessitatem
2658 2126 2844 2180 iterum
2870 2128 3079 2182 lavandi
3100 2126 3290 2202 (Ibid.)
3317 2140 3340 2168 θ
3371 2148 3385 2184 :
3417 2130 3539 2186 ideo
3567 2147 3700 2202 quo-

2095 2221 2194 2276 ties
2223 2237 2249 2275 a
2279 2223 2437 2278 vobis
2465 2223 2767 2294 baptizatus
2790 2226 3019 2296 aliquis,
3052 2227 3118 2280 ad
3152 2242 3251 2283 nos
3283 2230 3565 2284 transitum
3598 2246 3698 2285 vo-

2093 2314 2251 2370 luerit
2282 2316 2456 2372 l'acere
2478 2359 2490 2382 ,
2527 2320 2828 2372 venientem
2857 2318 2960 2373 hoc
2992 2320 3302 2388 magisterio
3345 2331 3396 2375 et
3440 2323 3694 2391 exemplo

2099 2404 2257 2480 f(50)
2291 2417 2399 2463 tota
2447 2411 2792 2479 simplicitate
2839 2411 3182 2479 suscipimus.
3216 2412 3369 2467 Absit
3413 2415 3557 2469 enim
3583 2457 3598 2483 ,
3635 2426 3696 2471 ut

2091 2514 2346 2570 umquam
2391 2502 2765 2556 exorcizemus
2810 2517 3002 2557 sanum
3052 2503 3268 2560 fidelem
3299 2513 3324 2550 κ
3361 2523 3375 2559 :
3419 2507 3594 2570 absit,
3637 2518 3695 2564 ut

2083 2591 2191 2662 jam
2234 2593 2402 2648 lotum
2434 2610 2748 2649 revoectnus
2785 2596 2850 2650 ad
2887 2596 3098 2651 “fontem
3129 2615 3141 2650 :
3175 2599 3352 2667 absit,
3394 2609 3453 2654 ttt
3493 2600 3609 2673 (3t)
3639 2603 3692 2660 in

2089 2685 2350 2755 Spiritum
2393 2696 2636 2742 sanctum
2683 2703 2969 2758 peccemus
3014 2689 3231 2759 (Matth.
3264 2694 3400 2761 xu);
3429 2693 3514 2747 cui
3564 2692 3694 2750 faei-

2089 2777 2296 2831 nori-io
2342 2779 2595 2847 praesenti
2629 2789 2680 2834 et
2712 2779 2890 2834 futuro
2927 2781 3129 2835 smeulo
3157 2782 3487 2854 indulgentia
3515 2784 3690 2842 dene-

2084 2880 2281 2939 gatur:
2314 2869 2486 2935 absit,
2519 2881 2576 2925 ut
2604 2871 2896 2936 iteremus,
2929 2873 3069 2942 quod
3101 2875 3267 2929 semel
3309 2883 3422 2941 est,
3456 2886 3547 2930 aut
3585 2878 3690 2932 du-

2085 2964 2349 3034 plicemus
2396 2964 2544 3034 quod
2571 2981 2732 3019 unum
2781 2975 2864 3020 est
2905 2983 2916 3018 :
2958 2967 3036 3020 sic
3075 2968 3218 3020 enim
3260 2969 3519 3038 scriptum
3567 2979 3687 3034 est,

2085 3056 2345 3125 Apostolo
2373 3056 2625 3112 dicente:
2658 3074 2791 3112 unus
2824 3057 2992 3121 Deus,
3024 3075 3155 3112 unus
3183 3058 3455 3124 Christus,
3488 3077 3594 3114 una
3624 3062 3689 3130 [i-

371 3165 496 3205 cum
528 3149 769 3204 caelestis
794 3147 944 3218 regni
977 3145 1178 3201 mentio
1207 3146 1390 3210 fieret,
1422 3162 1531 3216 quo
1575 3163 1696 3218 pars
1726 3147 1973 3224 corporis
2001 3133 2045 3194 C
2080 3149 2170 3202 des
2192 3190 2206 3212 ,
2243 3166 2348 3203 una
2391 3150 2570 3203 tinctio
2601 3149 2836 3222 (Ephes.
2886 3166 2969 3217 tv,
3015 3150 3093 3220 5).
3131 3152 3372 3221 Denique
3415 3167 3546 3219 vos,
3593 3155 3687 3223 qui

369 3241 658 3312 petebatur
697 3239 761 3293 ad
809 3239 1162 3309 obsequium,
1211 3246 1383 3292 totum
1424 3253 1622 3308 corpus
1668 3241 1865 3294 obtulit
1909 3239 1975 3294 ad

367 3332 670 3388 lavacrum.
720 3330 872 3386 Nunc
903 3331 1171 3396 adestoto,
1203 3345 1393 3386 omnes
1436 3331 1607 3386 turbte
1631 3375 1646 3398 ,
1679 3341 1733 3387 et
1780 3332 1977 3403 singuli

365 3427 657 3484 Christiani
693 3425 874 3496 p0pnli
905 3443 930 3479 :.
950 3423 1074 3495 quid
1117 3424 1310 3490 liceat,
1345 3423 1540 3480 discite
1568 3443 1580 3478 :
1614 3426 1743 3481 dum
1777 3441 1977 3495 provo-

364 3529 458 3576 cat
496 3520 724 3585 Petrus,
771 3515 1020 3573 Christus
1067 3517 1226 3572 docet
1265 3536 1279 3571 :
1321 3517 1411 3588 qui
1459 3517 1708 3584 dubitat,
1755 3519 1969 3575 discat:

365 3614 484 3688 ('27)
514 3613 713 3670 Christi
756 3612 900 3670 enim
933 3628 1034 3667 vox
1079 3622 1162 3668 est
1189 3629 1202 3666 :
1234 3612 1322 3683 qui
1358 3612 1514 3667 semel
1553 3612 1688 3668 lotus
1728 3624 1835 3681 est,
1867 3631 1971 3669 non

2086 3240 2347 3310 baptisma
2378 3242 2530 3311 quasi
2564 3242 2796 3297 libenter
2837 3243 3113 3314 duplicare
3160 3245 3492 3300 contenditis
3519 3288 3533 3311 ,
3575 3247 3688 3318 83

2085 3335 2128 3388 si
2159 3333 2299 3388 datis
2340 3333 2568 3389 alterum
2620 3336 2880 3405 baptisma
2908 3377 2922 3402 ,
2961 3337 3088 3391 date
3137 3338 3361 3392 alteram
3408 3337 3567 3392 [idem
3593 3355 3608 3402 ;
3638 3338 3684 3393 si

2083 3425 2224 3482 datis
2263 3427 2489 3482 alteram
2537 3427 2694 3482 iidem
2719 3471 2733 3495 ,
2763 3428 2887 3484 date
2925 3440 2979 3484 et
3018 3429 3244 3484 alterum
3283 3429 3598 3495 Christum;
3641 3432 3686 3485 si

2082 3520 2224 3576 datis
2249 3522 2475 3578 alterum
2502 3520 2777 3577 Christum
2804 3564 2818 3588 ,
2864 3522 2987 3578 date
3024 3523 3250 3578 alterum
3291 3525 3479 3580 Deum.
3511 3523 3684 3579 Unum

2084 3616 2255 3671 Deum
2298 3631 2421 3672 esse
2467 3631 2662 3687 negare
2706 3631 2810 3671 non
2863 3617 3087 3685 potestis
3114 3659 3128 3682 ,
3171 3633 3238 3672 ne
3294 3617 3346 3671 itt
3399 3616 3686 3672 Marcionis

1641 3735 2027 3794 LECTIONES
2058 3733 2484 3792 VARIANTES.

431 3829 460 3859 ⁸
495 3827 587 3878 Hic
610 3828 842 3878 inseritur
865 3827 914 3878 in
936 3840 1052 3878 mss.
1077 3827 1284 3878 verbum
1308 3826 1524 3892 inquam,
1566 3829 1695 3891 quod
1719 3835 1774 3878 ut
1797 3841 1975 3891 super-

361 3891 520 3940 ﬂuum
539 3892 864 3941 resecuimus.
1035 3937 1040 3942 .

428 3950 481 4016 ιζ
496 3952 570 4002 Ita
606 3955 655 4002 in
695 3953 922 4016 omnibus
946 3966 1063 4002 mss.
1089 3951 1221 4016 quod
1261 3965 1357 4002 non
1381 3951 1728 4014 intelligentcs
1752 3952 1975 4003 editores

363 4015 426 4065 ad
449 4014 692 4066 Christum
714 4014 912 4080 referri,
935 4017 1020 4079 qui
1039 4014 1128 4080 per
1156 4017 1515 4080 prsescientiatn
1558 4015 1720 4066 futura
1743 4023 1966 4076 noverat,

363 4087 641 4143 posuerunt
655 4074 929 4141 prtesentia.
953 4074 967 4079 ’

430 4143 454 4171 ε
493 4141 546 4189 ltt
572 4155 662 4190 ms.
685 4141 738 4190 S.
769 4140 828 4190 G.
856 4141 972 4190 dum

519 4156 546 4188 ιι
572 4155 662 4190 ms.
685 4154 738 4190 δ.
769 4154 828 4190 li.
856 4154 992 4190 ctum.

428 4200 454 4240 ἀ
493 4202 545 4264 [tt
573 4217 663 4253 ms.
695 4204 747 4253 S.
777 4201 837 4253 G.
857 4210 900 4253 et
919 4200 962 4253 si
985 4213 1074 4264 pro
1090 4204 1259 4252 Petro.

433 4268 458 4297 θ
492 4263 564 4315 Ita
606 4264 875 4328 legendum
910 4263 1236 4334 hunclocum
1279 4269 1333 4314 ut
1371 4264 1584 4314 habetur
1610 4266 1658 4314 in
1697 4279 1786 4314 ms.
1830 4266 1882 4316 S.
1911 4264 1970 4316 G.

2083 3826 2300 3892 ostendit
2323 3840 2499 3892 scopus
2522 3826 2686 3891 Optati
2709 3842 2719 3878 :
2743 3825 2873 3877 male
2893 3828 2945 3878 in
2961 3840 3076 3878 mss.
3101 3828 3156 3878 S.
3191 3827 3252 3879 T.
3278 3836 3330 3878 et
3354 3827 3408 3878 P.
3435 3829 3487 3878 S.
3509 3826 3616 3880 haec
3634 3830 3686 3880 in

2084 3891 2228 3952 tertia
2251 3891 2460 3952 persona
2485 3891 2822 3941 enuntiantur.

2149 3949 2169 3989 Ι
2209 3949 2280 4018 Ita
2324 3954 2369 4002 in
2407 3968 2496 4004 tus.
2525 3953 2578 4003 S.
2607 3952 2665 4018 (ᾖ.
2716 3952 2770 4002 Ιιι
2811 3965 2924 4018 mss.
2961 3955 3014 4018 S.
3041 3952 3099 4002 Τ.
3136 3961 3189 4003 et
3229 3952 3287 4001 P.
3330 3952 3384 4002 S.
3409 3951 3688 4018 magisterio

2081 4015 2322 4077 exempto,
2347 4019 2522 4066 omissa
2543 4015 2734 4067 scilicet
2752 4017 3118 4078 conjunctione,
3147 4029 3257 4078 quae
3299 4023 3461 4064 tamen
3493 4015 3685 4064 'neces-

2081 4078 2240 4147 saria,
2261 4087 2313 4128 et
2331 4093 2477 4147 quam
2501 4092 2596 4147 non
2621 4077 2911 4142 supplentes
2929 4077 3149 4127 editores
3170 4077 3485 4128 mutaverunt
3503 4077 3684 4142 magis-

2080 4141 2534 4207 terio_i_nntagistri.
2621 4205 2630 4207 _
2688 4141 2693 4142 ⁷
2815 4202 2836 4207 _
2885 4200 2912 4207 _
3082 4201 3121 4207 η

2116 4256 2121 4262 ,
2148 4204 2172 4241 8
2207 4201 2324 4252 Haec
2349 4200 2595 4255 habentur
2619 4205 2668 4253 in
2691 4214 2782 4250 ms.
2805 4202 2858 4252 S.
2879 4200 2938 4252 G.
2961 4213 3055 4251 non
3080 4201 3128 4250 iri
3150 4201 3274 4251 aliis.

1724 4370 2088 4427 VAIthllUM
2127 4369 2360 4428 NOTAE.

438 4471 556 4544 (25)
591 4469 653 4525 Et
678 4469 763 4541 qui
789 4470 842 4524 in
869 4469 1074 4544 tumulo
1099 4469 1310 4544 quiescit
1334 4512 1349 4537 ,
1379 4477 1484 4544 etc.
1518 4469 1729 4544 Priores
1769 4471 1961 4525 editio-
1993 4477 2049 4538 ])
2076 4487 2198 4534 nus,
2228 4471 2296 4526 de
2334 4476 2483 4544 bapt.
2521 4491 2643 4540 cap.
2690 4473 2757 4529 1‘2
2778 4515 2792 4537 ,
2825 4472 2980 4540 plane
3003 4470 3426 4544 sitttiltter_tt5tts
3467 4471 3637 4544 fuerat
3660 4511 3676 4535 ,

356 4541 494 4604 nes,
528 4552 571 4596 et
601 4545 687 4613 qui
715 4543 907 4596 tumulo
935 4543 1150 4611 quiescit
1177 4542 1362 4595 tacitus
1389 4543 1452 4593 de
1488 4542 1672 4595 tabulis
1703 4541 1927 4608 loquitur
1946 4584 1962 4608 ,

358 4625 412 4670 et
451 4619 589 4669 vivus
637 4617 820 4686 cujus,
847 4623 964 4686 rete.
989 4655 1002 4674 ,
1036 4615 1225 4686 scribe
1250 4655 1263 4673 ,
1304 4624 1371 4686 et_
1399 4613 1483 4678 qui
1527 4615 1723 4666 tumulo
1752 4614 1966 4686 quiescit

359 4687 548 4742 tacitus
567 4726 582 4750 ,
611 4685 674 4738 de
692 4683 882 4739 tabulis
907 4683 1130 4759 loquitur
1160 4686 1321 4759 uiuus.
1349 4683 1414 4759 Ιις⁸
1435 4687 1616 4759 cujus,
1637 4694 1741 4759 etc.
1767 4684 1961 4759 'l‘otnut

361 4759 511 4812 hunc
562 4759 738 4810 locum
783 4757 1056 4826 quomodo
1099 4755 1155 4811 S.
1191 4754 1522 4826 Augusdnu's
1570 4756 1808 4809 imitatus
1857 4758 1959 4821 sit,

359 4829 573 4883 videbis
605 4829 656 4882 iu
693 4827 935 4882 Baldnini
979 4827 1121 4882 notis
1146 4869 1162 4894 ,
1196 4827 1283 4894 qui
1330 4827 1504 4881 locum
1546 4827 1771 4894 profert.
1809 4828 1962 4893 Qttod

361 4902 455 4956 hic
492 4911 668 4955 autem
699 4899 927 4969 Optatus
946 4940 961 4960 ,
997 4899 1098 4963 Qui
1130 4899 1324 4952 tumulo
1354 4899 1566 4968 quiescit
1595 4900 1780 4952 tacitus
1803 4939 1817 4963 ,
1846 4898 1954 4953 Att-

357 4972 608 5044 gustinus
629 5013 644 5038 ,
681 4971 772 5026 ille
801 4971 920 5025 sine
961 4985 1122 5024 sensu
1159 4971 1304 5040 jacet
1338 4969 1388 5023 in
1409 4981 1784 5097 δῗιἝιιιιιθιιιο
1808 5011 1822 5032 ,
1855 4983 1964 5028 etc.

1465 5081 1476 5093 .
1556 5058 1742 5097 assus.

1465 5081 1476 5093 .
1510 5058 1742 5097 LASAUB.

437 5115 571 5173 Ibid.
606 5115 709 5179 Qui
741 5113 794 5167 in
823 5111 1020 5166 tumulo
1061 5112 1308 5181 quiescit,
1351 5115 1538 5169 tacitus
1569 5113 1632 5167 de
1670 5114 1860 5168 tabulis
1889 5115 1964 5168 Io-

358 5189 558 5259 quitur.
585 5184 1000 5259 Elegantissime
1021 5225 1035 5245 ,
1067 5185 1134 5237 de
1158 5185 1371 5252 sepulto
1394 5187 1551 5253 cujus
1582 5193 1963 5259 testamentum

359 5255 458 5315 aut
496 5257 730 5314 codicilli
761 5297 774 5318 ,
805 5256 994 5309 oborta
1025 5261 1057 5308 e
1096 5270 1155 5310 re
1202 5264 1325 5310 nata
1371 5255 1717 5312 contentione
1743 5297 1756 5320 ,
1798 5257 1966 5327 inspi-

358 5332 596 5388 ciuntur.
641 5329 858 5383 INCEBT.

437 5404 552 5476 (26)
609 5399 854 5454 Formam
899 5397 1218 5476 humilitatis.
1261 5398 1318 5476 Si
1369 5397 1560 5476 {etrtts
1588 5397 1811 5476 loculus
1855 5413 1963 5476 non

358 5468 555 5530 fuisset
587 5481 643 5525 et
675 5485 779 5524 non
823 5479 1124 5524 recusasset
1155 5470 1320 5524 lavari
1343 5511 1356 5532 ,
1385 5468 1634 5526 Christus
1665 5471 1732 5526 de
1762 5471 1968 5540 baptis-

355 5564 455 5604 mo
489 5545 620 5599 nihil
651 5543 894 5597 dixisset.
923 5545 1152 5594 ALBASP.

438 5617 557 5688 (‘27)
589 5613 780 5688 Christi
808 5613 939 5688 enim
964 5627 1063 5688 uox
1089 5621 1197 5688 est,
1226 5611 1314 5678 qui
1333 5612 1489 5688 semel
1518 5613 1652 5668 lotus
1672 5655 1686 5678 ,
1715 5621 1820 5688 etc.
1847 5613 1964 5688 Non

357 5683 578 5762 primus
609 5684 870 5762 Optatos,
901 5683 1119 5762 dubium
1164 5684 1215 5737 in
1250 5683 1509 5762 re_tnagis
1532 5700 1622 5762 .an
1657 5685 1968 5762 verbis_f_al-

359 5752 494 5827 sus,
530 5759 632 5816 hoc
661 5752 784 5812 loco
828 5757 901 5812 ita
931 5755 1131 5812 abusus
1158 5764 1262 5811 est.
1305 5752 1636 5826 Iampridem
1677 5756 1965 5814 Tertullia-

2078 4544 2180 4598 nisi
2212 4549 2353 4613 quod
2379 4541 2742 4602 'l‘ertnllianus
2785 4544 2948 4616 (quod
2980 4552 3156 4597 tamen
3185 4542 3372 4598 eodem
3405 4541 3576 4612 redit)
3607 4543 3677 4616 ita

2075 4617 2280 4688 vertit:
2312 4621 2398 4688 qui
2436 4622 2592 4674 semel
2619 4621 2770 4684 lauit,
2794 4613 2903 4670 non
2937 4616 3084 4688 habet
3126 4631 3332 4688 necesse
3367 4613 3674 4688 rursum._ltt

2073 4687 2194 4742 aliis
2222 4685 2552 4747 editionibus
2580 4692 2784 4760 integer
2820 4691 2966 4741 locus
2995 4687 3217 4760 aﬂ't-rtur
3241 4703 3253 4738 :
3282 4685 3390 4760 Qui
3416 4685 3570 4760 semel
3594 4685 3675 4760 lo-

2075 4767 2156 4811 tus
2187 4769 2295 4826 est,
2329 4780 2428 4818 non
2481 4763 2628 4818 habet
2666 4756 2851 4816 iterum
2895 4759 3241 4811 necessitatem
3272 4756 3507 4818 lavattdi,
3553 4757 3676 4824 quia

2070 4839 2144 4882 est
2174 4834 2395 4888 mundus
2432 4845 2566 4890 totus
2594 4851 2611 4889 :
2639 4845 2694 4890 et
2738 4833 2917 4886 Victor
2947 4828 3212 4884 Uticensis
3257 4828 3387 4882 citat
3427 4837 3672 4882 extremo

2073 4899 2233 4968 libro,
2267 4905 2369 4960 nisi
2401 4907 2542 4975 quod
2575 4906 2663 4961 ille
2705 4903 2903 4967 lavari,
2937 4902 3078 4970 quod
3107 4902 3200 4975 _h_ic
3217 4901 3457 4975 lavandi.

3106 4973 3174 5027 M.
3206 4971 3440 5026 Cassun.

2143 5042 2260 5115 (28)
2295 5044 2415 5102 Non
2437 5048 2501 5101 de
2528 5063 2765 5116 persona.
2797 5046 2940 5100 Dixit
2963 5059 3151 5113 aquam
3177 5045 3354 5098 lavare
3373 5084 3386 5108 ,
3417 5059 3521 5098 non
3550 5059 3672 5115 per-

2070 5127 2260 5187 sonant
2293 5119 2664 5173 conferentem
2693 5133 2908 5187 aquam.
2947 5120 3175 5170 ALBASP.

2145 5185 2258 5255 (‘29)
2294 5187 2432 5242 Nam
2459 5190 2500 5242 si
2533 5199 2660 5243 esset
2689 5185 2953 5243 distantia.
2995 5187 3050 5241 Si
3077 5195 3225 5243 esset
3259 5185 3559 5241 tlill‘crentia
3594 5185 3675 5240 itt-

2068 5262 2441 5330 terperslmas
2469 5277 2586 5325 qua:
2615 5261 2907 5330 baptizant.
2942 5262 2976 5312 Α
2990 5273 3170 5314 ιιιιιειι.

2137 5329 2253 5400 (50)
2287 5328 2415 5384 Tota
2441 5328 2786 5400 simplicitate.
2843 5331 2945 5384 Pro
2988 5333 3125 5384 omni
3169 5330 3338 5392 dixit,
3395 5337 3452 5382 ut
3496 5328 3669 5392 alias,

2068 5408 2227 5454 totam
2256 5401 2723 5473 importunitatem,
2757 5403 2891 5456 alias
2921 5412 3076 5456 totam
3108 5403 3423 5456 sanctitatem
3447 5442 3460 5458 .
3479 5415 3552 5473 _:t_c
3593 5409 3672 5473 to-

2067 5479 2171 5523 tum
2216 5471 2559 5528 securitatem.
2585 5474 2868 5542 Quomodo
2906 5482 2961 5528 et
3005 5473 3366 5544 Hieronymus
3397 5479 3451 5544 et
3479 5471 3672 5544 Vopis-

2068 5556 2194 5608 cus,
2228 5555 2449 5600 notante
2489 5541 2673 5601 lsaaco
2699 5544 3021 5600 Casatthono
3061 5541 3517 5600 excellentissimo
3554 5541 3670 5594 (ξι-ἱ-

2069 5612 2197 5669 tiCo.
2234 5616 2451 5671 lucen'r.

2142 5689 2258 5757 (51)
2304 5687 2369 5742 In
2419 5689 2673 5759 Spiritum
2731 5703 2982 5746 sanctum.
3030 5684 3360 5744 Exoreismis
3409 5697 3532 5737 cum
3579 5683 3664 5739 fu-

2069 5759 2264 5826 gando.
2298 5759 2529 5818 ALBASP.
