4152 6166
561 260 691 318 105!

1760 261 2010 320 SANCTI
2045 263 2299 322 οιιτιιτι
2340 264 2643 324 EPISCOPI

3703 267 3840 325 1039.

555 388 738 442 foveas
783 386 1030 443 incidatis
1066 406 1076 442 :
1110 401 1240 459 ergo
1267 388 1411 442 Deus
1455 403 1592 443 unus
1636 396 1754 453 est;
1785 386 1852 443 de
1896 402 2004 443 uno
2037 387 2147 444 Deo
2175 390 2230 451 Α
2257 389 2383 443 Diue
2412 389 2619 458 priores
2649 395 2968 458 permanent
3006 400 3223 457 semper
3251 385 3615 442 immutabiles
3657 395 3714 441 et
3751 387 3846 444 im-

553 494 694 535 unus
719 488 802 536 est
825 479 1072 535 Christus
1097 497 1110 535 :
1138 480 1228 549 qui
1256 479 1618 551 rebaptizatur
1637 521 1650 545 ,
1672 479 1784 550 jam
1811 478 2152 534 Christianus

554 572 728 630 fuerat
749 582 817 627 ιτ
852 573 1128 643 quomodo
1167 575 1275 630 dici
1316 584 1495 646 potest
1519 574 1637 648 (52)
1667 575 1865 630 iterum
1893 574 2150 630 Christia-

554 666 686 721 nus?
711 663 827 738 (55)
856 663 974 722 Una
997 665 1132 722 ﬁdes
1161 665 1261 721 hoc
1291 667 1412 722 loco
1435 667 1916 746 abhmreticorum
1947 666 2148 721 errori-

553 757 685 824 bus,
717 768 772 813 et
815 758 884 813 ab
918 772 1106 815 eorum
1146 759 1294 816 varia
1338 759 1443 816 ﬁde
1473 760 1607 815 ﬁdes
1639 760 1795 816 unica
1821 770 2102 832 separatur
2135 777 2150 815 :

555 849 672 922 (54)
701 851 866 905 etiam
898 851 1050 907 vobis
1081 852 1464 922 prwscribitur,
1497 854 1587 923 qui
1614 864 1736 923 post
1758 853 1930 908 semel
1959 855 2151 908 iterum

555 943 732 999 facitis
751 986 767 1012 ,
797 942 918 1017 (55)
946 953 1116 1001 totum
1149 945 1400 1017 ponendo
1431 947 1482 1000 iu
1511 946 1728 1002 dotibus
1753 988 1768 1011 ,
1805 947 1938 1001 nihil
1984 947 2037 1001 in
2068 961 2152 1001 sa-

549 1037 883 1102 cramentis;
912 1051 1034 1092 cum
1079 1037 1181 1093 hoc
1221 1038 1338 1111 (56)
1377 1053 1573 1094 nomen
1619 1039 1742 1094 ﬁdei
1790 1041 2056 1109 pertineat
2085 1039 2152 1094 ad

555 1131 899 1198 credentem,
948 1147 1055 1186 non
1105 1131 1173 1186 ad
1223 1140 1582 1201 operantem:
1623 1146 1962 1203 quocumque
2009 1132 2151 1186 enim

556 1222 924 1294 interrogante
955 1225 1044 1294 qui
1089 1223 1321 1280 credidit
1354 1225 1463 1280 Deo
1487 1266 1500 1289 ,
1544 1224 1771 1281 credidit
1802 1242 1816 1279 :
1846 1233 1900 1280 et
1941 1233 2062 1294 post
2091 1225 2153 1278 il-

558 1314 661 1370 lius
713 1330 878 1370 unum
925 1316 1127 1381 credo,
1183 1325 1238 1370 ttt
1287 1317 1460 1387 exigis
1513 1315 1628 1389 (57)
1679 1317 1910 1371 alterum
1964 1315 2148 1371 credo.

560 1406 762 1462 Deinde
804 1408 1048 1476 sequitur
1099 1423 1263 1462 unum
1314 1407 1620 1478 baptisma;
1672 1418 1728 1466 et
1765 1407 1794 1447 ι)
1835 1408 1958 1478 quia
2007 1406 2153 1478 quod

558 1517 721 1557 unum
740 1510 842 1565 est,
875 1512 1119 1557 Sanctum
1143 1509 1251 1568 est,
1275 1517 1372 1574 per
1398 1503 1540 1572 quod
1566 1517 1728 1556 unum
1756 1512 1837 1557 est
1863 1520 1877 1558 :
1903 1502 2020 1574 (58)
2047 1518 2151 1557 non

555 1595 728 1650 solum
775 1595 843 1650 ab
894 1596 1271 1651 haereticorum
1322 1596 1562 1667 profanis
1599 1605 1656 1652 et
1697 1597 1976 1668 sacrilegis
2025 1597 2154 1667 bap-

559 1688 864 1744 tismatibus
888 1699 1174 1760 separatur
1194 1730 1210 1757 ,
1239 1690 1332 1746 sed
1371 1706 1438 1746 ne
1473 1691 1778 1762 duplicetur
1813 1691 1957 1762 quod
1985 1707 2149 1746 unum

556 1791 670 1848 est,
699 1791 791 1838 aut
816 1784 1043 1838 iteretur
1069 1785 1213 1854 quod
1236 1785 1406 1839 semel
1430 1795 1534 1840 est.

2258 492 2418 537 mota:
2447 499 2459 534 :
2494 482 2729 536 Trinitas
2756 482 2900 536 enim
2929 495 3146 551 semper
3192 480 3308 550 ipsa
3337 486 3421 534 est
3449 496 3463 532 :
3493 479 3625 534 lides
3650 480 3704 534 in
3729 481 3840 535 sin-

2254 576 2396 647 gulis
2423 589 2531 630 una
2579 584 2710 630 est:
2761 575 2872 629 vim
2917 589 3070 630 suam
3116 589 3332 644 semper
3373 573 3615 629 retinent
3655 573 3846 632 ambas.

2256 675 2496 731 Persona
2523 689 2650 730 vero
2680 676 2991 746 operantis,
3028 673 3346 742 intelligitur
3394 671 3603 727 duabus
3655 671 3846 740 priori-

2257 769 2357 826 bus
2378 767 2667 838 speclebus
2693 782 2789 837 par
2818 781 2941 823 esse
2971 781 3077 821 non
3102 781 3266 836 posse
3289 806 3302 829 ,
3352 778 3418 820 eo
3463 776 3486 804 ο
3545 764 3692 835 quod
3737 765 3851 820 sola

2257 876 2378 917 esse
2407 857 2522 932 (41)
2552 860 2800 915 videatur
2829 859 3121 914 mutabilis.
3157 860 3303 913 lnter
3343 872 3442 913 nos
3462 866 3516 912 et
3537 873 3640 912 vos
3693 857 3852 912 vultis

2259 953 2377 1027 (42)
2405 953 2645 1023 ejusdem
2680 966 2926 1023 personm
2953 965 3074 1006 esse
3095 951 3403 1005 distantiam
3429 966 3442 1017 ;
3474 957 3528 1006 et
3553 948 3853 1003 sanctiores

2257 1060 2352 1098 vos
2373 1046 2722 1108 aestimantes,
2753 1042 2872 1115 (45)
2899 1042 3211 1112 superbiam
3254 1051 3486 1096 vestram
3534 1055 3644 1095 non
3697 1039 3852 1095 dubi-

2257 1137 2378 1192 tatis
2406 1147 2736 1207 anteponere
2765 1135 3060 1191 Trinitati:
3120 1149 3240 1189 cum
3294 1147 3519 1203 persona
3572 1133 3852 1202 operantis

2257 1231 2451 1285 mutari
2485 1231 2676 1301 possit,
2707 1229 2942 1284 Trinitas
2983 1227 3179 1282 mutari
3226 1243 3332 1282 non
3365 1226 3533 1297 possit
3567 1243 3584 1281 :
3626 1225 3750 1296 (44)
3804 1234 3854 1280 et

2256 1341 2376 1380 eum
2409 1323 2477 1376 ab
2503 1322 2893 1393 accipientibus
2939 1321 3060 1392 (45)
3117 1321 3378 1390 baptisma
3433 1319 3736 1375 desiderari
3763 1318 3854 1373 de-

2254 1416 2401 1481 beat,
2433 1429 2530 1468 vos
2553 1413 2944 1469 desiderandus
2983 1426 3108 1467 esse
3149 1411 3493 1482 pr0ponitis:
3541 1425 3667 1466 cum
3717 1426 3864 1482 ope:

2261 1516 2444 1561 rantes
2468 1505 2609 1560 inter
2631 1504 2768 1559 alios
2793 1503 2933 1572 sitis,
2967 1503 3240 1558 ostendite
3291 1504 3504 1574 qualem
3550 1503 3602 1557 in
3660 1502 3853 1557 eodem

2257 1599 2518 1672 mySIcrio
2547 1599 2722 1653 locum
2763 1597 3044 1660 habeatis,
3076 1606 3132 1651 et
3159 1611 3226 1650 an
3271 1611 3338 1650 ex
3385 1595 3574 1650 eodem
3628 1609 3858 1664 corpore

2256 1707 2377 1746 esse
2407 1692 2643 1760 possitis.
2667 1689 3012 1759 Baptismatis
3026 1689 3242 1743 unicum
3262 1702 3462 1744 nomen
3475 1696 3588 1752 est;
3611 1688 3700 1743 cui
3728 1688 3856 1743 sub-

2182 1789 2230 1851 B
2257 1795 2340 1841 est
2380 1783 2492 1857 (46)
2549 1785 2823 1855 proprium
2854 1797 3053 1854 corpus
3083 1801 3097 1848 ;
3126 1783 3211 1838 cui
3239 1783 3457 1852 corpori
3487 1780 3514 1819 ἀ
3554 1781 3673 1849 (47)
3709 1790 3858 1838 certa

557 1889 566 1937 ζ
630 1875 718 1931 ιν.
736 1875 900 1930 Deum
924 1893 1033 1931 esse
1056 1879 1144 1949 qui
1167 1877 1302 1931 lavat
1321 1877 1374 1931 in
1396 1878 1715 1948 baptismate,
1745 1893 1846 1932 non
1861 1887 2031 1932 autem
2063 1877 2160 1930 mi—
2261 1885 2388 1932 sunt
2417 1878 2655 1932 membra
2687 1892 2702 1933 :
2727 1876 2922 1946 quibus
2949 1885 2973 1912 θ
3000 1890 3101 1930 nec
3127 1875 3272 1940 addi,
3305 1889 3406 1929 nec
3433 1873 3636 1929 auferri
3660 1873 3857 1944 aliquid

559 1969 801 2021 nistrum.
823 1996 898 2008 ——-
923 1968 978 2022 In
1014 1969 1116 2023 hoc
1157 1976 1500 2024 sacramento
1523 1969 1859 2038 baptismatis
1875 1970 2158 2026 celebrau-

561 2060 632 2114 do
656 2100 672 2126 ,
708 2060 825 2130 (59)
857 2070 971 2114 tres
999 2074 1120 2115 esse
1142 2061 1352 2130 species
1372 2068 1606 2128 constat,
1633 2077 1768 2132 quas
1801 2073 1852 2116 et
1880 2076 2000 2127 vos,
2058 2077 2158 2118 nec

561 2165 783 2222 augere,
837 2151 1220 2220 necminucre,
1271 2169 1369 2208 nec
1427 2153 1840 2223 praetermittere
1885 2155 2152 2224 poteritis.

561 2243 680 2314 (40)
695 2245 869 2298 Prima
882 2246 1090 2315 species
1102 2255 1184 2302 est
1204 2246 1256 2302 in
1271 2246 1562 2314 Trinitate;
1581 2249 1835 2315 secunda,
1857 2249 1907 2303 in
1925 2247 2155 2304 creden-

564 2345 652 2402 te;
684 2337 862 2403 tertia,
891 2339 944 2392 in
975 2349 1236 2408 operante
1270 2356 1284 2392 :
1311 2339 1407 2395 sed
1435 2355 1540 2395 non
1568 2342 1683 2412 pari
1707 2341 1991 2396 libramine
2023 2356 2155 2412 pon-

561 2427 816 2484 deranda:
838 2437 964 2485 sunt
987 2431 1212 2498 singula:
1239 2448 1251 2485 ι
1284 2431 1419 2486 duas
1449 2433 1593 2488 enim
1619 2432 1777 2487 video
1795 2432 2152 2500 necessarias,

560 2530 618 2576 et
673 2536 830 2576 unam
887 2522 1041 2592 quasi
1097 2525 1506 2580 necessariam:
1567 2525 1917 2596 principalem
1977 2525 2157 2580 locum

563 2611 798 2672 Trinitas
828 2613 1091 2683 possidet,
1116 2612 1233 2671 sine
1261 2629 1364 2686 qua
1392 2631 1485 2672 res
1516 2617 1631 2686 ipsa
1660 2633 1767 2671 non
1803 2623 1978 2686 potest
2002 2617 2156 2686 geri:

561 2703 702 2760 hanc
729 2705 974 2775 sequitur
1000 2705 1136 2762 ﬁdes
1157 2707 1433 2763 credentis
1465 2726 1478 2762 :
1516 2707 1629 2780 jam
1662 2723 1896 2779 persona
1926 2723 2156 2779 operan-

565 2795 633 2852 tis
657 2796 833 2854 vicina
862 2806 968 2866 est,
991 2813 1115 2868 qua:
1141 2799 1305 2856 simili
1332 2801 1654 2858 auctoritate
1671 2815 1794 2860 esse
1823 2816 1932 2859 non
1956 2809 2154 2872 potest.

2264 1978 2476 2039 potest;
2503 1970 2642 2024 inter
2667 1984 2787 2038 qua:
2818 1969 3056 2024 membra
3085 1969 3130 2022 si
3155 1967 3439 2036 eligendus
3460 1967 3749 2038 operarius
3778 1968 3853 2022 itt-

2263 2059 2475 2115 venitur
2499 2077 2514 2126 ;
2545 2069 2714 2114 totum
2737 2074 2933 2129 corpus
2958 2057 3027 2114 ad
3053 2067 3368 2130 operantem
3409 2057 3666 2128 pertinet.
3727 2057 3851 2112 Hec

2261 2155 2443 2207 omnia
2479 2153 2638 2223 hujus
2669 2153 2915 2222 corporis
2955 2152 3196 2208 membra
3218 2191 3233 2217 ,
3265 2161 3321 2206 et
3357 2166 3573 2222 semper
3598 2161 3656 2206 et
3692 2151 3858 2207 semel

2263 2260 2448 2300 secum
2479 2253 2628 2311 sunt,
2661 2252 2717 2299 et
2743 2245 2934 2300 mutari
2966 2260 3071 2298 non
3121 2251 3348 2314 possunt
3380 2261 3392 2302 :
3443 2244 3677 2313 operarii
3735 2256 3858 2298 vero

2261 2336 2500 2406 quotidie
2523 2344 2798 2391 mutantur
2821 2344 2878 2391 et
2902 2335 3064 2402 locis,
3094 2343 3148 2391 et
3189 2335 3528 2405 temporibus
3549 2377 3563 2400 ,
3593 2345 3652 2390 et
3677 2349 3859 2404 perso-

2263 2431 2367 2485 nis.
2401 2429 2515 2502 (48)
2544 2429 2726 2499 Neque
2751 2431 2893 2485 enim
2919 2445 3056 2484 unus
3089 2429 3248 2484 homo
3270 2437 3376 2492 est,
3402 2431 3491 2499 qui
3527 2443 3751 2496 semper
3774 2434 3860 2484 aut

2262 2523 2460 2591 ubique
2486 2522 2739 2592 baptizat.
2771 2523 2825 2577 In
2855 2521 2957 2578 hoc
2973 2520 3471 2591 Operejamdudum
3490 2521 3579 2580 alii
3600 2521 3854 2585 luerunt;

2265 2614 2426 2673 modo
2501 2615 2651 2680 alii;
2725 2622 2910 2684 postea
3002 2613 3091 2668 alii
3175 2615 3339 2668 futuri
3376 2621 3556 2668 sunt:
3626 2612 3887 2684 operarii,

2264 2707 2462 2762 mutari
2520 2716 2784 2777 possunt,
2839 2712 3174 2765 sacramenta
3215 2706 3414 2762 mutari
3463 2722 3569 2760 non
3613 2713 3858 2775 possunt.

2263 2798 2397 2855 Cum
2461 2813 2592 2870 ergo
2652 2798 2876 2856 videatis
2905 2839 2922 2866 ,
2974 2812 3166 2856 omnes
3220 2798 3310 2869 qui
3354 2797 3633 2870 baptisant
3665 2838 3682 2866 ,
3735 2813 3861 2868 ope-

1815 2933 2201 2994 LECTIONES
2239 2933 2658 2992 VARIANTES.

627 3051 654 3081 ⁸
688 3049 807 3102 Haec
820 3051 999 3103 desunt
1022 3053 1072 3104 in
1092 3067 1184 3104 ms.
1209 3053 1264 3105 S.
1291 3052 1352 3106 G.

624 3111 654 3152 ι)
691 3111 742 3152 In
765 3127 875 3152 mu,
908 3117 941 3152 ς
983 3115 1041 3152 Τ
1072 3124 1119 3152 Μ
1148 3117 1218 3152 ιη.
1273 3116 1308 3152 ς

628 3111 654 3152 b
689 3111 744 3162 In
765 3127 880 3164 mss.
908 3117 961 3165 S.
983 3115 1044 3166 Τ.
1072 3124 1126 3168 et
1146 3117 1236 3167 Ph.
1273 3116 1328 3168 S.
1354 3124 1421 3169 ut.

628 3179 650 3206 υ
689 3174 745 3226 In
768 3191 883 3228 mss.
911 3179 964 3230 S.
985 3178 1044 3230 Τ.
1072 3188 1124 3231 et
1148 3181 1205 3230 Ρ.
1226 3181 1278 3233 S.
1300 3178 1412 3233 ideo
1433 3179 1587 3246 quod.

2190 3161 2236 3226 C

2331 3049 2359 3125 (ξ
2392 3051 2448 3125 [ιι
2472 3065 2562 3101 ms.
2589 3052 2641 3125 ξ.
2664 3048 2721 3125 (ξ.
2747 3049 2888 3125 cuius
2904 3051 3142 3118 corporis.

2335 3117 2359 3146 ε
2396 3114 2450 3164 In
2476 3127 2565 3164 ms.
2592 3113 2643 3166 S.
2671 3113 2729 3165 G.
2749 3113 2846 3166 cui.

1884 3260 2248 3326 VARIORUM
2286 3258 2520 3318 ΝΟΤᾸΕ.

635 3359 752 3432 (52)
813 3359 1013 3417 Iterum
1037 3360 1380 3418 Christianus.
1413 3361 1700 3432 Quomodo
1730 3369 1907 3431 potest
1948 3359 2161 3417 renasci

563 3434 656 3501 qui
679 3441 836 3487 natus
859 3445 942 3488 est
973 3452 986 3486 :
1032 3450 1126 3505 per
1169 3437 1400 3506 primum
1427 3437 1754 3504 baptismum
1780 3447 1973 3490 ueram
2007 3446 2161 3506 asse-

565 3511 724 3556 cutus
767 3512 851 3558 est
893 3504 1186 3572 naturam,
1233 3505 1505 3576 quomodo
1533 3512 1709 3576 potest
1745 3518 1865 3557 eam
1912 3504 2162 3576 amittere

567 3587 664 3643 per
683 3576 978 3630 secundum
1000 3574 1327 3648 baptismum
1359 3587 1413 3632 et
1438 3575 1686 3631 eamdem
1704 3589 1892 3630 rursus
1918 3574 2167 3644 assequi?

1783 3648 2012 3701 ALBASP.

639 3715 756 3788 (55)
786 3717 902 3773 Una
932 3718 1062 3788 ﬁdes
1083 3720 1176 3774 hoc
1199 3721 1311 3774 loco
1331 3719 1395 3773 ab
1417 3718 1796 3781 haereticorum.
1822 3727 1924 3773 etc.
1948 3717 2155 3785 Scribe,

566 3803 672 3840 una
693 3788 842 3856 ﬁdes.
879 3789 992 3844 Hoc
1019 3792 1132 3846 loco
1157 3792 1218 3845 ab
1248 3792 1603 3845 luereticorum
1632 3790 1889 3844 erroribus
1917 3797 1964 3842 et
1988 3789 2051 3842 ab
2077 3805 2162 3843 eo-

566 3873 684 3930 rum
707 3862 848 3913 uaria
879 3861 1001 3928 ﬁde,
1032 3863 1160 3927 ﬁdes
1198 3863 1350 3916 unica
1381 3870 1670 3930 separatur.
1706 3859 1962 3916 Proxime
2012 3860 2163 3916 citati

571 3927 673 3982 loci
703 3927 913 4001 singula
939 3933 1229 4000 percurrit.
1259 3932 1375 3987 Jam
1397 3927 1463 3986 de
1494 3947 1597 3984 uno
1627 3930 1757 3998 Deo,
1787 3948 1887 3985 uno
1915 3930 2160 3999 Christo;

568 4001 830 4074 sequitur,
858 4017 960 4074 una
982 4004 1110 4074 ﬁdes
1133 4020 1152 4058 :
1193 4005 1266 4059 De
1299 4005 1396 4058 hac
1451 4016 1666 4074 quoque
1696 4010 1975 4071 postquam
2030 4006 2159 4073 egit,

569 4068 717 4126 addit
743 4094 757 4128 ;
789 4068 992 4134 Deinde
1015 4076 1243 4148 sequitur
1273 4091 1432 4130 unum
1469 4068 1749 4148 baptisma,
1776 4068 1848 4128 ut
1863 4075 1988 4145 quia
2023 4068 2162 4146 quod

569 4156 728 4196 unum
749 4155 840 4206 est,
875 4156 980 4201 etc.
1015 4145 1084 4201 Μ.
1113 4147 1345 4202 (lassus.

641 4214 775 4270 Ibid.
804 4215 920 4272 Una
947 4218 1077 4288 ﬁdes
1103 4217 1199 4272 hoc
1221 4220 1354 4274 loco.
1377 4216 1582 4275 Sensus
1609 4225 1696 4272 est
1725 4233 1738 4270 :
1770 4230 1892 4272 cum
1939 4216 2008 4272 sit
2054 4232 2161 4288 una

567 4286 851 4360 dumtaxat
873 4286 1026 4356 ﬁdes,
1060 4290 1298 4345 haeretici
1320 4290 1409 4360 qui
1433 4304 1614 4343 veram
1647 4296 1705 4344 et
1725 4297 1926 4344 rectam
1953 4289 2021 4343 de
2042 4287 2160 4343 Tri-

569 4357 738 4414 nitate
786 4360 943 4416 ﬁdem
995 4376 1100 4416 non
1154 4357 1379 4428 habent,
1430 4375 1535 4416 non
1589 4369 1813 4430 possunt
1865 4360 2158 4430 baptizare,

568 4432 689 4499 quia
721 4431 856 4486 ﬁdes
885 4433 950 4488 ab
971 4449 1158 4488 eorum
1183 4449 1317 4489 vana
1341 4433 1445 4488 ﬁde
1476 4442 1755 4502 separatur
1787 4436 2018 4489 Αιιιιιει).

595 4506 598 4508 ⁷
643 4502 760 4576 (54)
794 4503 858 4557 Et
875 4505 990 4578 jam
1009 4505 1149 4560 vobis
1186 4505 1560 4578 prwscribitur.
1588 4505 1654 4560 Et
1677 4504 1780 4578 hoc
1820 4506 1984 4560 etiam
2023 4518 2158 4559 con-

571 4584 650 4630 tra
677 4575 774 4660 vos
805 4575 1006 4672 pugna}
1035 4619 1057 4672 ,l
1130 4575 1402 4672 qtila'eum
1431 4579 1501 4672 sit
1529 4591 1630 4659 una
1680 4575 1814 4672 ﬁdes
1839 4617 1856 4641 ,
1903 4591 2024 4658 non
2063 4591 2158 4643 po-
2187 4612 2241 4672 Β

571 4649 743 4715 testis,
769 4662 944 4720 neque
969 4647 1184 4705 debetis
1225 4649 1389 4703 aliam
1427 4649 1558 4704 dare
1612 4649 1664 4702 in
1708 4647 2157 4771 rhaptizatione.

1757 4733 1938 4771 LBASP.

641 4789 760 4863 (55)
791 4790 973 4846 Totum
997 4792 1233 4861 ponendo
1261 4793 1316 4846 in
1344 4792 1566 4846 dotibus.
1593 4733 1954 4863 OmtigiiAfiih
1983 4803 2152 4845 sacra.

567 4861 874 4918 menterum
918 4864 1170 4933 ponendo
1213 4866 1266 4920 in
1311 4863 1599 4920 sanctitate
1644 4861 1995 4918 conferentis.

641 5005 763 5078 (56)
795 5003 996 5078 Nomen
1023 5006 1166 5078 fidei.
1196 5008 1296 5076 Qui
1331 5007 1650 5078 baptizatur,
1691 4935 2117 5078 debéindfel’dere
2143 5020 2158 5059 :

568 5075 955 5133 debet'habere
984 5075 1144 5134 ﬁdem
1177 5097 1192 5134 :
1225 5075 1368 5148 quod
1402 5075 1468 5133 'si
1519 5077 1713 5133 habeat
1736 5087 1794 5132 et
1817 5077 2027 5148 habere
2068 5075 2165 5130 de-

567 5149 713 5275 geat,
749 5164 855 5205 non
878 5151 1184 5221 requiratur
1211 5147 1345 5209 ﬁdes
1372 5150 1733 5224 baptizautis;
1767 5149 1860 5276 sxd
1885 5147 2164 5218 baptizan-

608 5238 643 5276 ι.
1836 5235 2016 5275 LBASP.

608 5238 760 5366 Ι’(57)
802 5291 1035 5348 Alterum
1074 5295 1246 5350 credo.
1286 5238 2162 5366 lnterrogabanturiitLEﬁ‘iismo,

575 5363 1073 5432 protitebanturque
1103 5382 1163 5420 se
1196 5366 1248 5420 in
1280 5367 1553 5422 Christum
1583 5374 1639 5419 et
1681 5365 1733 5417 in
1763 5365 1932 5418 Deum
1977 5363 2165 5432 crede-

572 5450 655 5500 re,
684 5450 849 5502 quare
869 5431 996 5489 cum
1023 5435 1097 5489 ita
1127 5446 1311 5502 esset,
1357 5451 1464 5491 non
1515 5435 1784 5490 debebant
1836 5434 1980 5487 aliud
2011 5431 2163 5487 credo

571 5506 814 5577 exigere,
845 5507 968 5575 quia
996 5522 1158 5560 unum
1186 5517 1268 5561 est
1299 5517 1504 5562 tantum
1536 5507 1712 5568 credo.
1744 5520 1850 5630 ne:
1877 5504 2004 5558 duo.

1845 5590 2004 5630 casse

656 5648 772 5721 (58)
801 5649 924 5704 Non
953 5648 1120 5704 solum
1159 5650 1535 5705 hereticorum.
1579 5647 1677 5721 Illa,
2063 5661 2170 5721 non

587 5717 762 5777 solum
786 5721 1164 5788 htereticoruni
1194 5722 1457 5790 baptisma
1485 5763 1499 5789 ,
1540 5719 1682 5791 quod
1706 5722 1759 5775 in
1785 5720 1874 5774 illa
1901 5717 2007 5774 ﬁde
2033 5729 2087 5773 et
2115 5719 2168 5774 in

588 5792 847 5874 Trinitato
873 5793 1053 5873 datum
1077 5811 1184 5858 wn
1206 5803 1309 5865 est,
1339 5793 1578 5852 excludit
1595 5809 1611 5864 ;
1628 5791 1724 5854 sed
1751 5795 1914 5856 etiam
1935 5800 2079 5850 vetat
2101 5804 2170 5852 ne

2264 3360 2376 3427 ipsa
2402 3357 2706 3428 duplicetur
2735 3356 2871 3412 ﬁdes
2896 3397 2910 3421 .
2937 3365 2994 3413 et
3017 3357 3174 3414 aliam
3221 3373 3250 3414 a
3302 3357 3652 3428 rebaptizatis
3677 3369 3863 3416 extor-

2263 3432 2594 3500 qitratis_aut
2622 3429 2888 3486 inferatis.
2912 3428 3149 3485 ALBASP.

2364 3498 2590 3566 59)Tres
2622 3517 2728 3555 esse
2748 3501 2962 3568 species.
2990 3500 3114 3555 Tria
3138 3509 3487 3556 concurrunt.
3523 3503 3759 3557 ALBASP.

2361 3569 2454 3640 40)
2499 3570 2679 3645 Prima
2726 3573 2778 3645 in
2824 3570 3515 3645 TrinitateuNocesseest
3561 3585 3618 3628 ut
3649 3575 3863 3645 Baptis-

2266 3642 2386 3702 mus
2417 3646 2508 3697 ﬁat
2541 3642 2592 3698 in
2626 3644 2846 3700 nomine
2879 3644 3076 3710 Patris,
3117 3643 3237 3700 Filii
3269 3652 3345 3769 Aet
3395 3644 3634 3713 Spiritus
3665 3642 3862 3702 sancti.

3317 3730 3500 3769 LBASP.

3317 3730 3500 3771 LBASP.

2340 3784 2456 3857 (41)
2499 3783 2743 3839 Videntur
2768 3785 3049 3841 mutabilis.
3103 3790 3340 3841 Persona
3371 3788 3705 3856 baptizantis
3760 3801 3862 3841 non

2269 3855 2393 3940 facit
2423 3855 2478 3981 Rt
2508 3857 2680 3926 gratia
2705 3859 3032 3914 sacramenti
3063 3868 3360 3924 remaneat,
3391 3855 3488 3914 sed
3520 3859 3657 3916 ﬁdes
3689 3859 3862 3930 bapti-

2269 3939 2389 3981 zztlt.
2471 3944 2653 3981 LBASP.

2267 3939 2389 3984 lilii.
2425 3939 2653 3984 ALBASP.

2337 3999 2460 4083 (4'2)
2487 3999 2740 4083 Ejusdem
2752 4014 3106 4083 personage“
3121 4001 3439 4083 distantiam.
3472 4000 3644 4083 Y‘ultjs
3671 4011 3734 4083 tu
3757 4014 3866 4054 ma-

2264 4087 2367 4142 gna
2400 4071 2466 4125 sit
2497 4071 2801 4125 differentia
2833 4072 2970 4126 inter
2999 4072 3330 4126 Donatistam
3379 4083 3432 4127 et
3481 4071 3866 4127 Ortbodoxum

2269 4142 2621 4210 baptizantcs.
2650 4142 2878 4197 ALnAsP.

2337 4213 2450 4285 (45)
2477 4213 2784 4283 Superbiam
2817 4223 3034 4269 uestram
3058 4223 3366 4283 anteponere
3413 4212 3673 4269 Trinitati.
3733 4213 3868 4285 Quia

2263 4287 2424 4343 vultis
2445 4285 2786 4340 sanctitatem
2808 4297 2863 4341 et
2886 4285 3135 4342 eﬁectum
3163 4285 3415 4355 baptismi
3439 4287 3586 4341 nasci
3610 4302 3676 4341 ex
3712 4300 3868 4343 sanc-

2264 4359 2416 4413 titate
2437 4355 2786 4417 conferentis,
2815 4372 2920 4411 non
2944 4372 3012 4410 ex
3045 4356 3174 4412 ﬁde.
3202 4356 3432 4412 ALBASP.

2335 4427 2451 4500 (44)
2487 4427 2553 4481 Et
2582 4444 2696 4500 cunt
2746 4427 2808 4500 ab
2847 4428 3211 4500 accipientibus
3255 4428 3541 4500 baptisma,
3592 4436 3702 4482 etc.
3733 4428 3870 4500 Bap-

2265 4499 2419 4554 tisma
2433 4498 2524 4554 est
2555 4498 2694 4567 quod
2715 4499 2785 4554 ab
2811 4498 3199 4567 accipientibus
3224 4498 3521 4556 desiderari
3547 4499 3760 4556 debere
3789 4499 3871 4552 di-

2264 4571 2360 4636 cit,
2391 4586 2496 4626 non
2528 4569 2764 4626 Trinitas
2807 4577 2898 4624 aut
2929 4570 3086 4636 ﬁdes,
3115 4580 3173 4625 ut
3211 4571 3429 4641 quidam
3462 4571 3551 4626 hie
3580 4571 3866 4642 ineptissi-

2267 4657 2392 4707 me;
2423 4659 2527 4696 non
2568 4641 2913 4696 advertentes
2968 4643 3097 4696 illud
3134 4643 3423 4697 desiderare
3451 4641 3738 4711 proprium
3787 4657 3870 4696 sa-

2266 4715 2559 4768 cramentis
2584 4713 2806 4779 nostris,
2833 4713 3110 4782 Baptismo
3137 4723 3192 4768 et
3214 4713 3587 4781 Eucharistiae,
3633 4715 3867 4770 verbum

2267 4785 2394 4839 olim
2433 4784 2765 4860 i‘uiSse_:_de
2815 4799 2921 4854 quo
2971 4784 3222 4860 mu_lta__6
3272 4791 3589 4860 pampini
3616 4796 3775 4856 pater
3816 4786 3866 4838 in

2265 4858 2545 4912 exercitat.
2575 4855 2642 4910 ad
2664 4855 2862 4912 Baron.
2889 4856 3118 4912 exercit.
3147 4857 3230 4914 lli.
3257 4855 3486 4913 sectiiin.
3520 4858 3614 4911 45.

3304 4928 3374 4984 M.
3408 4926 3644 4984 Cassus.

2340 4997 2456 5072 (i5)
2481 4997 2749 5072 Baptismo
2771 4996 3051 5072 desiderari
3081 4998 3276 5054 debeat.
3305 4997 3624 5067 Baptizandi
3649 5009 3865 5072 summa

2265 5065 2367 5142 Ope
2389 5065 2590 5126 dében't
2617 5070 2747 5142 eniti
2771 5078 2827 5142 ut
2853 5070 3093 5138 perfecte
3113 5072 3336 5124 credant
3360 5065 3509 5133 {vos
3540 5080 3724 5123 autem
3746 5065 3867 5142 ivul-

2269 5140 2338 5200 tis
2357 5153 2415 5199 ut
2443 5143 2612 5212 magis
2640 5140 2948 5196 desiderent
2972 5143 3228 5213 baptizari
3264 5157 3292 5200 εδ
3327 5156 3432 5198 non
3463 5141 3861 5213 peccatoribus,

2266 5227 2321 5271 et
2350 5216 2468 5280 plus
2498 5209 2716 5280 sperent
2744 5227 2773 5266 a
2800 5209 3084 5270 sanctitate
3112 5209 3648 5283 baptizantis,quam
3693 5227 3726 5266 a
3763 5209 3865 5264 ﬁde

2267 5296 2324 5343 et
2343 5303 2371 5340 a
2394 5286 2677 5340 Trinitate.
2704 5286 2933 5340 ALBASP.

2343 5359 2456 5430 (46)
2482 5355 2757 5430 Proprium
2789 5370 2994 5430 corpus.
3030 5355 3334 5430 Baptismus
3361 5362 3579 5410 constat
3622 5368 3720 5430 sua
3751 5350 3861 5430 for-

2272 5425 2360 5487 ma
2387 5439 2441 5482 et
2470 5428 2714 5491 materia,
2766 5436 2822 5480 ut
2868 5425 3041 5494 aiunt,
3071 5427 3208 5483 inter
3237 5443 3358 5496 qua:
3405 5441 3635 5496 persona
3686 5425 3865 5491 bapti-

2277 5501 2448 5557 zantis
2471 5515 2574 5554 non
2603 5506 2916 5570 numeratur
2943 5516 2954 5552 :
2989 5512 3088 5553 cur
3116 5514 3246 5570 ergo
3268 5498 3423 5554 vobis
3447 5496 3736 5552 vindicatis
3779 5502 3860 5546 to-

2281 5588 2386 5628 tam
2410 5571 2524 5640 ejus
2546 5569 2806 5640 rationem
2831 5577 2885 5622 et
2905 5569 3220 5636 essentiam,
3247 5577 3301 5624 et
3320 5583 3440 5625 eam
3464 5571 3516 5625 in
3539 5578 3713 5624 vestra
3742 5577 3861 5632 per-

2275 5660 2408 5702 sona
2436 5638 2671 5710 ponitis?
2700 5638 2930 5696 Atsssp.

2357 5709 2473 5787 (s7)
2502 5715 2650 5787 (ξενία
2668 5723 2784 5787 sunt
2804 5714 3056 5787 membra.
3070 5712 3244 5770 Certa:
3260 5723 3390 5769 sunt
3411 5721 3607 5787 partes.
3624 5709 3858 5787 Aunsr.

2349 5784 2468 5864 (48)
2496 5784 2675 5864 Neque
2703 5785 2836 5842 enim
2867 5803 2998 5851 unus
3037 5785 3193 5850 homo
3227 5795 3322 5856 est,
3369 5785 3456 5857 qui
3490 5795 3718 5858 semper,
3750 5784 3862 5836 etc.
