4152 6166
578 263 721 322 1065

1780 261 2026 320 SANCTI
2067 262 2320 321 ΟΡΤΑΊἸ
2359 261 2664 323 EPISCOPI

3673 272 3808 333 "1061

578 379 808 434 familias
840 379 980 435 Deus
1005 377 1056 432 in
1089 390 1188 431 suo
1227 376 1476 432 convivio
1519 386 1815 450 agnoscat,
1857 396 1979 435 cum
2027 396 2168 451 ιιι-πε·
2199 382 2251 442 Α
2277 380 2412 448 bolo,
2439 390 2486 435 et
2504 381 2572 434 ad
2595 397 2675 437 me
2701 395 2977 438 conversus
2994 384 3199 455 fueras;
3226 391 3276 440 et
3303 383 3546 440 dederam
3577 385 3652 443 tibi
3668 400 3813 448 vestem

574 472 750 529 sentia
781 480 806 508 α
838 471 1128 526 multorum
1158 469 1422 540 gaudeat,
1453 478 1509 525 et
1536 470 1605 526 dc
1643 471 1947 542 aliquorum
1978 472 2178 526 absen—

577 564 652 619 tia
677 561 1044 618 contristetur.
1097 561 1164 616 Et
1190 559 1217 598 δ
1249 561 1452 616 multos
1483 562 1627 617 dicat
1671 571 1894 617 vocatos
1916 602 1931 627 ,
1975 576 2176 632 paucos

576 672 704 714 vero
726 657 966 722 electos;
992 655 1123 710 nihil
1151 654 1254 710 erit
1273 697 1287 719 ,
1325 655 1470 726 quod
1499 655 1772 712 irascatur
1806 662 2006 711 vestem
2036 671 2174 724 nup-

574 748 756 806 tialem
781 764 887 805 non
912 749 1154 815 habenti,
1179 747 1294 822 (75)
1321 763 1445 804 cum
1464 747 1636 804 Filius
1660 749 1758 805 Dei
1784 750 1898 818 ipse
1921 748 2175 804 Christus

573 843 896 912 sitstionsus
919 841 1136 914 (Matth.
1187 843 1321 912 χιιι)
1355 859 1370 894 :
1402 849 1460 897 et
1488 842 1654 896 vestis
1682 849 1738 897 et
1768 843 1946 897 tunica
1984 851 2176 897 natans

573 934 626 989 in
647 949 806 1004 aqua,
830 950 951 1004 quae
977 934 1178 990 multos
1199 933 1397 989 vestiat
1412 942 1468 990 et
1491 934 1734 989 inﬁnitos
1756 943 2056 1006 exspectet,
2078 948 2178 990 nec

572 1026 855 1082 vestiendo
899 1025 1136 1082 deﬁciat.
1185 1024 1293 1081 Sed
1326 1041 1396 1082 ne
1425 1025 1550 1097 quis
1576 1025 1720 1081 dicat
1743 1067 1758 1091 ,
1793 1036 2000 1081 temere
2032 1040 2062 1080 a
2091 1039 2178 1080 me

573 1118 770 1174 Filium
801 1116 902 1174 Dei
932 1126 1137 1174 vestem
1166 1132 1288 1174 esse
1317 1117 1546 1179 dictum,
1578 1117 1722 1186 legat
1752 1117 2070 1188 Apostolum
2097 1117 2179 1171 di-

571 1220 787 1268 centem
823 1227 836 1264 :
867 1219 1112 1282 quotquot
1155 1211 1212 1264 in
1259 1211 1466 1265 nomine
1504 1208 1698 1265 Christi
1730 1211 1973 1281 baptizati
2019 1210 2174 1274 estis,

573 1303 837 1360 Christum
862 1305 1104 1360 induistis
1137 1315 1160 1344 ο
1195 1302 1396 1377 (Galat.
1431 1318 1521 1369 ιιι,
1566 1302 1684 1376 27).
1731 1303 1776 1359 Ο
1808 1305 1987 1359 tunica
2029 1318 2176 1360 sem-

573 1414 669 1470 per
694 1415 799 1454 ttna
829 1409 884 1455 et
909 1398 1029 1472 (76)
1053 1398 1439 1455 immutabilis!
1467 1413 1588 1469 quae
1614 1397 1874 1454 decenter
1903 1398 2100 1454 vestiat
2124 1406 2180 1454 et

571 1507 762 1550 omnes
801 1502 992 1549 aetates
1035 1501 1092 1548 et
1113 1492 1350 1561 formas,
1383 1508 1484 1549 nec
1513 1494 1565 1547 in
1600 1491 1896 1549 infantibus
1935 1490 2050 1565 (77)
2083 1508 2176 1548 ru-

570 1599 752 1660 gatur,
778 1603 880 1644 nec
901 1588 1269 1658 injuvenibus
1290 1588 1551 1656 tenditur,
1580 1602 1680 1643 nec
1707 1585 1823 1657 (78)
1852 1588 1907 1642 in
1941 1585 2179 1642 foeminis

573 1681 912 1737 immutatur.
961 1680 1152 1736 Aderit
1197 1679 1442 1750 profecto
1493 1679 1584 1734 ille
1631 1678 1787 1746 dies,
1825 1688 1885 1734 ut
1922 1679 2178 1734 eoelestes

2280 473 2566 544 nuptialem
2600 490 2618 528 :
2647 483 2704 528 ut
2743 474 2871 542 quid
2899 476 2973 529 sic
3014 475 3193 530 venisti
3234 492 3334 530 non
3376 476 3565 533 habens
3598 481 3710 549 quod
3743 483 3812 537 tibi

2279 568 2400 622 dedi
2424 568 2450 621 .9
2480 567 2584 623 hoc
2630 576 2717 624 est
2745 567 2933 628 dicere
2964 586 2978 622 :
3010 583 3178 640 quare
3207 584 3313 624 non
3370 569 3538 626 habes
3587 572 3705 642 quod
3741 573 3816 631 tibi

2279 659 2444 716 dedi?
2465 660 2635 716 Nemo
2658 661 2803 717 enim
2831 668 3012 730 potest
3032 661 3187 716 irasci
3211 677 3316 717 non
3343 661 3564 718 habenti
3587 679 3704 731 rem,
3723 681 3815 736 quae

2280 753 2404 808 data
2424 768 2531 809 non
2557 753 2649 808 sit.
2679 753 2894 809 Vestem
2924 753 3216 824 nuptialem
3244 754 3388 810 inter
3406 753 3538 810 istos
3563 770 3819 828 acceperas,

2281 853 2338 900 et
2364 843 2514 899 solus
2535 859 2639 898 non
2665 843 2836 899 habes
2852 843 2876 896 ?
2892 859 3060 914 quare
3089 844 3262 900 nudus
3289 854 3345 900 et
3370 844 3603 917 lugubris
3625 847 3820 903 venisti?

2281 936 2400 1006 quis
2446 936 2541 991 tibi
2587 936 2825 991 detraxit
2871 936 3084 1004 spolia?
3113 951 3264 1006 quas
3300 935 3656 992 fraudulentas
3695 937 3823 993 adisti

2281 1029 2504 1086 fauces?
2550 1045 2689 1101 quos
2745 1028 3020 1086 incurristi
3070 1029 3352 1086 latrones?
3407 1029 3668 1101 Quotquot
3715 1032 3825 1088 tales

2281 1123 2492 1178 venturi
2536 1119 2752 1189 suntd,
2786 1122 2965 1177 locum
3011 1122 3065 1177 in
3108 1121 3203 1177 illo
3243 1121 3494 1178 convivio
3541 1138 3639 1178 non
3690 1122 3824 1179 liabe-

2279 1216 2418 1272 bunt
2448 1227 2497 1270 θ.

2352 1307 2445 1363 XI.
2479 1307 2607 1363 Cum
2644 1317 2876 1363 mortuos
2917 1309 3144 1379 infantes
3192 1307 3517 1378 rebaptizare
3545 1324 3637 1364 non
3671 1315 3830 1382 possint

2282 1401 2596 1468 Donatistar,
2628 1421 2722 1457 cur
2749 1404 2967 1458 viventes
2989 1403 3349 1475 rebaptizant.’
3375 1432 3446 1444 —-
3464 1403 3538 1459 ‘Et
3563 1411 3618 1458 ut
3638 1403 3712 1460 vel
3735 1418 3834 1459 sero

2282 1496 2661 1567 compendium
2697 1496 2911 1562 faciam,
2941 1497 3107 1552 credo
3127 1495 3292 1552 etiam
3331 1495 3436 1552 hoc
3457 1495 3722 1561 sufﬁcere;
3749 1496 3831 1552 etsi

2282 1597 2365 1645 tot
2391 1591 2740 1661 probationes
2762 1589 2986 1645 minime
3006 1589 3315 1645 diceremus
3334 1604 3347 1642 :
3365 1587 3520 1644 vobis
3541 1587 3835 1655 absentibus,

2283 1683 2450 1739 verbo
2491 1692 2650 1739 tenus
2690 1684 2946 1754 baptizati
2989 1690 3117 1739 sunt
3156 1682 3347 1738 mille:
3375 1697 3447 1738 ex
3477 1680 3558 1736 his
3599 1689 3728 1737 sorte
3760 1693 3835 1735 sua

573 1774 774 1846 nuptiae
806 1774 1063 1845 incipiant
1103 1773 1408 1829 celebrari:
1434 1773 1544 1828 illic
1569 1773 1661 1844 qui
1693 1773 1960 1842 baptisma
1989 1769 2178 1842 singtt-
2210 1771 2258 1831 B
2286 1774 2526 1831 defuncti
2557 1784 2684 1832 sunt
2724 1785 2967 1832 centum.
3019 1776 3304 1831 Abstinete
3353 1775 3620 1846 paulisper
3662 1775 3723 1830 ab
3758 1773 3840 1828 hoc

572 1866 688 1923 lare
709 1866 1068 1932 servaverint,
1093 1865 1270 1922 securi
1295 1864 1662 1920 discumbent.
1687 1863 1820 1919 Nam
1851 1864 2179 1934 quicumque

573 1975 606 2014 a
623 1961 773 2016 vobis
793 1975 854 2017 se
879 1960 1203 2030 rebaptizari
1232 1957 1602 2025 consenserit,
1629 1957 1944 2028 huiusmodi
1965 1954 2176 2011 homini
2211 2000 2225 2010 .

497 2044 503 2053 ’
576 2069 682 2110 non
712 2053 1013 2125 denegatur
1050 2053 1418 2120 resurrectio,
1449 2050 1573 2122 quia
1617 2050 1853 2106 credidit
1896 2051 1949 2105 in
1994 2065 2178 2105 resur-

574 2147 872 2204 rectionem
895 2147 1114 2212 carnis;
1141 2157 1388 2217 resurget
1416 2146 1636 2216 quidem
1659 2186 1674 2214 ,
1705 2145 1800 2201 sed
1834 2145 2035 2200 nudus.
2066 2143 2174 2200 Sed

571 2242 695 2312 quia
724 2240 949 2312 nuptiali
971 2252 1121 2296 veste
1145 2256 1175 2294 a
1199 2239 1355 2296 vobis
1373 2255 1435 2296 se
1455 2240 1716 2311 espoliari
1741 2240 2008 2310 permisit,
2035 2239 2172 2296 hanc

572 2333 975 2406 patrisfamilias
1001 2333 1285 2388 auditurus
1316 2341 1401 2389 est
1425 2348 1615 2388 vocem
1649 2350 1662 2387 :
1695 2331 1814 2406 (79)
1842 2334 2036 2396 Amice,
2066 2333 2171 2390 hoc

571 2434 656 2484 est
681 2426 888 2495 dicere,
915 2439 1154 2506 agnosco
1181 2434 1272 2492 te;
1300 2425 1584 2496 aliquando
1609 2427 2002 2482 renuntiaveras
2030 2423 2166 2480 Dia-

2280 1869 2489 1925 scelere
2519 1885 2732 1923 manus.
2783 1868 3057 1924 Sanctitas
3077 1909 3092 1932 ,
3136 1875 3195 1922 ut
3220 1867 3436 1932 dicitis,
3470 1876 3670 1931 vestra,
3698 1869 3838 1937 primo

2278 1964 2566 2020 resuscitet
2595 1963 2876 2031 sepultos;
2903 1961 3194 2030 emendet,
3243 1961 3290 2016 si
3347 1969 3560 2032 potest,
3594 1970 3840 2022 mortuos;

2278 2064 2334 2111 et
2361 2055 2439 2110 sic
2464 2052 2773 2111 revertatur
2809 2054 2877 2110 ad
2907 2055 3078 2110 vivos.
3113 2054 3170 2111 Si
3202 2062 3454 2110 mortuos
3480 2054 3728 2109 suscitare
3750 2065 3835 2105 non

2279 2148 2507 2220 potestis
2529 2189 2544 2212 ,
2579 2157 2636 2202 ut
2659 2147 2786 2218 qttid
2811 2146 3119 2202 viventibus
3141 2145 3420 2201 conamini
3444 2160 3634 2200 manus
3654 2141 3844 2198 inferre?

2278 2241 2380 2296 nisi
2411 2250 2466 2296 ut
2493 2241 2836 2310 compleatur
2863 2240 3005 2311 quod
3040 2255 3134 2310 per
3164 2239 3510 2296 Ezechielem
3550 2237 3840 2308 Prophetam

2275 2332 2490 2388 locutus
2513 2341 2598 2387 est
2625 2331 2766 2386 Deus
2788 2375 2802 2398 ,
2833 2330 3022 2386 dicens
3055 2348 3069 2384 :
3103 2339 3160 2384 ut
3182 2329 3477 2386 occiderent
3509 2330 3716 2395 animas,
3743 2342 3848 2398 quas

2269 2443 2372 2481 non
2397 2425 2626 2496 oportuit
2657 2425 2789 2479 mori
2815 2422 3033 2496 (Ezech.
3065 2439 3162 2479 xm
3183 2464 3198 2492 ,
3230 2422 3348 2496 l9).

1816 2542 2116 2602 LECTION
2123 2541 2208 2600 ES
2241 2540 2659 2600 VARIANTES.

633 2663 661 2694 α
697 2663 750 2714 la
771 2676 863 2712 ms.
888 2661 942 2711 S.
963 2661 1023 2712 G.
1043 2660 1110 2711 ad
1129 2657 1457 2724 praesentiam.

629 2725 660 2766 b
701 2725 758 2775 In
780 2739 871 2776 ms.
894 2723 948 2774 S.
977 2724 1036 2774 G.
1064 2723 1143 2774 Ut;

631 2791 655 2821 °
694 2788 748 2838 In
770 2801 861 2838 ms.
881 2787 933 2837 S.
970 2786 1030 2837 G.
1054 2787 1145 2837 υοέ
1157 2785 1380 2838 vestistis.

630 2847 659 2889 ά
692 2851 746 2900 In
765 2863 858 2900 ms.
886 2848 949 2900 S.’
967 2848 1027 2900 G.
1049 2849 1260 2906 additur,
1283 2847 1372 2898 hoc
1395 2845 1637 2910 exemplo.

633 2915 659 2945 °
694 2912 784 2965 Hie
800 2913 964 2964 ﬁnitur
985 2912 1186 2976 quintus
1212 2911 1340 2961 liber
1363 2913 1413 2961 in
1434 2909 1662 2961 omnibus
1683 2921 1802 2961 mss.
1843 2918 1896 2961 et
1934 2909 2164 2973 habetur,
2238 2921 2240 2924 '

2276 2654 2492 2730 Explicit
2511 2653 2630 2730 liber
2647 2653 2858 2718 quintus.
2878 2652 3011 2725 Quae.
3023 2659 3316 2763 sequuntur,
3353 2655 3470 2727 quia
3489 2652 3548 2703 ad
3565 2652 3687 2726 hunc
3702 2651 3848 2700 librum

2278 2725 2550 2763 nat-tinent-
2579 2719 2908 2763 videnturque
2929 2716 3073 2763 huius
3118 2718 3210 2763 Ibl‘l
3238 2717 3514 2763 conclusio.
3539 2716 3786 2763 adiecimus
3800 2724 3848 2760 ex

2278 2716 2908 2783 pertinent,_vit_lenturque
2929 2716 3073 2783 hujus
3099 2716 3210 2766 libri
3238 2716 3514 2783 conclusio,
3539 2716 3786 2777 adjecimus
3800 2724 3853 2783 es

2277 2777 2448 2894 cgdice
2467 2777 2607 2854 S._’G.
2629 2779 2678 2828 in
2695 2793 2793 2843 quo
2809 2777 3039 2841 superius
3077 2784 3220 2830 erant
3259 2780 3422 2843 posita
3448 2779 3558 2829 loco
3588 2790 3679 2827 non
3700 2788 3794 2835 suo,
3811 2777 3854 2821 ut

2275 2858 2306 2894 ο
2343 2854 2673 2896 servthmus.

1917 3014 2285 3073 VARIORUM
2324 3015 2554 3072 ΝΟΤᾹΞ.

643 3114 762 3186 (75)
802 3112 931 3186 cum
957 3111 1389 3186 FiliusiDeiAipse
1410 3109 1660 3186 Christus-
1686 3109 1753 3165 sit
1792 3125 2038 3186 sponsus,
2059 3119 2165 3166 etc.

565 3181 709 3241 Cave
740 3181 832 3243 tibi
861 3185 1107 3255 imponat
1147 3183 1277 3255 illud
1301 3225 1316 3246 ,
1343 3198 1466 3238 cum
1507 3181 1663 3252 quasi
1701 3181 1879 3255 cauca:
1912 3182 2167 3255 pratiret,

567 3273 674 3312 non
718 3258 864 3313 enim
910 3253 1128 3311 causam
1169 3254 1349 3309 reddit
1394 3255 1737 3324 superiorum
1779 3254 2040 3321 Optatus,
2074 3253 2167 3310 sed

2275 3125 2468 3166 recens
2495 3109 2794 3178 baptizatos
2823 3109 3052 3180 cingere
3071 3117 3128 3164 et
3153 3117 3341 3180 tegere
3375 3124 3503 3165 mos
3546 3106 3670 3180 olim
3696 3118 3864 3180 ._men—

2277 3183 2478 3238 tionem
2523 3176 2712 3247 faciat,
2743 3196 2865 3250 qua:
2895 3176 2953 3235 et
2994 3179 3061 3234 ad
3098 3176 3350 3250 ejusdem
3403 3176 3860 3250 parabolmjntero

2277 3254 2630 3322 pretationem
2667 3247 2943 3321 pertinere
2973 3247 3248 3308 videntur.
3279 3251 3353 3306 Μ.
3391 3247 3628 3308 ΟΑςΑυΒ.
3673 3247 3867 3302 Locusa

567 3325 711 3384 idem
737 3330 1104 3398 prosequitur,
1139 3325 1325 3380 addita
1348 3320 1525 3398 obiter
1557 3326 1724 3398 vestis
1752 3320 1895 3398 illius
1924 3324 2167 3398 descrip-
2197 3320 2242 3382 C
2276 3320 2727 3398 nobisrestitutus.

569 3394 750 3470 tione,
765 3410 817 3454 et
844 3394 1067 3470 mystica
1093 3397 1490 3470 designatione,
1507 3411 1629 3470 quae
1653 3394 1908 3470 nimirum
1925 3395 2173 3470 Christus

568 3463 848 3537 ipse,etc.
880 3463 954 3522 Ita
985 3479 1166 3524 autem
1197 3463 1327 3537 puto
1350 3465 1638 3538 legendum
1663 3483 1676 3519 :
1710 3463 1862 3538 Nihil
1884 3476 1990 3519 erat
2015 3466 2173 3538 "quod

565 3535 820 3610 irascatur
857 3549 1043 3594 vestem
1087 3535 1370 3610 nuptialem
1408 3535 1514 3592 non
1552 3537 1802 3610 habenti:
1849 3553 1963 3610 cum
2003 3535 2173 3592 Filius

568 3609 666 3683 Dei
684 3612 796 3683 ipse
819 3611 884 3666 sit
905 3607 1169 3682 sponsus,
1187 3618 1235 3664 et
1256 3612 1402 3664 vestis
1425 3650 1439 3674 ,
1471 3619 1518 3683 et
1551 3607 1746 3673 tunica,
1773 3616 1918 3661 natos
1945 3609 2000 3661 in
2038 3625 2173 3679 aqua

567 3682 654 3752 (id
692 3680 808 3747 est,
840 3680 1126 3750 baptizatos
1151 3723 1166 3749 ,
1208 3690 1268 3737 ut
1309 3695 1432 3736 mox
1475 3680 1905 3752 interpretatur:
1935 3693 2073 3750 quos
2104 3689 2174 3752 _et

569 3748 722 3832 natos
738 3795 754 3820 ,
785 3748 1157 3832 alibi'_quoque
1193 3753 1509 3832 non__sem_el
1539 3748 1589 3832 ε)
1617 3765 1732 3821 quae
1763 3748 1965 3832 multos
1986 3750 2170 3832 vestiat

569 3835 618 3878 et
638 3819 772 3896 inti,
794 3834 899 3896 etc.
924 3819 1002 3879 Ita
1036 3819 1234 3896 praeter
1267 3823 1404 3896 alios
1447 3819 1719 3896 loquitur,
1749 3833 1803 3896 et
1834 3821 2018 3896 Victor
2050 3819 2169 3896 Uti-

569 3891 744 3963 cens'.,
789 3895 860 3949 de
905 3891 1113 3964 persec.
1153 3893 1432 3964 Vrandalic.
1478 3891 1571 3947 lib.
1631 3907 1720 3964 ut,
1769 3892 1839 3964 de
1860 3891 2196 3964 Elpidoforo,

568 3962 802 4036 quodam
835 3962 1117 4036 apostata:
1148 3963 1254 4018 Hic
1278 3965 1412 4036 enim
1439 3965 1660 4036 dudum,
1698 3962 1874 4031 inquit
1902 3963 2013 4026 ille,
2056 3962 2172 4032 [ue-

570 4033 650 4092 rat
670 4038 812 4106 apud
832 4033 924 4091 nos
946 4037 1001 4090 in
1029 4035 1261 4090 Ecclesia
1285 4033 1473 4088 Fausti
1503 4035 1816 4106 baptizatus,
1847 4050 2000 4104 quem
2019 4049 2169 4089 vene-

568 4105 746 4164 rabilis
768 4107 1032 4164 Macarius
1061 4108 1310 4162 diaconus
1337 4107 1400 4160 de
1418 4106 1558 4160 alveo
1589 4105 1746 4175 fontis
1773 4115 2063 4176 susceperat
2085 4123 2172 4176 ge-

568 4191 820 4236 neratum.
872 4179 1040 4249 Cujus
1086 4194 1153 4233 eo
1202 4178 1454 4249 libentius
1485 4176 1743 4243 memini,
1785 4179 1927 4248 quod
1974 4177 2167 4241 vellem

566 4251 685 4321 ejus
714 4253 877 4308 verba
915 4248 1037 4305 cum
1073 4248 1549 4321 0ptato_conferri
1579 4288 1593 4313 ,
1640 4263 1760 4321 eum
1809 4263 1914 4302 non
1947 4249 2164 4321 gemina

567 4318 768 4392 solum,
791 4339 856 4378 ac
885 4318 1422 4392 atnpliorparabolze
1453 4319 1600 4392 illius
1630 4318 1710 4392 de
1730 4327 1881 4375 veste
1908 4318 2162 4392 nuptiali,

567 4409 688 4463 quae
715 4389 841 4450 mox
878 4395 932 4448 in
957 4389 1160 4464 Optato
1179 4391 1426 4462 sequitur
1461 4389 1790 4464 explicatio,
1836 4391 1980 4460 apud
2010 4391 2160 4464 illum

567 4461 778 4532 exstet;
811 4464 906 4522 sed
937 4473 993 4521 et
1006 4461 1359 4528 sabanorum,
1383 4465 1496 4520 sive
1529 4463 1937 4530 linteaminum,
1965 4461 2160 4532 quibus

2355 3395 2470 3467 (76)
2511 3392 2971 3467 innumerabilem.
2996 3393 3287 3464 Eleganter
3307 3410 3487 3452 unam
3522 3391 3715 3450 Christi
3742 3385 3853 3444 tani-

2278 3465 2395 3522 cam
2429 3465 2581 3521 dicit.
2615 3465 2832 3520 lucem.

2350 3537 2465 3606 (77)
2509 3537 2763 3607 Rugatur.
2798 3536 2970 3590 Nimis
3003 3536 3148 3592 laxa.
3177 3536 3428 3607 ALBASP.

2351 3602 2465 3680 (78)
2505 3607 2572 3680 ιη
2595 3602 2820 3680 heminis
2854 3607 3177 3680 immutatur.
3213 3606 3504 3666 Convenit
3532 3614 3589 3665 et
3609 3602 3771 3678 aptari
3795 3614 3871 3674 p0-

2282 3677 2384 3734 les't
2413 3677 2730 3733 mulieribus
2756 3685 2812 3732 et
2839 3677 2994 3734 viris.
3025 3678 3256 3734 ALBASP.

2353 3752 2469 3822 (Ἰῦ)
2510 3749 2705 3822 Amice,
2740 3749 2836 3822 hoc
2863 3760 2934 3822 est
2956 3791 2971 3814 ,
3003 3751 3172 3805 dicere
3207 3767 3479 3822 cognosco
3509 3761 3562 3804 te
3583 3791 3598 3816 ,
3629 3760 3732 3803 etc.
3754 3740 3870 3822 Nihil

2278 3819 2557 3877 confusius
2579 3821 2785 3890 aliquot
2824 3821 2973 3875 hisce
3014 3822 3171 3876 lineis
3216 3819 3289 3876 ιη’
3317 3821 3418 3878 hic
3451 3822 3620 3878 editae
3649 3827 3800 3890 sunt.
3833 3819 3877 3890 el

2281 3893 2442 3963 vulgo
2472 3883 2721 3948 eduntur.
2756 3891 2863 3947 Sed
2885 3898 2940 3945 et
2971 3892 3166 3948 mendo
3194 3907 3309 3948 non
3337 3904 3562 3948 carent.
3590 3891 3769 3947 Scribe
3791 3883 3870 3954 igi'

2278 3972 2387 4027 tur,
2423 3979 2507 4018 me
2534 3963 2859 4033 spondente,
2887 3963 3051 4017 amice
3074 3981 3091 4017 :
3115 3965 3212 4017 hoc
3233 3973 3312 4018 est
3345 3964 3553 4028 dicere,
3581 3972 3812 4032 cognosco
3832 3963 3872 4033 te

2278 4023 2444 4105 (ideo
2469 4045 2523 4090 et
2549 4023 2784 4105 amicum
2831 4023 3099 4103 compello
3124 4075 3140 4100 ,
3170 4035 3438 4104 scilicet)
3471 4023 3592 4089 cum
3629 4023 3880 4105 dliquando

2277 4103 2666 4160 renuntiaveras
2710 4103 2928 4159 Diabolo
2954 4147 2969 4169 ,
3015 4115 3062 4159 et
3089 4104 3156 4158 ad
3183 4122 3268 4159 me
3305 4103 3601 4160 conversus
3625 4106 3784 4172 {ueras
3803 4139 3814 4156 .
3843 4103 3882 4147 el

2277 4175 2520 4248 dederam
2553 4175 2645 4231 tibi
2669 4188 2853 4230 vestem
2881 4177 3165 4248 nuptialem
3191 4215 3207 4241 ,
3236 4187 3300 4231 ut
3330 4179 3470 4248 quid
3496 4180 3574 4232 sic
3596 4171 3770 4230 vettisti
3797 4182 3882 4221 non

2275 4245 2462 4319 habens
2495 4257 2679 4319 vestem
2724 4245 3048 4319 nuptialem?
3091 4247 3184 4302 hoc
3215 4259 3296 4302 est
3343 4245 3567 4316 dicere,
3612 4259 3768 4319 quare
3803 4253 3887 4319 non

2272 4318 2426 4390 habes
2447 4318 2583 4389 quod
2604 4319 2695 4372 tibi
2725 4308 2881 4372 dedi?
2911 4316 3079 4372 Nemo
3105 4319 3243 4390 enim
3280 4320 3459 4374 irasci
3497 4308 3662 4390 potest
3692 4329 3784 4369 non
3809 4308 3887 4359 Ιια·

2271 4389 2406 4464 benti
2436 4407 2543 4444 rem
2563 4431 2578 4455 ,
2614 4404 2729 4464 qua:
2761 4390 2891 4464 data
2930 4406 3031 4444 non
3059 4391 3146 4464 sit.
3165 4389 3410 4464 ‘Vestem
3455 4389 3772 4464 nuptialem,
3796 4392 3885 4437 etc.

2268 4460 2339 4515 Μ.
2365 4459 2597 4518 (ΣΑεΑυιι.
2630 4461 2915 4516 Restitutus
2936 4477 2966 4514 a
2989 4460 3134 4516 nobis
3157 4460 3343 4518 locus.

598 4629 3862 4665 ww

1643 4759 1756 4831 90
1805 4762 2134 4836 LIBER
2208 4760 2659 4846 SEXTUS.

568 4934 639 4990 In
668 4933 765 4987 hoc
791 4939 931 4988 sexto
960 4924 1091 4982 libro
1110 4923 1397 4982 ostenditur
1425 4929 1452 4960 ⁸
1480 4920 1744 4992 episcopos
1774 4920 1936 4991 partis
1975 4916 2169 4974 Donati
2207 4927 2387 4973 contra
2412 4920 2574 4992 legem
2603 4921 2817 4994 fregisse
2855 4921 3044 4977 altaria
3063 4962 3078 4986 ,
3105 4931 3153 4976 et
3194 4922 3617 4984 inconsiderate
3655 4921 3890 4992 conﬂasset

639 5035 690 5082 et
716 5024 907 5096 passim
935 5020 1219 5076 vendidisse
1246 5033 1367 5072 vasa
1391 5013 1668 5082 dominica,
1709 5023 1757 5068 et
1795 5012 1978 5068 lavisse
2014 5027 2130 5084 qute
2159 5011 2384 5066 lavanda
2404 5027 2508 5065 non
2542 5021 2718 5080 erant,
2749 5023 2797 5068 et
2825 5013 3050 5068 mitella:
3079 5013 3280 5085 puellis
3307 5027 3588 5086 mutasse,
3639 5018 3702 5072 de
3739 5010 3893 5083 qui“!

643 5117 793 5173 nulla
818 5115 1074 5185 scriptura
1101 5112 1309 5184 legitur.

641 5252 683 5308 l.
725 5249 894 5321 Impie
936 5263 997 5302 ac
1045 5245 1200 5301 stulte
1247 5243 1552 5298 Donatistas
1593 5239 1784 5296 altaria
1832 5238 2048 5311 fregisse
2090 5235 2170 5292 vel
2199 5237 2250 5297 D
2275 5233 2394 5293 Jam
2426 5236 2514 5294 illa
2543 5238 2880 5297 ostendenda
2930 5251 3094 5311 sunt,
3120 5257 3260 5314 qua:
3311 5245 3635 5303 crudeliter
3661 5258 3724 5298 ac
3755 5235 3889 5296 Stulte

567 5346 776 5401 rasisse.
802 5371 875 5383 —
900 5339 973 5396 Ut
1002 5337 1134 5393 mihi
1163 5336 1373 5393 videtur
1401 5333 1429 5373 ι’
1454 5375 1468 5402 ,
1498 5333 1703 5404 liquido
1733 5331 2167 5387 demonstratum

568 5451 684 5512 est,
734 5441 790 5497 in
827 5434 1025 5495 divinis
1070 5432 1428 5490 sacramentis
1469 5431 1596 5502 quid
1646 5427 1854 5484 nefarie
1902 5427 2160 5483 feceritis.

2275 5344 2373 5386 vos
2405 5332 2616 5400 fecisse,
2650 5347 2850 5406 negare
2875 5336 3098 5391 minime
3123 5337 3434 5406 poteritis.
3464 5341 3614 5410 Quid
3641 5337 3776 5395 enim
3804 5339 3887 5384 tam

2275 5423 2599 5495 sacrilegum
2637 5467 2652 5492 ,
2701 5442 2863 5498 quam
2883 5429 3072 5484 altaria
3101 5427 3201 5485 Dei
3234 5431 3340 5503 (in
3368 5434 3583 5504 quibus
3611 5441 3665 5488 et
3702 5441 3787 5484 vos
3812 5422 3887 5475 alio

1822 5539 2109 5597 LECTION
2119 5538 2201 5596 ES
2240 5536 2661 5598 VARIAN'I‘ES.

526 5654 530 5658 ’
631 5655 659 5684 ⁸
691 5650 748 5703 In
769 5663 888 5702 mss.
923 5647 978 5698 S.
1002 5643 1061 5695 T.
1089 5646 1142 5692 et
1161 5641 1221 5691 Ρ.
1325 5635 1591 5703 continetur
1612 5635 1700 5703 hoc
1725 5638 1813 5695 est,
1838 5632 1896 5682 ln
1913 5630 2076 5683 ms.S.
2105 5631 2166 5683 G.

567 5695 887 5772 οδιεηῖὶὶιῆὧί
907 5695 1186 5773 schismata,
1205 5703 1297 5753 hoc
1319 5707 1416 5773 est.
1432 5695 1679 5773 Ερίδεοιὴε
1952 5757 1990 5773 η,

633 5756 953 5831 Fidimus;
1049 5770 1108 5823 ὓ.
1136 5756 1286 5832 longe
1304 5756 1486 5819 melius
1498 5756 1643 5826 quam
1667 5764 1718 5814 in
1736 5773 1853 5812 mss.
1878 5760 1930 5811 S.
1952 5757 2012 5810 Τ.
2038 5763 2090 5808 ct
2107 5756 2165 5808 Ρ.

2271 5631 2417 5698 S._et_
2422 5630 2471 5678 in
2495 5631 2659 5698 editis,
2674 5634 3021 5698 _Indubitanter
3044 5634 3270 5698 liquido.

2334 5694 2360 5724 θ
2394 5691 2451 5742 In
2473 5707 2566 5744 ms.
2591 5691 2721 5747 SJG.
2745 5699 2937 5749 additur
2961 5701 3039 5751 hic
3053 5691 3356 5755 adnvisswn
3379 5702 3470 5758 sit.
