4152 6166
591 257 723 321 1071

1803 248 2050 312 SANC'I'I
2088 250 2342 312 ΟΡΤΑΤΙ
2378 240 2687 312 EPISCOPI

3702 262 3816 321 1072

592 376 909 450 prophetam
937 388 1099 447 posse
1142 374 1505 429 succurrere?
1537 370 1651 446 (45)
1700 372 1867 443 Igitur
1893 372 2080 427 altaria
2132 378 2186 427 et
2212 373 2269 433 Α
2290 388 2457 426 meum
2494 371 2601 427 illic
2641 372 2933 426 invocatum
2960 380 3034 425 est
3052 411 3067 436 ,
3096 370 3219 425 dicit
3248 367 3389 426 Deus
3412 368 3431 443 (
3456 368 3585 426 Nunt
3621 389 3721 440 xvi,
3741 378 3817 444 3ft,

591 487 721 529 vasa
750 481 777 508 ει
814 485 975 540 supra
1003 476 1327 532 memorata,
1360 476 1417 524 et
1462 468 1514 522 in
1549 466 1799 523 manibus
1830 468 2024 526 vestris
2050 466 2190 537 jam-
2290 464 2386 536 58)
2423 484 2437 518 :
2472 473 2527 521 et
2552 464 2737 535 utique
2755 464 2875 535 plus
2905 471 2990 519 est
3037 474 3254 534 portare
3296 479 3455 534 quam
3482 470 3823 540 tangere.Ergo

593 563 798 620 dudum
827 562 1068 629 fuerant,
1098 570 1153 616 et
1188 560 1240 615 in
1270 559 1473 616 nostris
1506 560 1588 615 :si
1630 558 1658 597 1»
1688 559 1962 614 infamatis
2000 573 2190 615 manus
2288 558 2401 628 jam
2448 556 2651 629 liquido
2699 565 2961 628 apparet,
3007 572 3073 613 ex
3118 556 3457 612 invocatione
3504 559 3709 616 nominis
3751 562 3827 619 Dei

592 664 811 711 nostras
836 694 849 720 ,
882 665 1052 723 quare
1077 650 1187 706 illic
1210 650 1481 706 damnatis
1511 659 1566 706 et
1592 650 1847 709 vestras?
1877 650 1983 707 Sed
2011 649 2190 705 dicitis

592 748 793 803 lectum
820 759 941 801 esse
975 763 988 799 :
1026 744 1178 812 Quod
1207 744 1426 816 tetigerit
1466 743 1695 816 pollutus
1719 783 1735 810 ,
1766 744 2022 815 pollutum
2070 752 2145 799 est
2171 758 2192 798 :

590 839 677 896 fac
723 838 958 909 aliquem
990 836 1252 908 pollutum
1300 851 1459 904 esse,
1494 844 1553 892 ut
1577 836 1785 907 possint
1820 836 1890 892 ab
1933 851 1999 893 eo
2049 845 2193 892 tacta

591 930 767 989 videri
791 930 910 1005 (46)
938 931 1141 1009 polluta
1174 939 1330 986 :esto
1365 930 1409 986 si
1442 930 1590 986 solus
1636 929 1709 986 sit
1759 938 1936 987 tactus
1962 972 1977 999 ,
2005 926 2193 987 etnon

2294 664 2456 721 posse
2474 650 2678 721 aliquid
2715 650 3077 718 sanetillcari,
3101 650 3263 705 etiam
3296 647 3413 721 (47)
3455 652 3496 706 si
3524 663 3744 722 peccator
3765 655 3829 709 in-

2293 754 2454 799 vocet
2493 744 2695 810 Deum;
2746 758 2858 799 non
2887 743 3032 799 enim
3082 752 3283 798 tantam
3314 744 3422 799 vim
3455 755 3620 815 potest
3667 746 3833 805 habere

2297 834 2417 907 (48)
2444 843 2617 891 tactus
2645 878 2659 902 ,
2698 845 2956 908 quantam
3002 835 3165 891 habet
3212 835 3387 891 divini
3412 838 3631 893 nominis
3654 839 3836 897 invoca-

2300 929 2376 985 tio
2407 945 2421 982 :
2453 944 2577 983 nam
2600 937 2657 984 et
2680 944 2805 995 vos,
2828 928 2920 999 qui
2948 928 3102 984 vobis
3127 926 3197 984 de
3222 938 3401 984 vestra
3419 929 3683 986 sanctitate
3725 947 3837 1001 pra:-

588 1026 920 1083 interveniat
966 1025 1235 1081 invocatio
1270 1025 1505 1080 nominis
1534 1024 1669 1089 Dei,
1697 1025 1835 1096 'quae
1875 1036 1930 1082 et
1957 1025 2196 1097 tetigerit
2297 1022 2513 1079 sumitis
2539 1064 2553 1088 ,
2582 1022 2748 1078 dicite
2776 1065 2791 1090 ,
2818 1023 2864 1078 si
2895 1030 3069 1078 tactus
3114 1022 3415 1078 sanctiﬁcat
3462 1033 3550 1079 aut
3577 1023 3837 1094 invocatio;

589 1121 835 1192 pollutus
858 1162 873 1187 ,
904 1120 1113 1192 polluta
1135 1129 1330 1185 erunt,
1363 1119 1635 1192 inquinari
1667 1130 1890 1191 possunt
1915 1121 1959 1176 si
1986 1120 2055 1176 de
2084 1120 2196 1176 Deo

592 1221 857 1269 taceatur.
884 1210 1017 1266 Nam
1042 1211 1089 1267 si
1118 1212 1190 1267 sit
1230 1212 1501 1267 invocatio
1542 1213 1777 1268 nominis
1792 1213 1903 1281 ,Dei
1924 1254 1939 1279 ,
1964 1214 2080 1285 ipsa
2115 1213 2197 1268 in-

593 1305 814 1361 vocalio
835 1304 1136 1360 sanetilicat
1164 1312 1220 1361 et
1238 1305 1382 1376 quod
1411 1306 1672 1376 pollutum
1695 1322 1816 1363 esse
1836 1307 2120 1362 videbatur
2143 1318 2192 1361 ο.

594 1396 841 1468 Denique
896 1412 1019 1452 cum
1074 1396 1306 1452 ducenta
1346 1405 1400 1452 et
1452 1397 1835 1469 quinquaginta
1887 1398 2193 1465 tburibula,

594 1505 718 1559 qua:
742 1489 1128 1560 sacrilegorum
1157 1498 1214 1545 et
1243 1500 1589 1560 peccatorum
1613 1490 1864 1547 manibus
1913 1492 2200 1561 portaban-

598 1590 709 1649 tur,
761 1596 884 1637 cum
911 1580 1134 1638 eosdem
1178 1591 1493 1652 peceatores
1541 1582 1858 1638 absorberet
1904 1591 2049 1638 terra
2074 1598 2201 1648 ,re—

594 1681 916 1729 manserunt
951 1672 1019 1728 de
1048 1672 1299 1729 manibus
1326 1688 1513 1730 eorum
1546 1689 1777 1730 excussa
1810 1673 2103 1729 tbnribnla.
2134 1674 2200 1729 Et

2301 1114 2486 1185 utique
2530 1113 2801 1170 invocatio
2822 1155 2837 1180 ,
2864 1128 2972 1170 non
3027 1122 3245 1170 tactus:
3275 1122 3370 1169 aut
3403 1114 3449 1170 si
3491 1115 3557 1171 de
3595 1116 3700 1172 solo
3725 1126 3845 1173 tactu

2301 1208 2664 1280 praesumitis,
2702 1208 2904 1281 tangite
2958 1206 3093 1281 (i9)
3141 1208 3414 1277 tabulam,
3469 1208 3719 1281 lapidem,
3772 1226 3849 1267 ve-

2301 1310 2441 1358 stem
2474 1317 2489 1357 :
2519 1298 2798 1357 videamus
2827 1315 2895 1355 an
2935 1303 3123 1357 sancta
3149 1316 3274 1358 esse
3326 1301 3533 1372 possint
3560 1343 3575 1370 ,
3602 1302 3644 1358 si
3667 1303 3729 1360 de
3756 1302 3846 1359 Deo

2303 1404 2566 1452 taceatur.

2375 1487 2466 1544 ιν.
2497 1486 2734 1562 Virgines
2755 1487 2864 1543 Deo
2895 1498 3124 1544 sacratas
3153 1505 3186 1543 a
3213 1486 3496 1545 Donatistis
3516 1491 3744 1547 immerito
3766 1490 3850 1546 vir-

2304 1582 2536 1654 ginitatis
2560 1592 2860 1637 ornamento
2894 1583 3162 1654 spoliatas.
3185 1582 3376 1639 —Jam
3407 1583 3537 1640 illud
3566 1601 3711 1655 quam
3738 1584 3853 1641 stul-

2306 1685 2458 1743 tum,
2518 1691 2679 1747 quam
2722 1691 2917 1731 vanum
2960 1686 3081 1745 est,
3126 1676 3271 1747 quod
3319 1677 3386 1733 ad
3441 1677 3777 1745 voluntatem,
3812 1685 3855 1734 ct

592 1767 724 1821 dum
756 1765 1029 1821 dubitaret
1062 1765 1245 1821 Aaron
1275 1775 1495 1821 sanctus
1526 1764 1780 1822 sacerdos
1807 1805 1820 1830 ,
1849 1765 2103 1836 quidnam
2129 1765 2199 1822 de
2227 1747 2277 1810 Β
2305 1769 2460 1839 quasi
2515 1770 2583 1825 ad
2637 1769 2955 1841 dignitatem
3019 1778 3259 1827 vestram
3315 1785 3570 1829 revocare
3613 1770 3823 1827 voluistis
3842 1811 3855 1837 ,

592 1858 662 1916 iis
710 1859 910 1915 laceret
930 1900 946 1926 ,
974 1857 1180 1915 audivit
1203 1873 1389 1915 vocem
1419 1859 1516 1915 Dei
1543 1859 1773 1917 dicentis
1804 1877 1816 1913 :
1853 1858 1997 1915 Tolle
2024 1862 2197 1917 Aaron

596 1951 706 2006 lucc
734 1967 888 2018 vasa,
917 1961 966 2005 et
987 1951 1070 2021 {ac
1099 1951 1219 2006 inde
1246 1952 1497 2020 laminas,
1530 1962 1577 2007 et
1602 1954 1805 2024 ponein
1835 1954 2037 2026 angulis
2062 1970 2198 2009 arcte

595 2043 889 2099 testamenti
913 2041 1151 2110 Domini,
1178 2027 1419 2112 quonidm
1441 2044 1558 2098 licet
1581 2046 1660 2099 illi
1692 2047 2008 2117 peccaverint
2029 2049 2118 2116 qui
2136 2066 2198 2104 ea

597 2134 861 2206 ferebant;
914 2145 1082 2189 tanien
1133 2152 1255 2192 vasa
1293 2135 1385 2190 illa
1436 2145 1614 2192 sancta
1653 2147 1806 2205 sunt,
1855 2140 1977 2210 quia
2014 2156 2198 2196 nomen

2308 1862 2426 1935 (50)
2442 1874 2495 1917 ut
2510 1862 2743 1931 virgines
2757 1861 2849 1919 Dei
2873 1876 3031 1933 agere
3045 1863 3418 1931 paenitentiam
3433 1858 3856 1934 (51)discerentd:

2305 1954 2419 2028 94
2440 1966 2498 2011 ιιι
2522 1954 2637 2028 (52)
2658 1953 2975 2027 jamdudum
3009 1954 3287 2025 professae,
3312 1958 3464 2027 signa
3503 1957 3768 2012 voluntatis
3788 1971 3859 2010 ca-

2307 2048 2508 2117 pitibus
2530 2089 2545 2114 ,
2570 2058 2758 2119 postea
2782 2046 2936 2102 vobis
2953 2046 3268 2118 iubentibus
3288 2049 3663 2112 immutarem;
3692 2046 3791 2120 (53)
3816 2052 3861 2099 ut

2308 2140 2545 2197 mitellas
2573 2137 2687 2213 (54)
2720 2141 2857 2198 alias
2876 2150 2899 2177 ε
2924 2139 3282 2211 projicercnt,
3314 2150 3369 2197 et
3400 2141 3535 2198 alias
3581 2143 3861 2212 acciperent.

1840 2249 2229 2312 LECTIONES
2267 2253 2685 2311 VARIANTES.

587 2346 594 2355 ‘
659 2343 687 2372 ι
718 2339 977 2391 Habentur
1015 2339 1121 2389 haec
1157 2338 1206 2388 in
1242 2351 1359 2390 mss.
1385 2337 1438 2391 Ε.
1466 2344 1519 2390 et
1541 2340 1595 2390 8.
1634 2338 1694 2392 G.
1720 2338 1778 2390 In
1804 2340 1942 2403 aliis,
1970 2348 2082 2394 tua:
2108 2343 2199 2394 sed

597 2405 744 2456 male.

587 2518 595 2529 ,
658 2467 687 2508 b
721 2466 843 2518 Haec
863 2464 1046 2517 desunt
1073 2465 1127 2515 in
1147 2476 1240 2514 ms.
1265 2463 1319 2515 S.
1344 2463 1405 2515 T.

2370 2347 2397 2410 °_
2430 2345 2487 2410 I_n
2507 2360 2624 2397 mss.
2649 2346 2702 2398 C.
2732 2353 2786 2410 et
2811 2348 2863 2397 8.
2984 2344 3257 2410 putabatur.

2373 2405 2402 2475 gl
2433 2407 2489 2475 in
2513 2422 2632 2459 mss.
2661 2408 2800 2475 _S._'_l“.
2831 2405 3044 2475 et_P.:S.
3080 2415 3279 2474 agerent
3301 2409 3626 2475 paenitentiam
3653 2410 3865 2463 discentes.

2374 2473 2398 2501 θ
2432 2469 2490 2519 In
2513 2484 2627 2522 mss.
2654 2472 2707 2522 S.
2733 2471 2790 2522 Τ.
2821 2477 2872 2523 et
2890 2471 2947 2522 P.
2971 2474 3022 2522 S.
3049 2469 3241 2524 aureas.

1933 2573 2296 2635 VARIORUM
2333 2576 2560 2636 NOTAE.

670 2667 789 2741 (45)
820 2665 990 2739 Igitur
1009 2664 1502 2741 altariatua‘supra
1532 2673 1830 2741 memorata.
1863 2667 2101 2724 Eruenda
2128 2686 2197 2741 ex

595 2735 895 2809 integriore
929 2742 989 2809 l'.
1031 2735 1282 2809 Balduini
1305 2736 1447 2791 libro
1490 2752 1528 2801 ι,
1558 2736 1748 2791 altaria
1792 2746 1840 2792 et
1868 2755 1992 2793 vasa
2038 2737 2198 2809 supra

597 2806 899 2867 memorata.
960 2807 1093 2876 Quae
1137 2806 1402 2863 continuo
1440 2818 1741 2879 sequuntur
1791 2810 1978 2864 tmttila
2033 2806 2197 2879 sunt,

598 2883 831 2937 restitue
871 2895 940 2935 ex
966 2879 1158 2933 eodem
1182 2878 1373 2933 codice
1398 2895 1411 2931 :
1437 2876 1610 2949 Igitur
1639 2880 1831 2933 altaria
1856 2890 1905 2935 et
1954 2896 2075 2936 vasa
2116 2876 2203 2936 su-

596 2968 696 3023 pra
726 2959 1083 3023 memorataet
1099 2950 1167 3023 in
1182 2949 1417 3023 manibus
1458 2949 1635 3003 vestris
1650 2951 1966 3023 jamdudum
1997 2954 2201 3022 fuerant

599 3020 651 3078 et
678 3024 733 3076 in
760 3022 967 3076 nostris.
997 3020 1061 3076 Si
1090 3022 1354 3093 infamatis
1383 3036 1563 3076 manus
1614 3020 1846 3086 nostras,
1877 3020 2037 3093 quare
2090 3025 2202 3079 illic

600 3093 859 3147 damnatis
887 3102 932 3147 et
953 3092 1185 3147 vestras?
1204 3091 1421 3146 lucem.

675 3163 793 3236 (46)
834 3162 1049 3236 Polluta
1094 3164 1138 3216 si
1165 3162 1323 3236 solus
1349 3170 1535 3216 tactus.
1565 3161 1711 3218 Idem
1746 3162 1883 3220 liber
1918 3181 1931 3217 :
1961 3165 2196 3236 polluta,

601 3233 739 3301 esto,
774 3233 915 3289 solus
936 3244 1102 3288 tactus
1128 3233 1216 3287 sit.
1246 3234 1465 3289 INCERT.

675 3303 790 3379 (47)
816 3304 877 3361 Si
914 3314 1166 3379 peccator.
1190 3304 1247 3360 Si
1276 3305 1322 3360 is
1350 3305 1443 3375 qui
1472 3313 1806 3361 sacramenta
1840 3305 2102 3375 celebrat,
2130 3309 2202 3365 sit

605 3375 883 3447 peccator.
916 3375 1148 3431 ALBASP.

701 3445 795 3516 48)
824 3445 1038 3516 Tactus.
1072 3446 1229 3502 Actio
1254 3445 1597 3502 celebrantis.
1646 3448 1874 3503 ALBASP.
1948 3492 1951 3495 η

701 3515 795 3579 49⁷)
826 3515 1241 3571 Tabulam.Aras
1261 3518 1654 3571 coitsccrabant
1673 3528 1727 3574 et
1742 3528 1941 3574 vestes.
1968 3520 2198 3577 Auusv.

677 3585 795 3660 (50)
822 3585 898 3660 Ut
920 3588 1163 3659 virgines.
1197 3586 1458 3660 Loquitur
1484 3588 1552 3641 de
1599 3589 1931 3658 virginibus,
1964 3607 2084 3660 qua:
2112 3608 2203 3648 es-

606 3666 732 3731 sent
753 3658 1042 3728 baptizata:
1059 3667 1189 3731 ante
1216 3658 1452 3731 scliisma
1472 3698 1488 3723 ,
1513 3666 1607 3713 aut
1632 3659 1701 3714 de
1731 3660 1795 3731 iis
1817 3676 1937 3729 quin
1968 3658 2090 3731 post
2119 3680 2205 3719 re-

605 3727 1027 3803 baptizationem
1092 3727 1160 3784 ad
1211 3727 1521 3803 Qatholieos
1577 3727 1928 3803 transierant
1952 3727 1986 3799 ,⁷
2008 3733 2205 3803 quibus

607 3802 981 3873 paenitentiam
1014 3799 1366 3873 imponebant
1401 3800 1691 3873 Donatista:
1715 3841 1731 3867 ,
1763 3802 1908 3873 quod
1952 3799 2075 3859 cum
2105 3805 2207 3862 Ca-

607 3871 824 3926 tbolicis
857 3871 1368 3927 communicassent.
1402 3872 1629 3926 ALBASP.

679 3940 797 4014 (51)
822 3945 890 3997 Τὸ
915 3941 1173 3998 Discentes
1196 3941 1358 4010 ejecit
1384 3940 1476 3995 F-r.
1508 3941 1756 4067 Bglduini
1784 3943 1949 4001 editio
1968 3945 2024 4000 2.

1582 4029 1774 4067 ncnnr.

1582 4029 1774 4069 NCERT.

686 4083 801 4158 (52)
836 4083 906 4139 Ut
925 4082 1242 4159 jgntdudum
1266 4086 1513 4159 professa:
1536 4125 1550 4149 ,
1574 4086 1723 4159 signa
1752 4086 2032 4142 voluntatis
2060 4091 2207 4159 capi-

605 4152 742 4213 tibus
762 4152 791 4223 ,⁷
819 4152 941 4211 ete.'
955 4154 1134 4229 Fallor
1181 4167 1248 4229 an
1277 4152 1505 4229 Optatus
1524 4152 1782 4229 scripsit,
1811 4167 1866 4211 ut
1896 4152 2209 4229 jamdudum

648 4231 883 4298 rofessw,
931 4225 1079 4298 signa
1110 4223 1387 4298 voluntatis
1416 4223 1668 4298 capitibus
1694 4223 1933 4297 imposita
1960 4230 2099 4285 vobis
2115 4234 2210 4298 ju-

642 4295 836 4353 enlibus
858 4295 1204 4351 immutarem.
1236 4295 1369 4349 Nam
1399 4297 1631 4367 proﬁteri
1663 4307 1710 4351 et
1737 4295 1983 4367 professa:
2034 4295 2210 4365 ἁπλῶς

604 4372 829 4441 vulgare
856 4377 939 4423 est
962 4409 975 4431 ,
1003 4367 1097 4422 sed
1124 4369 1293 4441 capite
1311 4368 1544 4441 proﬁteri
1565 4368 1715 4439 signa
1745 4369 2049 4441 uoluntatis,
2076 4374 2208 4428 mibi

604 4438 724 4519 I_mn'
776 4440 1118 4519 observatum
1144 4438 1792 4519 queinquam__ita_loqui.
1817 4441 1992 4519 gapiti
2025 4455 2205 4499 autem

607 4511 906 4582 imponere,
938 4508 1005 4582 de
1052 4507 1137 4561 his
1161 4507 1293 4582 ipsis
1345 4510 1565 4582 mitellis
1590 4507 1783 4582 iterum
1811 4507 2038 4580 Optatns
2088 4524 2210 4582 post

605 4579 772 4637 unam
799 4590 890 4635 aut
918 4579 1144 4635 alteram
1173 4579 1440 4649 paginam.
1472 4581 1726 4647 Sequitur
1757 4582 1809 4634 in
1838 4579 1939 4636 liae
1966 4579 2207 4641 editione

604 4650 961 4713 Balduiniana
982 4692 997 4716 ,
1028 4649 1353 4722 utimitrellas
1386 4651 1857 4722 aliasgproﬁcerent
1886 4653 2022 4706 alias
2052 4695 2065 4718 ,
2098 4667 2204 4711 etc.

607 4722 753 4796 quod
776 4730 934 4778 antea
964 4721 1263 4796 legebatur,
1292 4730 1348 4774 ut
1378 4720 1600 4796 mitellas
1626 4720 1810 4796 aureas
1857 4725 2165 4796 projicerent
2188 4768 2203 4794 ,

604 4790 740 4850 alias
761 4836 777 4859 ,
802 4804 909 4850 etc.
942 4790 1084 4861 quod
1106 4800 1161 4862 et
1206 4791 1424 4862 nuperis
1454 4790 1755 4862 editoribus
1800 4790 1971 4862 magis
2000 4790 2200 4852 arrisit.

607 4865 753 4937 sane
794 4860 1326 4937 _pnrpnreas__t'uisse_
1358 4860 1591 4937 mitellas
1634 4860 1755 4915 illas
1782 4902 1794 4923 .
1825 4860 2051 4937 optatus
2088 4867 2204 4937 ipse

604 4936 767 4991 ducet
792 4934 847 4988 in
878 4932 1248 5003 sequentibus.
1294 4931 1400 5003 sed
1451 4946 1637 5003 aureas
1667 4931 1883 5003 quoque
1921 4935 2087 4993 fuisse
2111 4931 2204 4994 vix

602 5007 707 5075 ipsi
739 5004 932 5075 Optato
952 5000 1300 5075 crediderim.
1327 5001 1482 5075 Quod
1509 5000 1594 5055 ltic
1619 5000 1810 5058 au'tetn'
1827 5006 2075 5063 mitrellas
2100 5051 2117 5075 ,
2148 5013 2200 5064 in

603 5071 728 5131 aliis
784 5071 952 5142 magis
981 5073 1171 5127 Latine
1226 5071 1485 5138 mitellas;
1517 5076 1760 5142 quamvis
1806 5086 1861 5130 et
1905 5071 2145 5135 mitrnlas
2172 5096 2203 5135 a

601 5146 749 5203 Julin
775 5146 966 5214 Snlino
987 5144 1276 5214 formatum
1320 5158 1425 5197 non
1456 5145 1788 5214 ignoramus.
1825 5147 1896 5202 Μ.
1930 5148 2162 5206 CASAUB.

677 5216 795 5289 (55)
832 5213 902 5270 Ut
929 5213 1183 5289 __milellas_
1228 5213 1807 5289 aureas__iprojiccrent.
1861 5218 2100 5289 Eadem,
2150 5230 2203 5276 ut

601 5284 856 5342 mitrellas
885 5284 1016 5338 alias
1048 5284 1372 5356 projicerent.
1405 5284 1663 5357 Virgilius
1694 5289 1745 5342 in
1768 5290 2047 5347 catalcctis
2086 5284 2101 5346 Ξ

696 5379 826 5443 Copa
849 5376 1041 5443 Syrisca
1065 5381 1211 5440 caput
1233 5382 1370 5440 grata
1391 5376 1617 5427 redimita
1640 5377 1845 5428 mitella.
1894 5403 1903 5407 -

600 5460 793 5517 Cicero
832 5476 930 5530 pro
958 5460 1179 5515 Rabirio
1209 5459 1528 5530 Postliuniio
1560 5476 1572 5511 :
1604 5458 1925 5515 Deliciarum
1964 5480 2119 5519 causa
2155 5476 2203 5520 et

597 5529 876 5604 voluptatis
900 5572 916 5597 ,
947 5549 1051 5586 non
1104 5530 1258 5604 modo
1285 5532 1416 5604 cives
1448 5529 1714 5604 Romanos
1770 5540 1818 5585 et
1845 5532 2038 5588 nobiles
2066 5537 2199 5591 ado-

596 5599 842 5660 lescentes
863 5645 878 5667 ,
925 5612 975 5656 et
1016 5602 1267 5667 quosdam
1316 5600 1469 5652 etiam
1518 5599 1796 5655 Senatores
1834 5618 2036 5659 summo
2084 5607 2199 5662 loco

593 5686 743 5730 natos
765 5718 780 5739 ,
806 5689 910 5728 non
937 5675 992 5727 in
1020 5669 1184 5724 hortis
1210 5680 1258 5723 et
1285 5669 1540 5724 suburbiis
1566 5671 1672 5726 suis
1691 5714 1707 5736 ,
1759 5673 1850 5727 sed
1891 5672 2116 5739 Neapoli
2139 5680 2195 5734 in

594 5745 921 5803 celeberrimo
944 5740 1139 5815 oppido
1159 5756 1276 5795 cum
1302 5739 1497 5796 mitella
1527 5756 1663 5812 ηερε
1684 5743 1928 5803 videmus.
1962 5739 2065 5805 Ubi
2086 5749 2189 5806 alia

2303 2674 2646 2743 exemplaria
2672 2674 2865 2730 habent
2886 2715 2902 2740 ,
2934 2675 3183 2729 mitrella.
3211 2674 3479 2732 Cornelio
3501 2674 3659 2732 Celso
3685 2688 3872 2732 summa:

2303 2745 2584 2815 elegantia:
2608 2748 2840 2810 medico,
2871 2746 2965 2800 lib.
2996 2762 3113 2813 vui,
3153 2747 3331 2802 c.10:
3364 2748 3561 2803 mitella
3581 2759 3659 2802 est
3684 2747 3870 2815 linteum

2304 2812 2509 2889 inquo
2541 2812 3103 2889 brachiumlractum
3151 2819 3414 2874 laesumve
3456 2818 3777 2889 suspenditur
3818 2812 3873 2869 ad

2304 2887 2525 2942 collum.
2559 2890 2787 2958 Optatus
2814 2886 3128 2944 Nonnarum
3156 2891 3273 2945 sive
3325 2886 3609 2945 sacrarum
3648 2890 3875 2955 virginum

2306 2957 2467 3031 vittas
2488 2957 2740 3031 sivefvcla
2764 2960 2930 3028 (unde
2954 2958 3132 3031 Belgis
3154 2962 3362 3016 nostris
3399 2960 3587 3026 Wiele,
3615 2958 3871 3031 Wiedoecli,

2305 3028 2559 3102 etWiile)
2590 3030 2846 3085 Mitrellas
2875 3028 3075 3102 vocat,
3092 3031 3246 3102 quasi
3283 3047 3487 3097 parvas
3527 3034 3703 3102 mitras
3735 3029 3875 3102 dicas.

2154 3132 2157 3137 -
2229 3086 2274 3149 C
2308 3098 2469 3173 _Mit_ra
2496 3086 2718 3155 verbum
2746 3115 2867 3157 esse
2910 3086 3195 3173 Syriaciun
3223 3086 3435 3171 (Graeci
3462 3086 3646 3159 dicunt
3665 3100 3877 3173 διάδημα.

2304 3169 2483 3244 Latini
2513 3173 2748 3238 vittam).
2788 3169 3464 3244 monueruntjamdudum
3511 3174 3610 3229 viri
3646 3169 3808 3244 docti.
3834 3176 3880 3225 et

2304 3242 2523 3313 proprie
2554 3244 2822 3315 signiﬁcat
2844 3244 3117 3300 vinculum
3136 3242 3244 3300 'aut
3273 3246 3681 3302 redimiculum.
3704 3243 3878 3299 Poeta:

2400 3335 2463 3386 Et
2487 3337 2665 3387 tunicae
2688 3337 2920 3397 manicas,
2948 3343 3002 3388 et
3024 3338 3209 3388 habent
3228 3338 3535 3389 redimicula
3558 3340 3725 3389 mitrae.

2305 3414 2445 3494 Yide
2473 3418 2545 3473 ibi
2573 3417 2844 3475 Servium.
2875 3417 3095 3476 INCERT.
3130 3420 3355 3476 Inutilis
3384 3432 3513 3477 nota
3542 3431 3657 3494 post
3681 3417 3882 3477 emenda-

2308 3488 2501 3542 tionem
2530 3501 2780 3546 nostram.

2381 3558 2497 3640 (δέ)
2530 3560 2775 3640 ῌὶιειιαε.
2818 3561 2971 3617 Mitra
3021 3577 3117 3640 seu
3150 3565 3377 3640 ‘Mitella
3430 3561 3881 3640 generatimﬂvitta‘.

2308 3644 2404 3685 seu
2434 3631 2614 3686 fascia:
2635 3647 2805 3701 genus
2834 3648 2946 3710 quo
2968 3635 3256 3710 redimitur
3281 3631 3531 3710 aliquid,
3560 3635 3695 3710 apud
3722 3633 3884 3690 Home-

2308 3715 2429 3782 rum
2453 3714 2744 3782 usurpatur
2776 3719 2872 3773 pro
2899 3704 3420 3782 cingulamilitari',
3455 3704 3566 3782 quo
3565 3704 3686 3782 _ilia
3710 3717 3879 3782 etven-

2312 3778 2394 3848 ter
2441 3772 2816 3848 cingebantur.
2892 3772 3051 3848 Apud
3118 3772 3510 3848 Herodotum}
3564 3775 3879 3848 Euripidem,

2310 3841 2627 3929 Moschum,
2644 3845 2896 3929 aliosque
2924 3844 3144 3929 Graecos
3162 3854 3343 3929 μίτρα
3365 3841 3604 3929 sumitur
3632 3841 3725 3920 pro
3750 3843 3883 3929 Lisci:

2309 3928 2431 3986 qlia:
2458 3926 2621 3986 caput
2644 3916 2967 3973 involvebat.
3001 3916 3205 3975 Latinis
3242 3916 3400 3981 i'dem
3433 3925 3600 3980 etiam
3630 3916 3710 3976 est
3732 3918 3879 3969 mitra.

2310 3984 2499 4062 Cicero
2520 3984 2617 4056 pro
2634 3987 2891 4062 _Rabirio:
2914 3987 3236 4044 Deliciarum
3262 4012 3432 4050 causa
3455 4006 3503 4050 et
3529 3989 3787 4062 voluptatis
3808 3998 3888 4062 μοι

2311 4056 2463 4132 modo
2475 4062 2606 4132 cives
2626 4057 2887 4115 Romanos
2911 4069 2959 4113 et
2984 4062 3177 4116 nobiles
3197 4064 3568 4121 adolescentes
3611 4056 3658 4118 et
3681 4058 3890 4132 quod“!

2313 4125 2468 4180 etiam
2499 4128 2775 4185 Senatores
2805 4147 3001 4185 smnnto
3028 4132 3141 4187 loco
3166 4145 3329 4190 natos
3353 4154 3461 4192 non
3485 4138 3542 4192 in
3555 4125 3710 4190 hortis
3730 4140 3770 4185 et
3793 4126 3891 4182 sull-

2311 4196 2477 4276 ur_biis
2524 4200 2633 4253 suis
2657 4241 2673 4264 ,
2718 4202 2809 4276 sed
2844 4200 3066 4276 Neapoli
3095 4205 3148 4257 in
3188 4207 3545 4263 celeberrimo
3587 4204 3767 4276 oppido
3799 4212 3893 4276 cuiu

2314 4267 2687 4343 initellaustepe
2714 4267 2971 4328 videmus;
2996 4272 3283 4331 Mitrarum
3342 4267 3771 4343 mitellaru'n'ique
3797 4269 3893 4340 qui‘

2315 4337 2415 4416 bus
2436 4337 2683 4416 redimita
2712 4353 2867 4416 erant
2892 4344 3065 4416 capita
3088 4350 3411 4415 prmsertim
3462 4337 3774 4406 feminarum
3801 4337 3893 4416 tne-

2314 4411 2522 4491 mincre
2570 4410 3381 4491 PloeltehLatini'Lut'Virgilius
3406 4464 3422 4488 ,
3460 4410 3894 4491 PrOpertiusJuj

2234 4477 2287 4537 D
2312 4482 2521 4536 venalis
2546 4524 2560 4549 ,
2589 4483 2939 4540 Claudianus.
2966 4485 3035 4543 Ut
3079 4477 3269 4545 anteiit
3302 4477 3584 4548 observat.
3614 4477 3816 4546 Servius
3837 4478 3892 4533 ad

2312 4550 2576 4631 [Eneidgs
2608 4555 2646 4609 l.
2677 4570 2734 4631 is
2763 4573 2776 4609 :
2810 4558 2984 4631 mitra:
3007 4557 3345 4631 feminarum
3380 4570 3517 4618 sunt
3550 4570 3609 4619 ut
3635 4555 3894 4631 pileiﬂviro-

2312 4637 2453 4701 tum.
2505 4624 2870 4701 Tcrtullianus
2919 4628 2969 4682 in
3017 4628 3111 4701 lib.
3153 4630 3226 4687 de
3256 4633 3533 4690 Vclandis
3584 4624 3888 4701 virginibus:

2312 4691 2547 4776 Christus
2575 4707 2686 4776 est,
2718 4698 2892 4776 inquit
2913 4740 2928 4764 ,
2960 4700 3049 4770 qui
3072 4710 3119 4776 et
3148 4702 3361 4760 alienas
3388 4721 3613 4776 sponsas
3638 4691 3691 4758 εἴ
3714 4697 3891 4776 mari“?

2311 4772 2388 4818 tas
2412 4767 2581 4821 velare
2599 4764 2987 4848 jubetj'utique
3007 4774 3168 4848 multo
3206 4778 3387 4848 magis
3415 4764 3578 4843 suas;
3602 4776 3689 4848 sed
3714 4786 3790 4826 υοε
3813 4764 3893 4848 {4‘

2309 4849 2571 4918 [uouemus
2601 4838 2830 4918 alterius
2857 4840 3118 4918 pudicitia
3144 4838 3407 4918 mulievres
3456 4838 3579 4918 qua:
3624 4847 3674 4918 in
3704 4839 3890 4918 nuptias

2307 4906 2562 4962 incidistis
2582 4951 2597 4974 ,
2628 4926 2691 4963 ne
2716 4911 2789 4964 sic
2814 4906 3081 4967 vélaminis
3126 4906 3549 4974 exolescatisf...
3580 4915 3739 4972 mitris
3781 4906 3892 4966 enim

2307 4985 2355 5057 et
2386 4976 2520 5057 lanis
2544 4981 2780 5057 quantum
2818 4998 2920 5036 non
2966 4983 3135 5039 velant
3190 4998 3363 5057 caput
3388 5030 3406 5057 ,
3463 4991 3559 5044 sed
3607 4987 3838 5057 colligat“,
3867 4992 3892 5029 ⁸

2305 5044 2477 5131 {male
2504 5044 2706 5131 quidem
2722 5064 2975 5131 protecta:
2994 5096 3010 5121 ,
3033 5071 3135 5131 qua
3161 5044 3575 5131 ρι-ὀρνίέσαρω
3601 5069 3672 5113 εει
3695 5044 3887 5109 fama.

2306 5115 2441 5204 Alite
2491 5115 2685 5176 modice
2715 5115 2938 5204 linteolis
2961 5167 2976 5191 ,
2996 5115 3190 5204 :credo',
3220 5115 3290 5182 ne
3322 5115 3495 5204 caput
3538 5135 3761 5204 premant
3781 5165 3795 5193 ,
3822 5134 3891 5204 ξεί

2306 5186 2374 5285 gd
2403 5205 2553 5285 att'res
2601 5208 2759 5285 arsque
2781 5186 3032 5285 ‘demissis
3055 5186 3268 5285 cerebro
3297 5186 3455 5257 ten'its
3501 5186 3806 5285 operiuntur.

2309 5257 2413 5340 liae
2465 5260 2583 5315 loco
2611 5257 2927 5340 Tertulliani
2960 5267 3273 5340 intelligere
3301 5282 3431 5340 est,
3465 5257 3656 5328 mitras
3696 5282 3783 5326 seu
3807 5259 3888 5340 nti-

2310 5329 2466 5385 tellas
2496 5346 2872 5391 ornamentum
2904 5336 3070 5393 fuisse
3119 5329 3238 5395 ιῖιηι
3294 5329 3676 5401 maritatarum
3702 5383 3716 5399 .
3762 5348 3809 5392 ιιι
3828 5334 3890 5387 Ιο·

2309 5400 2513 5485 gnitur,
2547 5413 2680 5485 .tum
2731 5407 2902 5485 etiam
2946 5409 3216 5481 virginum
3275 5413 3396 5472 Deo
3450 5417 3883 5485 desponsawum'

2306 5468 2438 5527 lude
2490 5468 2651 5552 etiam
2722 5468 3057 5552 colligitur:
3088 5468 3387 5550 quomodo
3447 5468 3655 5542 tititella
3710 5482 3885 5552 sig!!!“

2305 5553 2451 5597 esset
2474 5543 2728 5612 professae
2759 5543 3119 5624 virginitatis;
3153 5555 3293 5624 quia
3338 5559 3563 5613 scilicet
3604 5543 3777 5611 mimi
3801 5546 3886 5602 ἱυε

2302 5626 2616 5700 nouerant
2663 5625 2905 5700 omnium
2953 5623 3228 5693 virginum
3268 5643 3283 5681 :
3322 5642 3454 5683 nam
3509 5630 3764 5700 pleraeque
3795 5629 3880 5672 ¹¹⁰¹¹

2301 5683 2665 5767 vetabantur__
2691 5689 2746 5747 in
2794 5692 2973 5767 Africa
3026 5683 3335 5766 antequam
3389 5683 3701 5763 nuberem:
3743 5700 3789 5749 υι
3826 5701 3882 5743 ει

2300 5753 2406 5812 boc
2432 5757 2570 5815 libro
2622 5760 2939 5821 Tertulliani
2978 5753 3239 5833 consta't;
3294 5779 3355 5826 et
3394 5753 3879 5831 ‘n‘ééﬂci'arenwr.
