  <div class='ocr_page' id='page_1' title='image "/cluster/home/n/w/nwhite01/storage/ocr_20150623/11/hvd.32044096580402/554.png"; bbox 0 0 4152 6166; ppageno 0'>
   <div class='ocr_carea' id='block_1_1' title="bbox 339 291 3716 385">
    <p class='ocr_par' dir='ltr' id='par_1_1' title="bbox 339 291 3716 385">
     <span class='ocr_line' id='line_1_1' title="bbox 339 291 3716 385; baseline 0.01 -34"><span class='ocrx_word' id='word_1_1' title='bbox 339 291 486 351; x_wconf 71' lang='grc'>1075</span> <span class='ocrx_word' id='word_1_2' title='bbox 1184 302 1273 359; x_wconf 87' lang='lat' dir='ltr'><strong>DE</strong></span> <span class='ocrx_word' id='word_1_3' title='bbox 1311 301 1697 363; x_wconf 78' lang='lat' dir='ltr'><strong>SCHISMATE</strong></span> <span class='ocrx_word' id='word_1_4' title='bbox 1736 302 2284 367; x_wconf 76' lang='lat' dir='ltr'><strong>DONATISTARUM</strong></span> <span class='ocrx_word' id='word_1_5' title='bbox 2326 306 2537 368; x_wconf 82' lang='lat' dir='ltr'><strong>LIBER</strong></span> <span class='ocrx_word' id='word_1_6' title='bbox 2576 311 2873 371; x_wconf 77' lang='lat' dir='ltr'><strong>SEXTUS.</strong></span> <span class='ocrx_word' id='word_1_7' title='bbox 3573 328 3716 385; x_wconf 67' lang='grc'><strong>1674</strong></span> 
     </span>
    </p>
   </div>
   <div class='ocr_carea' id='block_1_2' title="bbox 329 411 3723 516">
    <p class='ocr_par' dir='ltr' id='par_1_2' title="bbox 329 411 3723 516">
     <span class='ocr_line' id='line_1_2' title="bbox 329 411 3723 516; baseline 0.013 -55"><span class='ocrx_word' id='word_1_8' title='bbox 329 412 530 516; x_wconf 65' lang='lat' dir='ltr'><strong>Primp</strong></span> <span class='ocrx_word' id='word_1_9' title='bbox 585 411 752 471; x_wconf 86' lang='lat' dir='ltr'><strong>dicite</strong></span> <span class='ocrx_word' id='word_1_10' title='bbox 808 413 1008 516; x_wconf 65' lang='lat' dir='ltr'><strong>nobis,</strong></span> <span class='ocrx_word' id='word_1_11' title='bbox 1056 415 1152 516; x_wconf 80' lang='lat' dir='ltr'><strong>ubi</strong></span> <span class='ocrx_word' id='word_1_12' title='bbox 1203 418 1356 516; x_wconf 84' lang='lat' dir='ltr'><strong>vobis</strong></span> <span class='ocrx_word' id='word_1_13' title='bbox 1401 420 1469 476; x_wconf 90' lang='lat' dir='ltr'><strong>de</strong></span> <span class='ocrx_word' id='word_1_14' title='bbox 1513 422 1731 478; x_wconf 81' lang='lat' dir='ltr'><strong>mitellis</strong></span> <span class='ocrx_word' id='word_1_15' title='bbox 1776 421 1979 493; x_wconf 87' lang='lat' dir='ltr'><strong>aliquid</strong></span> <span class='ocrx_word' id='word_1_16' title='bbox 2006 424 2319 496; x_wconf 73' lang='lat' dir='ltr'><strong>Avirginis</strong></span> <span class='ocrx_word' id='word_1_17' title='bbox 2337 431 2517 500; x_wconf 87' lang='lat' dir='ltr'><strong>capiti</strong></span> <span class='ocrx_word' id='word_1_18' title='bbox 2550 432 2978 504; x_wconf 74' lang='lat' dir='ltr'><strong>imponerentur,</strong></span> <span class='ocrx_word' id='word_1_19' title='bbox 3009 443 3067 490; x_wconf 89' lang='lat' dir='ltr'><strong>ut</strong></span> <span class='ocrx_word' id='word_1_20' title='bbox 3096 438 3553 516; x_wconf 78' lang='lat' dir='ltr'><strong>quotiescumque</strong></span> <span class='ocrx_word' id='word_1_21' title='bbox 3601 446 3723 503; x_wconf 86' lang='lat' dir='ltr'><strong>ani-—</strong></span> 
     </span>
    </p>
   </div>
   <div class='ocr_carea' id='block_1_3' title="bbox 322 506 3723 613">
    <p class='ocr_par' dir='ltr' id='par_1_3' title="bbox 322 506 3723 613">
     <span class='ocr_line' id='line_1_3' title="bbox 322 506 3723 613; baseline 0.01 -50"><span class='ocrx_word' id='word_1_22' title='bbox 322 507 664 563; x_wconf 86' lang='lat' dir='ltr'><strong>mandatum</strong></span> <span class='ocrx_word' id='word_1_23' title='bbox 714 506 839 613; x_wconf 71' lang='lat' dir='ltr'><strong>est?</strong></span> <span class='ocrx_word' id='word_1_24' title='bbox 872 508 1158 613; x_wconf 50' lang='lat' dir='ltr'><strong>t&#39;icginilas</strong></span> <span class='ocrx_word' id='word_1_25' title='bbox 1203 511 1348 566; x_wconf 76' lang='lat' dir='ltr'><strong>ettim</strong></span> <span class='ocrx_word' id='word_1_26' title='bbox 1386 513 1677 570; x_wconf 82' lang='lat' dir='ltr'><strong>voluntatis</strong></span> <span class='ocrx_word' id='word_1_27' title='bbox 1725 530 1815 570; x_wconf 89' lang='lat' dir='ltr'><strong>res</strong></span> <span class='ocrx_word' id='word_1_28' title='bbox 1864 522 1979 583; x_wconf 90' lang='lat' dir='ltr'><strong>est,</strong></span> <span class='ocrx_word' id='word_1_29' title='bbox 2090 533 2244 576; x_wconf 91' lang='lat' dir='ltr'><strong>mum</strong></span> <span class='ocrx_word' id='word_1_30' title='bbox 2280 524 2465 579; x_wconf 83' lang='lat' dir='ltr'><strong>carnis</strong></span> <span class='ocrx_word' id='word_1_31' title='bbox 2495 523 2768 582; x_wconf 89' lang='lat' dir='ltr'><strong>desideria</strong></span> <span class='ocrx_word' id='word_1_32' title='bbox 2810 540 3149 599; x_wconf 85' lang='lat' dir='ltr'><strong>pungerent,</strong></span> <span class='ocrx_word' id='word_1_33' title='bbox 3197 542 3395 590; x_wconf 88' lang='lat' dir='ltr'><strong>contra</strong></span> <span class='ocrx_word' id='word_1_34' title='bbox 3437 506 3723 613; x_wconf 79' lang='lat' dir='ltr'><strong>impugna-</strong></span> 
     </span>
    </p>
   </div>
   <div class='ocr_carea' id='block_1_4' title="bbox 316 600 3725 692">
    <p class='ocr_par' dir='ltr' id='par_1_4' title="bbox 316 600 3725 692">
     <span class='ocr_line' id='line_1_4' title="bbox 316 600 3725 692; baseline 0.01 -34"><span class='ocrx_word' id='word_1_35' title='bbox 316 616 438 659; x_wconf 87' lang='lat' dir='ltr'><strong>non</strong></span> <span class='ocrx_word' id='word_1_36' title='bbox 474 601 835 658; x_wconf 80' lang='lat' dir='ltr'><strong>necessitatis</strong></span> <span class='ocrx_word' id='word_1_37' title='bbox 861 600 1006 677; x_wconf 85' lang='lat'><strong>(55).</strong></span> <span class='ocrx_word' id='word_1_38' title='bbox 1038 602 1287 675; x_wconf 90' lang='lat' dir='ltr'><strong>Denique</strong></span> <span class='ocrx_word' id='word_1_39' title='bbox 1308 606 1641 664; x_wconf 89' lang='lat' dir='ltr'><strong>stabularius</strong></span> <span class='ocrx_word' id='word_1_40' title='bbox 1668 609 1757 665; x_wconf 84' lang='lat' dir='ltr'><strong>ille</strong></span> <span class='ocrx_word' id='word_1_41' title='bbox 1783 608 1986 664; x_wconf 91' lang='lat' dir='ltr'><strong>Paulus</strong></span> <span class='ocrx_word' id='word_1_42' title='bbox 2092 612 2302 670; x_wconf 83' lang='lat' dir='ltr'><strong>tionem</strong></span> <span class='ocrx_word' id='word_1_43' title='bbox 2350 617 2552 672; x_wconf 90' lang='lat' dir='ltr'><strong>mentis</strong></span> <span class='ocrx_word' id='word_1_44' title='bbox 2596 618 2930 673; x_wconf 86' lang='lat' dir='ltr'><strong>mitellarum</strong></span> <span class='ocrx_word' id='word_1_45' title='bbox 2964 636 3224 679; x_wconf 89' lang='lat' dir='ltr'><strong>numerus</strong></span> <span class='ocrx_word' id='word_1_46' title='bbox 3251 600 3725 692; x_wconf 27' lang='lat' dir='ltr'><strong>dimicare-till“</strong></span> 
     </span>
    </p>
   </div>
   <div class='ocr_carea' id='block_1_5' title="bbox 310 692 3724 783">
    <p class='ocr_par' dir='ltr' id='par_1_5' title="bbox 310 692 3724 783">
     <span class='ocr_line' id='line_1_5' title="bbox 310 692 3724 783; baseline 0.006 -30"><span class='ocrx_word' id='word_1_47' title='bbox 310 695 630 766; x_wconf 79' lang='lat' dir='ltr'><strong>apostolus</strong></span> <span class='ocrx_word' id='word_1_48' title='bbox 658 692 796 767; x_wconf 85' lang='lat'><strong>(56),</strong></span> <span class='ocrx_word' id='word_1_49' title='bbox 821 695 907 750; x_wconf 91' lang='lat' dir='ltr'><strong>cui</strong></span> <span class='ocrx_word' id='word_1_50' title='bbox 943 693 1244 754; x_wconf 80' lang='lat' dir='ltr'><strong>confossus</strong></span> <span class='ocrx_word' id='word_1_51' title='bbox 1285 713 1639 769; x_wconf 77' lang='lat' dir='ltr'><strong>peccatorum</strong></span> <span class='ocrx_word' id='word_1_52' title='bbox 1671 701 1987 757; x_wconf 76' lang='lat' dir='ltr'><strong>vulneribus</strong></span> <span class='ocrx_word' id='word_1_53' title='bbox 2092 706 2317 761; x_wconf 90' lang='lat' dir='ltr'><strong>inventa</strong></span> <span class='ocrx_word' id='word_1_54' title='bbox 2359 717 2447 763; x_wconf 90' lang='lat' dir='ltr'><strong>est</strong></span> <span class='ocrx_word' id='word_1_55' title='bbox 2483 708 2551 764; x_wconf 90' lang='lat' dir='ltr'><strong>ad</strong></span> <span class='ocrx_word' id='word_1_56' title='bbox 2591 709 2809 781; x_wconf 87' lang='lat' dir='ltr'><strong>signum</strong></span> <span class='ocrx_word' id='word_1_57' title='bbox 2856 712 3050 781; x_wconf 91' lang='lat' dir='ltr'><strong>capitis</strong></span> <span class='ocrx_word' id='word_1_58' title='bbox 3076 755 3092 780; x_wconf 88' lang='lat'><strong>,</strong></span> <span class='ocrx_word' id='word_1_59' title='bbox 3136 729 3246 771; x_wconf 89' lang='lat' dir='ltr'><strong>non</strong></span> <span class='ocrx_word' id='word_1_60' title='bbox 3284 718 3354 773; x_wconf 91' lang='lat' dir='ltr'><strong>ad</strong></span> <span class='ocrx_word' id='word_1_61' title='bbox 3415 724 3724 783; x_wconf 80' lang='lat' dir='ltr'><strong>remedium</strong></span> 
     </span>
    </p>
   </div>
   <div class='ocr_carea' id='block_1_6' title="bbox 311 789 3724 887">
    <p class='ocr_par' dir='ltr' id='par_1_6' title="bbox 311 789 3724 887">
     <span class='ocr_line' id='line_1_6' title="bbox 311 789 3724 887; baseline 0.008 -42"><span class='ocrx_word' id='word_1_62' title='bbox 311 792 577 862; x_wconf 81' lang='lat' dir='ltr'><strong>populus</strong></span> <span class='ocrx_word' id='word_1_63' title='bbox 611 789 1026 887; x_wconf 69' lang='lat' dir='ltr'><strong>commendatus</strong></span> <span class='ocrx_word' id='word_1_64' title='bbox 1048 798 1161 859; x_wconf 89' lang='lat' dir='ltr'><strong>est,</strong></span> <span class='ocrx_word' id='word_1_65' title='bbox 1180 800 1207 828; x_wconf 68' lang='grc' dir='ltr'><em>λ</em></span> <span class='ocrx_word' id='word_1_66' title='bbox 1230 791 1372 848; x_wconf 92' lang='lat' dir='ltr'><strong>duos</strong></span> <span class='ocrx_word' id='word_1_67' title='bbox 1401 794 1682 862; x_wconf 79' lang='lat' dir='ltr'><strong>denarios,</strong></span> <span class='ocrx_word' id='word_1_68' title='bbox 1709 808 1845 866; x_wconf 89' lang='lat' dir='ltr'><strong>quos</strong></span> <span class='ocrx_word' id='word_1_69' title='bbox 1866 809 1990 851; x_wconf 87' lang='lat' dir='ltr'><strong>ero-</strong></span> <span class='ocrx_word' id='word_1_70' title='bbox 2090 797 2382 853; x_wconf 81' lang='lat' dir='ltr'><strong>castitatis.</strong></span> <span class='ocrx_word' id='word_1_71' title='bbox 2436 800 2676 872; x_wconf 85' lang='lat' dir='ltr'><strong>Denique</strong></span> <span class='ocrx_word' id='word_1_72' title='bbox 2729 801 2851 871; x_wconf 85' lang='lat' dir='ltr'><strong>(6i)</strong></span> <span class='ocrx_word' id='word_1_73' title='bbox 2877 803 2998 859; x_wconf 86' lang='lat' dir='ltr'><strong>talis</strong></span> <span class='ocrx_word' id='word_1_74' title='bbox 3049 820 3260 876; x_wconf 91' lang='lat' dir='ltr'><strong>pannus</strong></span> <span class='ocrx_word' id='word_1_75' title='bbox 3295 819 3558 873; x_wconf 86' lang='lat' dir='ltr'><strong>etcrrare</strong></span> <span class='ocrx_word' id='word_1_76' title='bbox 3583 827 3632 887; x_wconf 73' lang='grc' dir='ltr'><strong>θ,</strong></span> <span class='ocrx_word' id='word_1_77' title='bbox 3662 828 3724 877; x_wconf 88' lang='lat' dir='ltr'><strong>et</strong></span> 
     </span>
    </p>
   </div>
   <div class='ocr_carea' id='block_1_7' title="bbox 310 882 3720 975">
    <p class='ocr_par' dir='ltr' id='par_1_7' title="bbox 310 882 3720 975">
     <span class='ocr_line' id='line_1_7' title="bbox 310 882 3720 975; baseline 0.007 -38"><span class='ocrx_word' id='word_1_78' title='bbox 310 893 521 956; x_wconf 88' lang='lat' dir='ltr'><strong>gasset</strong></span> <span class='ocrx_word' id='word_1_79' title='bbox 551 925 566 950; x_wconf 90' lang='lat'><strong>,</strong></span> <span class='ocrx_word' id='word_1_80' title='bbox 602 892 892 954; x_wconf 85' lang='lat' dir='ltr'><strong>acceperat</strong></span> <span class='ocrx_word' id='word_1_81' title='bbox 932 882 1111 957; x_wconf 83' lang='lat' dir='ltr'><strong>(Luc.</strong></span> <span class='ocrx_word' id='word_1_82' title='bbox 1142 901 1197 939; x_wconf 71' lang='grc' dir='ltr'>ι.</span> <span class='ocrx_word' id='word_1_83' title='bbox 1270 886 1400 958; x_wconf 85' lang='grc'>50),</span> <span class='ocrx_word' id='word_1_84' title='bbox 1429 887 1541 942; x_wconf 89' lang='lat' dir='ltr'><strong>duo</strong></span> <span class='ocrx_word' id='word_1_85' title='bbox 1563 888 1774 944; x_wconf 89' lang='lat' dir='ltr'><strong>scilicet</strong></span> <span class='ocrx_word' id='word_1_86' title='bbox 1818 896 1988 944; x_wconf 89' lang='lat' dir='ltr'><strong>testa-</strong></span> <span class='ocrx_word' id='word_1_87' title='bbox 2093 888 2216 945; x_wconf 77' lang='lat' dir='ltr'><strong>radi</strong></span> <span class='ocrx_word' id='word_1_88' title='bbox 2244 931 2259 954; x_wconf 92' lang='lat'><strong>,</strong></span> <span class='ocrx_word' id='word_1_89' title='bbox 2293 900 2349 944; x_wconf 90' lang='lat' dir='ltr'><strong>et</strong></span> <span class='ocrx_word' id='word_1_90' title='bbox 2379 892 2558 962; x_wconf 89' lang='lat' dir='ltr'><strong>perire</strong></span> <span class='ocrx_word' id='word_1_91' title='bbox 2588 903 2809 965; x_wconf 88' lang='lat' dir='ltr'><strong>potest;</strong></span> <span class='ocrx_word' id='word_1_92' title='bbox 2834 905 2888 950; x_wconf 92' lang='lat' dir='ltr'><strong>et</strong></span> <span class='ocrx_word' id='word_1_93' title='bbox 2918 906 3095 954; x_wconf 91' lang='lat' dir='ltr'><strong>tamen</strong></span> <span class='ocrx_word' id='word_1_94' title='bbox 3124 901 3442 975; x_wconf 82' lang='lat' dir='ltr'><strong>virginitas,</strong></span> <span class='ocrx_word' id='word_1_95' title='bbox 3474 911 3520 964; x_wconf 89' lang='lat' dir='ltr'><strong>si</strong></span> <span class='ocrx_word' id='word_1_96' title='bbox 3546 882 3720 969; x_wconf 44' lang='lat' dir='ltr'><strong>illinsa</strong></span> 
     </span>
    </p>
   </div>
   <div class='ocr_carea' id='block_1_8' title="bbox 315 978 1988 1054">
    <p class='ocr_par' dir='ltr' id='par_1_8' title="bbox 315 978 1988 1054">
     <span class='ocr_line' id='line_1_8' title="bbox 315 978 1988 1054; baseline 0 -16"><span class='ocrx_word' id='word_1_97' title='bbox 315 989 552 1045; x_wconf 83' lang='lat' dir='ltr'><strong>menta,</strong></span> <span class='ocrx_word' id='word_1_98' title='bbox 580 980 705 1035; x_wconf 67' lang='lat' dir='ltr'><strong>hate</strong></span> <span class='ocrx_word' id='word_1_99' title='bbox 736 994 829 1051; x_wconf 90' lang='lat' dir='ltr'><strong>per</strong></span> <span class='ocrx_word' id='word_1_100' title='bbox 846 978 1154 1035; x_wconf 85' lang='lat' dir='ltr'><strong>doctrinam</strong></span> <span class='ocrx_word' id='word_1_101' title='bbox 1184 979 1302 1054; x_wconf 84' lang='grc'>(57)</span> <span class='ocrx_word' id='word_1_102' title='bbox 1320 982 1477 1053; x_wconf 84' lang='lat' dir='ltr'><strong>quasi</strong></span> <span class='ocrx_word' id='word_1_103' title='bbox 1494 992 1749 1053; x_wconf 90' lang='lat' dir='ltr'><strong>sumptus</strong></span> <span class='ocrx_word' id='word_1_104' title='bbox 1775 983 1988 1053; x_wconf 91' lang='lat' dir='ltr'><strong>impen-</strong></span> 
     </span>
    </p>
   </div>
   <div class='ocr_carea' id='block_1_9' title="bbox 327 1072 1993 1146">
    <p class='ocr_par' dir='ltr' id='par_1_9' title="bbox 327 1072 1993 1146">
     <span class='ocr_line' id='line_1_9' title="bbox 327 1072 1993 1146; baseline 0.002 -17"><span class='ocrx_word' id='word_1_105' title='bbox 327 1072 452 1140; x_wconf 89' lang='lat' dir='ltr'><strong>dit;</strong></span> <span class='ocrx_word' id='word_1_106' title='bbox 487 1073 687 1129; x_wconf 89' lang='lat' dir='ltr'><strong>docuit</strong></span> <span class='ocrx_word' id='word_1_107' title='bbox 729 1073 998 1144; x_wconf 89' lang='lat' dir='ltr'><strong>quomodo</strong></span> <span class='ocrx_word' id='word_1_108' title='bbox 1039 1074 1363 1146; x_wconf 69' lang='lat' dir='ltr'><strong>coniugales</strong></span> <span class='ocrx_word' id='word_1_109' title='bbox 1407 1072 1714 1132; x_wconf 86' lang='lat' dir='ltr'><strong>Christiani</strong></span> <span class='ocrx_word' id='word_1_110' title='bbox 1757 1075 1993 1132; x_wconf 90' lang='lat' dir='ltr'><strong>debeant</strong></span> 
     </span>
    </p>
   </div>
   <div class='ocr_carea' id='block_1_10' title="bbox 333 1169 1992 1240">
    <p class='ocr_par' dir='ltr' id='par_1_10' title="bbox 333 1169 1992 1240">
     <span class='ocr_line' id='line_1_10' title="bbox 333 1169 1992 1240; baseline 0 -15"><span class='ocrx_word' id='word_1_111' title='bbox 333 1170 580 1225; x_wconf 89' lang='lat' dir='ltr'><strong>vivere:</strong></span> <span class='ocrx_word' id='word_1_112' title='bbox 623 1183 656 1222; x_wconf 88' lang='lat' dir='ltr'><strong>a</strong></span> <span class='ocrx_word' id='word_1_113' title='bbox 683 1182 794 1240; x_wconf 89' lang='lat' dir='ltr'><strong>quo</strong></span> <span class='ocrx_word' id='word_1_114' title='bbox 840 1182 959 1223; x_wconf 93' lang='lat' dir='ltr'><strong>cum</strong></span> <span class='ocrx_word' id='word_1_115' title='bbox 1008 1177 1356 1240; x_wconf 66' lang='lat' dir='ltr'><strong>quaereretur</strong></span> <span class='ocrx_word' id='word_1_116' title='bbox 1400 1169 1535 1239; x_wconf 86' lang='lat' dir='ltr'><strong>quid</strong></span> <span class='ocrx_word' id='word_1_117' title='bbox 1584 1170 1655 1225; x_wconf 91' lang='lat' dir='ltr'><strong>de</strong></span> <span class='ocrx_word' id='word_1_118' title='bbox 1696 1169 1992 1239; x_wconf 80' lang='lat' dir='ltr'><strong>virginibus</strong></span> 
     </span>
    </p>
   </div>
   <div class='ocr_carea' id='block_1_11' title="bbox 341 1257 1989 1333">
    <p class='ocr_par' dir='ltr' id='par_1_11' title="bbox 341 1257 1989 1333">
     <span class='ocr_line' id='line_1_11' title="bbox 341 1257 1989 1333; baseline -0.001 -16"><span class='ocrx_word' id='word_1_119' title='bbox 341 1258 725 1333; x_wconf 69' lang='lat' dir='ltr'><strong>prmciperet?</strong></span> <span class='ocrx_word' id='word_1_120' title='bbox 753 1257 1039 1329; x_wconf 87' lang='lat' dir='ltr'><strong>respondit</strong></span> <span class='ocrx_word' id='word_1_121' title='bbox 1061 1298 1075 1322; x_wconf 87' lang='lat'><strong>,</strong></span> <span class='ocrx_word' id='word_1_122' title='bbox 1104 1258 1240 1315; x_wconf 87' lang='lat' dir='ltr'><strong>nihil</strong></span> <span class='ocrx_word' id='word_1_123' title='bbox 1269 1273 1395 1315; x_wconf 89' lang='lat' dir='ltr'><strong>esse</strong></span> <span class='ocrx_word' id='word_1_124' title='bbox 1426 1259 1749 1314; x_wconf 85' lang='lat' dir='ltr'><strong>mandatum</strong></span> <span class='ocrx_word' id='word_1_125' title='bbox 1779 1257 1838 1333; x_wconf 88' lang='grc' dir='ltr'>(Ι</span> <span class='ocrx_word' id='word_1_126' title='bbox 1869 1258 1989 1315; x_wconf 87' lang='lat' dir='ltr'><strong>Cor.</strong></span> 
     </span>
    </p>
   </div>
   <div class='ocr_carea' id='block_1_12' title="bbox 346 1350 1992 1426">
    <p class='ocr_par' dir='ltr' id='par_1_12' title="bbox 346 1350 1992 1426">
     <span class='ocr_line' id='line_1_12' title="bbox 346 1350 1992 1426; baseline -0.002 -15"><span class='ocrx_word' id='word_1_127' title='bbox 346 1370 448 1421; x_wconf 87' lang='lat' dir='ltr'><strong>vtt,</strong></span> <span class='ocrx_word' id='word_1_128' title='bbox 470 1352 600 1426; x_wconf 74' lang='lat'><strong>25).</strong></span> <span class='ocrx_word' id='word_1_129' title='bbox 618 1350 919 1409; x_wconf 78' lang='lat' dir='ltr'><strong>Confessus</strong></span> <span class='ocrx_word' id='word_1_130' title='bbox 938 1358 1023 1406; x_wconf 91' lang='lat' dir='ltr'><strong>est</strong></span> <span class='ocrx_word' id='word_1_131' title='bbox 1044 1365 1104 1407; x_wconf 90' lang='lat' dir='ltr'><strong>se</strong></span> <span class='ocrx_word' id='word_1_132' title='bbox 1118 1351 1599 1418; x_wconf 84' lang='lat' dir='ltr'><strong>duotestamenta,</strong></span> <span class='ocrx_word' id='word_1_133' title='bbox 1623 1350 1726 1405; x_wconf 88' lang='lat' dir='ltr'><strong>hoc</strong></span> <span class='ocrx_word' id='word_1_134' title='bbox 1748 1359 1853 1419; x_wconf 89' lang='lat' dir='ltr'><strong>est,</strong></span> <span class='ocrx_word' id='word_1_135' title='bbox 1873 1352 1992 1424; x_wconf 87' lang='lat'><strong>(58)</strong></span> 
     </span>
    </p>
   </div>
   <div class='ocr_carea' id='block_1_13' title="bbox 349 1440 3724 1529">
    <p class='ocr_par' dir='ltr' id='par_1_13' title="bbox 349 1440 3724 1529">
     <span class='ocr_line' id='line_1_13' title="bbox 349 1440 3724 1529; baseline 0.005 -27"><span class='ocrx_word' id='word_1_136' title='bbox 349 1446 495 1503; x_wconf 90' lang='lat' dir='ltr'><strong>duos</strong></span> <span class='ocrx_word' id='word_1_137' title='bbox 522 1444 787 1502; x_wconf 86' lang='lat' dir='ltr'><strong>denarios</strong></span> <span class='ocrx_word' id='word_1_138' title='bbox 816 1456 1106 1514; x_wconf 79' lang='lat' dir='ltr'><strong>erogasse:</strong></span> <span class='ocrx_word' id='word_1_139' title='bbox 1134 1443 1377 1515; x_wconf 80' lang='lat' dir='ltr'><strong>expliciti</strong></span> <span class='ocrx_word' id='word_1_140' title='bbox 1399 1451 1567 1498; x_wconf 87' lang='lat' dir='ltr'><strong>erant</strong></span> <span class='ocrx_word' id='word_1_141' title='bbox 1595 1440 1997 1512; x_wconf 88' lang='lat' dir='ltr'><strong>quodammodo</strong></span> <span class='ocrx_word' id='word_1_142' title='bbox 2098 1444 2358 1501; x_wconf 63' lang='lat' dir='ltr'><strong>caelestes</strong></span> <span class='ocrx_word' id='word_1_143' title='bbox 2400 1447 2821 1504; x_wconf 87' lang='lat' dir='ltr'><strong>celebraverant</strong></span> <span class='ocrx_word' id='word_1_144' title='bbox 2869 1452 3106 1521; x_wconf 85' lang='lat' dir='ltr'><strong>nuptias.</strong></span> <span class='ocrx_word' id='word_1_145' title='bbox 3144 1452 3283 1523; x_wconf 85' lang='lat' dir='ltr'><strong>Quid</strong></span> <span class='ocrx_word' id='word_1_146' title='bbox 3312 1467 3398 1513; x_wconf 90' lang='lat' dir='ltr'><strong>est</strong></span> <span class='ocrx_word' id='word_1_147' title='bbox 3437 1440 3580 1529; x_wconf 80' lang='lat' dir='ltr'><strong>quad</strong></span> <span class='ocrx_word' id='word_1_148' title='bbox 3626 1475 3724 1518; x_wconf 89' lang='lat' dir='ltr'><strong>eas</strong></span> 
     </span>
    </p>
   </div>
   <div class='ocr_carea' id='block_1_14' title="bbox 352 1534 3720 1624">
    <p class='ocr_par' dir='ltr' id='par_1_14' title="bbox 352 1534 3720 1624">
     <span class='ocr_line' id='line_1_14' title="bbox 352 1534 3720 1624; baseline 0.004 -28"><span class='ocrx_word' id='word_1_149' title='bbox 352 1536 771 1610; x_wconf 84' lang='lat' dir='ltr'><strong>sumptus,(59)</strong></span> <span class='ocrx_word' id='word_1_150' title='bbox 789 1536 882 1593; x_wconf 85' lang='lat' dir='ltr'><strong>sed</strong></span> <span class='ocrx_word' id='word_1_151' title='bbox 896 1536 1022 1609; x_wconf 88' lang='lat' dir='ltr'><strong>quia</strong></span> <span class='ocrx_word' id='word_1_152' title='bbox 1046 1534 1184 1607; x_wconf 60' lang='lat' dir='ltr'><strong>1)qui</strong></span> <span class='ocrx_word' id='word_1_153' title='bbox 1213 1537 1456 1592; x_wconf 91' lang='lat' dir='ltr'><strong>saucium</strong></span> <span class='ocrx_word' id='word_1_154' title='bbox 1486 1535 1994 1605; x_wconf 87' lang='lat' dir='ltr'><strong>commendaverat,</strong></span> <span class='ocrx_word' id='word_1_155' title='bbox 2100 1539 2298 1594; x_wconf 92' lang='lat' dir='ltr'><strong>iterum</strong></span> <span class='ocrx_word' id='word_1_156' title='bbox 2329 1541 2511 1598; x_wconf 87' lang='lat' dir='ltr'><strong>crines</strong></span> <span class='ocrx_word' id='word_1_157' title='bbox 2538 1544 2759 1598; x_wconf 88' lang='lat' dir='ltr'><strong>solvere</strong></span> <span class='ocrx_word' id='word_1_158' title='bbox 2788 1544 3091 1614; x_wconf 88' lang='lat' dir='ltr'><strong>coegistis?</strong></span> <span class='ocrx_word' id='word_1_159' title='bbox 3120 1548 3269 1617; x_wconf 87' lang='lat' dir='ltr'><strong>quid,</strong></span> <span class='ocrx_word' id='word_1_160' title='bbox 3296 1550 3540 1622; x_wconf 89' lang='lat' dir='ltr'><strong>inquam,</strong></span> <span class='ocrx_word' id='word_1_161' title='bbox 3570 1556 3720 1624; x_wconf 88' lang='lat' dir='ltr'><strong>quod</strong></span> 
     </span>
    </p>
   </div>
   <div class='ocr_carea' id='block_1_15' title="bbox 357 1628 3721 1714">
    <p class='ocr_par' dir='ltr' id='par_1_15' title="bbox 357 1628 3721 1714">
     <span class='ocr_line' id='line_1_15' title="bbox 357 1628 3721 1714; baseline 0.004 -25"><span class='ocrx_word' id='word_1_162' title='bbox 357 1633 694 1706; x_wconf 82' lang='lat' dir='ltr'><strong>promiserat</strong></span> <span class='ocrx_word' id='word_1_163' title='bbox 720 1645 782 1687; x_wconf 89' lang='lat' dir='ltr'><strong>se</strong></span> <span class='ocrx_word' id='word_1_164' title='bbox 811 1628 1151 1687; x_wconf 87' lang='lat' dir='ltr'><strong>redditurum</strong></span> <span class='ocrx_word' id='word_1_165' title='bbox 1178 1629 1436 1701; x_wconf 89' lang='lat' dir='ltr'><strong>quidquid</strong></span> <span class='ocrx_word' id='word_1_166' title='bbox 1459 1630 1516 1685; x_wconf 89' lang='lat' dir='ltr'><strong>in</strong></span> <span class='ocrx_word' id='word_1_167' title='bbox 1550 1644 1741 1685; x_wconf 91' lang='lat' dir='ltr'><strong>curam</strong></span> <span class='ocrx_word' id='word_1_168' title='bbox 1765 1630 1997 1701; x_wconf 88' lang='lat' dir='ltr'><strong>amplius</strong></span> <span class='ocrx_word' id='word_1_169' title='bbox 2099 1630 2171 1686; x_wconf 91' lang='lat' dir='ltr'><strong>ab</strong></span> <span class='ocrx_word' id='word_1_170' title='bbox 2225 1631 2357 1700; x_wconf 86' lang='lat' dir='ltr'><strong>ipsis</strong></span> <span class='ocrx_word' id='word_1_171' title='bbox 2412 1648 2511 1703; x_wconf 91' lang='lat' dir='ltr'><strong>per</strong></span> <span class='ocrx_word' id='word_1_172' title='bbox 2565 1649 2667 1690; x_wconf 92' lang='lat' dir='ltr'><strong>vos</strong></span> <span class='ocrx_word' id='word_1_173' title='bbox 2724 1642 2921 1691; x_wconf 81' lang='lat' dir='ltr'><strong>exacta</strong></span> <span class='ocrx_word' id='word_1_174' title='bbox 2976 1646 3064 1692; x_wconf 89' lang='lat' dir='ltr'><strong>est</strong></span> <span class='ocrx_word' id='word_1_175' title='bbox 3114 1642 3354 1696; x_wconf 89' lang='lat' dir='ltr'><strong>secunda</strong></span> <span class='ocrx_word' id='word_1_176' title='bbox 3406 1643 3721 1714; x_wconf 83' lang='lat' dir='ltr'><strong>professio?</strong></span> 
     </span>
    </p>
   </div>
   <div class='ocr_carea' id='block_1_16' title="bbox 361 1724 3721 1801">
    <p class='ocr_par' dir='ltr' id='par_1_16' title="bbox 361 1724 3721 1801">
     <span class='ocr_line' id='line_1_16' title="bbox 361 1724 3721 1801; baseline 0.003 -16"><span class='ocrx_word' id='word_1_177' title='bbox 361 1737 668 1799; x_wconf 84' lang='lat' dir='ltr'><strong>erogasset,</strong></span> <span class='ocrx_word' id='word_1_178' title='bbox 705 1732 831 1797; x_wconf 87' lang='lat' dir='ltr'><strong>post</strong></span> <span class='ocrx_word' id='word_1_179' title='bbox 851 1725 1130 1795; x_wconf 82' lang='lat' dir='ltr'><strong>impensus</strong></span> <span class='ocrx_word' id='word_1_180' title='bbox 1150 1725 1288 1781; x_wconf 90' lang='lat' dir='ltr'><strong>duos</strong></span> <span class='ocrx_word' id='word_1_181' title='bbox 1314 1724 1598 1791; x_wconf 88' lang='lat' dir='ltr'><strong>denarios,</strong></span> <span class='ocrx_word' id='word_1_182' title='bbox 1618 1739 1723 1779; x_wconf 91' lang='lat' dir='ltr'><strong>non</strong></span> <span class='ocrx_word' id='word_1_183' title='bbox 1754 1738 1993 1796; x_wconf 64' lang='lat' dir='ltr'><strong>pracep-</strong></span> <span class='ocrx_word' id='word_1_184' title='bbox 2100 1727 2226 1795; x_wconf 88' lang='lat' dir='ltr'><strong>quis</strong></span> <span class='ocrx_word' id='word_1_185' title='bbox 2247 1736 2331 1781; x_wconf 90' lang='lat' dir='ltr'><strong>est</strong></span> <span class='ocrx_word' id='word_1_186' title='bbox 2356 1726 2495 1784; x_wconf 88' lang='lat' dir='ltr'><strong>alter</strong></span> <span class='ocrx_word' id='word_1_187' title='bbox 2516 1728 2788 1797; x_wconf 83' lang='lat' dir='ltr'><strong>spiritalis</strong></span> <span class='ocrx_word' id='word_1_188' title='bbox 2808 1744 3067 1801; x_wconf 89' lang='lat' dir='ltr'><strong>sponsus,</strong></span> <span class='ocrx_word' id='word_1_189' title='bbox 3091 1734 3178 1789; x_wconf 91' lang='lat' dir='ltr'><strong>cui</strong></span> <span class='ocrx_word' id='word_1_190' title='bbox 3207 1734 3403 1791; x_wconf 91' lang='lat' dir='ltr'><strong>iterum</strong></span> <span class='ocrx_word' id='word_1_191' title='bbox 3427 1738 3721 1795; x_wconf 87' lang='lat' dir='ltr'><strong>nuberent?</strong></span> 
     </span>
    </p>
   </div>
   <div class='ocr_carea' id='block_1_17' title="bbox 362 1815 3718 1897">
    <p class='ocr_par' dir='ltr' id='par_1_17' title="bbox 362 1815 3718 1897">
     <span class='ocr_line' id='line_1_17' title="bbox 362 1815 3718 1897; baseline 0.003 -21"><span class='ocrx_word' id='word_1_192' title='bbox 362 1828 440 1886; x_wconf 89' lang='lat' dir='ltr'><strong>ta,</strong></span> <span class='ocrx_word' id='word_1_193' title='bbox 461 1819 558 1876; x_wconf 89' lang='lat' dir='ltr'><strong>sed</strong></span> <span class='ocrx_word' id='word_1_194' title='bbox 589 1818 879 1875; x_wconf 87' lang='lat' dir='ltr'><strong>consilium</strong></span> <span class='ocrx_word' id='word_1_195' title='bbox 901 1822 1090 1888; x_wconf 79' lang='lat' dir='ltr'><strong>erogat</strong></span> <span class='ocrx_word' id='word_1_196' title='bbox 1113 1816 1317 1872; x_wconf 90' lang='lat' dir='ltr'><strong>Paulus</strong></span> <span class='ocrx_word' id='word_1_197' title='bbox 1336 1815 1405 1871; x_wconf 91' lang='lat' dir='ltr'><strong>ad</strong></span> <span class='ocrx_word' id='word_1_198' title='bbox 1427 1815 1801 1887; x_wconf 79' lang='lat' dir='ltr'><strong>virginitatem</strong></span> <span class='ocrx_word' id='word_1_199' title='bbox 1821 1826 1871 1879; x_wconf 73' lang='grc' dir='ltr'><strong>ος</strong></span> <span class='ocrx_word' id='word_1_200' title='bbox 1894 1830 1994 1872; x_wconf 90' lang='lat' dir='ltr'><strong>nec</strong></span> <span class='ocrx_word' id='word_1_201' title='bbox 2022 1818 2072 1879; x_wconf 83' lang='grc' dir='ltr'><strong>Β</strong></span> <span class='ocrx_word' id='word_1_202' title='bbox 2105 1817 2223 1894; x_wconf 88' lang='grc'><strong>(67)</strong></span> <span class='ocrx_word' id='word_1_203' title='bbox 2245 1820 2462 1892; x_wconf 90' lang='lat' dir='ltr'><strong>quando</strong></span> <span class='ocrx_word' id='word_1_204' title='bbox 2503 1830 2753 1877; x_wconf 92' lang='lat' dir='ltr'><strong>mortuus</strong></span> <span class='ocrx_word' id='word_1_205' title='bbox 2776 1832 2882 1889; x_wconf 86' lang='lat' dir='ltr'><strong>est,</strong></span> <span class='ocrx_word' id='word_1_206' title='bbox 2930 1825 3016 1880; x_wconf 91' lang='lat' dir='ltr'><strong>cui</strong></span> <span class='ocrx_word' id='word_1_207' title='bbox 3065 1838 3399 1897; x_wconf 90' lang='lat' dir='ltr'><strong>nupserant,</strong></span> <span class='ocrx_word' id='word_1_208' title='bbox 3433 1838 3496 1885; x_wconf 92' lang='lat' dir='ltr'><strong>ut</strong></span> <span class='ocrx_word' id='word_1_209' title='bbox 3521 1831 3718 1887; x_wconf 90' lang='lat' dir='ltr'><strong>iterum</strong></span> 
     </span>
    </p>
   </div>
   <div class='ocr_carea' id='block_1_18' title="bbox 364 1908 3718 1997">
    <p class='ocr_par' dir='ltr' id='par_1_18' title="bbox 364 1908 3718 1997">
     <span class='ocr_line' id='line_1_18' title="bbox 364 1908 3718 1997; baseline 0.003 -26"><span class='ocrx_word' id='word_1_210' title='bbox 364 1912 761 1986; x_wconf 74' lang='lat' dir='ltr'><strong>impedimrnto</strong></span> <span class='ocrx_word' id='word_1_211' title='bbox 804 1922 887 1968; x_wconf 85' lang='lat' dir='ltr'><strong>est</strong></span> <span class='ocrx_word' id='word_1_212' title='bbox 932 1911 1240 1968; x_wconf 90' lang='lat' dir='ltr'><strong>volentibus</strong></span> <span class='ocrx_word' id='word_1_213' title='bbox 1261 1908 1314 1979; x_wconf 74' lang='grc' dir='ltr'><strong>ἀ,</strong></span> <span class='ocrx_word' id='word_1_214' title='bbox 1346 1928 1446 1969; x_wconf 91' lang='lat' dir='ltr'><strong>nec</strong></span> <span class='ocrx_word' id='word_1_215' title='bbox 1466 1911 1724 1968; x_wconf 89' lang='lat' dir='ltr'><strong>nolentes</strong></span> <span class='ocrx_word' id='word_1_216' title='bbox 1766 1912 1996 1984; x_wconf 86' lang='lat' dir='ltr'><strong>impellit</strong></span> <span class='ocrx_word' id='word_1_217' title='bbox 2102 1916 2351 1973; x_wconf 87' lang='lat' dir='ltr'><strong>nubant?</strong></span> <span class='ocrx_word' id='word_1_218' title='bbox 2378 1917 2627 1973; x_wconf 91' lang='lat' dir='ltr'><strong>nudastis</strong></span> <span class='ocrx_word' id='word_1_219' title='bbox 2649 1918 2837 1974; x_wconf 90' lang='lat' dir='ltr'><strong>denuo</strong></span> <span class='ocrx_word' id='word_1_220' title='bbox 2857 1920 3034 1989; x_wconf 89' lang='lat' dir='ltr'><strong>capita</strong></span> <span class='ocrx_word' id='word_1_221' title='bbox 3052 1920 3163 1989; x_wconf 88' lang='lat' dir='ltr'><strong>jam</strong></span> <span class='ocrx_word' id='word_1_222' title='bbox 3194 1922 3393 1990; x_wconf 87' lang='lat' dir='ltr'><strong>velata,</strong></span> <span class='ocrx_word' id='word_1_223' title='bbox 3429 1923 3499 1980; x_wconf 90' lang='lat' dir='ltr'><strong>de</strong></span> <span class='ocrx_word' id='word_1_224' title='bbox 3520 1926 3718 1997; x_wconf 86' lang='lat' dir='ltr'><strong>quibus</strong></span> 
     </span>
    </p>
   </div>
   <div class='ocr_carea' id='block_1_19' title="bbox 367 2004 3721 2086">
    <p class='ocr_par' dir='ltr' id='par_1_19' title="bbox 367 2004 3721 2086">
     <span class='ocr_line' id='line_1_19' title="bbox 367 2004 3721 2086; baseline 0.003 -23"><span class='ocrx_word' id='word_1_225' title='bbox 367 2019 462 2064; x_wconf 89' lang='lat' dir='ltr'><strong>aut</strong></span> <span class='ocrx_word' id='word_1_226' title='bbox 490 2009 680 2079; x_wconf 84' lang='lat' dir='ltr'><strong>cogit:</strong></span> <span class='ocrx_word' id='word_1_227' title='bbox 715 2008 818 2075; x_wconf 80' lang='lat' dir='ltr'><strong>Qui</strong></span> <span class='ocrx_word' id='word_1_228' title='bbox 847 2007 1042 2061; x_wconf 83' lang='lat' dir='ltr'><strong>dederit</strong></span> <span class='ocrx_word' id='word_1_229' title='bbox 1077 2006 1329 2080; x_wconf 84' lang='lat' dir='ltr'><strong>virginem</strong></span> <span class='ocrx_word' id='word_1_230' title='bbox 1366 2022 1517 2060; x_wconf 80' lang='lat' dir='ltr'><strong>suam</strong></span> <span class='ocrx_word' id='word_1_231' title='bbox 1541 2046 1558 2073; x_wconf 87' lang='lat'><strong>,</strong></span> <span class='ocrx_word' id='word_1_232' title='bbox 1590 2004 1716 2060; x_wconf 83' lang='lat' dir='ltr'><strong>bene</strong></span> <span class='ocrx_word' id='word_1_233' title='bbox 1755 2007 1878 2077; x_wconf 83' lang='lat' dir='ltr'><strong>facit</strong></span> <span class='ocrx_word' id='word_1_234' title='bbox 1905 2023 1923 2061; x_wconf 89' lang='lat'><strong>:</strong></span> <span class='ocrx_word' id='word_1_235' title='bbox 1947 2016 1994 2061; x_wconf 86' lang='lat' dir='ltr'><strong>et</strong></span> <span class='ocrx_word' id='word_1_236' title='bbox 2103 2008 2463 2080; x_wconf 81' lang='lat' dir='ltr'><strong>professionis</strong></span> <span class='ocrx_word' id='word_1_237' title='bbox 2513 2008 2833 2065; x_wconf 85' lang='lat' dir='ltr'><strong>detraxistis</strong></span> <span class='ocrx_word' id='word_1_238' title='bbox 2897 2010 3097 2067; x_wconf 88' lang='lat' dir='ltr'><strong>indicia</strong></span> <span class='ocrx_word' id='word_1_239' title='bbox 3123 2055 3139 2080; x_wconf 92' lang='lat'><strong>,</strong></span> <span class='ocrx_word' id='word_1_240' title='bbox 3187 2013 3305 2085; x_wconf 87' lang='lat'><strong>(68)</strong></span> <span class='ocrx_word' id='word_1_241' title='bbox 3355 2030 3478 2086; x_wconf 69' lang='lat' dir='ltr'><strong>qua:</strong></span> <span class='ocrx_word' id='word_1_242' title='bbox 3528 2028 3721 2074; x_wconf 85' lang='lat' dir='ltr'><strong>contra</strong></span> 
     </span>
    </p>
   </div>
   <div class='ocr_carea' id='block_1_20' title="bbox 369 2096 3722 2173">
    <p class='ocr_par' dir='ltr' id='par_1_20' title="bbox 369 2096 3722 2173">
     <span class='ocr_line' id='line_1_20' title="bbox 369 2096 3722 2173; baseline 0.003 -17"><span class='ocrx_word' id='word_1_243' title='bbox 369 2102 460 2172; x_wconf 85' lang='lat' dir='ltr'><strong>qui</strong></span> <span class='ocrx_word' id='word_1_244' title='bbox 488 2117 594 2157; x_wconf 88' lang='lat' dir='ltr'><strong>non</strong></span> <span class='ocrx_word' id='word_1_245' title='bbox 638 2100 872 2167; x_wconf 83' lang='lat' dir='ltr'><strong>dederit,</strong></span> <span class='ocrx_word' id='word_1_246' title='bbox 925 2100 1106 2156; x_wconf 82' lang='lat' dir='ltr'><strong>melius</strong></span> <span class='ocrx_word' id='word_1_247' title='bbox 1133 2100 1256 2171; x_wconf 79' lang='lat' dir='ltr'><strong>facit</strong></span> <span class='ocrx_word' id='word_1_248' title='bbox 1282 2096 1475 2172; x_wconf 84' lang='lat' dir='ltr'><strong>(Ibid.,</strong></span> <span class='ocrx_word' id='word_1_249' title='bbox 1534 2097 1653 2169; x_wconf 95' lang='grc'>58).</span> <span class='ocrx_word' id='word_1_250' title='bbox 1694 2096 1822 2154; x_wconf 67' lang='lat' dir='ltr'><strong>Haec</strong></span> <span class='ocrx_word' id='word_1_251' title='bbox 1868 2105 1995 2154; x_wconf 89' lang='lat' dir='ltr'><strong>sunt</strong></span> <span class='ocrx_word' id='word_1_252' title='bbox 2103 2112 2358 2173; x_wconf 87' lang='lat' dir='ltr'><strong>raptores</strong></span> <span class='ocrx_word' id='word_1_253' title='bbox 2396 2111 2489 2158; x_wconf 90' lang='lat' dir='ltr'><strong>aut</strong></span> <span class='ocrx_word' id='word_1_254' title='bbox 2520 2102 2787 2173; x_wconf 83' lang='lat' dir='ltr'><strong>petitores</strong></span> <span class='ocrx_word' id='word_1_255' title='bbox 2816 2103 3095 2161; x_wconf 87' lang='lat' dir='ltr'><strong>videntur</strong></span> <span class='ocrx_word' id='word_1_256' title='bbox 3120 2107 3361 2163; x_wconf 90' lang='lat' dir='ltr'><strong>inventa.</strong></span> <span class='ocrx_word' id='word_1_257' title='bbox 3403 2108 3461 2163; x_wconf 89' lang='lat' dir='ltr'><strong>ln</strong></span> <span class='ocrx_word' id='word_1_258' title='bbox 3517 2109 3722 2167; x_wconf 87' lang='lat' dir='ltr'><strong>mitella</strong></span> 
     </span>
    </p>
   </div>
   <div class='ocr_carea' id='block_1_21' title="bbox 371 2191 3722 2262">
    <p class='ocr_par' dir='ltr' id='par_1_21' title="bbox 371 2191 3722 2262">
     <span class='ocr_line' id='line_1_21' title="bbox 371 2191 3722 2262; baseline 0.003 -14"><span class='ocrx_word' id='word_1_259' title='bbox 371 2194 543 2249; x_wconf 86' lang='lat' dir='ltr'><strong>verba</strong></span> <span class='ocrx_word' id='word_1_260' title='bbox 583 2192 796 2249; x_wconf 91' lang='lat' dir='ltr'><strong>consilii</strong></span> <span class='ocrx_word' id='word_1_261' title='bbox 844 2208 857 2245; x_wconf 92' lang='lat'><strong>:</strong></span> <span class='ocrx_word' id='word_1_262' title='bbox 900 2207 1003 2248; x_wconf 92' lang='lat' dir='ltr'><strong>nec</strong></span> <span class='ocrx_word' id='word_1_263' title='bbox 1043 2192 1152 2247; x_wconf 86' lang='lat' dir='ltr'><strong>ulla</strong></span> <span class='ocrx_word' id='word_1_264' title='bbox 1181 2201 1307 2247; x_wconf 91' lang='lat' dir='ltr'><strong>sunt</strong></span> <span class='ocrx_word' id='word_1_265' title='bbox 1339 2199 1614 2260; x_wconf 73' lang='lat' dir='ltr'><strong>praecepta</strong></span> <span class='ocrx_word' id='word_1_266' title='bbox 1667 2191 1990 2261; x_wconf 85' lang='lat' dir='ltr'><strong>conjuncta,</strong></span> <span class='ocrx_word' id='word_1_267' title='bbox 2100 2194 2368 2252; x_wconf 91' lang='lat' dir='ltr'><strong>indicium</strong></span> <span class='ocrx_word' id='word_1_268' title='bbox 2399 2201 2485 2250; x_wconf 90' lang='lat' dir='ltr'><strong>est</strong></span> <span class='ocrx_word' id='word_1_269' title='bbox 2510 2192 2842 2262; x_wconf 86' lang='lat' dir='ltr'><strong>voluntatis,</strong></span> <span class='ocrx_word' id='word_1_270' title='bbox 2887 2211 2997 2251; x_wconf 93' lang='lat' dir='ltr'><strong>non</strong></span> <span class='ocrx_word' id='word_1_271' title='bbox 3030 2198 3294 2253; x_wconf 85' lang='lat' dir='ltr'><strong>castitatis</strong></span> <span class='ocrx_word' id='word_1_272' title='bbox 3333 2200 3591 2257; x_wconf 81' lang='lat' dir='ltr'><strong>auxilium</strong></span> <span class='ocrx_word' id='word_1_273' title='bbox 3622 2221 3635 2255; x_wconf 89' lang='lat'><strong>:</strong></span> <span class='ocrx_word' id='word_1_274' title='bbox 3662 2211 3722 2258; x_wconf 90' lang='lat' dir='ltr'><strong>ut</strong></span> 
     </span>
    </p>
   </div>
   <div class='ocr_carea' id='block_1_22' title="bbox 372 2283 3724 2362">
    <p class='ocr_par' dir='ltr' id='par_1_22' title="bbox 372 2283 3724 2362">
     <span class='ocr_line' id='line_1_22' title="bbox 372 2283 3724 2362; baseline 0.003 -20"><span class='ocrx_word' id='word_1_275' title='bbox 372 2285 463 2342; x_wconf 84' lang='lat' dir='ltr'><strong>vel</strong></span> <span class='ocrx_word' id='word_1_276' title='bbox 508 2286 578 2341; x_wconf 89' lang='lat' dir='ltr'><strong>de</strong></span> <span class='ocrx_word' id='word_1_277' title='bbox 624 2300 727 2356; x_wconf 91' lang='lat' dir='ltr'><strong>qua</strong></span> <span class='ocrx_word' id='word_1_278' title='bbox 775 2284 903 2340; x_wconf 82' lang='lat' dir='ltr'><strong>lana</strong></span> <span class='ocrx_word' id='word_1_279' title='bbox 944 2285 1151 2341; x_wconf 89' lang='lat' dir='ltr'><strong>mitella</strong></span> <span class='ocrx_word' id='word_1_280' title='bbox 1181 2284 1367 2351; x_wconf 80' lang='lat' dir='ltr'><strong>ﬁeret,</strong></span> <span class='ocrx_word' id='word_1_281' title='bbox 1400 2294 1491 2340; x_wconf 89' lang='lat' dir='ltr'><strong>aut</strong></span> <span class='ocrx_word' id='word_1_282' title='bbox 1526 2284 1599 2340; x_wconf 93' lang='lat' dir='ltr'><strong>de</strong></span> <span class='ocrx_word' id='word_1_283' title='bbox 1626 2300 1729 2356; x_wconf 89' lang='lat' dir='ltr'><strong>qua</strong></span> <span class='ocrx_word' id='word_1_284' title='bbox 1754 2299 1987 2356; x_wconf 88' lang='lat' dir='ltr'><strong>purpura</strong></span> <span class='ocrx_word' id='word_1_285' title='bbox 2099 2301 2216 2342; x_wconf 87' lang='lat' dir='ltr'><strong>rem</strong></span> <span class='ocrx_word' id='word_1_286' title='bbox 2240 2288 2351 2357; x_wconf 87' lang='lat' dir='ltr'><strong>jam</strong></span> <span class='ocrx_word' id='word_1_287' title='bbox 2384 2286 2498 2341; x_wconf 90' lang='lat' dir='ltr'><strong>Deo</strong></span> <span class='ocrx_word' id='word_1_288' title='bbox 2528 2283 2782 2340; x_wconf 84' lang='lat' dir='ltr'><strong>devotam</strong></span> <span class='ocrx_word' id='word_1_289' title='bbox 2814 2301 2919 2342; x_wconf 90' lang='lat' dir='ltr'><strong>nec</strong></span> <span class='ocrx_word' id='word_1_290' title='bbox 2947 2290 3036 2357; x_wconf 90' lang='lat' dir='ltr'><strong>qui</strong></span> <span class='ocrx_word' id='word_1_291' title='bbox 3064 2291 3375 2358; x_wconf 89' lang='lat' dir='ltr'><strong>sponsabat,</strong></span> <span class='ocrx_word' id='word_1_292' title='bbox 3407 2304 3724 2362; x_wconf 87' lang='lat' dir='ltr'><strong>perseveret</strong></span> 
     </span>
    </p>
   </div>
   <div class='ocr_carea' id='block_1_23' title="bbox 376 2374 3722 2453">
    <p class='ocr_par' dir='ltr' id='par_1_23' title="bbox 376 2374 3722 2453">
     <span class='ocr_line' id='line_1_23' title="bbox 376 2374 3722 2453; baseline 0.002 -20"><span class='ocrx_word' id='word_1_293' title='bbox 376 2380 697 2450; x_wconf 89' lang='lat' dir='ltr'><strong>pingeretur</strong></span> <span class='ocrx_word' id='word_1_294' title='bbox 723 2394 735 2431; x_wconf 91' lang='lat'><strong>:</strong></span> <span class='ocrx_word' id='word_1_295' title='bbox 762 2391 870 2431; x_wconf 90' lang='lat' dir='ltr'><strong>non</strong></span> <span class='ocrx_word' id='word_1_296' title='bbox 902 2375 1046 2432; x_wconf 90' lang='lat' dir='ltr'><strong>enim</strong></span> <span class='ocrx_word' id='word_1_297' title='bbox 1093 2377 1198 2432; x_wconf 92' lang='lat' dir='ltr'><strong>hoc</strong></span> <span class='ocrx_word' id='word_1_298' title='bbox 1257 2374 1437 2447; x_wconf 81' lang='lat' dir='ltr'><strong>panno</strong></span> <span class='ocrx_word' id='word_1_299' title='bbox 1482 2384 1668 2447; x_wconf 90' lang='lat' dir='ltr'><strong>potest</strong></span> <span class='ocrx_word' id='word_1_300' title='bbox 1704 2376 1988 2447; x_wconf 79' lang='lat' dir='ltr'><strong>virginitas</strong></span> <span class='ocrx_word' id='word_1_301' title='bbox 2094 2387 2286 2449; x_wconf 89' lang='lat' dir='ltr'><strong>petere</strong></span> <span class='ocrx_word' id='word_1_302' title='bbox 2324 2386 2374 2443; x_wconf 71' lang='grc' dir='ltr'><strong>ε,</strong></span> <span class='ocrx_word' id='word_1_303' title='bbox 2406 2383 2501 2429; x_wconf 91' lang='lat' dir='ltr'><strong>aut</strong></span> <span class='ocrx_word' id='word_1_304' title='bbox 2528 2390 2596 2430; x_wconf 88' lang='lat' dir='ltr'><strong>ne</strong></span> <span class='ocrx_word' id='word_1_305' title='bbox 2619 2383 2811 2443; x_wconf 90' lang='lat' dir='ltr'><strong>raptor</strong></span> <span class='ocrx_word' id='word_1_306' title='bbox 2835 2377 3037 2433; x_wconf 88' lang='lat' dir='ltr'><strong>audeat</strong></span> <span class='ocrx_word' id='word_1_307' title='bbox 3069 2377 3096 2415; x_wconf 75' lang='grc' dir='ltr'><strong>ιι</strong></span> <span class='ocrx_word' id='word_1_308' title='bbox 3120 2379 3322 2436; x_wconf 87' lang='lat' dir='ltr'><strong>violare</strong></span> <span class='ocrx_word' id='word_1_309' title='bbox 3351 2398 3365 2435; x_wconf 93' lang='lat'><strong>:</strong></span> <span class='ocrx_word' id='word_1_310' title='bbox 3391 2382 3603 2453; x_wconf 83' lang='lat' dir='ltr'><strong>signum</strong></span> <span class='ocrx_word' id='word_1_311' title='bbox 3634 2394 3722 2441; x_wconf 88' lang='lat' dir='ltr'><strong>est</strong></span> 
     </span>
    </p>
   </div>
   <div class='ocr_carea' id='block_1_24' title="bbox 2092 981 3721 1063">
    <p class='ocr_par' dir='ltr' id='par_1_24' title="bbox 2092 981 3721 1063">
     <span class='ocr_line' id='line_1_24' title="bbox 2092 981 3721 1063; baseline 0.015 -26"><span class='ocrx_word' id='word_1_312' title='bbox 2092 983 2186 1048; x_wconf 87' lang='lat' dir='ltr'><strong>sit,</strong></span> <span class='ocrx_word' id='word_1_313' title='bbox 2212 981 2329 1037; x_wconf 91' lang='lat' dir='ltr'><strong>sine</strong></span> <span class='ocrx_word' id='word_1_314' title='bbox 2360 985 2565 1043; x_wconf 87' lang='lat' dir='ltr'><strong>mitella</strong></span> <span class='ocrx_word' id='word_1_315' title='bbox 2588 995 2705 1042; x_wconf 88' lang='lat' dir='ltr'><strong>tuta</strong></span> <span class='ocrx_word' id='word_1_316' title='bbox 2727 1001 2854 1042; x_wconf 88' lang='lat' dir='ltr'><strong>esse</strong></span> <span class='ocrx_word' id='word_1_317' title='bbox 2877 992 3333 1063; x_wconf 89' lang='lat' dir='ltr'><strong>potest.Spiritalc</strong></span> <span class='ocrx_word' id='word_1_318' title='bbox 3357 1000 3599 1058; x_wconf 92' lang='lat' dir='ltr'><strong>nubendi</strong></span> <span class='ocrx_word' id='word_1_319' title='bbox 3615 1004 3721 1061; x_wconf 89' lang='lat' dir='ltr'><strong>hoc</strong></span> 
     </span>
    </p>
   </div>
   <div class='ocr_carea' id='block_1_25' title="bbox 2091 1077 3723 1167">
    <p class='ocr_par' dir='ltr' id='par_1_25' title="bbox 2091 1077 3723 1167">
     <span class='ocr_line' id='line_1_25' title="bbox 2091 1077 3723 1167; baseline 0.015 -38"><span class='ocrx_word' id='word_1_320' title='bbox 2091 1088 2270 1147; x_wconf 86' lang='lat' dir='ltr'><strong>genus</strong></span> <span class='ocrx_word' id='word_1_321' title='bbox 2298 1085 2384 1167; x_wconf 83' lang='lat' dir='ltr'><strong>est</strong></span> <span class='ocrx_word' id='word_1_322' title='bbox 2415 1077 2532 1150; x_wconf 78' lang='grc'>(62)</span> <span class='ocrx_word' id='word_1_323' title='bbox 2564 1098 2575 1133; x_wconf 94' lang='lat'><strong>:</strong></span> <span class='ocrx_word' id='word_1_324' title='bbox 2608 1079 2729 1151; x_wconf 81' lang='lat'><strong>(65)</strong></span> <span class='ocrx_word' id='word_1_325' title='bbox 2763 1081 2816 1134; x_wconf 91' lang='lat' dir='ltr'><strong>in</strong></span> <span class='ocrx_word' id='word_1_326' title='bbox 2840 1082 3054 1152; x_wconf 87' lang='lat' dir='ltr'><strong>nuptias</strong></span> <span class='ocrx_word' id='word_1_327' title='bbox 3079 1088 3264 1155; x_wconf 89' lang='lat' dir='ltr'><strong>sponsi</strong></span> <span class='ocrx_word' id='word_1_328' title='bbox 3278 1089 3393 1159; x_wconf 92' lang='lat' dir='ltr'><strong>jam</strong></span> <span class='ocrx_word' id='word_1_329' title='bbox 3410 1094 3521 1167; x_wconf 82' lang='lat'><strong>95</strong></span> <span class='ocrx_word' id='word_1_330' title='bbox 3554 1111 3723 1154; x_wconf 91' lang='lat' dir='ltr'><strong>vene-</strong></span> 
     </span>
    </p>
   </div>
   <div class='ocr_carea' id='block_1_26' title="bbox 2095 1166 3724 1243">
    <p class='ocr_par' dir='ltr' id='par_1_26' title="bbox 2095 1166 3724 1243">
     <span class='ocr_line' id='line_1_26' title="bbox 2095 1166 3724 1243; baseline 0.012 -20"><span class='ocrx_word' id='word_1_331' title='bbox 2095 1175 2222 1223; x_wconf 88' lang='lat' dir='ltr'><strong>rant</strong></span> <span class='ocrx_word' id='word_1_332' title='bbox 2251 1166 2530 1226; x_wconf 88' lang='lat' dir='ltr'><strong>voluntate</strong></span> <span class='ocrx_word' id='word_1_333' title='bbox 2560 1180 2616 1227; x_wconf 86' lang='lat' dir='ltr'><strong>et</strong></span> <span class='ocrx_word' id='word_1_334' title='bbox 2642 1169 2987 1242; x_wconf 79' lang='lat' dir='ltr'><strong>professione</strong></span> <span class='ocrx_word' id='word_1_335' title='bbox 3014 1186 3147 1241; x_wconf 87' lang='lat' dir='ltr'><strong>sua;</strong></span> <span class='ocrx_word' id='word_1_336' title='bbox 3191 1187 3247 1233; x_wconf 91' lang='lat' dir='ltr'><strong>et</strong></span> <span class='ocrx_word' id='word_1_337' title='bbox 3275 1188 3336 1235; x_wconf 90' lang='lat' dir='ltr'><strong>ut</strong></span> <span class='ocrx_word' id='word_1_338' title='bbox 3364 1166 3724 1243; x_wconf 62' lang='lat' dir='ltr'><strong>saecularibus</strong></span> 
     </span>
    </p>
   </div>
   <div class='ocr_carea' id='block_1_27' title="bbox 2096 1258 3723 1350">
    <p class='ocr_par' dir='ltr' id='par_1_27' title="bbox 2096 1258 3723 1350">
     <span class='ocr_line' id='line_1_27' title="bbox 2096 1258 3723 1350; baseline 0.012 -36"><span class='ocrx_word' id='word_1_339' title='bbox 2096 1258 2306 1328; x_wconf 89' lang='lat' dir='ltr'><strong>nuptiis</strong></span> <span class='ocrx_word' id='word_1_340' title='bbox 2332 1275 2391 1315; x_wconf 91' lang='lat' dir='ltr'><strong>se</strong></span> <span class='ocrx_word' id='word_1_341' title='bbox 2421 1264 2776 1319; x_wconf 87' lang='lat' dir='ltr'><strong>renuntiasse</strong></span> <span class='ocrx_word' id='word_1_342' title='bbox 2798 1260 3185 1335; x_wconf 69' lang='lat' dir='ltr'><strong>monstrareni,</strong></span> <span class='ocrx_word' id='word_1_343' title='bbox 3218 1280 3273 1325; x_wconf 90' lang='lat' dir='ltr'><strong>et</strong></span> <span class='ocrx_word' id='word_1_344' title='bbox 3297 1272 3520 1343; x_wconf 87' lang='lat' dir='ltr'><strong>junctas</strong></span> <span class='ocrx_word' id='word_1_345' title='bbox 3549 1275 3569 1314; x_wconf 70' lang='grc' dir='ltr'><em>τ</em></span> <span class='ocrx_word' id='word_1_346' title='bbox 3602 1276 3723 1350; x_wconf 74' lang='grc'>(64)</span> 
     </span>
    </p>
   </div>
   <div class='ocr_carea' id='block_1_28' title="bbox 2096 1351 3722 1441">
    <p class='ocr_par' dir='ltr' id='par_1_28' title="bbox 2096 1351 3722 1441">
     <span class='ocr_line' id='line_1_28' title="bbox 2096 1351 3722 1441; baseline 0.012 -34"><span class='ocrx_word' id='word_1_347' title='bbox 2096 1351 2332 1424; x_wconf 73' lang='lat' dir='ltr'><strong>Spit-itali</strong></span> <span class='ocrx_word' id='word_1_348' title='bbox 2386 1368 2625 1424; x_wconf 90' lang='lat' dir='ltr'><strong>sponso,</strong></span> <span class='ocrx_word' id='word_1_349' title='bbox 2683 1354 2803 1427; x_wconf 87' lang='lat'><strong>(65)</strong></span> <span class='ocrx_word' id='word_1_350' title='bbox 2838 1357 3117 1414; x_wconf 89' lang='lat' dir='ltr'><strong>solverant</strong></span> <span class='ocrx_word' id='word_1_351' title='bbox 3158 1362 3369 1419; x_wconf 88' lang='lat' dir='ltr'><strong>crinem</strong></span> <span class='ocrx_word' id='word_1_352' title='bbox 3414 1367 3565 1441; x_wconf 88' lang='lat'><strong>(66),</strong></span> <span class='ocrx_word' id='word_1_353' title='bbox 3603 1368 3722 1439; x_wconf 89' lang='lat' dir='ltr'><strong>jam</strong></span> 
     </span>
    </p>
   </div>
   <div class='ocr_carea' id='block_1_29' title="bbox 380 2467 1988 2541">
    <p class='ocr_par' dir='ltr' id='par_1_29' title="bbox 380 2467 1988 2541">
     <span class='ocr_line' id='line_1_29' title="bbox 380 2467 1988 2541; baseline -0.001 -17"><span class='ocrx_word' id='word_1_354' title='bbox 380 2468 624 2540; x_wconf 84' lang='lat' dir='ltr'><strong>adjuvari</strong></span> <span class='ocrx_word' id='word_1_355' title='bbox 654 2486 667 2523; x_wconf 92' lang='lat'><strong>:</strong></span> <span class='ocrx_word' id='word_1_356' title='bbox 703 2467 818 2541; x_wconf 89' lang='lat'><strong>(60)</strong></span> <span class='ocrx_word' id='word_1_357' title='bbox 849 2482 954 2522; x_wconf 93' lang='lat' dir='ltr'><strong>non</strong></span> <span class='ocrx_word' id='word_1_358' title='bbox 984 2467 1108 2523; x_wconf 89' lang='lat' dir='ltr'><strong>inde</strong></span> <span class='ocrx_word' id='word_1_359' title='bbox 1150 2474 1577 2538; x_wconf 84' lang='lat' dir='ltr'><strong>compescuntur</strong></span> <span class='ocrx_word' id='word_1_360' title='bbox 1616 2474 1779 2522; x_wconf 68' lang='lat' dir='ltr'><strong>aestus</strong></span> <span class='ocrx_word' id='word_1_361' title='bbox 1800 2467 1988 2535; x_wconf 88' lang='lat' dir='ltr'><strong>animi,</strong></span> 
     </span>
    </p>
   </div>
   <div class='ocr_carea' id='block_1_30' title="bbox 382 2550 2041 2633">
    <p class='ocr_par' dir='ltr' id='par_1_30' title="bbox 382 2550 2041 2633">
     <span class='ocr_line' id='line_1_30' title="bbox 382 2550 2041 2633; baseline -0.001 -16"><span class='ocrx_word' id='word_1_362' title='bbox 382 2576 522 2633; x_wconf 89' lang='lat' dir='ltr'><strong>quos</strong></span> <span class='ocrx_word' id='word_1_363' title='bbox 551 2560 821 2617; x_wconf 88' lang='lat' dir='ltr'><strong>interdum</strong></span> <span class='ocrx_word' id='word_1_364' title='bbox 872 2567 1003 2615; x_wconf 71' lang='lat' dir='ltr'><strong>tetas</strong></span> <span class='ocrx_word' id='word_1_365' title='bbox 1044 2558 1292 2615; x_wconf 86' lang='lat' dir='ltr'><strong>accendit</strong></span> <span class='ocrx_word' id='word_1_366' title='bbox 1321 2574 1337 2613; x_wconf 90' lang='lat'><strong>:</strong></span> <span class='ocrx_word' id='word_1_367' title='bbox 1368 2573 1474 2615; x_wconf 92' lang='lat' dir='ltr'><strong>non</strong></span> <span class='ocrx_word' id='word_1_368' title='bbox 1506 2557 1639 2615; x_wconf 90' lang='lat' dir='ltr'><strong>inde</strong></span> <span class='ocrx_word' id='word_1_369' title='bbox 1675 2557 1990 2615; x_wconf 87' lang='lat' dir='ltr'><strong>sublevatur</strong></span> <span class='ocrx_word' id='word_1_370' title='bbox 2037 2550 2041 2556; x_wconf 72' lang='grc'><em>’</em></span> 
     </span>
    </p>
   </div>
   <div class='ocr_carea' id='block_1_31' title="bbox 383 2650 1991 2725">
    <p class='ocr_par' dir='ltr' id='par_1_31' title="bbox 383 2650 1991 2725">
     <span class='ocr_line' id='line_1_31' title="bbox 383 2650 1991 2725; baseline -0.002 -13"><span class='ocrx_word' id='word_1_371' title='bbox 383 2668 538 2712; x_wconf 88' lang='lat' dir='ltr'><strong>mens</strong></span> <span class='ocrx_word' id='word_1_372' title='bbox 559 2695 576 2721; x_wconf 89' lang='lat'><strong>,</strong></span> <span class='ocrx_word' id='word_1_373' title='bbox 608 2669 730 2725; x_wconf 82' lang='lat' dir='ltr'><strong>quae</strong></span> <span class='ocrx_word' id='word_1_374' title='bbox 756 2667 1162 2724; x_wconf 88' lang='lat' dir='ltr'><strong>nonnumquam</strong></span> <span class='ocrx_word' id='word_1_375' title='bbox 1209 2651 1604 2708; x_wconf 87' lang='lat' dir='ltr'><strong>desideriorum</strong></span> <span class='ocrx_word' id='word_1_376' title='bbox 1660 2650 1991 2723; x_wconf 85' lang='lat' dir='ltr'><strong>ponderibus</strong></span> 
     </span>
    </p>
   </div>
   <div class='ocr_carea' id='block_1_32' title="bbox 387 2742 1990 2820">
    <p class='ocr_par' dir='ltr' id='par_1_32' title="bbox 387 2742 1990 2820">
     <span class='ocr_line' id='line_1_32' title="bbox 387 2742 1990 2820; baseline -0.004 -14"><span class='ocrx_word' id='word_1_377' title='bbox 387 2748 677 2820; x_wconf 89' lang='lat' dir='ltr'><strong>premitur.</strong></span> <span class='ocrx_word' id='word_1_378' title='bbox 698 2744 834 2803; x_wconf 84' lang='lat' dir='ltr'><strong>Nam</strong></span> <span class='ocrx_word' id='word_1_379' title='bbox 878 2745 927 2802; x_wconf 91' lang='lat' dir='ltr'><strong>si</strong></span> <span class='ocrx_word' id='word_1_380' title='bbox 953 2746 1025 2802; x_wconf 90' lang='lat' dir='ltr'><strong>ita</strong></span> <span class='ocrx_word' id='word_1_381' title='bbox 1064 2753 1247 2814; x_wconf 88' lang='lat' dir='ltr'><strong>esset,</strong></span> <span class='ocrx_word' id='word_1_382' title='bbox 1278 2760 1385 2802; x_wconf 92' lang='lat' dir='ltr'><strong>non</strong></span> <span class='ocrx_word' id='word_1_383' title='bbox 1430 2760 1534 2802; x_wconf 89' lang='lat' dir='ltr'><strong>una</strong></span> <span class='ocrx_word' id='word_1_384' title='bbox 1560 2787 1575 2813; x_wconf 90' lang='lat'><strong>,</strong></span> <span class='ocrx_word' id='word_1_385' title='bbox 1607 2742 1704 2800; x_wconf 90' lang='lat' dir='ltr'><strong>sed</strong></span> <span class='ocrx_word' id='word_1_386' title='bbox 1743 2745 1990 2816; x_wconf 82' lang='lat' dir='ltr'><strong>plurimae</strong></span> 
     </span>
    </p>
   </div>
   <div class='ocr_carea' id='block_1_33' title="bbox 2097 2467 3717 2547">
    <p class='ocr_par' dir='ltr' id='par_1_33' title="bbox 2097 2467 3717 2547">
     <span class='ocr_line' id='line_1_33' title="bbox 2097 2467 3717 2547; baseline 0.006 -21"><span class='ocrx_word' id='word_1_387' title='bbox 2097 2483 2253 2540; x_wconf 84' lang='lat' dir='ltr'><strong>ergo,</strong></span> <span class='ocrx_word' id='word_1_388' title='bbox 2282 2482 2389 2523; x_wconf 93' lang='lat' dir='ltr'><strong>non</strong></span> <span class='ocrx_word' id='word_1_389' title='bbox 2417 2476 2823 2523; x_wconf 90' lang='lat' dir='ltr'><strong>sacramentum</strong></span> <span class='ocrx_word' id='word_1_390' title='bbox 2858 2467 2885 2515; x_wconf 69' lang='grc' dir='ltr'>ί.</span> <span class='ocrx_word' id='word_1_391' title='bbox 2905 2469 3233 2541; x_wconf 78' lang='lat' dir='ltr'><strong>virginitatis</strong></span> <span class='ocrx_word' id='word_1_392' title='bbox 3257 2474 3304 2529; x_wconf 71' lang='grc' dir='ltr'>ι.</span> <span class='ocrx_word' id='word_1_393' title='bbox 3334 2474 3502 2544; x_wconf 84' lang='lat' dir='ltr'><strong>igitur</strong></span> <span class='ocrx_word' id='word_1_394' title='bbox 3553 2476 3717 2547; x_wconf 85' lang='lat' dir='ltr'><strong>hujus</strong></span> 
     </span>
    </p>
   </div>
   <div class='ocr_carea' id='block_1_34' title="bbox 2098 2558 3718 2638">
    <p class='ocr_par' dir='ltr' id='par_1_34' title="bbox 2098 2558 3718 2638">
     <span class='ocr_line' id='line_1_34' title="bbox 2098 2558 3718 2638; baseline 0.006 -21"><span class='ocrx_word' id='word_1_395' title='bbox 2098 2559 2246 2617; x_wconf 89' lang='lat' dir='ltr'><strong>modi</strong></span> <span class='ocrx_word' id='word_1_396' title='bbox 2274 2559 2514 2630; x_wconf 87' lang='lat' dir='ltr'><strong>virgines</strong></span> <span class='ocrx_word' id='word_1_397' title='bbox 2534 2600 2548 2624; x_wconf 84' lang='lat'><strong>,</strong></span> <span class='ocrx_word' id='word_1_398' title='bbox 2580 2574 2701 2629; x_wconf 77' lang='lat' dir='ltr'><strong>qua:</strong></span> <span class='ocrx_word' id='word_1_399' title='bbox 2724 2558 2839 2628; x_wconf 88' lang='lat' dir='ltr'><strong>jam</strong></span> <span class='ocrx_word' id='word_1_400' title='bbox 2864 2560 3190 2631; x_wconf 87' lang='lat' dir='ltr'><strong>spiritaliter</strong></span> <span class='ocrx_word' id='word_1_401' title='bbox 3209 2575 3537 2635; x_wconf 84' lang='lat' dir='ltr'><strong>nupserant,</strong></span> <span class='ocrx_word' id='word_1_402' title='bbox 3560 2571 3718 2638; x_wconf 90' lang='lat' dir='ltr'><strong>quasi</strong></span> 
     </span>
    </p>
   </div>
   <div class='ocr_carea' id='block_1_35' title="bbox 2097 2649 3719 2730">
    <p class='ocr_par' dir='ltr' id='par_1_35' title="bbox 2097 2649 3719 2730">
     <span class='ocr_line' id='line_1_35' title="bbox 2097 2649 3719 2730; baseline 0.006 -22"><span class='ocrx_word' id='word_1_403' title='bbox 2097 2651 2366 2709; x_wconf 90' lang='lat' dir='ltr'><strong>secundas</strong></span> <span class='ocrx_word' id='word_1_404' title='bbox 2396 2650 2656 2722; x_wconf 89' lang='lat' dir='ltr'><strong>coegistis</strong></span> <span class='ocrx_word' id='word_1_405' title='bbox 2707 2650 2776 2706; x_wconf 85' lang='lat' dir='ltr'><strong>ad</strong></span> <span class='ocrx_word' id='word_1_406' title='bbox 2811 2649 2840 2688; x_wconf 74' lang='grc' dir='ltr'><strong>ιι</strong></span> <span class='ocrx_word' id='word_1_407' title='bbox 2892 2654 3150 2723; x_wconf 89' lang='lat' dir='ltr'><strong>nuptias,</strong></span> <span class='ocrx_word' id='word_1_408' title='bbox 3200 2664 3256 2712; x_wconf 93' lang='lat' dir='ltr'><strong>et</strong></span> <span class='ocrx_word' id='word_1_409' title='bbox 3284 2656 3401 2730; x_wconf 86' lang='lat'><strong>(69)</strong></span> <span class='ocrx_word' id='word_1_410' title='bbox 3446 2669 3507 2715; x_wconf 91' lang='lat' dir='ltr'><strong>ut</strong></span> <span class='ocrx_word' id='word_1_411' title='bbox 3535 2662 3719 2718; x_wconf 88' lang='lat' dir='ltr'><strong>crines</strong></span> 
     </span>
    </p>
   </div>
   <div class='ocr_carea' id='block_1_36' title="bbox 2100 2742 3718 2825">
    <p class='ocr_par' dir='ltr' id='par_1_36' title="bbox 2100 2742 3718 2825">
     <span class='ocr_line' id='line_1_36' title="bbox 2100 2742 3718 2825; baseline 0.006 -25"><span class='ocrx_word' id='word_1_412' title='bbox 2100 2744 2296 2801; x_wconf 87' lang='lat' dir='ltr'><strong>iterum</strong></span> <span class='ocrx_word' id='word_1_413' title='bbox 2326 2742 2629 2810; x_wconf 86' lang='lat' dir='ltr'><strong>solverent,</strong></span> <span class='ocrx_word' id='word_1_414' title='bbox 2663 2742 3004 2814; x_wconf 84' lang='lat' dir='ltr'><strong>imperastis.</strong></span> <span class='ocrx_word' id='word_1_415' title='bbox 3036 2745 3149 2803; x_wconf 87' lang='lat' dir='ltr'><strong>Hoc</strong></span> <span class='ocrx_word' id='word_1_416' title='bbox 3189 2764 3290 2807; x_wconf 89' lang='lat' dir='ltr'><strong>nec</strong></span> <span class='ocrx_word' id='word_1_417' title='bbox 3320 2750 3578 2810; x_wconf 90' lang='lat' dir='ltr'><strong>mulieres</strong></span> <span class='ocrx_word' id='word_1_418' title='bbox 3618 2768 3718 2825; x_wconf 88' lang='lat' dir='ltr'><strong>pa-</strong></span> 
     </span>
    </p>
   </div>
   <div class='ocr_carea' id='block_1_37' title="bbox 1646 2881 2486 2943">
    <p class='ocr_par' dir='ltr' id='par_1_37' title="bbox 1646 2881 2486 2943">
     <span class='ocr_line' id='line_1_37' title="bbox 1646 2881 2486 2943; baseline -0.004 -5"><span class='ocrx_word' id='word_1_419' title='bbox 1646 2882 2030 2943; x_wconf 84' lang='lat' dir='ltr'><strong>LECTIONES</strong></span> <span class='ocrx_word' id='word_1_420' title='bbox 2067 2881 2486 2941; x_wconf 77' lang='lat' dir='ltr'><strong>VARIANTES.</strong></span> 
     </span>
    </p>
   </div>
   <div class='ocr_carea' id='block_1_38' title="bbox 457 2979 1310 3043">
    <p class='ocr_par' dir='ltr' id='par_1_38' title="bbox 457 2979 1310 3043">
     <span class='ocr_line' id='line_1_38' title="bbox 457 2979 1310 3043; baseline -0.001 -13"><span class='ocrx_word' id='word_1_421' title='bbox 457 2979 486 3043; x_wconf 56' lang='grc'><strong>9</strong></span> <span class='ocrx_word' id='word_1_422' title='bbox 518 2979 813 3043; x_wconf 87' lang='lat' dir='ltr'><strong>Suppletum</strong></span> <span class='ocrx_word' id='word_1_423' title='bbox 846 2990 913 3030; x_wconf 84' lang='lat' dir='ltr'><strong>ex</strong></span> <span class='ocrx_word' id='word_1_424' title='bbox 943 2979 1310 3043; x_wconf 20' lang='lat' dir='ltr'><strong>SxFulgeatio.</strong></span> 
     </span>
    </p>
   </div>
   <div class='ocr_carea' id='block_1_39' title="bbox 460 3037 1375 3105">
    <p class='ocr_par' dir='ltr' id='par_1_39' title="bbox 460 3037 1375 3105">
     <span class='ocr_line' id='line_1_39' title="bbox 460 3037 1375 3105; baseline -0.002 -12"><span class='ocrx_word' id='word_1_425' title='bbox 460 3040 489 3078; x_wconf 73' lang='grc' dir='ltr'><strong>ι’</strong></span> <span class='ocrx_word' id='word_1_426' title='bbox 520 3037 667 3093; x_wconf 68' lang='grc' dir='ltr'>Ιιιίὶἰι</span> <span class='ocrx_word' id='word_1_427' title='bbox 836 3043 977 3105; x_wconf 85' lang='lat' dir='ltr'><strong>Apud</strong></span> <span class='ocrx_word' id='word_1_428' title='bbox 994 3037 1248 3105; x_wconf 13' lang='lat' dir='ltr'><strong>rFulgent.</strong></span> 
     </span>
    </p>
   </div>
   <div class='ocr_carea' id='block_1_40' title="bbox 460 3101 1388 3171">
    <p class='ocr_par' dir='ltr' id='par_1_40' title="bbox 460 3101 1388 3171">
     <span class='ocr_line' id='line_1_40' title="bbox 460 3101 1388 3171; baseline -0.017 0"><span class='ocrx_word' id='word_1_429' title='bbox 460 3107 487 3171; x_wconf 74' lang='grc' dir='ltr'><strong>⁴ἶ</strong></span> <span class='ocrx_word' id='word_1_430' title='bbox 521 3105 576 3171; x_wconf 75' lang='lat' dir='ltr'><strong>ln</strong></span> <span class='ocrx_word' id='word_1_431' title='bbox 598 3118 716 3171; x_wconf 66' lang='grc' dir='ltr'><strong>ωδε.</strong></span> <span class='ocrx_word' id='word_1_432' title='bbox 741 3104 795 3156; x_wconf 89' lang='lat' dir='ltr'><strong>C.</strong></span> <span class='ocrx_word' id='word_1_433' title='bbox 823 3101 952 3171; x_wconf 62' lang='lat' dir='ltr'><strong>e_t&#39;S.</strong></span> <span class='ocrx_word' id='word_1_434' title='bbox 978 3104 1040 3171; x_wconf 66' lang='grc' dir='ltr'>(ξ.</span> <span class='ocrx_word' id='word_1_435' title='bbox 1071 3101 1138 3171; x_wconf 68' lang='lat' dir='ltr'><strong>ad</strong></span> <span class='ocrx_word' id='word_1_436' title='bbox 1153 3101 1388 3171; x_wconf 67' lang='lat' dir='ltr'><strong>virgines.</strong></span> 
     </span>
    </p>
   </div>
   <div class='ocr_carea' id='block_1_41' title="bbox 2104 2975 3034 3099">
    <p class='ocr_par' dir='ltr' id='par_1_41' title="bbox 2104 2975 3034 3099">
     <span class='ocr_line' id='line_1_41' title="bbox 2104 2975 2269 3028; baseline -0.006 0"><span class='ocrx_word' id='word_1_437' title='bbox 2104 2975 2269 3028; x_wconf 90' lang='lat' dir='ltr'><strong>tenda.</strong></span> 
     </span>
     <span class='ocr_line' id='line_1_42' title="bbox 2170 3035 3034 3099; baseline 0.016 -22"><span class='ocrx_word' id='word_1_438' title='bbox 2170 3040 2195 3077; x_wconf 86' lang='lat' dir='ltr'><strong>s</strong></span> <span class='ocrx_word' id='word_1_439' title='bbox 2232 3038 2286 3088; x_wconf 78' lang='lat' dir='ltr'><strong>In</strong></span> <span class='ocrx_word' id='word_1_440' title='bbox 2311 3051 2429 3088; x_wconf 85' lang='lat' dir='ltr'><strong>mss.</strong></span> <span class='ocrx_word' id='word_1_441' title='bbox 2453 3035 2509 3099; x_wconf 88' lang='lat' dir='ltr'><strong>C.</strong></span> <span class='ocrx_word' id='word_1_442' title='bbox 2534 3041 2588 3086; x_wconf 90' lang='lat' dir='ltr'><strong>et</strong></span> <span class='ocrx_word' id='word_1_443' title='bbox 2609 3037 2663 3086; x_wconf 92' lang='lat' dir='ltr'><strong>S.</strong></span> <span class='ocrx_word' id='word_1_444' title='bbox 2690 3035 2750 3099; x_wconf 59' lang='grc' dir='ltr'>(ᾖ.</span> <span class='ocrx_word' id='word_1_445' title='bbox 2776 3043 3034 3099; x_wconf 85' lang='lat' dir='ltr'><strong>repeteret.</strong></span> 
     </span>
    </p>
   </div>
   <div class='ocr_carea' id='block_1_42' title="bbox 2167 3097 3000 3153">
    <p class='ocr_par' dir='ltr' id='par_1_42' title="bbox 2167 3097 3000 3153">
     <span class='ocr_line' id='line_1_43' title="bbox 2167 3097 3000 3153; baseline 0.005 -4"><span class='ocrx_word' id='word_1_446' title='bbox 2167 3100 2197 3139; x_wconf 79' lang='grc' dir='ltr'><strong>ιι</strong></span> <span class='ocrx_word' id='word_1_447' title='bbox 2229 3100 2288 3150; x_wconf 83' lang='lat' dir='ltr'><strong>in</strong></span> <span class='ocrx_word' id='word_1_448' title='bbox 2311 3113 2427 3150; x_wconf 87' lang='lat' dir='ltr'><strong>mss.</strong></span> <span class='ocrx_word' id='word_1_449' title='bbox 2453 3098 2506 3149; x_wconf 92' lang='lat' dir='ltr'><strong>C.</strong></span> <span class='ocrx_word' id='word_1_450' title='bbox 2534 3103 2588 3148; x_wconf 90' lang='lat' dir='ltr'><strong>et</strong></span> <span class='ocrx_word' id='word_1_451' title='bbox 2608 3100 2664 3149; x_wconf 90' lang='lat' dir='ltr'><strong>S.</strong></span> <span class='ocrx_word' id='word_1_452' title='bbox 2690 3097 2751 3148; x_wconf 88' lang='lat' dir='ltr'><strong>G.</strong></span> <span class='ocrx_word' id='word_1_453' title='bbox 2779 3097 3000 3153; x_wconf 81' lang='lat' dir='ltr'><strong>auderet.</strong></span> 
     </span>
    </p>
   </div>
   <div class='ocr_carea' id='block_1_43' title="bbox 462 3161 3711 3278">
    <p class='ocr_par' dir='ltr' id='par_1_43' title="bbox 462 3161 3711 3278">
     <span class='ocr_line' id='line_1_44' title="bbox 462 3161 3711 3261; baseline -0.001 -44"><span class='ocrx_word' id='word_1_454' title='bbox 462 3165 491 3205; x_wconf 76' lang='grc' dir='ltr'><strong>ιι</strong></span> <span class='ocrx_word' id='word_1_455' title='bbox 521 3166 599 3218; x_wconf 82' lang='lat' dir='ltr'><strong>Ita</strong></span> <span class='ocrx_word' id='word_1_456' title='bbox 614 3169 667 3241; x_wconf 74' lang='lat' dir='ltr'><strong>in</strong></span> <span class='ocrx_word' id='word_1_457' title='bbox 691 3180 811 3243; x_wconf 76' lang='lat' dir='ltr'><strong>mss.</strong></span> <span class='ocrx_word' id='word_1_458' title='bbox 836 3166 888 3217; x_wconf 89' lang='lat' dir='ltr'><strong>C.</strong></span> <span class='ocrx_word' id='word_1_459' title='bbox 917 3173 970 3218; x_wconf 88' lang='lat' dir='ltr'><strong>et</strong></span> <span class='ocrx_word' id='word_1_460' title='bbox 991 3166 1046 3217; x_wconf 93' lang='lat' dir='ltr'><strong>S.</strong></span> <span class='ocrx_word' id='word_1_461' title='bbox 1071 3167 1129 3239; x_wconf 70' lang='grc' dir='ltr'>(ξ.</span> <span class='ocrx_word' id='word_1_462' title='bbox 1153 3166 1212 3217; x_wconf 89' lang='lat' dir='ltr'><strong>In</strong></span> <span class='ocrx_word' id='word_1_463' title='bbox 1234 3161 1328 3219; x_wconf 77' lang='lat' dir='ltr'><strong>ins.</strong></span> <span class='ocrx_word' id='word_1_464' title='bbox 1372 3165 1424 3217; x_wconf 88' lang='lat' dir='ltr'><strong>S.</strong></span> <span class='ocrx_word' id='word_1_465' title='bbox 1462 3164 1519 3216; x_wconf 87' lang='grc' dir='ltr'><strong>Τ.</strong></span> <span class='ocrx_word' id='word_1_466' title='bbox 1561 3170 1613 3215; x_wconf 88' lang='lat' dir='ltr'><strong>et</strong></span> <span class='ocrx_word' id='word_1_467' title='bbox 1636 3162 1763 3228; x_wconf 84' lang='lat' dir='ltr'><strong>apud</strong></span> <span class='ocrx_word' id='word_1_468' title='bbox 1778 3162 1999 3226; x_wconf 83' lang='lat' dir='ltr'><strong>Fulgen-</strong></span> <span class='ocrx_word' id='word_1_469' title='bbox 2029 3197 2075 3261; x_wconf 66' lang='grc' dir='ltr'>Ο</span> <span class='ocrx_word' id='word_1_470' title='bbox 2174 3163 2192 3202; x_wconf 84' lang='lat' dir='ltr'><strong>i</strong></span> <span class='ocrx_word' id='word_1_471' title='bbox 2228 3163 2351 3214; x_wconf 58' lang='lat' dir='ltr'><strong>Haec</strong></span> <span class='ocrx_word' id='word_1_472' title='bbox 2370 3168 2422 3211; x_wconf 91' lang='lat' dir='ltr'><strong>et</strong></span> <span class='ocrx_word' id='word_1_473' title='bbox 2433 3162 2888 3224; x_wconf 87' lang='lat' dir='ltr'><strong>sequensverbum,</strong></span> <span class='ocrx_word' id='word_1_474' title='bbox 2907 3161 3171 3231; x_wconf 68' lang='lat' dir='ltr'><strong>invenistis,</strong></span> <span class='ocrx_word' id='word_1_475' title='bbox 3193 3171 3370 3220; x_wconf 83' lang='lat' dir='ltr'><strong>omissa</strong></span> <span class='ocrx_word' id='word_1_476' title='bbox 3386 3178 3503 3222; x_wconf 76' lang='lat' dir='ltr'><strong>sum</strong></span> <span class='ocrx_word' id='word_1_477' title='bbox 3524 3173 3576 3222; x_wconf 75' lang='lat' dir='ltr'><strong>in</strong></span> <span class='ocrx_word' id='word_1_478' title='bbox 3592 3184 3711 3223; x_wconf 72' lang='lat' dir='ltr'><strong>mss,</strong></span> 
     </span>
     <span class='ocr_line' id='line_1_45' title="bbox 462 3224 2400 3278; baseline -0.003 0"><span class='ocrx_word' id='word_1_479' title='bbox 462 3242 522 3278; x_wconf 88' lang='lat' dir='ltr'><strong>un</strong></span> <span class='ocrx_word' id='word_1_480' title='bbox 539 3237 592 3278; x_wconf 88' lang='lat' dir='ltr'><strong>et</strong></span> <span class='ocrx_word' id='word_1_481' title='bbox 612 3243 664 3277; x_wconf 86' lang='lat' dir='ltr'><strong>tn</strong></span> <span class='ocrx_word' id='word_1_482' title='bbox 687 3230 854 3278; x_wconf 77' lang='lat' dir='ltr'><strong>editis.</strong></span> <span class='ocrx_word' id='word_1_483' title='bbox 876 3229 1125 3278; x_wconf 76' lang='lat' dir='ltr'><strong>voluntati.</strong></span> <span class='ocrx_word' id='word_1_484' title='bbox 2107 3226 2159 3278; x_wconf 87' lang='lat' dir='ltr'><strong>C.</strong></span> <span class='ocrx_word' id='word_1_485' title='bbox 2188 3234 2240 3276; x_wconf 92' lang='lat' dir='ltr'><strong>et</strong></span> <span class='ocrx_word' id='word_1_486' title='bbox 2261 3227 2315 3276; x_wconf 93' lang='lat' dir='ltr'><strong>S.</strong></span> <span class='ocrx_word' id='word_1_487' title='bbox 2342 3224 2400 3275; x_wconf 88' lang='lat' dir='ltr'><strong>G.</strong></span> 
     </span>
    </p>
   </div>
   <div class='ocr_carea' id='block_1_44' title="bbox 399 3229 1125 3282">
    <p class='ocr_par' dir='ltr' id='par_1_44' title="bbox 399 3229 1125 3282">
     <span class='ocr_line' id='line_1_46' title="bbox 399 3229 1125 3282; baseline -0.001 -1"><span class='ocrx_word' id='word_1_488' title='bbox 399 3231 522 3281; x_wconf 87' lang='lat' dir='ltr'><strong>tium</strong></span> <span class='ocrx_word' id='word_1_489' title='bbox 539 3237 592 3279; x_wconf 88' lang='lat' dir='ltr'><strong>et</strong></span> <span class='ocrx_word' id='word_1_490' title='bbox 612 3230 664 3277; x_wconf 86' lang='lat' dir='ltr'><strong>in</strong></span> <span class='ocrx_word' id='word_1_491' title='bbox 687 3230 854 3282; x_wconf 86' lang='lat' dir='ltr'><strong>editis.</strong></span> <span class='ocrx_word' id='word_1_492' title='bbox 876 3229 1125 3282; x_wconf 81' lang='lat' dir='ltr'><strong>voluntati.</strong></span> 
     </span>
    </p>
   </div>
   <div class='ocr_carea' id='block_1_45' title="bbox 467 3270 1071 3343">
    <p class='ocr_par' dir='ltr' id='par_1_45' title="bbox 467 3270 1071 3343">
     <span class='ocr_line' id='line_1_47' title="bbox 467 3270 1071 3343; baseline 0.003 -2"><span class='ocrx_word' id='word_1_493' title='bbox 467 3294 493 3323; x_wconf 72' lang='grc' dir='ltr'>θ</span> <span class='ocrx_word' id='word_1_494' title='bbox 526 3270 595 3341; x_wconf 61' lang='lat' dir='ltr'><strong>ti;</strong></span> <span class='ocrx_word' id='word_1_495' title='bbox 620 3294 670 3342; x_wconf 89' lang='lat' dir='ltr'><strong>iu</strong></span> <span class='ocrx_word' id='word_1_496' title='bbox 702 3270 1071 3343; x_wconf 52' lang='grc' dir='ltr'><strong>οἷὸιῆιῖξὶξᾶ</strong></span> 
     </span>
    </p>
   </div>
   <div class='ocr_carea' id='block_1_46' title="bbox 468 3350 2001 3418">
    <p class='ocr_par' dir='ltr' id='par_1_46' title="bbox 468 3350 2001 3418">
     <span class='ocr_line' id='line_1_48' title="bbox 468 3350 2001 3418; baseline -0.003 -13"><span class='ocrx_word' id='word_1_497' title='bbox 468 3354 488 3391; x_wconf 76' lang='grc' dir='ltr'>ί</span> <span class='ocrx_word' id='word_1_498' title='bbox 525 3354 643 3405; x_wconf 69' lang='lat' dir='ltr'><strong>Hac</strong></span> <span class='ocrx_word' id='word_1_499' title='bbox 665 3368 757 3405; x_wconf 85' lang='lat' dir='ltr'><strong>vox</strong></span> <span class='ocrx_word' id='word_1_500' title='bbox 784 3355 976 3418; x_wconf 78' lang='lat' dir='ltr'><strong>adjecta</strong></span> <span class='ocrx_word' id='word_1_501' title='bbox 1003 3362 1081 3405; x_wconf 87' lang='lat' dir='ltr'><strong>est</strong></span> <span class='ocrx_word' id='word_1_502' title='bbox 1097 3357 1296 3418; x_wconf 86' lang='lat' dir='ltr'><strong>antiqua</strong></span> <span class='ocrx_word' id='word_1_503' title='bbox 1318 3366 1467 3418; x_wconf 82' lang='lat' dir='ltr'><strong>manu</strong></span> <span class='ocrx_word' id='word_1_504' title='bbox 1488 3354 1539 3403; x_wconf 91' lang='lat' dir='ltr'><strong>in</strong></span> <span class='ocrx_word' id='word_1_505' title='bbox 1564 3367 1656 3404; x_wconf 89' lang='lat' dir='ltr'><strong>ms.</strong></span> <span class='ocrx_word' id='word_1_506' title='bbox 1682 3350 1735 3418; x_wconf 89' lang='lat' dir='ltr'><strong>_S.</strong></span> <span class='ocrx_word' id='word_1_507' title='bbox 1760 3351 1819 3403; x_wconf 86' lang='grc' dir='ltr'>Τ.</span> <span class='ocrx_word' id='word_1_508' title='bbox 1845 3354 1899 3401; x_wconf 90' lang='lat' dir='ltr'><strong>et</strong></span> <span class='ocrx_word' id='word_1_509' title='bbox 1922 3356 2001 3418; x_wconf 81' lang='lat' dir='ltr'><strong>est</strong></span> 
     </span>
    </p>
   </div>
   <div class='ocr_carea' id='block_1_47' title="bbox 407 3414 1997 3479">
    <p class='ocr_par' dir='ltr' id='par_1_47' title="bbox 407 3414 1997 3479">
     <span class='ocr_line' id='line_1_49' title="bbox 407 3414 1997 3479; baseline -0.003 -11"><span class='ocrx_word' id='word_1_510' title='bbox 407 3417 555 3468; x_wconf 87' lang='lat' dir='ltr'><strong>etiam</strong></span> <span class='ocrx_word' id='word_1_511' title='bbox 578 3419 625 3468; x_wconf 88' lang='lat' dir='ltr'><strong>in</strong></span> <span class='ocrx_word' id='word_1_512' title='bbox 661 3431 753 3469; x_wconf 88' lang='lat' dir='ltr'><strong>ms.</strong></span> <span class='ocrx_word' id='word_1_513' title='bbox 779 3414 920 3469; x_wconf 53' lang='lat' dir='ltr'><strong>PIS.</strong></span> <span class='ocrx_word' id='word_1_514' title='bbox 945 3417 1106 3469; x_wconf 89' lang='lat' dir='ltr'><strong>Deest</strong></span> <span class='ocrx_word' id='word_1_515' title='bbox 1138 3419 1190 3468; x_wconf 88' lang='lat' dir='ltr'><strong>in</strong></span> <span class='ocrx_word' id='word_1_516' title='bbox 1214 3414 1355 3479; x_wconf 81' lang='lat' dir='ltr'><strong>aliis,</strong></span> <span class='ocrx_word' id='word_1_517' title='bbox 1379 3416 1468 3468; x_wconf 90' lang='lat' dir='ltr'><strong>sed</strong></span> <span class='ocrx_word' id='word_1_518' title='bbox 1493 3430 1587 3467; x_wconf 91' lang='lat' dir='ltr'><strong>non</strong></span> <span class='ocrx_word' id='word_1_519' title='bbox 1621 3414 1814 3467; x_wconf 88' lang='lat' dir='ltr'><strong>videtur</strong></span> <span class='ocrx_word' id='word_1_520' title='bbox 1850 3414 1997 3464; x_wconf 89' lang='lat' dir='ltr'><strong>omit-</strong></span> 
     </span>
    </p>
   </div>
   <div class='ocr_carea' id='block_1_48' title="bbox 2188 3224 2400 3276">
    <p class='ocr_par' dir='ltr' id='par_1_48' title="bbox 2188 3224 2400 3276">
     <span class='ocr_line' id='line_1_50' title="bbox 2188 3224 2400 3276; baseline -0.009 -1"><span class='ocrx_word' id='word_1_521' title='bbox 2188 3234 2240 3276; x_wconf 92' lang='lat' dir='ltr'><strong>et</strong></span> <span class='ocrx_word' id='word_1_522' title='bbox 2261 3227 2315 3276; x_wconf 92' lang='lat' dir='ltr'><strong>S.</strong></span> <span class='ocrx_word' id='word_1_523' title='bbox 2342 3224 2400 3275; x_wconf 89' lang='lat' dir='ltr'><strong>G.</strong></span> 
     </span>
    </p>
   </div>
   <div class='ocr_carea' id='block_1_49' title="bbox 2113 3284 3716 3400">
    <p class='ocr_par' dir='ltr' id='par_1_49' title="bbox 2113 3284 3716 3400">
     <span class='ocr_line' id='line_1_51' title="bbox 2177 3284 3716 3360; baseline 0.003 -20"><span class='ocrx_word' id='word_1_524' title='bbox 2177 3288 2191 3340; x_wconf 87' lang='lat' dir='ltr'><strong>i</strong></span> <span class='ocrx_word' id='word_1_525' title='bbox 2235 3287 2307 3338; x_wconf 88' lang='lat' dir='ltr'><strong>Ita</strong></span> <span class='ocrx_word' id='word_1_526' title='bbox 2327 3300 2391 3337; x_wconf 84' lang='lat' dir='ltr'><strong>ex</strong></span> <span class='ocrx_word' id='word_1_527' title='bbox 2407 3284 3006 3347; x_wconf 81' lang='lat' dir='ltr'><strong>conjecturarestituimus</strong></span> <span class='ocrx_word' id='word_1_528' title='bbox 3023 3302 3113 3353; x_wconf 86' lang='lat' dir='ltr'><strong>pro</strong></span> <span class='ocrx_word' id='word_1_529' title='bbox 3134 3291 3402 3356; x_wconf 78' lang='lat' dir='ltr'><strong>invenistis,</strong></span> <span class='ocrx_word' id='word_1_530' title='bbox 3420 3295 3550 3360; x_wconf 87' lang='lat' dir='ltr'><strong>quod</strong></span> <span class='ocrx_word' id='word_1_531' title='bbox 3574 3300 3716 3347; x_wconf 82' lang='lat' dir='ltr'><strong>extat</strong></span> 
     </span>
     <span class='ocr_line' id='line_1_52' title="bbox 2113 3346 2698 3400; baseline -0.005 0"><span class='ocrx_word' id='word_1_532' title='bbox 2113 3352 2158 3400; x_wconf 92' lang='lat' dir='ltr'><strong>in</strong></span> <span class='ocrx_word' id='word_1_533' title='bbox 2182 3364 2299 3400; x_wconf 88' lang='lat' dir='ltr'><strong>mss.</strong></span> <span class='ocrx_word' id='word_1_534' title='bbox 2324 3350 2378 3400; x_wconf 92' lang='lat' dir='ltr'><strong>S.</strong></span> <span class='ocrx_word' id='word_1_535' title='bbox 2403 3348 2462 3399; x_wconf 89' lang='lat' dir='ltr'><strong>T.</strong></span> <span class='ocrx_word' id='word_1_536' title='bbox 2486 3352 2539 3397; x_wconf 87' lang='lat' dir='ltr'><strong>et</strong></span> <span class='ocrx_word' id='word_1_537' title='bbox 2563 3346 2620 3396; x_wconf 86' lang='lat' dir='ltr'><strong>P.</strong></span> 
     </span>
    </p>
   </div>
   <div class='ocr_carea' id='block_1_50' title="bbox 2111 3362 2845 3463">
    <p class='ocr_par' dir='ltr' id='par_1_50' title="bbox 2111 3362 2845 3463">
     <span class='ocr_line' id='line_1_53' title="bbox 2111 3362 2698 3400; baseline -0.005 0"><span class='ocrx_word' id='word_1_538' title='bbox 2111 3364 2158 3400; x_wconf 85' lang='grc' dir='ltr'><strong>ιιι</strong></span> <span class='ocrx_word' id='word_1_539' title='bbox 2182 3364 2299 3400; x_wconf 87' lang='lat' dir='ltr'><strong>mss.</strong></span> <span class='ocrx_word' id='word_1_540' title='bbox 2324 3362 2378 3400; x_wconf 72' lang='grc' dir='ltr'>δ.</span> <span class='ocrx_word' id='word_1_541' title='bbox 2403 3362 2462 3399; x_wconf 71' lang='grc' dir='ltr'>Ι.</span> <span class='ocrx_word' id='word_1_542' title='bbox 2486 3362 2539 3397; x_wconf 83' lang='lat' dir='ltr'><strong>et</strong></span> <span class='ocrx_word' id='word_1_543' title='bbox 2563 3362 2620 3396; x_wconf 79' lang='grc' dir='ltr'><strong>ι’.</strong></span> <span class='ocrx_word' id='word_1_544' title='bbox 2646 3362 2698 3397; x_wconf 66' lang='grc' dir='ltr'>δ.</span> 
     </span>
     <span class='ocr_line' id='line_1_54' title="bbox 2166 3406 2845 3463; baseline -0.004 0"><span class='ocrx_word' id='word_1_545' title='bbox 2166 3414 2195 3453; x_wconf 77' lang='lat' dir='ltr'><strong>k</strong></span> <span class='ocrx_word' id='word_1_546' title='bbox 2230 3412 2288 3462; x_wconf 91' lang='lat' dir='ltr'><strong>In</strong></span> <span class='ocrx_word' id='word_1_547' title='bbox 2311 3424 2427 3463; x_wconf 89' lang='lat' dir='ltr'><strong>mss.</strong></span> <span class='ocrx_word' id='word_1_548' title='bbox 2452 3408 2506 3462; x_wconf 90' lang='lat' dir='ltr'><strong>C.</strong></span> <span class='ocrx_word' id='word_1_549' title='bbox 2534 3414 2588 3459; x_wconf 89' lang='lat' dir='ltr'><strong>et</strong></span> <span class='ocrx_word' id='word_1_550' title='bbox 2608 3408 2661 3459; x_wconf 94' lang='lat' dir='ltr'><strong>S.</strong></span> <span class='ocrx_word' id='word_1_551' title='bbox 2689 3407 2750 3459; x_wconf 86' lang='lat' dir='ltr'><strong>G.</strong></span> <span class='ocrx_word' id='word_1_552' title='bbox 2775 3406 2845 3460; x_wconf 87' lang='lat' dir='ltr'><strong>in.</strong></span> 
     </span>
    </p>
   </div>
   <div class='ocr_carea' id='block_1_51' title="bbox 1709 3516 2331 3579">
    <p class='ocr_par' dir='ltr' id='par_1_51' title="bbox 1709 3516 2331 3579">
     <span class='ocr_line' id='line_1_55' title="bbox 1709 3516 2331 3579; baseline -0.008 -2"><span class='ocrx_word' id='word_1_553' title='bbox 1709 3517 2075 3579; x_wconf 80' lang='lat' dir='ltr'><strong>VARIORUM</strong></span> <span class='ocrx_word' id='word_1_554' title='bbox 2102 3516 2331 3575; x_wconf 67' lang='lat' dir='ltr'><strong>NOTAE.</strong></span> 
     </span>
    </p>
   </div>
   <div class='ocr_carea' id='block_1_52' title="bbox 411 3615 2001 3676">
    <p class='ocr_par' dir='ltr' id='par_1_52' title="bbox 411 3615 2001 3676">
     <span class='ocr_line' id='line_1_56' title="bbox 411 3615 2001 3676; baseline -0.004 0"><span class='ocrx_word' id='word_1_555' title='bbox 411 3621 601 3676; x_wconf 87' lang='lat' dir='ltr'><strong>mitras</strong></span> <span class='ocrx_word' id='word_1_556' title='bbox 641 3628 821 3676; x_wconf 90' lang='lat' dir='ltr'><strong>tamen</strong></span> <span class='ocrx_word' id='word_1_557' title='bbox 858 3621 1030 3676; x_wconf 88' lang='lat' dir='ltr'><strong>instar</strong></span> <span class='ocrx_word' id='word_1_558' title='bbox 1061 3618 1433 3675; x_wconf 91' lang='lat' dir='ltr'><strong>maritatarum</strong></span> <span class='ocrx_word' id='word_1_559' title='bbox 1479 3632 1586 3672; x_wconf 93' lang='lat' dir='ltr'><strong>non</strong></span> <span class='ocrx_word' id='word_1_560' title='bbox 1638 3615 1908 3671; x_wconf 87' lang='lat' dir='ltr'><strong>habebant</strong></span> <span class='ocrx_word' id='word_1_561' title='bbox 1942 3622 2001 3669; x_wconf 91' lang='lat' dir='ltr'><strong>ut</strong></span> 
     </span>
    </p>
   </div>
   <div class='ocr_carea' id='block_1_53' title="bbox 410 3686 2002 3764">
    <p class='ocr_par' dir='ltr' id='par_1_53' title="bbox 410 3686 2002 3764">
     <span class='ocr_line' id='line_1_57' title="bbox 410 3686 2002 3764; baseline -0.005 -16"><span class='ocrx_word' id='word_1_562' title='bbox 410 3693 519 3748; x_wconf 78' lang='lat' dir='ltr'><strong>illa:</strong></span> <span class='ocrx_word' id='word_1_563' title='bbox 546 3708 665 3763; x_wconf 74' lang='lat' dir='ltr'><strong>qua:</strong></span> <span class='ocrx_word' id='word_1_564' title='bbox 698 3692 1070 3764; x_wconf 88' lang='lat' dir='ltr'><strong>virginitatem</strong></span> <span class='ocrx_word' id='word_1_565' title='bbox 1112 3690 1370 3764; x_wconf 72' lang='lat' dir='ltr'><strong>professa:</strong></span> <span class='ocrx_word' id='word_1_566' title='bbox 1412 3689 1645 3764; x_wconf 81' lang='lat' dir='ltr'><strong>fuerant.</strong></span> <span class='ocrx_word' id='word_1_567' title='bbox 1680 3686 1831 3764; x_wconf 75' lang='lat' dir='ltr'><strong>Mitra</strong></span> <span class='ocrx_word' id='word_1_568' title='bbox 1872 3699 2002 3755; x_wconf 87' lang='lat' dir='ltr'><strong>ergo</strong></span> 
     </span>
    </p>
   </div>
   <div class='ocr_carea' id='block_1_54' title="bbox 411 3759 2002 3834">
    <p class='ocr_par' dir='ltr' id='par_1_54' title="bbox 411 3759 2002 3834">
     <span class='ocr_line' id='line_1_58' title="bbox 411 3759 2002 3834; baseline -0.006 -15"><span class='ocrx_word' id='word_1_569' title='bbox 411 3773 530 3819; x_wconf 89' lang='lat' dir='ltr'><strong>erat</strong></span> <span class='ocrx_word' id='word_1_570' title='bbox 568 3759 812 3834; x_wconf 48' lang='lat' dir='ltr'><strong>&#39;signttm&#39;</strong></span> <span class='ocrx_word' id='word_1_571' title='bbox 838 3762 1172 3834; x_wconf 84' lang='lat' dir='ltr'><strong>virginitatis</strong></span> <span class='ocrx_word' id='word_1_572' title='bbox 1206 3780 1219 3815; x_wconf 89' lang='lat'><strong>:</strong></span> <span class='ocrx_word' id='word_1_573' title='bbox 1247 3761 1495 3834; x_wconf 71' lang='lat' dir='ltr'><strong>observa</strong></span> <span class='ocrx_word' id='word_1_574' title='bbox 1527 3760 1703 3834; x_wconf 68' lang='lat' dir='ltr'><strong>etiam</strong></span> <span class='ocrx_word' id='word_1_575' title='bbox 1743 3759 1853 3827; x_wconf 90' lang='lat' dir='ltr'><strong>jam</strong></span> <span class='ocrx_word' id='word_1_576' title='bbox 1889 3766 2002 3810; x_wconf 91' lang='lat' dir='ltr'><strong>tum</strong></span> 
     </span>
    </p>
   </div>
   <div class='ocr_carea' id='block_1_55' title="bbox 415 3829 1892 3955">
    <p class='ocr_par' dir='ltr' id='par_1_55' title="bbox 415 3829 1892 3955">
     <span class='ocr_line' id='line_1_59' title="bbox 415 3829 1892 3955; baseline -0.006 -64"><span class='ocrx_word' id='word_1_577' title='bbox 415 3829 658 3904; x_wconf 77' lang='lat' dir='ltr'><strong>tempore</strong></span> <span class='ocrx_word' id='word_1_578' title='bbox 703 3829 1024 3892; x_wconf 75' lang='lat' dir='ltr'><strong>Tertulliani</strong></span> <span class='ocrx_word' id='word_1_579' title='bbox 1066 3834 1256 3888; x_wconf 77' lang='lat' dir='ltr'><strong>mitras</strong></span> <span class='ocrx_word' id='word_1_580' title='bbox 1296 3833 1419 3887; x_wconf 85' lang='lat' dir='ltr'><strong>illas</strong></span> <span class='ocrx_word' id='word_1_581' title='bbox 1471 3831 1637 3955; x_wconf 57' lang='lat' dir='ltr'><strong>fuisse</strong></span> <span class='ocrx_word' id='word_1_582' title='bbox 1671 3829 1892 3954; x_wconf 59' lang='lat' dir='ltr'><strong>1laneas.</strong></span> 
     </span>
     <span class='ocr_line' id='line_1_60' title="bbox 1613 3915 1787 3955; baseline -0.011 0"><span class='ocrx_word' id='word_1_583' title='bbox 1613 3916 1644 3955; x_wconf 85' lang='grc' dir='ltr'>υ</span> <span class='ocrx_word' id='word_1_584' title='bbox 1717 3915 1787 3955; x_wconf 67' lang='grc' dir='ltr'>ιιι.</span> 
     </span>
    </p>
   </div>
   <div class='ocr_carea' id='block_1_56' title="bbox 1613 3915 1787 3956">
    <p class='ocr_par' dir='ltr' id='par_1_56' title="bbox 1613 3915 1787 3956">
     <span class='ocr_line' id='line_1_61' title="bbox 1613 3915 1787 3956; baseline -0.017 0"><span class='ocrx_word' id='word_1_585' title='bbox 1613 3916 1644 3956; x_wconf 86' lang='lat' dir='ltr'><strong>U</strong></span> <span class='ocrx_word' id='word_1_586' title='bbox 1674 3915 1787 3955; x_wconf 76' lang='lat' dir='ltr'><strong>I’IN.</strong></span> 
     </span>
    </p>
   </div>
   <div class='ocr_carea' id='block_1_57' title="bbox 488 3969 2010 4048">
    <p class='ocr_par' dir='ltr' id='par_1_57' title="bbox 488 3969 2010 4048">
     <span class='ocr_line' id='line_1_62' title="bbox 488 3969 2010 4048; baseline -0.005 -16"><span class='ocrx_word' id='word_1_587' title='bbox 488 3976 604 4048; x_wconf 81' lang='lat'><strong>(55)</strong></span> <span class='ocrx_word' id='word_1_588' title='bbox 639 3977 925 4048; x_wconf 79' lang='lat' dir='ltr'><strong>Virginitas</strong></span> <span class='ocrx_word' id='word_1_589' title='bbox 953 3977 1089 4034; x_wconf 87' lang='lat' dir='ltr'><strong>enim</strong></span> <span class='ocrx_word' id='word_1_590' title='bbox 1134 3976 1408 4031; x_wconf 77' lang='lat' dir='ltr'><strong>voluntatis</strong></span> <span class='ocrx_word' id='word_1_591' title='bbox 1446 3990 1526 4048; x_wconf 83' lang='lat' dir='ltr'><strong>res</strong></span> <span class='ocrx_word' id='word_1_592' title='bbox 1569 3981 1681 4048; x_wconf 66' lang='lat' dir='ltr'><strong>est.</strong></span> <span class='ocrx_word' id='word_1_593' title='bbox 1724 3979 1827 4026; x_wconf 87' lang='lat' dir='ltr'><strong>etc.</strong></span> <span class='ocrx_word' id='word_1_594' title='bbox 1883 3969 2010 4048; x_wconf 58' lang='lat' dir='ltr'><strong>Haec</strong></span> 
     </span>
    </p>
   </div>
   <div class='ocr_carea' id='block_1_58' title="bbox 417 4043 2002 4121">
    <p class='ocr_par' dir='ltr' id='par_1_58' title="bbox 417 4043 2002 4121">
     <span class='ocr_line' id='line_1_63' title="bbox 417 4043 2002 4121; baseline -0.007 -16"><span class='ocrx_word' id='word_1_595' title='bbox 417 4043 594 4121; x_wconf 79' lang='lat' dir='ltr'><strong>usque</strong></span> <span class='ocrx_word' id='word_1_596' title='bbox 613 4052 677 4105; x_wconf 84' lang='lat' dir='ltr'><strong>ad</strong></span> <span class='ocrx_word' id='word_1_597' title='bbox 708 4043 797 4106; x_wconf 71' lang='lat' dir='ltr'><strong>illa</strong></span> <span class='ocrx_word' id='word_1_598' title='bbox 824 4050 1024 4115; x_wconf 87' lang='lat' dir='ltr'><strong>verba,</strong></span> <span class='ocrx_word' id='word_1_599' title='bbox 1071 4064 1162 4103; x_wconf 85' lang='lat' dir='ltr'><strong>nec</strong></span> <span class='ocrx_word' id='word_1_600' title='bbox 1200 4047 1433 4121; x_wconf 62' lang='lat' dir='ltr'><strong>nolentes</strong></span> <span class='ocrx_word' id='word_1_601' title='bbox 1464 4044 1681 4121; x_wconf 62' lang='lat' dir='ltr'><strong>impellit</strong></span> <span class='ocrx_word' id='word_1_602' title='bbox 1709 4053 1801 4121; x_wconf 79' lang='lat' dir='ltr'><strong>aut</strong></span> <span class='ocrx_word' id='word_1_603' title='bbox 1831 4043 2002 4121; x_wconf 63' lang='lat' dir='ltr'><strong>cogit,</strong></span> 
     </span>
    </p>
   </div>
   <div class='ocr_carea' id='block_1_59' title="bbox 417 4112 2009 4188">
    <p class='ocr_par' dir='ltr' id='par_1_59' title="bbox 417 4112 2009 4188">
     <span class='ocr_line' id='line_1_64' title="bbox 417 4112 2009 4188; baseline -0.006 -11"><span class='ocrx_word' id='word_1_604' title='bbox 417 4112 651 4177; x_wconf 76' lang='lat' dir='ltr'><strong>citantur</strong></span> <span class='ocrx_word' id='word_1_605' title='bbox 693 4131 750 4178; x_wconf 91' lang='lat' dir='ltr'><strong>et</strong></span> <span class='ocrx_word' id='word_1_606' title='bbox 774 4112 1090 4177; x_wconf 86' lang='lat' dir='ltr'><strong>referuntur</strong></span> <span class='ocrx_word' id='word_1_607' title='bbox 1120 4136 1147 4173; x_wconf 88' lang='lat' dir='ltr'><strong>a</strong></span> <span class='ocrx_word' id='word_1_608' title='bbox 1200 4118 1260 4173; x_wconf 87' lang='grc' dir='ltr'><strong>Β.</strong></span> <span class='ocrx_word' id='word_1_609' title='bbox 1291 4112 1547 4188; x_wconf 81' lang='lat' dir='ltr'><strong>Fulgent.</strong></span> <span class='ocrx_word' id='word_1_610' title='bbox 1576 4114 1611 4169; x_wconf 93' lang='lat' dir='ltr'><strong>l.</strong></span> <span class='ocrx_word' id='word_1_611' title='bbox 1647 4129 1705 4169; x_wconf 94' lang='grc' dir='ltr'>ιι.</span> <span class='ocrx_word' id='word_1_612' title='bbox 1737 4114 1803 4168; x_wconf 91' lang='lat' dir='ltr'><strong>ad</strong></span> <span class='ocrx_word' id='word_1_613' title='bbox 1837 4112 2009 4168; x_wconf 82' lang='lat' dir='ltr'><strong>Moni-</strong></span> 
     </span>
    </p>
   </div>
   <div class='ocr_carea' id='block_1_60' title="bbox 419 4193 1020 4250">
    <p class='ocr_par' dir='ltr' id='par_1_60' title="bbox 419 4193 1020 4250">
     <span class='ocr_line' id='line_1_65' title="bbox 419 4193 1020 4250; baseline 0 -3"><span class='ocrx_word' id='word_1_614' title='bbox 419 4208 565 4247; x_wconf 91' lang='lat' dir='ltr'><strong>mum</strong></span> <span class='ocrx_word' id='word_1_615' title='bbox 596 4195 759 4250; x_wconf 72' lang='lat'><strong>0.15.</strong></span> <span class='ocrx_word' id='word_1_616' title='bbox 792 4193 869 4249; x_wconf 89' lang='lat' dir='ltr'><strong>Du</strong></span> <span class='ocrx_word' id='word_1_617' title='bbox 902 4193 1020 4248; x_wconf 73' lang='lat' dir='ltr'><strong>PIN.</strong></span> 
     </span>
    </p>
   </div>
   <div class='ocr_carea' id='block_1_61' title="bbox 493 4253 2007 4336">
    <p class='ocr_par' dir='ltr' id='par_1_61' title="bbox 493 4253 2007 4336">
     <span class='ocr_line' id='line_1_66' title="bbox 493 4253 2007 4336; baseline -0.007 -16"><span class='ocrx_word' id='word_1_618' title='bbox 493 4263 606 4336; x_wconf 81' lang='lat'><strong>(56)</strong></span> <span class='ocrx_word' id='word_1_619' title='bbox 637 4264 968 4320; x_wconf 82' lang='lat' dir='ltr'><strong>Stabularius</strong></span> <span class='ocrx_word' id='word_1_620' title='bbox 998 4260 1086 4319; x_wconf 86' lang='lat' dir='ltr'><strong>ille</strong></span> <span class='ocrx_word' id='word_1_621' title='bbox 1128 4260 1328 4336; x_wconf 74' lang='lat' dir='ltr'><strong>Paulus</strong></span> <span class='ocrx_word' id='word_1_622' title='bbox 1357 4260 1667 4336; x_wconf 40' lang='lat' dir='ltr'><strong>apostolus.</strong></span> <span class='ocrx_word' id='word_1_623' title='bbox 1697 4255 1896 4336; x_wconf 81' lang='lat' dir='ltr'><strong>Alludit</strong></span> <span class='ocrx_word' id='word_1_624' title='bbox 1940 4253 2007 4336; x_wconf 83' lang='lat' dir='ltr'><strong>a_d</strong></span> 
     </span>
    </p>
   </div>
   <div class='ocr_carea' id='block_1_62' title="bbox 421 4326 2008 4407">
    <p class='ocr_par' dir='ltr' id='par_1_62' title="bbox 421 4326 2008 4407">
     <span class='ocr_line' id='line_1_67' title="bbox 421 4326 2008 4407; baseline -0.008 -16"><span class='ocrx_word' id='word_1_625' title='bbox 421 4326 732 4407; x_wconf 80' lang='lat' dir='ltr'><strong>parabolam</strong></span> <span class='ocrx_word' id='word_1_626' title='bbox 784 4337 1019 4407; x_wconf 86' lang='lat' dir='ltr'><strong>hominis</strong></span> <span class='ocrx_word' id='word_1_627' title='bbox 1049 4334 1139 4404; x_wconf 92' lang='lat' dir='ltr'><strong>qui</strong></span> <span class='ocrx_word' id='word_1_628' title='bbox 1175 4335 1227 4387; x_wconf 88' lang='lat' dir='ltr'><strong>in</strong></span> <span class='ocrx_word' id='word_1_629' title='bbox 1260 4326 1497 4407; x_wconf 64' lang='lat' dir='ltr'><strong>latrones</strong></span> <span class='ocrx_word' id='word_1_630' title='bbox 1527 4326 1872 4407; x_wconf 70' lang='lat' dir='ltr'><strong>incideratet</strong></span> <span class='ocrx_word' id='word_1_631' title='bbox 1894 4326 2008 4407; x_wconf 69' lang='lat' dir='ltr'><strong>vul-</strong></span> 
     </span>
    </p>
   </div>
   <div class='ocr_carea' id='block_1_63' title="bbox 425 4396 2009 4480">
    <p class='ocr_par' dir='ltr' id='par_1_63' title="bbox 425 4396 2009 4480">
     <span class='ocr_line' id='line_1_68' title="bbox 425 4396 2009 4480; baseline -0.009 -17"><span class='ocrx_word' id='word_1_632' title='bbox 425 4396 645 4480; x_wconf 69' lang='lat' dir='ltr'><strong>neribus</strong></span> <span class='ocrx_word' id='word_1_633' title='bbox 668 4407 955 4480; x_wconf 87' lang='lat' dir='ltr'><strong>confossus</strong></span> <span class='ocrx_word' id='word_1_634' title='bbox 985 4396 1159 4480; x_wconf 69' lang='lat' dir='ltr'><strong>fuerat</strong></span> <span class='ocrx_word' id='word_1_635' title='bbox 1177 4446 1205 4480; x_wconf 76' lang='lat'><strong>,_</strong></span> <span class='ocrx_word' id='word_1_636' title='bbox 1220 4417 1378 4480; x_wconf 77' lang='lat' dir='ltr'><strong>quem</strong></span> <span class='ocrx_word' id='word_1_637' title='bbox 1406 4399 1903 4480; x_wconf 54' lang='lat' dir='ltr'><strong>samaritannsjter</strong></span> <span class='ocrx_word' id='word_1_638' title='bbox 1933 4396 2009 4449; x_wconf 84' lang='lat' dir='ltr'><strong>fa-</strong></span> 
     </span>
    </p>
   </div>
   <div class='ocr_carea' id='block_1_64' title="bbox 424 4469 2007 4537">
    <p class='ocr_par' dir='ltr' id='par_1_64' title="bbox 424 4469 2007 4537">
     <span class='ocr_line' id='line_1_69' title="bbox 424 4469 2007 4537; baseline -0.009 -2"><span class='ocrx_word' id='word_1_639' title='bbox 424 4479 576 4535; x_wconf 87' lang='lat' dir='ltr'><strong>ciens</strong></span> <span class='ocrx_word' id='word_1_640' title='bbox 599 4479 899 4535; x_wconf 83' lang='lat' dir='ltr'><strong>sublevavit</strong></span> <span class='ocrx_word' id='word_1_641' title='bbox 943 4487 998 4534; x_wconf 90' lang='lat' dir='ltr'><strong>et</strong></span> <span class='ocrx_word' id='word_1_642' title='bbox 1044 4469 1251 4532; x_wconf 53' lang='lat' dir='ltr'><strong>detulit&#39;</strong></span> <span class='ocrx_word' id='word_1_643' title='bbox 1279 4474 1331 4529; x_wconf 92' lang='lat' dir='ltr'><strong>in</strong></span> <span class='ocrx_word' id='word_1_644' title='bbox 1378 4472 1646 4527; x_wconf 88' lang='lat' dir='ltr'><strong>stabulum</strong></span> <span class='ocrx_word' id='word_1_645' title='bbox 1696 4469 2007 4537; x_wconf 90' lang='lat' dir='ltr'><strong>relinquens</strong></span> 
     </span>
    </p>
   </div>
   <div class='ocr_carea' id='block_1_65' title="bbox 424 4539 2004 4613">
    <p class='ocr_par' dir='ltr' id='par_1_65' title="bbox 424 4539 2004 4613">
     <span class='ocr_line' id='line_1_70' title="bbox 424 4539 2004 4613; baseline -0.009 -7"><span class='ocrx_word' id='word_1_646' title='bbox 424 4549 720 4607; x_wconf 85' lang='lat' dir='ltr'><strong>stabulario</strong></span> <span class='ocrx_word' id='word_1_647' title='bbox 746 4550 882 4605; x_wconf 82' lang='lat' dir='ltr'><strong>duos</strong></span> <span class='ocrx_word' id='word_1_648' title='bbox 923 4550 1177 4606; x_wconf 89' lang='lat' dir='ltr'><strong>denarios</strong></span> <span class='ocrx_word' id='word_1_649' title='bbox 1200 4589 1214 4613; x_wconf 89' lang='lat'><strong>,</strong></span> <span class='ocrx_word' id='word_1_650' title='bbox 1249 4553 1308 4599; x_wconf 87' lang='grc' dir='ltr'><strong>ιιι</strong></span> <span class='ocrx_word' id='word_1_651' title='bbox 1346 4543 1494 4598; x_wconf 89' lang='lat' dir='ltr'><strong>illius</strong></span> <span class='ocrx_word' id='word_1_652' title='bbox 1523 4556 1729 4613; x_wconf 80' lang='lat' dir='ltr'><strong>curam</strong></span> <span class='ocrx_word' id='word_1_653' title='bbox 1762 4539 2004 4613; x_wconf 65' lang='lat' dir='ltr'><strong>haberet,</strong></span> 
     </span>
    </p>
   </div>
   <div class='ocr_carea' id='block_1_66' title="bbox 431 4609 2012 4693">
    <p class='ocr_par' dir='ltr' id='par_1_66' title="bbox 431 4609 2012 4693">
     <span class='ocr_line' id='line_1_71' title="bbox 431 4609 2012 4693; baseline -0.008 -17"><span class='ocrx_word' id='word_1_654' title='bbox 431 4620 584 4687; x_wconf 85' lang='lat' dir='ltr'><strong>(Luc.</strong></span> <span class='ocrx_word' id='word_1_655' title='bbox 617 4638 670 4684; x_wconf 81' lang='grc' dir='ltr'>ιι,</span> <span class='ocrx_word' id='word_1_656' title='bbox 697 4638 749 4677; x_wconf 91' lang='lat' dir='ltr'><strong>v.</strong></span> <span class='ocrx_word' id='word_1_657' title='bbox 778 4622 895 4693; x_wconf 87' lang='grc'>50),</span> <span class='ocrx_word' id='word_1_658' title='bbox 922 4630 976 4677; x_wconf 94' lang='lat' dir='ltr'><strong>et</strong></span> <span class='ocrx_word' id='word_1_659' title='bbox 1018 4609 1242 4693; x_wconf 77' lang='lat' dir='ltr'><strong>Paulum</strong></span> <span class='ocrx_word' id='word_1_660' title='bbox 1263 4622 1541 4685; x_wconf 88' lang='lat' dir='ltr'><strong>comparat</strong></span> <span class='ocrx_word' id='word_1_661' title='bbox 1559 4611 1891 4693; x_wconf 48' lang='lat' dir='ltr'><strong>stabulario,</strong></span> <span class='ocrx_word' id='word_1_662' title='bbox 1921 4609 2012 4693; x_wconf 79' lang='lat' dir='ltr'><strong>qui</strong></span> 
     </span>
    </p>
   </div>
   <div class='ocr_carea' id='block_1_67' title="bbox 2181 3607 3713 3687">
    <p class='ocr_par' dir='ltr' id='par_1_67' title="bbox 2181 3607 3713 3687">
     <span class='ocr_line' id='line_1_72' title="bbox 2181 3607 3713 3687; baseline 0.002 -20"><span class='ocrx_word' id='word_1_663' title='bbox 2181 3610 2297 3684; x_wconf 89' lang='lat'><strong>(60)</strong></span> <span class='ocrx_word' id='word_1_664' title='bbox 2330 3609 2454 3665; x_wconf 74' lang='lat' dir='ltr'><strong>Non</strong></span> <span class='ocrx_word' id='word_1_665' title='bbox 2474 3607 2596 3663; x_wconf 89' lang='lat' dir='ltr'><strong>inde</strong></span> <span class='ocrx_word' id='word_1_666' title='bbox 2613 3618 3009 3687; x_wconf 61' lang='lat' dir='ltr'><strong>gompescuntur</strong></span> <span class='ocrx_word' id='word_1_667' title='bbox 3029 3620 3185 3668; x_wconf 76' lang='lat' dir='ltr'><strong>testus</strong></span> <span class='ocrx_word' id='word_1_668' title='bbox 3204 3616 3386 3681; x_wconf 87' lang='lat' dir='ltr'><strong>animi,</strong></span> <span class='ocrx_word' id='word_1_669' title='bbox 3405 3631 3533 3687; x_wconf 85' lang='lat' dir='ltr'><strong>quos</strong></span> <span class='ocrx_word' id='word_1_670' title='bbox 3553 3616 3713 3670; x_wconf 85' lang='lat' dir='ltr'><strong>inter-</strong></span> 
     </span>
    </p>
   </div>
   <div class='ocr_carea' id='block_1_68' title="bbox 2110 3680 3652 3749">
    <p class='ocr_par' dir='ltr' id='par_1_68' title="bbox 2110 3680 3652 3749">
     <span class='ocr_line' id='line_1_73' title="bbox 2110 3680 3652 3749; baseline 0.003 -13"><span class='ocrx_word' id='word_1_671' title='bbox 2110 3680 2232 3736; x_wconf 76' lang='lat' dir='ltr'><strong>dum</strong></span> <span class='ocrx_word' id='word_1_672' title='bbox 2252 3692 2404 3737; x_wconf 72' lang='lat' dir='ltr'><strong>testas</strong></span> <span class='ocrx_word' id='word_1_673' title='bbox 2431 3680 2683 3735; x_wconf 84' lang='lat' dir='ltr'><strong>accendit.</strong></span> <span class='ocrx_word' id='word_1_674' title='bbox 2712 3680 2936 3749; x_wconf 85' lang='lat' dir='ltr'><strong>Corrige</strong></span> <span class='ocrx_word' id='word_1_675' title='bbox 2957 3722 2971 3744; x_wconf 87' lang='lat'><strong>,</strong></span> <span class='ocrx_word' id='word_1_676' title='bbox 3000 3692 3126 3737; x_wconf 72' lang='lat' dir='ltr'><strong>mtas</strong></span> <span class='ocrx_word' id='word_1_677' title='bbox 3146 3680 3400 3740; x_wconf 83' lang='lat' dir='ltr'><strong>accendit.</strong></span> <span class='ocrx_word' id='word_1_678' title='bbox 3417 3680 3652 3742; x_wconf 55' lang='lat' dir='ltr'><strong>&#39;livcsn&#39;r.</strong></span> 
     </span>
    </p>
   </div>
   <div class='ocr_carea' id='block_1_69' title="bbox 2188 3750 3713 3827">
    <p class='ocr_par' dir='ltr' id='par_1_69' title="bbox 2188 3750 3713 3827">
     <span class='ocr_line' id='line_1_74' title="bbox 2188 3750 3713 3827; baseline 0.003 -19"><span class='ocrx_word' id='word_1_679' title='bbox 2188 3752 2302 3826; x_wconf 77' lang='grc'>(61)</span> <span class='ocrx_word' id='word_1_680' title='bbox 2354 3752 2494 3827; x_wconf 77' lang='lat' dir='ltr'><strong>Talis</strong></span> <span class='ocrx_word' id='word_1_681' title='bbox 2545 3765 2749 3827; x_wconf 71' lang='lat' dir='ltr'><strong>pannus</strong></span> <span class='ocrx_word' id='word_1_682' title='bbox 2776 3750 3040 3807; x_wconf 84' lang='lat' dir='ltr'><strong>deturbari</strong></span> <span class='ocrx_word' id='word_1_683' title='bbox 3085 3764 3265 3825; x_wconf 84' lang='lat' dir='ltr'><strong>potest.</strong></span> <span class='ocrx_word' id='word_1_684' title='bbox 3301 3756 3466 3812; x_wconf 85' lang='lat' dir='ltr'><strong>Forte</strong></span> <span class='ocrx_word' id='word_1_685' title='bbox 3492 3757 3713 3827; x_wconf 88' lang='lat' dir='ltr'><strong>scripsit</strong></span> 
     </span>
    </p>
   </div>
   <div class='ocr_carea' id='block_1_70' title="bbox 2110 3820 2941 3894">
    <p class='ocr_par' dir='ltr' id='par_1_70' title="bbox 2110 3820 2941 3894">
     <span class='ocr_line' id='line_1_75' title="bbox 2110 3820 2941 3894; baseline -0.006 -15"><span class='ocrx_word' id='word_1_686' title='bbox 2110 3820 2337 3894; x_wconf 73' lang='lat' dir='ltr'><strong>Optatos</strong></span> <span class='ocrx_word' id='word_1_687' title='bbox 2362 3865 2376 3885; x_wconf 82' lang='lat'><strong>.</strong></span> <span class='ocrx_word' id='word_1_688' title='bbox 2411 3822 2696 3894; x_wconf 72' lang='lat' dir='ltr'><strong>deturpari.</strong></span> <span class='ocrx_word' id='word_1_689' title='bbox 2724 3820 2941 3894; x_wconf 69' lang='lat' dir='ltr'><strong>lucsa&#39;r.</strong></span> 
     </span>
    </p>
   </div>
   <div class='ocr_carea' id='block_1_71' title="bbox 2186 3891 3712 3967">
    <p class='ocr_par' dir='ltr' id='par_1_71' title="bbox 2186 3891 3712 3967">
     <span class='ocr_line' id='line_1_76' title="bbox 2186 3891 3712 3967; baseline 0.003 -17"><span class='ocrx_word' id='word_1_690' title='bbox 2186 3893 2580 3967; x_wconf 4' lang='lat' dir='ltr'><strong>(62))Spiritale</strong></span> <span class='ocrx_word' id='word_1_691' title='bbox 2596 3891 2830 3967; x_wconf 64' lang='lat' dir='ltr'><strong>nubendi</strong></span> <span class='ocrx_word' id='word_1_692' title='bbox 2871 3894 2965 3946; x_wconf 81' lang='lat' dir='ltr'><strong>hoc</strong></span> <span class='ocrx_word' id='word_1_693' title='bbox 3003 3911 3163 3965; x_wconf 83' lang='lat' dir='ltr'><strong>genus</strong></span> <span class='ocrx_word' id='word_1_694' title='bbox 3195 3907 3288 3952; x_wconf 87' lang='lat' dir='ltr'><strong>est.</strong></span> <span class='ocrx_word' id='word_1_695' title='bbox 3321 3897 3490 3966; x_wconf 83' lang='lat' dir='ltr'><strong>Quia,</strong></span> <span class='ocrx_word' id='word_1_696' title='bbox 3522 3908 3580 3954; x_wconf 91' lang='lat' dir='ltr'><strong>ut</strong></span> <span class='ocrx_word' id='word_1_697' title='bbox 3607 3899 3712 3955; x_wconf 91' lang='lat' dir='ltr'><strong>ob-</strong></span> 
     </span>
    </p>
   </div>
   <div class='ocr_carea' id='block_1_72' title="bbox 2114 3962 3708 4033">
    <p class='ocr_par' dir='ltr' id='par_1_72' title="bbox 2114 3962 3708 4033">
     <span class='ocr_line' id='line_1_77' title="bbox 2114 3962 3708 4033; baseline 0.002 -11"><span class='ocrx_word' id='word_1_698' title='bbox 2114 3962 2446 4022; x_wconf 82' lang='lat' dir='ltr'><strong>servavimus</strong></span> <span class='ocrx_word' id='word_1_699' title='bbox 2490 3962 2687 4025; x_wconf 81' lang='lat' dir='ltr'><strong>tnodo,</strong></span> <span class='ocrx_word' id='word_1_700' title='bbox 2722 3964 2896 4017; x_wconf 76' lang='lat' dir='ltr'><strong>mitra:</strong></span> <span class='ocrx_word' id='word_1_701' title='bbox 2917 3962 3025 4019; x_wconf 83' lang='lat' dir='ltr'><strong>non</strong></span> <span class='ocrx_word' id='word_1_702' title='bbox 3056 3978 3247 4033; x_wconf 89' lang='lat' dir='ltr'><strong>erant,</strong></span> <span class='ocrx_word' id='word_1_703' title='bbox 3284 3962 3386 4024; x_wconf 75' lang='lat' dir='ltr'><strong>nisi</strong></span> <span class='ocrx_word' id='word_1_704' title='bbox 3422 3962 3708 4033; x_wconf 85' lang='lat' dir='ltr'><strong>nuptarum</strong></span> 
     </span>
    </p>
   </div>
   <div class='ocr_carea' id='block_1_73' title="bbox 2115 4037 3706 4107">
    <p class='ocr_par' dir='ltr' id='par_1_73' title="bbox 2115 4037 3706 4107">
     <span class='ocr_line' id='line_1_78' title="bbox 2115 4037 3706 4107; baseline 0.003 -15"><span class='ocrx_word' id='word_1_705' title='bbox 2115 4037 2436 4107; x_wconf 81' lang='lat' dir='ltr'><strong>feminarum</strong></span> <span class='ocrx_word' id='word_1_706' title='bbox 2507 4045 2599 4089; x_wconf 90' lang='lat' dir='ltr'><strong>aut</strong></span> <span class='ocrx_word' id='word_1_707' title='bbox 2652 4037 2764 4090; x_wconf 90' lang='lat' dir='ltr'><strong>Deo</strong></span> <span class='ocrx_word' id='word_1_708' title='bbox 2787 4046 3120 4107; x_wconf 59' lang='lat' dir='ltr'><strong>secretarum</strong></span> <span class='ocrx_word' id='word_1_709' title='bbox 3164 4040 3453 4107; x_wconf 88' lang='lat' dir='ltr'><strong>virginum.</strong></span> <span class='ocrx_word' id='word_1_710' title='bbox 3481 4041 3556 4096; x_wconf 85' lang='lat' dir='ltr'><strong>Du</strong></span> <span class='ocrx_word' id='word_1_711' title='bbox 3587 4040 3706 4097; x_wconf 76' lang='lat' dir='ltr'><strong>PIN.</strong></span> 
     </span>
    </p>
   </div>
   <div class='ocr_carea' id='block_1_74' title="bbox 2183 4104 3711 4182">
    <p class='ocr_par' dir='ltr' id='par_1_74' title="bbox 2183 4104 3711 4182">
     <span class='ocr_line' id='line_1_79' title="bbox 2183 4104 3711 4182; baseline 0.001 -17"><span class='ocrx_word' id='word_1_712' title='bbox 2183 4108 2299 4181; x_wconf 77' lang='lat'><strong>(65)</strong></span> <span class='ocrx_word' id='word_1_713' title='bbox 2329 4106 2397 4162; x_wconf 78' lang='lat' dir='ltr'><strong>Iit</strong></span> <span class='ocrx_word' id='word_1_714' title='bbox 2419 4108 2626 4179; x_wconf 84' lang='lat' dir='ltr'><strong>nuptias</strong></span> <span class='ocrx_word' id='word_1_715' title='bbox 2655 4105 2849 4181; x_wconf 77' lang='lat' dir='ltr'><strong>sponsi.</strong></span> <span class='ocrx_word' id='word_1_716' title='bbox 2882 4104 3163 4166; x_wconf 81' lang='lat' dir='ltr'><strong>Vovebant</strong></span> <span class='ocrx_word' id='word_1_717' title='bbox 3189 4104 3405 4166; x_wconf 73' lang='lat' dir='ltr'><strong>ChriSto</strong></span> <span class='ocrx_word' id='word_1_718' title='bbox 3431 4111 3711 4182; x_wconf 85' lang='lat' dir='ltr'><strong>virginita-</strong></span> 
     </span>
    </p>
   </div>
   <div class='ocr_carea' id='block_1_75' title="bbox 2113 4184 2497 4236">
    <p class='ocr_par' dir='ltr' id='par_1_75' title="bbox 2113 4184 2497 4236">
     <span class='ocr_line' id='line_1_80' title="bbox 2113 4184 2497 4236; baseline -0.005 -3"><span class='ocrx_word' id='word_1_719' title='bbox 2113 4187 2242 4236; x_wconf 88' lang='lat' dir='ltr'><strong>tem.</strong></span> <span class='ocrx_word' id='word_1_720' title='bbox 2267 4184 2497 4235; x_wconf 81' lang='lat' dir='ltr'><strong>ALBASP.</strong></span> 
     </span>
    </p>
   </div>
   <div class='ocr_carea' id='block_1_76' title="bbox 2183 4249 3707 4335">
    <p class='ocr_par' dir='ltr' id='par_1_76' title="bbox 2183 4249 3707 4335">
     <span class='ocr_line' id='line_1_81' title="bbox 2183 4249 3707 4335; baseline 0.001 -29"><span class='ocrx_word' id='word_1_721' title='bbox 2183 4249 2778 4335; x_wconf 10' lang='lat' dir='ltr'><strong>(6i)§pi‘ritaligsponso</strong></span> <span class='ocrx_word' id='word_1_722' title='bbox 2802 4255 3074 4335; x_wconf 60' lang='lat' dir='ltr'><strong>solverant</strong></span> <span class='ocrx_word' id='word_1_723' title='bbox 3103 4252 3316 4335; x_wconf 72' lang='lat' dir='ltr'><strong>crinem.</strong></span> <span class='ocrx_word' id='word_1_724' title='bbox 3333 4252 3555 4335; x_wconf 73' lang='lat' dir='ltr'><strong>_Crim_en</strong></span> <span class='ocrx_word' id='word_1_725' title='bbox 3580 4252 3707 4307; x_wconf 91' lang='lat' dir='ltr'><strong>cudi</strong></span> 
     </span>
    </p>
   </div>
   <div class='ocr_carea' id='block_1_77' title="bbox 2111 4319 3712 4464">
    <p class='ocr_par' dir='ltr' id='par_1_77' title="bbox 2111 4319 3712 4464">
     <span class='ocr_line' id='line_1_82' title="bbox 2111 4319 3712 4391; baseline 0.001 -15"><span class='ocrx_word' id='word_1_726' title='bbox 2111 4319 2370 4391; x_wconf 86' lang='lat' dir='ltr'><strong>oportuit.</strong></span> <span class='ocrx_word' id='word_1_727' title='bbox 2398 4319 2504 4376; x_wconf 88' lang='lat' dir='ltr'><strong>Sed</strong></span> <span class='ocrx_word' id='word_1_728' title='bbox 2527 4320 2627 4374; x_wconf 91' lang='lat' dir='ltr'><strong>hoc</strong></span> <span class='ocrx_word' id='word_1_729' title='bbox 2654 4326 2911 4381; x_wconf 89' lang='lat' dir='ltr'><strong>mendum</strong></span> <span class='ocrx_word' id='word_1_730' title='bbox 2924 4333 2979 4379; x_wconf 92' lang='lat' dir='ltr'><strong>et</strong></span> <span class='ocrx_word' id='word_1_731' title='bbox 2998 4335 3253 4378; x_wconf 77' lang='lat' dir='ltr'><strong>sexcenta</strong></span> <span class='ocrx_word' id='word_1_732' title='bbox 3278 4323 3406 4377; x_wconf 87' lang='lat' dir='ltr'><strong>talia</strong></span> <span class='ocrx_word' id='word_1_733' title='bbox 3430 4323 3566 4379; x_wconf 89' lang='lat' dir='ltr'><strong>adeo</strong></span> <span class='ocrx_word' id='word_1_734' title='bbox 3596 4338 3712 4378; x_wconf 88' lang='lat' dir='ltr'><strong>ma-</strong></span> 
     </span>
     <span class='ocr_line' id='line_1_83' title="bbox 2111 4392 3705 4464; baseline 0.001 -17"><span class='ocrx_word' id='word_1_735' title='bbox 2111 4392 2462 4464; x_wconf 79' lang='lat' dir='ltr'><strong>nifestasunt,</strong></span> <span class='ocrx_word' id='word_1_736' title='bbox 2494 4399 2552 4445; x_wconf 89' lang='lat' dir='ltr'><strong>ut</strong></span> <span class='ocrx_word' id='word_1_737' title='bbox 2575 4392 2746 4459; x_wconf 88' lang='lat' dir='ltr'><strong>primo</strong></span> <span class='ocrx_word' id='word_1_738' title='bbox 2772 4397 2951 4451; x_wconf 88' lang='lat' dir='ltr'><strong>statim</strong></span> <span class='ocrx_word' id='word_1_739' title='bbox 2974 4405 3195 4463; x_wconf 90' lang='lat' dir='ltr'><strong>aspectu</strong></span> <span class='ocrx_word' id='word_1_740' title='bbox 3208 4393 3705 4464; x_wconf 89' lang='lat' dir='ltr'><strong>deprehendantur.</strong></span> 
     </span>
    </p>
   </div>
   <div class='ocr_carea' id='block_1_78' title="bbox 2111 4461 3707 4535">
    <p class='ocr_par' dir='ltr' id='par_1_78' title="bbox 2111 4461 3707 4535">
     <span class='ocr_line' id='line_1_84' title="bbox 2111 4461 3707 4535; baseline 0.002 -16"><span class='ocrx_word' id='word_1_741' title='bbox 2111 4461 2203 4535; x_wconf 89' lang='lat' dir='ltr'><strong>Sic</strong></span> <span class='ocrx_word' id='word_1_742' title='bbox 2224 4463 2414 4535; x_wconf 86' lang='lat' dir='ltr'><strong>eadem</strong></span> <span class='ocrx_word' id='word_1_743' title='bbox 2433 4476 2495 4535; x_wconf 18' lang='lat' dir='ltr'><strong>Ap.</strong></span> <span class='ocrx_word' id='word_1_744' title='bbox 2521 4464 2757 4532; x_wconf 88' lang='lat' dir='ltr'><strong>pessime</strong></span> <span class='ocrx_word' id='word_1_745' title='bbox 2783 4467 2930 4522; x_wconf 80' lang='lat' dir='ltr'><strong>divus</strong></span> <span class='ocrx_word' id='word_1_746' title='bbox 2954 4461 3052 4535; x_wconf 88' lang='lat' dir='ltr'><strong>pro</strong></span> <span class='ocrx_word' id='word_1_747' title='bbox 3074 4465 3268 4520; x_wconf 79' lang='lat' dir='ltr'><strong>diutius</strong></span> <span class='ocrx_word' id='word_1_748' title='bbox 3279 4461 3707 4522; x_wconf 73' lang='lat' dir='ltr'><strong>editttr.lucsn&#39;r.</strong></span> 
     </span>
    </p>
   </div>
   <div class='ocr_carea' id='block_1_79' title="bbox 2184 4533 3713 4608">
    <p class='ocr_par' dir='ltr' id='par_1_79' title="bbox 2184 4533 3713 4608">
     <span class='ocr_line' id='line_1_85' title="bbox 2184 4533 3713 4608; baseline 0.001 -17"><span class='ocrx_word' id='word_1_749' title='bbox 2184 4533 2299 4608; x_wconf 83' lang='lat'><strong>(65)</strong></span> <span class='ocrx_word' id='word_1_750' title='bbox 2344 4533 2611 4608; x_wconf 77' lang='lat' dir='ltr'><strong>Solverent</strong></span> <span class='ocrx_word' id='word_1_751' title='bbox 2631 4537 2843 4593; x_wconf 82' lang='lat' dir='ltr'><strong>crinem.</strong></span> <span class='ocrx_word' id='word_1_752' title='bbox 2888 4533 2993 4593; x_wconf 78' lang='lat' dir='ltr'><strong>Sed</strong></span> <span class='ocrx_word' id='word_1_753' title='bbox 3038 4546 3092 4590; x_wconf 92' lang='lat' dir='ltr'><strong>et</strong></span> <span class='ocrx_word' id='word_1_754' title='bbox 3122 4536 3281 4592; x_wconf 86' lang='lat' dir='ltr'><strong>hodie</strong></span> <span class='ocrx_word' id='word_1_755' title='bbox 3321 4538 3372 4591; x_wconf 93' lang='lat' dir='ltr'><strong>in</strong></span> <span class='ocrx_word' id='word_1_756' title='bbox 3409 4537 3713 4606; x_wconf 86' lang='lat' dir='ltr'><strong>virginibus</strong></span> 
     </span>
    </p>
   </div>
   <div class='ocr_carea' id='block_1_80' title="bbox 2113 4604 3400 4664">
    <p class='ocr_par' dir='ltr' id='par_1_80' title="bbox 2113 4604 3400 4664">
     <span class='ocr_line' id='line_1_86' title="bbox 2113 4604 3400 4664; baseline -0.001 -1"><span class='ocrx_word' id='word_1_757' title='bbox 2113 4604 2499 4664; x_wconf 83' lang='lat' dir='ltr'><strong>consecrandis</strong></span> <span class='ocrx_word' id='word_1_758' title='bbox 2527 4604 2614 4659; x_wconf 91' lang='lat' dir='ltr'><strong>hic</strong></span> <span class='ocrx_word' id='word_1_759' title='bbox 2640 4609 2774 4662; x_wconf 90' lang='lat' dir='ltr'><strong>ritus</strong></span> <span class='ocrx_word' id='word_1_760' title='bbox 2800 4610 3138 4664; x_wconf 88' lang='lat' dir='ltr'><strong>observatur.</strong></span> <span class='ocrx_word' id='word_1_761' title='bbox 3170 4612 3400 4663; x_wconf 68' lang='lat' dir='ltr'><strong>Asnasp.</strong></span> 
     </span>
    </p>
   </div>
   <div class='ocr_carea' id='block_1_81' title="bbox 428 4676 3715 4770">
    <p class='ocr_par' dir='ltr' id='par_1_81' title="bbox 428 4676 3715 4770">
     <span class='ocr_line' id='line_1_87' title="bbox 428 4676 3715 4770; baseline -0.004 -21"><span class='ocrx_word' id='word_1_762' title='bbox 428 4676 567 4749; x_wconf 76' lang='lat' dir='ltr'><strong>duos</strong></span> <span class='ocrx_word' id='word_1_763' title='bbox 613 4676 895 4764; x_wconf 42' lang='lat' dir='ltr'><strong>acceperat,</strong></span> <span class='ocrx_word' id='word_1_764' title='bbox 921 4676 1173 4748; x_wconf 88' lang='lat' dir='ltr'><strong>denarios</strong></span> <span class='ocrx_word' id='word_1_765' title='bbox 1222 4698 1279 4743; x_wconf 93' lang='lat' dir='ltr'><strong>ut</strong></span> <span class='ocrx_word' id='word_1_766' title='bbox 1329 4676 1544 4770; x_wconf 66' lang='lat' dir='ltr'><strong>curaret</strong></span> <span class='ocrx_word' id='word_1_767' title='bbox 1574 4684 1844 4766; x_wconf 78' lang='lat' dir='ltr'><strong>hominem</strong></span> <span class='ocrx_word' id='word_1_768' title='bbox 1872 4676 2012 4736; x_wconf 87' lang='lat' dir='ltr'><strong>male</strong></span> <span class='ocrx_word' id='word_1_769' title='bbox 2035 4707 2092 4770; x_wconf 68' lang='grc' dir='ltr'>Β</span> <span class='ocrx_word' id='word_1_770' title='bbox 2189 4677 2302 4752; x_wconf 85' lang='lat'><strong>(66)</strong></span> <span class='ocrx_word' id='word_1_771' title='bbox 2345 4676 2848 4770; x_wconf 54' lang='lat' dir='ltr'><strong>Solverqntcripent.</strong></span> <span class='ocrx_word' id='word_1_772' title='bbox 2880 4680 3121 4770; x_wconf 69' lang='lat' dir='ltr'><strong>Sponst</strong></span> <span class='ocrx_word' id='word_1_773' title='bbox 3148 4680 3339 4770; x_wconf 62' lang='lat' dir='ltr'><strong>solutis</strong></span> <span class='ocrx_word' id='word_1_774' title='bbox 3378 4679 3618 4770; x_wconf 63' lang='lat' dir='ltr'><strong>crinibus</strong></span> <span class='ocrx_word' id='word_1_775' title='bbox 3644 4679 3715 4735; x_wconf 87' lang='lat' dir='ltr'><strong>ad</strong></span> 
     </span>
    </p>
   </div>
   <div class='ocr_carea' id='block_1_82' title="bbox 428 4755 2009 4835">
    <p class='ocr_par' dir='ltr' id='par_1_82' title="bbox 428 4755 2009 4835">
     <span class='ocr_line' id='line_1_88' title="bbox 428 4755 2009 4835; baseline -0.011 -14"><span class='ocrx_word' id='word_1_776' title='bbox 428 4755 757 4821; x_wconf 62' lang='lat' dir='ltr'><strong>mulctatum&#39;</strong></span> <span class='ocrx_word' id='word_1_777' title='bbox 782 4779 813 4818; x_wconf 91' lang='lat' dir='ltr'><strong>a</strong></span> <span class='ocrx_word' id='word_1_778' title='bbox 843 4763 1141 4835; x_wconf 86' lang='lat' dir='ltr'><strong>latronibus</strong></span> <span class='ocrx_word' id='word_1_779' title='bbox 1167 4802 1182 4826; x_wconf 90' lang='lat'><strong>,</strong></span> <span class='ocrx_word' id='word_1_780' title='bbox 1208 4762 1318 4835; x_wconf 70' lang='lat' dir='ltr'><strong>hoc</strong></span> <span class='ocrx_word' id='word_1_781' title='bbox 1361 4765 1447 4813; x_wconf 90' lang='lat' dir='ltr'><strong>est</strong></span> <span class='ocrx_word' id='word_1_782' title='bbox 1465 4755 1763 4835; x_wconf 82' lang='lat' dir='ltr'><strong>,_b_o_mines</strong></span> <span class='ocrx_word' id='word_1_783' title='bbox 1781 4766 2009 4835; x_wconf 31' lang='lat' dir='ltr'><strong>aegros:</strong></span> 
     </span>
    </p>
   </div>
   <div class='ocr_carea' id='block_1_83' title="bbox 432 4823 2015 4905">
    <p class='ocr_par' dir='ltr' id='par_1_83' title="bbox 432 4823 2015 4905">
     <span class='ocr_line' id='line_1_89' title="bbox 432 4823 2015 4905; baseline -0.009 -12"><span class='ocrx_word' id='word_1_784' title='bbox 432 4837 576 4893; x_wconf 87' lang='lat' dir='ltr'><strong>male</strong></span> <span class='ocrx_word' id='word_1_785' title='bbox 600 4835 839 4891; x_wconf 84' lang='lat' dir='ltr'><strong>affectos.</strong></span> <span class='ocrx_word' id='word_1_786' title='bbox 882 4836 996 4890; x_wconf 88' lang='lat' dir='ltr'><strong>Duo</strong></span> <span class='ocrx_word' id='word_1_787' title='bbox 1034 4823 1240 4889; x_wconf 85' lang='lat' dir='ltr'><strong>denarii</strong></span> <span class='ocrx_word' id='word_1_788' title='bbox 1270 4843 1408 4905; x_wconf 81' lang='lat' dir='ltr'><strong>quos</strong></span> <span class='ocrx_word' id='word_1_789' title='bbox 1442 4827 1508 4881; x_wconf 87' lang='lat' dir='ltr'><strong>ad</strong></span> <span class='ocrx_word' id='word_1_790' title='bbox 1539 4827 1589 4880; x_wconf 87' lang='lat' dir='ltr'><strong>id</strong></span> <span class='ocrx_word' id='word_1_791' title='bbox 1615 4824 1859 4905; x_wconf 64' lang='lat' dir='ltr'><strong>accepit,</strong></span> <span class='ocrx_word' id='word_1_792' title='bbox 1883 4823 2015 4905; x_wconf 80' lang='lat' dir='ltr'><strong>dicit</strong></span> 
     </span>
    </p>
   </div>
   <div class='ocr_carea' id='block_1_84' title="bbox 432 4898 2015 4980">
    <p class='ocr_par' dir='ltr' id='par_1_84' title="bbox 432 4898 2015 4980">
     <span class='ocr_line' id='line_1_90' title="bbox 432 4898 2015 4980; baseline -0.011 -16"><span class='ocrx_word' id='word_1_793' title='bbox 432 4921 558 4964; x_wconf 85' lang='lat' dir='ltr'><strong>esse</strong></span> <span class='ocrx_word' id='word_1_794' title='bbox 582 4908 689 4962; x_wconf 88' lang='lat' dir='ltr'><strong>duo</strong></span> <span class='ocrx_word' id='word_1_795' title='bbox 715 4917 1035 4962; x_wconf 83' lang='lat' dir='ltr'><strong>testamenta</strong></span> <span class='ocrx_word' id='word_1_796' title='bbox 1052 4950 1075 4980; x_wconf 82' lang='lat'><strong>,_</strong></span> <span class='ocrx_word' id='word_1_797' title='bbox 1098 4898 1326 4980; x_wconf 73' lang='lat' dir='ltr'><strong>quorum</strong></span> <span class='ocrx_word' id='word_1_798' title='bbox 1380 4900 1528 4970; x_wconf 87' lang='lat' dir='ltr'><strong>leges</strong></span> <span class='ocrx_word' id='word_1_799' title='bbox 1554 4906 1819 4980; x_wconf 41' lang='lat' dir='ltr'><strong>tenentur.</strong></span> <span class='ocrx_word' id='word_1_800' title='bbox 1838 4898 2015 4980; x_wconf 76' lang='lat' dir='ltr'><strong>homi-</strong></span> 
     </span>
    </p>
   </div>
   <div class='ocr_carea' id='block_1_85' title="bbox 435 4967 2013 5051">
    <p class='ocr_par' dir='ltr' id='par_1_85' title="bbox 435 4967 2013 5051">
     <span class='ocr_line' id='line_1_91' title="bbox 435 4967 2013 5051; baseline -0.009 -16"><span class='ocrx_word' id='word_1_801' title='bbox 435 4992 538 5035; x_wconf 87' lang='lat' dir='ltr'><strong>nes</strong></span> <span class='ocrx_word' id='word_1_802' title='bbox 580 4979 971 5051; x_wconf 81' lang='lat' dir='ltr'><strong>observarent</strong></span> <span class='ocrx_word' id='word_1_803' title='bbox 999 4967 1134 5051; x_wconf 48' lang='lat' dir='ltr'><strong>sa&#39;lv&#39;i</strong></span> <span class='ocrx_word' id='word_1_804' title='bbox 1165 4974 1297 5030; x_wconf 84' lang='lat' dir='ltr'><strong>ﬁant</strong></span> <span class='ocrx_word' id='word_1_805' title='bbox 1329 4990 1342 5027; x_wconf 91' lang='lat'><strong>:</strong></span> <span class='ocrx_word' id='word_1_806' title='bbox 1375 4967 1583 5051; x_wconf 54' lang='lat' dir='ltr'><strong>ea&#39;qnze</strong></span> <span class='ocrx_word' id='word_1_807' title='bbox 1606 4967 1830 5051; x_wconf 74' lang='lat' dir='ltr'><strong>consilii</strong></span> <span class='ocrx_word' id='word_1_808' title='bbox 1853 4974 2013 5032; x_wconf 88' lang='lat' dir='ltr'><strong>sunt,</strong></span> 
     </span>
    </p>
   </div>
   <div class='ocr_carea' id='block_1_86' title="bbox 436 5039 2022 5121">
    <p class='ocr_par' dir='ltr' id='par_1_86' title="bbox 436 5039 2022 5121">
     <span class='ocr_line' id='line_1_92' title="bbox 436 5039 2022 5121; baseline -0.009 -16"><span class='ocrx_word' id='word_1_809' title='bbox 436 5059 501 5105; x_wconf 89' lang='lat' dir='ltr'><strong>ut</strong></span> <span class='ocrx_word' id='word_1_810' title='bbox 534 5051 843 5121; x_wconf 85' lang='lat' dir='ltr'><strong>virginitas.</strong></span> <span class='ocrx_word' id='word_1_811' title='bbox 882 5049 1014 5105; x_wconf 90' lang='lat' dir='ltr'><strong>illud</strong></span> <span class='ocrx_word' id='word_1_812' title='bbox 1042 5062 1167 5121; x_wconf 79' lang='lat' dir='ltr'><strong>esse</strong></span> <span class='ocrx_word' id='word_1_813' title='bbox 1187 5050 1373 5121; x_wconf 77' lang='lat' dir='ltr'><strong>censet</strong></span> <span class='ocrx_word' id='word_1_814' title='bbox 1399 5039 1540 5121; x_wconf 74' lang='lat' dir='ltr'><strong>quod</strong></span> <span class='ocrx_word' id='word_1_815' title='bbox 1572 5039 2022 5121; x_wconf 69' lang='lat' dir='ltr'><strong>stabulariossu-</strong></span> 
     </span>
    </p>
   </div>
   <div class='ocr_carea' id='block_1_87' title="bbox 440 5111 2020 5193">
    <p class='ocr_par' dir='ltr' id='par_1_87' title="bbox 440 5111 2020 5193">
     <span class='ocr_line' id='line_1_93' title="bbox 440 5111 2020 5193; baseline -0.009 -16"><span class='ocrx_word' id='word_1_816' title='bbox 440 5111 726 5193; x_wconf 60' lang='lat' dir='ltr'><strong>perero&#39;gat</strong></span> <span class='ocrx_word' id='word_1_817' title='bbox 770 5111 907 5177; x_wconf 88' lang='lat' dir='ltr'><strong>ultra</strong></span> <span class='ocrx_word' id='word_1_818' title='bbox 952 5121 1090 5193; x_wconf 88' lang='lat' dir='ltr'><strong>duos</strong></span> <span class='ocrx_word' id='word_1_819' title='bbox 1137 5111 1554 5193; x_wconf 26' lang='lat' dir='ltr'><strong>denariosiltaA</strong></span> <span class='ocrx_word' id='word_1_820' title='bbox 1569 5125 1665 5181; x_wconf 88' lang='lat' dir='ltr'><strong>per</strong></span> <span class='ocrx_word' id='word_1_821' title='bbox 1705 5111 2020 5181; x_wconf 87' lang='lat' dir='ltr'><strong>allegoriam</strong></span> 
     </span>
    </p>
   </div>
   <div class='ocr_carea' id='block_1_88' title="bbox 442 5184 1635 5264">
    <p class='ocr_par' dir='ltr' id='par_1_88' title="bbox 442 5184 1635 5264">
     <span class='ocr_line' id='line_1_94' title="bbox 442 5184 1635 5264; baseline -0.01 -16"><span class='ocrx_word' id='word_1_822' title='bbox 442 5184 678 5264; x_wconf 68' lang='lat' dir='ltr'><strong>mentem</strong></span> <span class='ocrx_word' id='word_1_823' title='bbox 709 5208 861 5249; x_wconf 89' lang='lat' dir='ltr'><strong>suam</strong></span> <span class='ocrx_word' id='word_1_824' title='bbox 883 5192 1104 5264; x_wconf 83' lang='lat' dir='ltr'><strong>exponit</strong></span> <span class='ocrx_word' id='word_1_825' title='bbox 1128 5188 1374 5264; x_wconf 56' lang='lat' dir='ltr'><strong>optatus:</strong></span> <span class='ocrx_word' id='word_1_826' title='bbox 1407 5184 1487 5264; x_wconf 81' lang='lat' dir='ltr'><strong>Du</strong></span> <span class='ocrx_word' id='word_1_827' title='bbox 1520 5184 1635 5264; x_wconf 63' lang='lat' dir='ltr'><strong>Pin.</strong></span> 
     </span>
    </p>
   </div>
   <div class='ocr_carea' id='block_1_89' title="bbox 518 5256 2030 5336">
    <p class='ocr_par' dir='ltr' id='par_1_89' title="bbox 518 5256 2030 5336">
     <span class='ocr_line' id='line_1_95' title="bbox 518 5256 2030 5336; baseline -0.009 -18"><span class='ocrx_word' id='word_1_828' title='bbox 518 5263 633 5336; x_wconf 87' lang='lat'><strong>(57)</strong></span> <span class='ocrx_word' id='word_1_829' title='bbox 664 5264 825 5331; x_wconf 81' lang='lat' dir='ltr'><strong>Quasi</strong></span> <span class='ocrx_word' id='word_1_830' title='bbox 850 5256 1102 5335; x_wconf 74' lang='lat' dir='ltr'><strong>sumptus.</strong></span> <span class='ocrx_word' id='word_1_831' title='bbox 1128 5256 1407 5336; x_wconf 82' lang='lat' dir='ltr'><strong>Quomodo</strong></span> <span class='ocrx_word' id='word_1_832' title='bbox 1432 5256 1744 5326; x_wconf 85' lang='lat' dir='ltr'><strong>virginitate</strong></span> <span class='ocrx_word' id='word_1_833' title='bbox 1772 5260 1865 5306; x_wconf 89' lang='lat' dir='ltr'><strong>aut</strong></span> <span class='ocrx_word' id='word_1_834' title='bbox 1916 5263 2030 5305; x_wconf 89' lang='lat' dir='ltr'><strong>ma-</strong></span> 
     </span>
    </p>
   </div>
   <div class='ocr_carea' id='block_1_90' title="bbox 445 5329 2031 5405">
    <p class='ocr_par' dir='ltr' id='par_1_90' title="bbox 445 5329 2031 5405">
     <span class='ocr_line' id='line_1_96' title="bbox 445 5329 2031 5405; baseline 0 -13"><span class='ocrx_word' id='word_1_835' title='bbox 445 5329 703 5392; x_wconf 82' lang='lat' dir='ltr'><strong>trimonio</strong></span> <span class='ocrx_word' id='word_1_836' title='bbox 733 5329 1393 5392; x_wconf 73' lang='lat' dir='ltr'><strong>utidebeamus.At.sasr.</strong></span> <span class='ocrx_word' id='word_1_837' title='bbox 1454 5397 1501 5405; x_wconf 93' lang='lat'>__</span> <span class='ocrx_word' id='word_1_838' title='bbox 1541 5396 1554 5405; x_wconf 91' lang='lat'><em>_</em></span> <span class='ocrx_word' id='word_1_839' title='bbox 1643 5403 1649 5405; x_wconf 80' lang='lat'><strong><em>_</em></strong></span> <span class='ocrx_word' id='word_1_840' title='bbox 1697 5403 1706 5405; x_wconf 20' lang='grc'><strong><em>4</em></strong></span> <span class='ocrx_word' id='word_1_841' title='bbox 1840 5392 1891 5405; x_wconf 46' lang='grc' dir='ltr'><strong>Α,</strong></span> 
     </span>
    </p>
   </div>
   <div class='ocr_carea' id='block_1_91' title="bbox 521 5392 2034 5477">
    <p class='ocr_par' dir='ltr' id='par_1_91' title="bbox 521 5392 2034 5477">
     <span class='ocr_line' id='line_1_97' title="bbox 521 5392 2034 5477; baseline -0.01 -15"><span class='ocrx_word' id='word_1_842' title='bbox 521 5409 641 5477; x_wconf 86' lang='grc'>(58)</span> <span class='ocrx_word' id='word_1_843' title='bbox 693 5405 836 5461; x_wconf 85' lang='lat' dir='ltr'><strong>Duos</strong></span> <span class='ocrx_word' id='word_1_844' title='bbox 882 5407 1120 5463; x_wconf 82' lang='lat' dir='ltr'><strong>denarios</strong></span> <span class='ocrx_word' id='word_1_845' title='bbox 1160 5414 1410 5477; x_wconf 68' lang='lat' dir='ltr'><strong>negasse.</strong></span> <span class='ocrx_word' id='word_1_846' title='bbox 1454 5396 1800 5456; x_wconf 78' lang='lat' dir='ltr'><strong>Voluntatem</strong></span> <span class='ocrx_word' id='word_1_847' title='bbox 1833 5392 2034 5450; x_wconf 88' lang='lat' dir='ltr'><strong>Christi</strong></span> 
     </span>
    </p>
   </div>
   <div class='ocr_carea' id='block_1_92' title="bbox 446 5478 1959 5563">
    <p class='ocr_par' dir='ltr' id='par_1_92' title="bbox 446 5478 1959 5563">
     <span class='ocr_line' id='line_1_98' title="bbox 446 5478 1959 5563; baseline 0 0"><span class='ocrx_word' id='word_1_848' title='bbox 446 5478 779 5563; x_wconf 54' lang='lat' dir='ltr'><strong>exPliEPSnse&#39;.</strong></span> <span class='ocrx_word' id='word_1_849' title='bbox 798 5479 1024 5563; x_wconf 55' lang='lat' dir='ltr'><strong>ALPASP:</strong></span> <span class='ocrx_word' id='word_1_850' title='bbox 1191 5545 1298 5563; x_wconf 38' lang='grc' dir='ltr'>ιη-..</span> <span class='ocrx_word' id='word_1_851' title='bbox 1322 5478 1326 5483; x_wconf 17' lang='grc' dir='ltr'><strong>ἢ</strong></span> <span class='ocrx_word' id='word_1_852' title='bbox 1365 5544 1383 5563; x_wconf 80' lang='grc' dir='ltr'><strong>ι</strong></span> <span class='ocrx_word' id='word_1_853' title='bbox 1402 5542 1436 5563; x_wconf 75' lang='grc' dir='ltr'><strong>ε.</strong></span> <span class='ocrx_word' id='word_1_854' title='bbox 1465 5540 1689 5563; x_wconf 49' lang='lat' dir='ltr'><strong>nua“...</strong></span> <span class='ocrx_word' id='word_1_855' title='bbox 1733 5536 1862 5563; x_wconf 61' lang='grc' dir='ltr'>..ειη</span> <span class='ocrx_word' id='word_1_856' title='bbox 1893 5534 1959 5563; x_wconf 69' lang='grc'>..12</span> 
     </span>
    </p>
   </div>
   <div class='ocr_carea' id='block_1_93' title="bbox 527 5534 2039 5624">
    <p class='ocr_par' dir='ltr' id='par_1_93' title="bbox 527 5534 2039 5624">
     <span class='ocr_line' id='line_1_99' title="bbox 527 5534 2039 5624; baseline -0.013 -18"><span class='ocrx_word' id='word_1_857' title='bbox 527 5534 644 5624; x_wconf 81' lang='grc'>(59)</span> <span class='ocrx_word' id='word_1_858' title='bbox 671 5548 779 5624; x_wconf 66' lang='lat' dir='ltr'><strong>Sed</strong></span> <span class='ocrx_word' id='word_1_859' title='bbox 798 5552 917 5620; x_wconf 85' lang='lat' dir='ltr'><strong>quia</strong></span> <span class='ocrx_word' id='word_1_860' title='bbox 936 5551 1021 5624; x_wconf 82' lang='lat' dir='ltr'><strong>qui</strong></span> <span class='ocrx_word' id='word_1_861' title='bbox 1063 5545 1319 5602; x_wconf 85' lang='lat' dir='ltr'><strong>sanciunt.</strong></span> <span class='ocrx_word' id='word_1_862' title='bbox 1353 5540 1691 5624; x_wconf 48' lang='lat' dir='ltr'><strong>Ait-Paulum</strong></span> <span class='ocrx_word' id='word_1_863' title='bbox 1733 5536 1865 5624; x_wconf 77' lang='lat' dir='ltr'><strong>nihil</strong></span> <span class='ocrx_word' id='word_1_864' title='bbox 1891 5534 2039 5624; x_wconf 62' lang='lat' dir='ltr'><strong>aliud</strong></span> 
     </span>
    </p>
   </div>
   <div class='ocr_carea' id='block_1_94' title="bbox 2117 4747 3713 4821">
    <p class='ocr_par' dir='ltr' id='par_1_94' title="bbox 2117 4747 3713 4821">
     <span class='ocr_line' id='line_1_100' title="bbox 2117 4747 3713 4821; baseline 0.001 -16"><span class='ocrx_word' id='word_1_865' title='bbox 2117 4747 2374 4818; x_wconf 84' lang='lat' dir='ltr'><strong>sponsum</strong></span> <span class='ocrx_word' id='word_1_866' title='bbox 2400 4747 2748 4821; x_wconf 87' lang='lat' dir='ltr'><strong>accedebant.</strong></span> <span class='ocrx_word' id='word_1_867' title='bbox 2772 4747 3047 4807; x_wconf 82' lang='lat' dir='ltr'><strong>Ausonius</strong></span> <span class='ocrx_word' id='word_1_868' title='bbox 3089 4749 3403 4821; x_wconf 89' lang='lat' dir='ltr'><strong>describens</strong></span> <span class='ocrx_word' id='word_1_869' title='bbox 3429 4751 3713 4821; x_wconf 87' lang='lat' dir='ltr'><strong>egredien—</strong></span> 
     </span>
    </p>
   </div>
   <div class='ocr_carea' id='block_1_95' title="bbox 2117 4820 3710 4893">
    <p class='ocr_par' dir='ltr' id='par_1_95' title="bbox 2117 4820 3710 4893">
     <span class='ocr_line' id='line_1_101' title="bbox 2117 4820 3710 4893; baseline 0.001 -19"><span class='ocrx_word' id='word_1_870' title='bbox 2117 4823 2185 4874; x_wconf 89' lang='lat' dir='ltr'><strong>tis</strong></span> <span class='ocrx_word' id='word_1_871' title='bbox 2210 4836 2426 4893; x_wconf 82' lang='lat' dir='ltr'><strong>sponsac</strong></span> <span class='ocrx_word' id='word_1_872' title='bbox 2452 4820 2710 4888; x_wconf 86' lang='lat' dir='ltr'><strong>formam,</strong></span> <span class='ocrx_word' id='word_1_873' title='bbox 2752 4822 2893 4879; x_wconf 86' lang='lat' dir='ltr'><strong>inter</strong></span> <span class='ocrx_word' id='word_1_874' title='bbox 2922 4822 3027 4877; x_wconf 91' lang='lat' dir='ltr'><strong>alia</strong></span> <span class='ocrx_word' id='word_1_875' title='bbox 3081 4820 3222 4876; x_wconf 90' lang='lat' dir='ltr'><strong>istud</strong></span> <span class='ocrx_word' id='word_1_876' title='bbox 3247 4820 3586 4893; x_wconf 33' lang='lat' dir='ltr'><strong>Virgilii’ipsi</strong></span> <span class='ocrx_word' id='word_1_877' title='bbox 3614 4836 3710 4877; x_wconf 68' lang='lat' dir='ltr'><strong>ac.</strong></span> 
     </span>
    </p>
   </div>
   <div class='ocr_carea' id='block_1_96' title="bbox 2116 4892 3683 5027">
    <p class='ocr_par' dir='ltr' id='par_1_96' title="bbox 2116 4892 3683 5027">
     <span class='ocr_line' id='line_1_102' title="bbox 2116 4892 3518 4959; baseline 0 -13"><span class='ocrx_word' id='word_1_878' title='bbox 2116 4892 2423 4948; x_wconf 90' lang='lat' dir='ltr'><strong>commodat</strong></span> <span class='ocrx_word' id='word_1_879' title='bbox 2447 4934 2463 4959; x_wconf 92' lang='lat'><strong>,</strong></span> <span class='ocrx_word' id='word_1_880' title='bbox 3510 4892 3518 4893; x_wconf 51' lang='grc'><strong>“</strong></span> 
     </span>
     <span class='ocr_line' id='line_1_103' title="bbox 2371 4961 3683 5027; baseline 0.002 -15"><span class='ocrx_word' id='word_1_881' title='bbox 2371 4961 2693 5027; x_wconf 81' lang='lat' dir='ltr'><strong>Dederatque</strong></span> <span class='ocrx_word' id='word_1_882' title='bbox 2715 4978 2903 5015; x_wconf 87' lang='lat' dir='ltr'><strong>comam</strong></span> <span class='ocrx_word' id='word_1_883' title='bbox 2924 4962 3202 5016; x_wconf 78' lang='lat' dir='ltr'><strong>diffundere</strong></span> <span class='ocrx_word' id='word_1_884' title='bbox 3227 4965 3405 5015; x_wconf 88' lang='lat' dir='ltr'><strong>ventis.</strong></span> <span class='ocrx_word' id='word_1_885' title='bbox 3474 4965 3552 5016; x_wconf 80' lang='lat' dir='ltr'><strong>Du</strong></span> <span class='ocrx_word' id='word_1_886' title='bbox 3573 4964 3683 5015; x_wconf 80' lang='lat' dir='ltr'><strong>Pm.</strong></span> 
     </span>
    </p>
   </div>
   <div class='ocr_carea' id='block_1_97' title="bbox 2195 5034 3721 5108">
    <p class='ocr_par' dir='ltr' id='par_1_97' title="bbox 2195 5034 3721 5108">
     <span class='ocr_line' id='line_1_104' title="bbox 2195 5034 3721 5108; baseline 0.001 -17"><span class='ocrx_word' id='word_1_887' title='bbox 2195 5034 2309 5108; x_wconf 82' lang='grc'>(67)</span> <span class='ocrx_word' id='word_1_888' title='bbox 2336 5034 2553 5108; x_wconf 69' lang='lat' dir='ltr'><strong>Quando</strong></span> <span class='ocrx_word' id='word_1_889' title='bbox 2583 5046 2813 5091; x_wconf 83' lang='lat' dir='ltr'><strong>mortuus</strong></span> <span class='ocrx_word' id='word_1_890' title='bbox 2835 5046 2926 5091; x_wconf 89' lang='lat' dir='ltr'><strong>est.</strong></span> <span class='ocrx_word' id='word_1_891' title='bbox 2957 5036 3092 5104; x_wconf 87' lang='lat' dir='ltr'><strong>Quia</strong></span> <span class='ocrx_word' id='word_1_892' title='bbox 3132 5036 3516 5108; x_wconf 74' lang='lat' dir='ltr'><strong>renuntiabant</strong></span> <span class='ocrx_word' id='word_1_893' title='bbox 3542 5039 3721 5092; x_wconf 91' lang='lat' dir='ltr'><strong>omni-</strong></span> 
     </span>
    </p>
   </div>
   <div class='ocr_carea' id='block_1_98' title="bbox 2125 5105 3720 5176">
    <p class='ocr_par' dir='ltr' id='par_1_98' title="bbox 2125 5105 3720 5176">
     <span class='ocr_line' id='line_1_105' title="bbox 2125 5105 3720 5176; baseline 0.001 -14"><span class='ocrx_word' id='word_1_894' title='bbox 2125 5105 2227 5162; x_wconf 80' lang='lat' dir='ltr'><strong>bus</strong></span> <span class='ocrx_word' id='word_1_895' title='bbox 2255 5105 2321 5162; x_wconf 76' lang='lat' dir='ltr'><strong>iis</strong></span> <span class='ocrx_word' id='word_1_896' title='bbox 2346 5121 2466 5175; x_wconf 61' lang='lat' dir='ltr'><strong>quae</strong></span> <span class='ocrx_word' id='word_1_897' title='bbox 2482 5105 2724 5162; x_wconf 90' lang='lat' dir='ltr'><strong>fecerant</strong></span> <span class='ocrx_word' id='word_1_898' title='bbox 2747 5117 2841 5163; x_wconf 91' lang='lat' dir='ltr'><strong>aut</strong></span> <span class='ocrx_word' id='word_1_899' title='bbox 2861 5106 3362 5176; x_wconf 68' lang='lat' dir='ltr'><strong>professasfuerant,</strong></span> <span class='ocrx_word' id='word_1_900' title='bbox 3387 5121 3510 5162; x_wconf 91' lang='lat' dir='ltr'><strong>cum</strong></span> <span class='ocrx_word' id='word_1_901' title='bbox 3533 5118 3720 5163; x_wconf 88' lang='lat' dir='ltr'><strong>essent</strong></span> 
     </span>
    </p>
   </div>
   <div class='ocr_carea' id='block_1_99' title="bbox 2129 5175 3722 5249">
    <p class='ocr_par' dir='ltr' id='par_1_99' title="bbox 2129 5175 3722 5249">
     <span class='ocr_line' id='line_1_106' title="bbox 2129 5175 3722 5249; baseline 0.001 -17"><span class='ocrx_word' id='word_1_902' title='bbox 2129 5177 2272 5248; x_wconf 88' lang='lat' dir='ltr'><strong>apud</strong></span> <span class='ocrx_word' id='word_1_903' title='bbox 2299 5175 2677 5233; x_wconf 82' lang='lat' dir='ltr'><strong>Orthodoxos:</strong></span> <span class='ocrx_word' id='word_1_904' title='bbox 2711 5179 2795 5233; x_wconf 88' lang='lat' dir='ltr'><strong>vel</strong></span> <span class='ocrx_word' id='word_1_905' title='bbox 2822 5175 3058 5249; x_wconf 83' lang='lat' dir='ltr'><strong>simavis</strong></span> <span class='ocrx_word' id='word_1_906' title='bbox 3087 5193 3102 5232; x_wconf 91' lang='lat'><strong>:</strong></span> <span class='ocrx_word' id='word_1_907' title='bbox 3127 5176 3373 5249; x_wconf 82' lang='lat' dir='ltr'><strong>Christus</strong></span> <span class='ocrx_word' id='word_1_908' title='bbox 3400 5180 3489 5249; x_wconf 82' lang='lat' dir='ltr'><strong>cui</strong></span> <span class='ocrx_word' id='word_1_909' title='bbox 3520 5193 3722 5249; x_wconf 83' lang='lat' dir='ltr'><strong>nupse-</strong></span> 
     </span>
    </p>
   </div>
   <div class='ocr_carea' id='block_1_100' title="bbox 2132 5247 3724 5375">
    <p class='ocr_par' dir='ltr' id='par_1_100' title="bbox 2132 5247 3724 5375">
     <span class='ocr_line' id='line_1_107' title="bbox 2132 5247 3724 5321; baseline -0.001 -16"><span class='ocrx_word' id='word_1_910' title='bbox 2132 5258 2285 5316; x_wconf 87' lang='lat' dir='ltr'><strong>rant,</strong></span> <span class='ocrx_word' id='word_1_911' title='bbox 2314 5257 2399 5303; x_wconf 84' lang='lat' dir='ltr'><strong>est</strong></span> <span class='ocrx_word' id='word_1_912' title='bbox 2427 5263 2495 5303; x_wconf 88' lang='lat' dir='ltr'><strong>ne</strong></span> <span class='ocrx_word' id='word_1_913' title='bbox 2518 5256 2795 5310; x_wconf 82' lang='lat' dir='ltr'><strong>mortuus.</strong></span> <span class='ocrx_word' id='word_1_914' title='bbox 2824 5247 2970 5318; x_wconf 86' lang='lat' dir='ltr'><strong>quod</strong></span> <span class='ocrx_word' id='word_1_915' title='bbox 2995 5263 3087 5303; x_wconf 90' lang='lat' dir='ltr'><strong>eas</strong></span> <span class='ocrx_word' id='word_1_916' title='bbox 3115 5247 3182 5304; x_wconf 90' lang='lat' dir='ltr'><strong>ad</strong></span> <span class='ocrx_word' id='word_1_917' title='bbox 3212 5248 3479 5306; x_wconf 87' lang='lat' dir='ltr'><strong>secundas</strong></span> <span class='ocrx_word' id='word_1_918' title='bbox 3508 5247 3724 5321; x_wconf 87' lang='lat' dir='ltr'><strong>nuptias</strong></span> 
     </span>
     <span class='ocr_line' id='line_1_108' title="bbox 2134 5318 2932 5375; baseline -0.001 0"><span class='ocrx_word' id='word_1_919' title='bbox 2134 5319 2423 5375; x_wconf 82' lang='lat' dir='ltr'><strong>convolare</strong></span> <span class='ocrx_word' id='word_1_920' title='bbox 2448 5318 2676 5375; x_wconf 70' lang='grc' dir='ltr'><strong>(ιοαίιὶςῖ</strong></span> <span class='ocrx_word' id='word_1_921' title='bbox 2704 5322 2932 5375; x_wconf 73' lang='grc' dir='ltr'>ΑιιιΑειι.</span> 
     </span>
    </p>
   </div>
   <div class='ocr_carea' id='block_1_101' title="bbox 2134 5334 2932 5376">
    <p class='ocr_par' dir='ltr' id='par_1_101' title="bbox 2134 5334 2932 5376">
     <span class='ocr_line' id='line_1_109' title="bbox 2134 5334 2932 5376; baseline -0.003 0"><span class='ocrx_word' id='word_1_922' title='bbox 2134 5334 2423 5376; x_wconf 71' lang='grc' dir='ltr'><strong>εοιινοιπθ</strong></span> <span class='ocrx_word' id='word_1_923' title='bbox 2448 5334 2636 5376; x_wconf 70' lang='grc' dir='ltr'>οοιιιιιδ</span> <span class='ocrx_word' id='word_1_924' title='bbox 2652 5334 2676 5371; x_wconf 71' lang='grc' dir='ltr'>ἶ</span> <span class='ocrx_word' id='word_1_925' title='bbox 2704 5334 2932 5375; x_wconf 74' lang='grc' dir='ltr'><strong>ΑιιιΑεΡ.</strong></span> 
     </span>
    </p>
   </div>
   <div class='ocr_carea' id='block_1_102' title="bbox 2211 5335 3725 5464">
    <p class='ocr_par' dir='ltr' id='par_1_102' title="bbox 2211 5335 3725 5464">
     <span class='ocr_line' id='line_1_110' title="bbox 2211 5335 2932 5389; baseline 0.001 -16"><span class='ocrx_word' id='word_1_926' title='bbox 2211 5335 2423 5375; x_wconf 81' lang='lat' dir='ltr'><strong>nv0tare</strong></span> <span class='ocrx_word' id='word_1_927' title='bbox 2448 5335 2636 5389; x_wconf 87' lang='lat' dir='ltr'><strong>cogtus</strong></span> <span class='ocrx_word' id='word_1_928' title='bbox 2653 5335 2676 5371; x_wconf 74' lang='grc' dir='ltr'><strong>ι</strong></span> <span class='ocrx_word' id='word_1_929' title='bbox 2704 5335 2932 5375; x_wconf 70' lang='grc' dir='ltr'>ΑιιιΑειι.</span> 
     </span>
     <span class='ocr_line' id='line_1_111' title="bbox 2211 5389 3725 5464; baseline -0.002 -17"><span class='ocrx_word' id='word_1_930' title='bbox 2211 5389 2329 5464; x_wconf 85' lang='grc'>(68)</span> <span class='ocrx_word' id='word_1_931' title='bbox 2362 5390 2498 5464; x_wconf 66' lang='lat' dir='ltr'><strong>Quis</strong></span> <span class='ocrx_word' id='word_1_932' title='bbox 2518 5398 2698 5464; x_wconf 86' lang='lat' dir='ltr'><strong>contra</strong></span> <span class='ocrx_word' id='word_1_933' title='bbox 2738 5402 2971 5464; x_wconf 81' lang='lat' dir='ltr'><strong>raptores</strong></span> <span class='ocrx_word' id='word_1_934' title='bbox 2991 5431 3009 5464; x_wconf 80' lang='lat'><strong>,</strong></span> <span class='ocrx_word' id='word_1_935' title='bbox 3049 5398 3156 5447; x_wconf 84' lang='lat' dir='ltr'><strong>etc.</strong></span> <span class='ocrx_word' id='word_1_936' title='bbox 3187 5390 3370 5464; x_wconf 72' lang='lat' dir='ltr'><strong>Codex</strong></span> <span class='ocrx_word' id='word_1_937' title='bbox 3396 5389 3531 5464; x_wconf 84' lang='lat' dir='ltr'><strong>Gan.</strong></span> <span class='ocrx_word' id='word_1_938' title='bbox 3573 5390 3725 5464; x_wconf 74' lang='lat' dir='ltr'><strong>Eccl.</strong></span> 
     </span>
    </p>
   </div>
   <div class='ocr_carea' id='block_1_103' title="bbox 2142 5461 3728 5533">
    <p class='ocr_par' dir='ltr' id='par_1_103' title="bbox 2142 5461 3728 5533">
     <span class='ocr_line' id='line_1_112' title="bbox 2142 5461 3728 5533; baseline -0.003 -14"><span class='ocrx_word' id='word_1_939' title='bbox 2142 5461 2316 5519; x_wconf 78' lang='lat' dir='ltr'><strong>Afric.</strong></span> <span class='ocrx_word' id='word_1_940' title='bbox 2341 5463 2409 5519; x_wconf 89' lang='lat' dir='ltr'><strong>de</strong></span> <span class='ocrx_word' id='word_1_941' title='bbox 2436 5463 2732 5533; x_wconf 88' lang='lat' dir='ltr'><strong>virginibus</strong></span> <span class='ocrx_word' id='word_1_942' title='bbox 2754 5463 2918 5519; x_wconf 91' lang='lat' dir='ltr'><strong>etiam</strong></span> <span class='ocrx_word' id='word_1_943' title='bbox 2942 5463 3244 5519; x_wconf 91' lang='lat' dir='ltr'><strong>minoribus</strong></span> <span class='ocrx_word' id='word_1_944' title='bbox 3277 5463 3519 5518; x_wconf 89' lang='lat' dir='ltr'><strong>velandis</strong></span> <span class='ocrx_word' id='word_1_945' title='bbox 3552 5482 3564 5517; x_wconf 87' lang='lat'><strong>:</strong></span> <span class='ocrx_word' id='word_1_946' title='bbox 3591 5462 3728 5533; x_wconf 78' lang='lat' dir='ltr'><strong>Item</strong></span> 
     </span>
    </p>
   </div>
   <div class='ocr_carea' id='block_1_104' title="bbox 2143 5532 3728 5618">
    <p class='ocr_par' dir='ltr' id='par_1_104' title="bbox 2143 5532 3728 5618">
     <span class='ocr_line' id='line_1_113' title="bbox 2143 5532 3728 5618; baseline -0.003 -30"><span class='ocrx_word' id='word_1_947' title='bbox 2143 5534 2357 5618; x_wconf 71' lang='lat' dir='ltr'><strong>placuit,</strong></span> <span class='ocrx_word' id='word_1_948' title='bbox 2388 5543 2444 5618; x_wconf 72' lang='lat' dir='ltr'><strong>ut</strong></span> <span class='ocrx_word' id='word_1_949' title='bbox 2471 5532 2774 5618; x_wconf 65' lang='lat' dir='ltr'><strong>quicumque</strong></span> <span class='ocrx_word' id='word_1_950' title='bbox 2793 5535 3166 5618; x_wconf 66' lang='lat' dir='ltr'><strong>episcoporum,</strong></span> <span class='ocrx_word' id='word_1_951' title='bbox 3199 5534 3490 5618; x_wconf 67' lang='lat' dir='ltr'><strong>necessitate</strong></span> <span class='ocrx_word' id='word_1_952' title='bbox 3518 5532 3728 5618; x_wconf 51' lang='lat' dir='ltr'><strong>pericli-2</strong></span> 
     </span>
    </p>
   </div>
   <div class='ocr_carea' id='block_1_105' title="bbox 2143 5599 3733 5677">
    <p class='ocr_par' dir='ltr' id='par_1_105' title="bbox 2143 5599 3733 5677">
     <span class='ocr_line' id='line_1_114' title="bbox 2143 5599 3733 5677; baseline -0.003 -18"><span class='ocrx_word' id='word_1_953' title='bbox 2143 5599 2297 5661; x_wconf 79' lang='lat' dir='ltr'><strong>tantis</strong></span> <span class='ocrx_word' id='word_1_954' title='bbox 2315 5599 2578 5673; x_wconf 71' lang='lat' dir='ltr'><strong>pudicitia:</strong></span> <span class='ocrx_word' id='word_1_955' title='bbox 2601 5599 2865 5677; x_wconf 61' lang='lat' dir='ltr'><strong>virginalis</strong></span> <span class='ocrx_word' id='word_1_956' title='bbox 2893 5649 2907 5673; x_wconf 96' lang='lat'><strong>,</strong></span> <span class='ocrx_word' id='word_1_957' title='bbox 2939 5599 3054 5677; x_wconf 76' lang='lat' dir='ltr'><strong>curn</strong></span> <span class='ocrx_word' id='word_1_958' title='bbox 3074 5606 3151 5660; x_wconf 85' lang='lat' dir='ltr'><strong>vel</strong></span> <span class='ocrx_word' id='word_1_959' title='bbox 3181 5606 3365 5675; x_wconf 85' lang='lat' dir='ltr'><strong>petitor</strong></span> <span class='ocrx_word' id='word_1_960' title='bbox 3388 5599 3565 5674; x_wconf 81' lang='lat' dir='ltr'><strong>potens</strong></span> <span class='ocrx_word' id='word_1_961' title='bbox 3589 5642 3607 5670; x_wconf 90' lang='lat'><strong>,</strong></span> <span class='ocrx_word' id='word_1_962' title='bbox 3649 5599 3733 5656; x_wconf 73' lang='lat' dir='ltr'><strong>vel</strong></span> 
     </span>
    </p>
   </div>
   <div class='ocr_carea' id='block_1_106' title="bbox 2145 5675 3239 5748">
    <p class='ocr_par' dir='ltr' id='par_1_106' title="bbox 2145 5675 3239 5748">
     <span class='ocr_line' id='line_1_115' title="bbox 2145 5675 3239 5748; baseline -0.002 -17"><span class='ocrx_word' id='word_1_963' title='bbox 2145 5686 2325 5748; x_wconf 83' lang='lat' dir='ltr'><strong>raptor</strong></span> <span class='ocrx_word' id='word_1_964' title='bbox 2343 5677 2532 5748; x_wconf 85' lang='lat' dir='ltr'><strong>aliquis</strong></span> <span class='ocrx_word' id='word_1_965' title='bbox 2554 5675 2884 5748; x_wconf 78' lang='lat' dir='ltr'><strong>fonnidatur.</strong></span> <span class='ocrx_word' id='word_1_966' title='bbox 2906 5678 2976 5734; x_wconf 84' lang='grc' dir='ltr'>Μ.</span> <span class='ocrx_word' id='word_1_967' title='bbox 3007 5675 3239 5732; x_wconf 67' lang='lat' dir='ltr'><strong>Casaue.</strong></span> 
     </span>
    </p>
   </div>
   <div class='ocr_carea' id='block_1_107' title="bbox 2220 5740 3739 5819">
    <p class='ocr_par' dir='ltr' id='par_1_107' title="bbox 2220 5740 3739 5819">
     <span class='ocr_line' id='line_1_116' title="bbox 2220 5740 3739 5819; baseline -0.002 -19"><span class='ocrx_word' id='word_1_968' title='bbox 2220 5747 2340 5817; x_wconf 76' lang='grc'>(69)</span> <span class='ocrx_word' id='word_1_969' title='bbox 2364 5740 2449 5819; x_wconf 43' lang='grc' dir='ltr'><strong>⁵ιΙὶ</strong></span> <span class='ocrx_word' id='word_1_970' title='bbox 2476 5740 2641 5813; x_wconf 70' lang='lat' dir='ltr'><strong>crines</strong></span> <span class='ocrx_word' id='word_1_971' title='bbox 2664 5748 2868 5803; x_wconf 86' lang='lat' dir='ltr'><strong>iterum.</strong></span> <span class='ocrx_word' id='word_1_972' title='bbox 2911 5748 3265 5819; x_wconf 75' lang='lat' dir='ltr'><strong>Annotandus</strong></span> <span class='ocrx_word' id='word_1_973' title='bbox 3293 5743 3442 5819; x_wconf 35' lang='lat' dir='ltr'><strong>ritus.</strong></span> <span class='ocrx_word' id='word_1_974' title='bbox 3460 5740 3739 5819; x_wconf 71' lang='lat' dir='ltr'><strong>nuptialis</strong></span> 
     </span>
    </p>
   </div>
   <div class='ocr_carea' id='block_1_108' title="bbox 2144 5812 3727 5887">
    <p class='ocr_par' dir='ltr' id='par_1_108' title="bbox 2144 5812 3727 5887">
     <span class='ocr_line' id='line_1_117' title="bbox 2144 5812 3727 5887; baseline -0.001 -16"><span class='ocrx_word' id='word_1_975' title='bbox 2144 5812 2340 5887; x_wconf 69' lang='lat' dir='ltr'><strong>prd-ter</strong></span> <span class='ocrx_word' id='word_1_976' title='bbox 2361 5816 2511 5873; x_wconf 83' lang='lat' dir='ltr'><strong>illum</strong></span> <span class='ocrx_word' id='word_1_977' title='bbox 2535 5819 2602 5873; x_wconf 79' lang='lat' dir='ltr'><strong>de</strong></span> <span class='ocrx_word' id='word_1_978' title='bbox 2627 5819 2865 5875; x_wconf 76' lang='lat' dir='ltr'><strong>crinibus</strong></span> <span class='ocrx_word' id='word_1_979' title='bbox 2893 5812 3182 5875; x_wconf 56' lang='lat' dir='ltr'><strong>solvendis;</strong></span> <span class='ocrx_word' id='word_1_980' title='bbox 3211 5814 3314 5870; x_wconf 80' lang='lat' dir='ltr'><strong>hoc</strong></span> <span class='ocrx_word' id='word_1_981' title='bbox 3343 5812 3539 5884; x_wconf 74' lang='lat' dir='ltr'><strong>insigni</strong></span> <span class='ocrx_word' id='word_1_982' title='bbox 3555 5812 3727 5869; x_wconf 67' lang='lat' dir='ltr'><strong>“tottot</strong></span> 
     </span>
    </p>
   </div>
   <div class='ocr_carea' id='block_1_109' title="bbox 449 5606 2042 5689">
    <p class='ocr_par' dir='ltr' id='par_1_109' title="bbox 449 5606 2042 5689">
     <span class='ocr_line' id='line_1_118' title="bbox 449 5606 2042 5689; baseline -0.012 -10"><span class='ocrx_word' id='word_1_983' title='bbox 449 5606 822 5689; x_wconf 53' lang='lat' dir='ltr'><strong>tlc‘co&#39;njngio&#39;</strong></span> <span class='ocrx_word' id='word_1_984' title='bbox 845 5606 1094 5676; x_wconf 76' lang='lat' dir='ltr'><strong>statuisse</strong></span> <span class='ocrx_word' id='word_1_985' title='bbox 1116 5660 1130 5683; x_wconf 93' lang='lat'><strong>,</strong></span> <span class='ocrx_word' id='word_1_986' title='bbox 1160 5630 1332 5684; x_wconf 82' lang='lat' dir='ltr'><strong>neque</strong></span> <span class='ocrx_word' id='word_1_987' title='bbox 1364 5629 1395 5667; x_wconf 87' lang='lat' dir='ltr'><strong>a</strong></span> <span class='ocrx_word' id='word_1_988' title='bbox 1450 5612 1561 5689; x_wconf 90' lang='lat' dir='ltr'><strong>D_eo</strong></span> <span class='ocrx_word' id='word_1_989' title='bbox 1600 5611 1915 5689; x_wconf 67' lang='lat' dir='ltr'><strong>accepisse,</strong></span> <span class='ocrx_word' id='word_1_990' title='bbox 1950 5606 2042 5689; x_wconf 65' lang='lat' dir='ltr'><strong>qui</strong></span> 
     </span>
    </p>
   </div>
   <div class='ocr_carea' id='block_1_110' title="bbox 452 5678 2042 5768">
    <p class='ocr_par' dir='ltr' id='par_1_110' title="bbox 452 5678 2042 5768">
     <span class='ocr_line' id='line_1_119' title="bbox 452 5678 2042 5768; baseline -0.012 -19"><span class='ocrx_word' id='word_1_991' title='bbox 452 5678 584 5768; x_wconf 78' lang='lat' dir='ltr'><strong>post</strong></span> <span class='ocrx_word' id='word_1_992' title='bbox 612 5678 922 5768; x_wconf 65' lang='grc' dir='ltr'><strong>Δἰιιῖιιιῖιιιειιιιι</strong></span> <span class='ocrx_word' id='word_1_993' title='bbox 971 5678 1434 5768; x_wconf 62' lang='lat' dir='ltr'><strong>&#39;festatnen&#39;tnrum</strong></span> <span class='ocrx_word' id='word_1_994' title='bbox 1464 5678 1764 5764; x_wconf 71' lang='lat' dir='ltr'><strong>doctrinam</strong></span> 
     </span>
    </p>
   </div>
   <div class='ocr_carea' id='block_1_111' title="bbox 455 5751 2043 5836">
    <p class='ocr_par' dir='ltr' id='par_1_111' title="bbox 455 5751 2043 5836">
     <span class='ocr_line' id='line_1_120' title="bbox 455 5751 2043 5836; baseline -0.009 -17"><span class='ocrx_word' id='word_1_995' title='bbox 455 5751 1168 5836; x_wconf 58' lang='lat' dir='ltr'><strong>aliquid_s&#39;uggerere,quam</strong></span> <span class='ocrx_word' id='word_1_996' title='bbox 1192 5756 1506 5836; x_wconf 69' lang='lat' dir='ltr'><strong>benefacere</strong></span> <span class='ocrx_word' id='word_1_997' title='bbox 1527 5769 1654 5836; x_wconf 71' lang='lat' dir='ltr'><strong>eum</strong></span> <span class='ocrx_word' id='word_1_998' title='bbox 1677 5751 2043 5836; x_wconf 28' lang='lat' dir='ltr'><strong>qt‘tivirgi‘nem</strong></span> 
     </span>
    </p>
   </div>
   <div class='ocr_carea' id='block_1_112' title="bbox 456 5818 1929 5895">
    <p class='ocr_par' dir='ltr' id='par_1_112' title="bbox 456 5818 1929 5895">
     <span class='ocr_line' id='line_1_121' title="bbox 456 5818 1929 5895; baseline -0.013 -2"><span class='ocrx_word' id='word_1_999' title='bbox 456 5818 617 5893; x_wconf 52' lang='lat' dir='ltr'><strong>suain</strong></span> <span class='ocrx_word' id='word_1_1000' title='bbox 647 5818 889 5894; x_wconf 64' lang='lat' dir='ltr'><strong>dederim</strong></span> <span class='ocrx_word' id='word_1_1001' title='bbox 918 5818 1182 5888; x_wconf 60' lang='lat' dir='ltr'><strong>et&#39;ttieltus</strong></span> <span class='ocrx_word' id='word_1_1002' title='bbox 1200 5818 1291 5895; x_wconf 83' lang='lat' dir='ltr'><strong>qui</strong></span> <span class='ocrx_word' id='word_1_1003' title='bbox 1317 5828 1422 5882; x_wconf 85' lang='lat' dir='ltr'><strong>non</strong></span> <span class='ocrx_word' id='word_1_1004' title='bbox 1448 5818 1929 5881; x_wconf 58' lang='lat' dir='ltr'><strong>dedorlt.&#39;At.nAsri</strong></span> 
     </span>
    </p>
   </div>
  </div>
