  <div class='ocr_page' id='page_1' title='image "/cluster/home/n/w/nwhite01/storage/ocr_20150623/11/hvd.32044096580402/557.png"; bbox 0 0 4152 6166; ppageno 0'>
   <div class='ocr_carea' id='block_1_1' title="bbox 564 259 705 321">
    <p class='ocr_par' dir='ltr' id='par_1_1' title="bbox 564 259 705 321">
     <span class='ocr_line' id='line_1_1' title="bbox 564 259 705 321; baseline 0.014 -2"><span class='ocrx_word' id='word_1_1' title='bbox 564 259 705 321; x_wconf 69' lang='lat' dir='ltr'><strong>illi!</strong></span> 
     </span>
    </p>
   </div>
   <div class='ocr_carea' id='block_1_2' title="bbox 1773 255 2657 314">
    <p class='ocr_par' dir='ltr' id='par_1_2' title="bbox 1773 255 2657 314">
     <span class='ocr_line' id='line_1_2' title="bbox 1773 255 2657 314; baseline 0.001 -1"><span class='ocrx_word' id='word_1_2' title='bbox 1773 255 2018 313; x_wconf 81' lang='lat' dir='ltr'><strong>SANCTI</strong></span> <span class='ocrx_word' id='word_1_3' title='bbox 2056 255 2304 314; x_wconf 75' lang='lat' dir='ltr'><strong>OP&#39;I‘ATI</strong></span> <span class='ocrx_word' id='word_1_4' title='bbox 2347 257 2657 314; x_wconf 80' lang='lat' dir='ltr'><strong>EPISCOPI</strong></span> 
     </span>
    </p>
   </div>
   <div class='ocr_carea' id='block_1_3' title="bbox 3702 267 3811 322">
    <p class='ocr_par' dir='ltr' id='par_1_3' title="bbox 3702 267 3811 322">
     <span class='ocr_line' id='line_1_3' title="bbox 3702 267 3811 322; baseline 0.018 -2"><span class='ocrx_word' id='word_1_5' title='bbox 3702 267 3811 322; x_wconf 73' lang='grc'><strong>1080</strong></span> 
     </span>
    </p>
   </div>
   <div class='ocr_carea' id='block_1_4' title="bbox 563 370 3812 454">
    <p class='ocr_par' dir='ltr' id='par_1_4' title="bbox 563 370 3812 454">
     <span class='ocr_line' id='line_1_4' title="bbox 563 370 3812 454; baseline 0.001 -21"><span class='ocrx_word' id='word_1_6' title='bbox 563 388 671 445; x_wconf 91' lang='lat' dir='ltr'><strong>tur,</strong></span> <span class='ocrx_word' id='word_1_7' title='bbox 701 387 756 434; x_wconf 92' lang='lat' dir='ltr'><strong>et</strong></span> <span class='ocrx_word' id='word_1_8' title='bbox 782 391 812 432; x_wconf 87' lang='lat' dir='ltr'><strong>a</strong></span> <span class='ocrx_word' id='word_1_9' title='bbox 841 376 1200 432; x_wconf 85' lang='lat' dir='ltr'><strong>schismatlcis</strong></span> <span class='ocrx_word' id='word_1_10' title='bbox 1231 373 1390 430; x_wconf 85' lang='lat' dir='ltr'><strong>hodie</strong></span> <span class='ocrx_word' id='word_1_11' title='bbox 1418 388 1542 430; x_wconf 90' lang='lat' dir='ltr'><strong>cum</strong></span> <span class='ocrx_word' id='word_1_12' title='bbox 1569 372 1971 429; x_wconf 90' lang='lat' dir='ltr'><strong>Catholicorum</strong></span> <span class='ocrx_word' id='word_1_13' title='bbox 2008 371 2164 426; x_wconf 88' lang='lat' dir='ltr'><strong>turba</strong></span> <span class='ocrx_word' id='word_1_14' title='bbox 2191 375 2245 434; x_wconf 80' lang='grc' dir='ltr'><strong>Α</strong></span> <span class='ocrx_word' id='word_1_15' title='bbox 2347 370 2456 429; x_wconf 83' lang='lat' dir='ltr'><strong>Vll.</strong></span> <span class='ocrx_word' id='word_1_16' title='bbox 2487 371 2789 428; x_wconf 86' lang='lat' dir='ltr'><strong>Donatistas</strong></span> <span class='ocrx_word' id='word_1_17' title='bbox 2815 373 2868 428; x_wconf 93' lang='lat' dir='ltr'><strong>in</strong></span> <span class='ocrx_word' id='word_1_18' title='bbox 2890 384 3120 430; x_wconf 85' lang='lat' dir='ltr'><strong>mortuos</strong></span> <span class='ocrx_word' id='word_1_19' title='bbox 3148 375 3302 430; x_wconf 84' lang='lat' dir='ltr'><strong>etiam</strong></span> <span class='ocrx_word' id='word_1_20' title='bbox 3337 376 3575 443; x_wconf 77' lang='lat' dir='ltr'><strong>swviisse,</strong></span> <span class='ocrx_word' id='word_1_21' title='bbox 3603 397 3689 436; x_wconf 83' lang='lat' dir='ltr'><strong>non</strong></span> <span class='ocrx_word' id='word_1_22' title='bbox 3719 401 3812 454; x_wconf 88' lang='lat' dir='ltr'><strong>per-</strong></span> 
     </span>
    </p>
   </div>
   <div class='ocr_carea' id='block_1_5' title="bbox 565 464 2167 537">
    <p class='ocr_par' dir='ltr' id='par_1_5' title="bbox 565 464 2167 537">
     <span class='ocr_line' id='line_1_5' title="bbox 565 464 2167 537; baseline -0.006 -10"><span class='ocrx_word' id='word_1_23' title='bbox 565 469 796 527; x_wconf 87' lang='lat' dir='ltr'><strong>duleedo</strong></span> <span class='ocrx_word' id='word_1_24' title='bbox 839 479 929 524; x_wconf 90' lang='lat' dir='ltr'><strong>tua</strong></span> <span class='ocrx_word' id='word_1_25' title='bbox 973 478 1214 524; x_wconf 76' lang='lat' dir='ltr'><strong>vexatur.</strong></span> <span class='ocrx_word' id='word_1_26' title='bbox 1261 467 1428 522; x_wconf 89' lang='lat' dir='ltr'><strong>Pares</strong></span> <span class='ocrx_word' id='word_1_27' title='bbox 1481 467 1715 537; x_wconf 92' lang='lat' dir='ltr'><strong>patimur</strong></span> <span class='ocrx_word' id='word_1_28' title='bbox 1756 464 1976 530; x_wconf 90' lang='lat' dir='ltr'><strong>bellum,</strong></span> <span class='ocrx_word' id='word_1_29' title='bbox 2010 478 2167 533; x_wconf 90' lang='lat' dir='ltr'><strong>pares</strong></span> 
     </span>
    </p>
   </div>
   <div class='ocr_carea' id='block_1_6' title="bbox 564 559 2169 632">
    <p class='ocr_par' dir='ltr' id='par_1_6' title="bbox 564 559 2169 632">
     <span class='ocr_line' id='line_1_6' title="bbox 564 559 2169 632; baseline -0.004 -11"><span class='ocrx_word' id='word_1_30' title='bbox 564 573 945 632; x_wconf 73' lang='lat' dir='ltr'><strong>exspectamus</strong></span> <span class='ocrx_word' id='word_1_31' title='bbox 986 561 1252 617; x_wconf 86' lang='lat' dir='ltr'><strong>vindicem</strong></span> <span class='ocrx_word' id='word_1_32' title='bbox 1305 561 1496 617; x_wconf 92' lang='lat' dir='ltr'><strong>Deum.</strong></span> <span class='ocrx_word' id='word_1_33' title='bbox 1554 560 1687 628; x_wconf 91' lang='lat' dir='ltr'><strong>Dic,</strong></span> <span class='ocrx_word' id='word_1_34' title='bbox 1734 559 1898 615; x_wconf 80' lang='lat' dir='ltr'><strong>frater</strong></span> <span class='ocrx_word' id='word_1_35' title='bbox 1950 559 2169 614; x_wconf 89' lang='lat' dir='ltr'><strong>Parme-</strong></span> 
     </span>
    </p>
   </div>
   <div class='ocr_carea' id='block_1_7' title="bbox 567 651 2166 724">
    <p class='ocr_par' dir='ltr' id='par_1_7' title="bbox 567 651 2166 724">
     <span class='ocr_line' id='line_1_7' title="bbox 567 651 2166 724; baseline -0.005 -12"><span class='ocrx_word' id='word_1_36' title='bbox 567 659 746 722; x_wconf 89' lang='lat' dir='ltr'><strong>niane,</strong></span> <span class='ocrx_word' id='word_1_37' title='bbox 779 655 909 724; x_wconf 89' lang='lat' dir='ltr'><strong>quid</strong></span> <span class='ocrx_word' id='word_1_38' title='bbox 938 653 1090 710; x_wconf 84' lang='lat' dir='ltr'><strong>vobis</strong></span> <span class='ocrx_word' id='word_1_39' title='bbox 1117 652 1318 709; x_wconf 77' lang='lat' dir='ltr'><strong>fecerat</strong></span> <span class='ocrx_word' id='word_1_40' title='bbox 1357 653 1546 708; x_wconf 86' lang='lat' dir='ltr'><strong>locus?</strong></span> <span class='ocrx_word' id='word_1_41' title='bbox 1591 651 1718 722; x_wconf 89' lang='lat' dir='ltr'><strong>quid</strong></span> <span class='ocrx_word' id='word_1_42' title='bbox 1766 652 1866 722; x_wconf 89' lang='lat' dir='ltr'><strong>ipsi</strong></span> <span class='ocrx_word' id='word_1_43' title='bbox 1909 651 2166 722; x_wconf 84' lang='lat' dir='ltr'><strong>parietes,</strong></span> 
     </span>
    </p>
   </div>
   <div class='ocr_carea' id='block_1_8' title="bbox 564 745 2172 816">
    <p class='ocr_par' dir='ltr' id='par_1_8' title="bbox 564 745 2172 816">
     <span class='ocr_line' id='line_1_8' title="bbox 564 745 2172 816; baseline -0.002 -13"><span class='ocrx_word' id='word_1_44' title='bbox 564 763 628 804; x_wconf 87' lang='lat' dir='ltr'><strong>ut</strong></span> <span class='ocrx_word' id='word_1_45' title='bbox 656 763 683 801; x_wconf 89' lang='lat' dir='ltr'><strong>a</strong></span> <span class='ocrx_word' id='word_1_46' title='bbox 715 747 872 802; x_wconf 86' lang='lat' dir='ltr'><strong>vobis</strong></span> <span class='ocrx_word' id='word_1_47' title='bbox 917 747 1015 801; x_wconf 88' lang='lat' dir='ltr'><strong>ista</strong></span> <span class='ocrx_word' id='word_1_48' title='bbox 1054 746 1402 816; x_wconf 89' lang='lat' dir='ltr'><strong>paterentur?</strong></span> <span class='ocrx_word' id='word_1_49' title='bbox 1429 745 1511 800; x_wconf 75' lang='lat' dir='ltr'><strong>An</strong></span> <span class='ocrx_word' id='word_1_50' title='bbox 1540 745 1663 816; x_wconf 91' lang='lat' dir='ltr'><strong>quia</strong></span> <span class='ocrx_word' id='word_1_51' title='bbox 1698 745 1807 799; x_wconf 93' lang='lat' dir='ltr'><strong>illic</strong></span> <span class='ocrx_word' id='word_1_52' title='bbox 1838 755 2058 814; x_wconf 90' lang='lat' dir='ltr'><strong>rogatus</strong></span> <span class='ocrx_word' id='word_1_53' title='bbox 2087 753 2172 799; x_wconf 88' lang='lat' dir='ltr'><strong>est</strong></span> 
     </span>
    </p>
   </div>
   <div class='ocr_carea' id='block_1_9' title="bbox 571 837 2173 909">
    <p class='ocr_par' dir='ltr' id='par_1_9' title="bbox 571 837 2173 909">
     <span class='ocr_line' id='line_1_9' title="bbox 571 837 2173 909; baseline -0.002 -13"><span class='ocrx_word' id='word_1_54' title='bbox 571 841 748 896; x_wconf 86' lang='lat' dir='ltr'><strong>Deus?</strong></span> <span class='ocrx_word' id='word_1_55' title='bbox 777 855 843 895; x_wconf 90' lang='lat' dir='ltr'><strong>an</strong></span> <span class='ocrx_word' id='word_1_56' title='bbox 868 841 993 909; x_wconf 84' lang='lat' dir='ltr'><strong>quia</strong></span> <span class='ocrx_word' id='word_1_57' title='bbox 1020 839 1129 895; x_wconf 93' lang='lat' dir='ltr'><strong>illic</strong></span> <span class='ocrx_word' id='word_1_58' title='bbox 1154 839 1402 894; x_wconf 90' lang='lat' dir='ltr'><strong>laudatus</strong></span> <span class='ocrx_word' id='word_1_59' title='bbox 1429 847 1513 893; x_wconf 86' lang='lat' dir='ltr'><strong>est</strong></span> <span class='ocrx_word' id='word_1_60' title='bbox 1538 838 1824 894; x_wconf 83' lang='lat' dir='ltr'><strong>Christus?</strong></span> <span class='ocrx_word' id='word_1_61' title='bbox 1859 852 1925 891; x_wconf 91' lang='lat' dir='ltr'><strong>an</strong></span> <span class='ocrx_word' id='word_1_62' title='bbox 1954 839 2076 907; x_wconf 89' lang='lat' dir='ltr'><strong>quia</strong></span> <span class='ocrx_word' id='word_1_63' title='bbox 2111 837 2173 892; x_wconf 89' lang='lat' dir='ltr'><strong>il-</strong></span> 
     </span>
    </p>
   </div>
   <div class='ocr_carea' id='block_1_10' title="bbox 568 931 2174 1004">
    <p class='ocr_par' dir='ltr' id='par_1_10' title="bbox 568 931 2174 1004">
     <span class='ocr_line' id='line_1_10' title="bbox 568 931 2174 1004; baseline -0.004 -14"><span class='ocrx_word' id='word_1_64' title='bbox 568 935 641 990; x_wconf 91' lang='lat' dir='ltr'><strong>lic</strong></span> <span class='ocrx_word' id='word_1_65' title='bbox 670 935 948 990; x_wconf 89' lang='lat' dir='ltr'><strong>invocatus</strong></span> <span class='ocrx_word' id='word_1_66' title='bbox 975 942 1056 989; x_wconf 90' lang='lat' dir='ltr'><strong>est</strong></span> <span class='ocrx_word' id='word_1_67' title='bbox 1090 932 1324 1004; x_wconf 87' lang='lat' dir='ltr'><strong>Spiritus</strong></span> <span class='ocrx_word' id='word_1_68' title='bbox 1367 931 1626 988; x_wconf 87' lang='lat' dir='ltr'><strong>sanctus?</strong></span> <span class='ocrx_word' id='word_1_69' title='bbox 1655 946 1722 986; x_wconf 90' lang='lat' dir='ltr'><strong>an</strong></span> <span class='ocrx_word' id='word_1_70' title='bbox 1751 932 1871 1000; x_wconf 85' lang='lat' dir='ltr'><strong>quia</strong></span> <span class='ocrx_word' id='word_1_71' title='bbox 1897 931 2049 985; x_wconf 82' lang='lat' dir='ltr'><strong>vobis</strong></span> <span class='ocrx_word' id='word_1_72' title='bbox 2079 931 2174 985; x_wconf 83' lang='lat' dir='ltr'><strong>ab-</strong></span> 
     </span>
    </p>
   </div>
   <div class='ocr_carea' id='block_1_11' title="bbox 570 1021 2174 1096">
    <p class='ocr_par' dir='ltr' id='par_1_11' title="bbox 570 1021 2174 1096">
     <span class='ocr_line' id='line_1_11' title="bbox 570 1021 2174 1096; baseline -0.004 -13"><span class='ocrx_word' id='word_1_73' title='bbox 570 1026 815 1083; x_wconf 84' lang='lat' dir='ltr'><strong>sentibus</strong></span> <span class='ocrx_word' id='word_1_74' title='bbox 866 1026 976 1082; x_wconf 92' lang='lat' dir='ltr'><strong>illic</strong></span> <span class='ocrx_word' id='word_1_75' title='bbox 1026 1025 1305 1096; x_wconf 65' lang='lat' dir='ltr'><strong>propheta:</strong></span> <span class='ocrx_word' id='word_1_76' title='bbox 1337 1034 1392 1080; x_wconf 88' lang='lat' dir='ltr'><strong>et</strong></span> <span class='ocrx_word' id='word_1_77' title='bbox 1420 1035 1605 1080; x_wconf 90' lang='lat' dir='ltr'><strong>sancta</strong></span> <span class='ocrx_word' id='word_1_78' title='bbox 1635 1021 1922 1093; x_wconf 83' lang='lat' dir='ltr'><strong>Evangelia</strong></span> <span class='ocrx_word' id='word_1_79' title='bbox 1952 1024 2174 1077; x_wconf 88' lang='lat' dir='ltr'><strong>recitata</strong></span> 
     </span>
    </p>
   </div>
   <div class='ocr_carea' id='block_1_12' title="bbox 571 1115 2175 1189">
    <p class='ocr_par' dir='ltr' id='par_1_12' title="bbox 571 1115 2175 1189">
     <span class='ocr_line' id='line_1_12' title="bbox 571 1115 2175 1189; baseline -0.002 -16"><span class='ocrx_word' id='word_1_80' title='bbox 571 1120 730 1175; x_wconf 86' lang='lat' dir='ltr'><strong>sunt?</strong></span> <span class='ocrx_word' id='word_1_81' title='bbox 774 1135 840 1173; x_wconf 87' lang='lat' dir='ltr'><strong>an</strong></span> <span class='ocrx_word' id='word_1_82' title='bbox 889 1119 1012 1189; x_wconf 87' lang='lat' dir='ltr'><strong>quia</strong></span> <span class='ocrx_word' id='word_1_83' title='bbox 1070 1119 1177 1173; x_wconf 91' lang='lat' dir='ltr'><strong>illic</strong></span> <span class='ocrx_word' id='word_1_84' title='bbox 1220 1119 1443 1172; x_wconf 91' lang='lat' dir='ltr'><strong>fratrum</strong></span> <span class='ocrx_word' id='word_1_85' title='bbox 1487 1116 1801 1187; x_wconf 82' lang='lat' dir='ltr'><strong>jamdudum</strong></span> <span class='ocrx_word' id='word_1_86' title='bbox 1854 1115 2175 1184; x_wconf 81' lang='lat' dir='ltr'><strong>litigantium</strong></span> 
     </span>
    </p>
   </div>
   <div class='ocr_carea' id='block_1_13' title="bbox 571 1210 2176 1282">
    <p class='ocr_par' dir='ltr' id='par_1_13' title="bbox 571 1210 2176 1282">
     <span class='ocr_line' id='line_1_13' title="bbox 571 1210 2176 1282; baseline -0.002 -14"><span class='ocrx_word' id='word_1_87' title='bbox 571 1212 1041 1268; x_wconf 89' lang='lat' dir='ltr'><strong>coucordaverant</strong></span> <span class='ocrx_word' id='word_1_88' title='bbox 1089 1214 1334 1268; x_wconf 82' lang='lat' dir='ltr'><strong>mentes?</strong></span> <span class='ocrx_word' id='word_1_89' title='bbox 1381 1226 1448 1266; x_wconf 92' lang='lat' dir='ltr'><strong>an</strong></span> <span class='ocrx_word' id='word_1_90' title='bbox 1479 1211 1604 1282; x_wconf 86' lang='lat' dir='ltr'><strong>quia</strong></span> <span class='ocrx_word' id='word_1_91' title='bbox 1635 1210 1956 1265; x_wconf 84' lang='lat' dir='ltr'><strong>unitasDeo</strong></span> <span class='ocrx_word' id='word_1_92' title='bbox 1983 1210 2176 1280; x_wconf 89' lang='lat' dir='ltr'><strong>placita</strong></span> 
     </span>
    </p>
   </div>
   <div class='ocr_carea' id='block_1_14' title="bbox 573 1301 2177 1375">
    <p class='ocr_par' dir='ltr' id='par_1_14' title="bbox 573 1301 2177 1375">
     <span class='ocr_line' id='line_1_14' title="bbox 573 1301 2177 1375; baseline -0.002 -15"><span class='ocrx_word' id='word_1_93' title='bbox 573 1305 628 1360; x_wconf 89' lang='lat' dir='ltr'><strong>in</strong></span> <span class='ocrx_word' id='word_1_94' title='bbox 659 1320 764 1375; x_wconf 87' lang='lat' dir='ltr'><strong>qua</strong></span> <span class='ocrx_word' id='word_1_95' title='bbox 813 1304 1099 1370; x_wconf 84' lang='lat' dir='ltr'><strong>habitaret,</strong></span> <span class='ocrx_word' id='word_1_96' title='bbox 1131 1305 1412 1359; x_wconf 83' lang='lat' dir='ltr'><strong>invenerat</strong></span> <span class='ocrx_word' id='word_1_97' title='bbox 1453 1303 1720 1357; x_wconf 86' lang='lat' dir='ltr'><strong>domum?</strong></span> <span class='ocrx_word' id='word_1_98' title='bbox 1760 1303 2018 1368; x_wconf 90' lang='lat' dir='ltr'><strong>ludicate,</strong></span> <span class='ocrx_word' id='word_1_99' title='bbox 2050 1301 2177 1371; x_wconf 91' lang='lat' dir='ltr'><strong>quid</strong></span> 
     </span>
    </p>
   </div>
   <div class='ocr_carea' id='block_1_15' title="bbox 571 1396 2177 1469">
    <p class='ocr_par' dir='ltr' id='par_1_15' title="bbox 571 1396 2177 1469">
     <span class='ocr_line' id='line_1_15' title="bbox 571 1396 2177 1469; baseline -0.001 -17"><span class='ocrx_word' id='word_1_100' title='bbox 571 1397 685 1454; x_wconf 86' lang='lat' dir='ltr'><strong>illic</strong></span> <span class='ocrx_word' id='word_1_101' title='bbox 707 1399 888 1453; x_wconf 87' lang='lat' dir='ltr'><strong>lavare</strong></span> <span class='ocrx_word' id='word_1_102' title='bbox 915 1399 1196 1469; x_wconf 76' lang='lat' dir='ltr'><strong>potuistis?</strong></span> <span class='ocrx_word' id='word_1_103' title='bbox 1228 1399 1282 1455; x_wconf 92' lang='lat' dir='ltr'><strong>Si</strong></span> <span class='ocrx_word' id='word_1_104' title='bbox 1313 1397 1717 1453; x_wconf 88' lang='lat' dir='ltr'><strong>Catholicorum</strong></span> <span class='ocrx_word' id='word_1_105' title='bbox 1748 1397 1974 1468; x_wconf 83' lang='lat' dir='ltr'><strong>vestigia</strong></span> <span class='ocrx_word' id='word_1_106' title='bbox 1995 1439 2009 1461; x_wconf 91' lang='lat'><strong>,</strong></span> <span class='ocrx_word' id='word_1_107' title='bbox 2041 1406 2097 1452; x_wconf 92' lang='lat' dir='ltr'><strong>et</strong></span> <span class='ocrx_word' id='word_1_108' title='bbox 2125 1396 2177 1450; x_wconf 92' lang='lat' dir='ltr'><strong>in</strong></span> 
     </span>
    </p>
   </div>
   <div class='ocr_carea' id='block_1_16' title="bbox 576 1490 2182 1561">
    <p class='ocr_par' dir='ltr' id='par_1_16' title="bbox 576 1490 2182 1561">
     <span class='ocr_line' id='line_1_16' title="bbox 576 1490 2182 1561; baseline 0.001 -18"><span class='ocrx_word' id='word_1_109' title='bbox 576 1491 695 1546; x_wconf 88' lang='lat' dir='ltr'><strong>vico</strong></span> <span class='ocrx_word' id='word_1_110' title='bbox 724 1498 780 1545; x_wconf 91' lang='lat' dir='ltr'><strong>et</strong></span> <span class='ocrx_word' id='word_1_111' title='bbox 809 1491 861 1545; x_wconf 89' lang='lat' dir='ltr'><strong>in</strong></span> <span class='ocrx_word' id='word_1_112' title='bbox 888 1491 1078 1561; x_wconf 84' lang='lat' dir='ltr'><strong>plateis</strong></span> <span class='ocrx_word' id='word_1_113' title='bbox 1103 1490 1450 1558; x_wconf 89' lang='lat' dir='ltr'><strong>calcavimus,</strong></span> <span class='ocrx_word' id='word_1_114' title='bbox 1475 1505 1642 1561; x_wconf 88' lang='lat' dir='ltr'><strong>quare</strong></span> <span class='ocrx_word' id='word_1_115' title='bbox 1665 1506 1770 1545; x_wconf 91' lang='lat' dir='ltr'><strong>non</strong></span> <span class='ocrx_word' id='word_1_116' title='bbox 1795 1490 1974 1544; x_wconf 85' lang='lat' dir='ltr'><strong>omnia</strong></span> <span class='ocrx_word' id='word_1_117' title='bbox 1997 1504 2182 1544; x_wconf 89' lang='lat' dir='ltr'><strong>emen-</strong></span> 
     </span>
    </p>
   </div>
   <div class='ocr_carea' id='block_1_17' title="bbox 574 1583 2184 1656">
    <p class='ocr_par' dir='ltr' id='par_1_17' title="bbox 574 1583 2184 1656">
     <span class='ocr_line' id='line_1_17' title="bbox 574 1583 2184 1656; baseline 0 -18"><span class='ocrx_word' id='word_1_118' title='bbox 574 1583 751 1639; x_wconf 85' lang='lat' dir='ltr'><strong>datis?</strong></span> <span class='ocrx_word' id='word_1_119' title='bbox 779 1600 902 1640; x_wconf 92' lang='lat' dir='ltr'><strong>nam</strong></span> <span class='ocrx_word' id='word_1_120' title='bbox 932 1594 987 1640; x_wconf 90' lang='lat' dir='ltr'><strong>et</strong></span> <span class='ocrx_word' id='word_1_121' title='bbox 1031 1585 1384 1641; x_wconf 86' lang='lat' dir='ltr'><strong>fovendorum</strong></span> <span class='ocrx_word' id='word_1_122' title='bbox 1412 1600 1705 1656; x_wconf 89' lang='lat' dir='ltr'><strong>corporum</strong></span> <span class='ocrx_word' id='word_1_123' title='bbox 1731 1600 1912 1650; x_wconf 89' lang='lat' dir='ltr'><strong>causa,</strong></span> <span class='ocrx_word' id='word_1_124' title='bbox 1947 1583 2061 1656; x_wconf 78' lang='grc'>(95)</span> <span class='ocrx_word' id='word_1_125' title='bbox 2091 1599 2184 1638; x_wconf 91' lang='lat' dir='ltr'><strong>ea-</strong></span> 
     </span>
    </p>
   </div>
   <div class='ocr_carea' id='block_1_18' title="bbox 575 1674 2183 1749">
    <p class='ocr_par' dir='ltr' id='par_1_18' title="bbox 575 1674 2183 1749">
     <span class='ocr_line' id='line_1_18' title="bbox 575 1674 2183 1749; baseline 0.001 -19"><span class='ocrx_word' id='word_1_126' title='bbox 575 1674 697 1731; x_wconf 89' lang='lat' dir='ltr'><strong>dem</strong></span> <span class='ocrx_word' id='word_1_127' title='bbox 730 1691 830 1732; x_wconf 90' lang='lat' dir='ltr'><strong>uos</strong></span> <span class='ocrx_word' id='word_1_128' title='bbox 855 1685 910 1733; x_wconf 90' lang='lat' dir='ltr'><strong>et</strong></span> <span class='ocrx_word' id='word_1_129' title='bbox 935 1692 1034 1732; x_wconf 91' lang='lat' dir='ltr'><strong>vos</strong></span> <span class='ocrx_word' id='word_1_130' title='bbox 1078 1679 1286 1733; x_wconf 90' lang='lat' dir='ltr'><strong>lavacra</strong></span> <span class='ocrx_word' id='word_1_131' title='bbox 1335 1678 1538 1749; x_wconf 89' lang='lat' dir='ltr'><strong>pariter</strong></span> <span class='ocrx_word' id='word_1_132' title='bbox 1564 1678 1855 1733; x_wconf 90' lang='lat' dir='ltr'><strong>abluerunt</strong></span> <span class='ocrx_word' id='word_1_133' title='bbox 1885 1686 1947 1742; x_wconf 70' lang='lat'><strong>“;</strong></span> <span class='ocrx_word' id='word_1_134' title='bbox 1980 1688 2036 1733; x_wconf 87' lang='lat' dir='ltr'><strong>et</strong></span> <span class='ocrx_word' id='word_1_135' title='bbox 2057 1686 2183 1732; x_wconf 86' lang='lat' dir='ltr'><strong>ante</strong></span> 
     </span>
    </p>
   </div>
   <div class='ocr_carea' id='block_1_19' title="bbox 2271 465 3811 542">
    <p class='ocr_par' dir='ltr' id='par_1_19' title="bbox 2271 465 3811 542">
     <span class='ocr_line' id='line_1_19' title="bbox 2271 465 3811 542; baseline 0.007 -22"><span class='ocrx_word' id='word_1_136' title='bbox 2271 468 2524 521; x_wconf 76' lang='lat' dir='ltr'><strong>mittentes</strong></span> <span class='ocrx_word' id='word_1_137' title='bbox 2554 465 2941 522; x_wconf 78' lang='lat' dir='ltr'><strong>Catholicorum</strong></span> <span class='ocrx_word' id='word_1_138' title='bbox 2972 485 3191 540; x_wconf 88' lang='lat' dir='ltr'><strong>corpora</strong></span> <span class='ocrx_word' id='word_1_139' title='bbox 3215 469 3436 542; x_wconf 76' lang='lat' dir='ltr'><strong>sepeliri.</strong></span> <span class='ocrx_word' id='word_1_140' title='bbox 3463 501 3528 512; x_wconf 88' lang='lat'><strong>-—</strong></span> <span class='ocrx_word' id='word_1_141' title='bbox 3549 471 3671 540; x_wconf 84' lang='lat' dir='ltr'><strong>Quid</strong></span> <span class='ocrx_word' id='word_1_142' title='bbox 3693 477 3811 531; x_wconf 50' lang='lat' dir='ltr'><strong>refe.</strong></span> 
     </span>
    </p>
   </div>
   <div class='ocr_carea' id='block_1_20' title="bbox 2271 561 3820 638">
    <p class='ocr_par' dir='ltr' id='par_1_20' title="bbox 2271 561 3820 638">
     <span class='ocr_line' id='line_1_20' title="bbox 2271 561 3820 638; baseline 0.008 -24"><span class='ocrx_word' id='word_1_143' title='bbox 2271 575 2388 614; x_wconf 90' lang='lat' dir='ltr'><strong>ram</strong></span> <span class='ocrx_word' id='word_1_144' title='bbox 2415 561 2577 615; x_wconf 92' lang='lat' dir='ltr'><strong>etiam</strong></span> <span class='ocrx_word' id='word_1_145' title='bbox 2626 562 2769 616; x_wconf 89' lang='lat' dir='ltr'><strong>illam</strong></span> <span class='ocrx_word' id='word_1_146' title='bbox 2820 563 3153 634; x_wconf 89' lang='lat' dir='ltr'><strong>impietatem</strong></span> <span class='ocrx_word' id='word_1_147' title='bbox 3194 563 3264 620; x_wconf 89' lang='lat' dir='ltr'><strong>de</strong></span> <span class='ocrx_word' id='word_1_148' title='bbox 3288 575 3460 620; x_wconf 91' lang='lat' dir='ltr'><strong>vestra</strong></span> <span class='ocrx_word' id='word_1_149' title='bbox 3497 567 3820 638; x_wconf 74' lang='lat' dir='ltr'><strong>coniuratione</strong></span> 
     </span>
    </p>
   </div>
   <div class='ocr_carea' id='block_1_21' title="bbox 2272 655 3818 729">
    <p class='ocr_par' dir='ltr' id='par_1_21' title="bbox 2272 655 3818 729">
     <span class='ocr_line' id='line_1_21' title="bbox 2272 655 3818 729; baseline 0.006 -21"><span class='ocrx_word' id='word_1_150' title='bbox 2272 655 2602 723; x_wconf 90' lang='lat' dir='ltr'><strong>venientem,</strong></span> <span class='ocrx_word' id='word_1_151' title='bbox 2636 656 2716 729; x_wconf 87' lang='grc' dir='ltr'>(Ι)</span> <span class='ocrx_word' id='word_1_152' title='bbox 2749 658 2872 728; x_wconf 90' lang='lat' dir='ltr'><strong>quia</strong></span> <span class='ocrx_word' id='word_1_153' title='bbox 2920 656 2988 712; x_wconf 90' lang='lat' dir='ltr'><strong>ad</strong></span> <span class='ocrx_word' id='word_1_154' title='bbox 3038 659 3140 712; x_wconf 89' lang='lat' dir='ltr'><strong>hoc</strong></span> <span class='ocrx_word' id='word_1_155' title='bbox 3186 658 3443 714; x_wconf 88' lang='lat' dir='ltr'><strong>Basilicas</strong></span> <span class='ocrx_word' id='word_1_156' title='bbox 3488 659 3716 716; x_wconf 89' lang='lat' dir='ltr'><strong>invadere</strong></span> <span class='ocrx_word' id='word_1_157' title='bbox 3739 677 3818 717; x_wconf 88' lang='lat' dir='ltr'><strong>vo-</strong></span> 
     </span>
    </p>
   </div>
   <div class='ocr_carea' id='block_1_22' title="bbox 2273 746 3824 820">
    <p class='ocr_par' dir='ltr' id='par_1_22' title="bbox 2273 746 3824 820">
     <span class='ocr_line' id='line_1_22' title="bbox 2273 746 3824 820; baseline 0.005 -19"><span class='ocrx_word' id='word_1_158' title='bbox 2273 746 2472 813; x_wconf 90' lang='lat' dir='ltr'><strong>luistis,</strong></span> <span class='ocrx_word' id='word_1_159' title='bbox 2511 756 2568 801; x_wconf 92' lang='lat' dir='ltr'><strong>ut</strong></span> <span class='ocrx_word' id='word_1_160' title='bbox 2613 747 2692 820; x_wconf 71' lang='grc' dir='ltr'>(Ξ)</span> <span class='ocrx_word' id='word_1_161' title='bbox 2719 748 2875 802; x_wconf 90' lang='lat' dir='ltr'><strong>vobis</strong></span> <span class='ocrx_word' id='word_1_162' title='bbox 2913 748 3042 804; x_wconf 92' lang='lat' dir='ltr'><strong>solis</strong></span> <span class='ocrx_word' id='word_1_163' title='bbox 3089 749 3171 820; x_wconf 79' lang='grc'>(5)</span> <span class='ocrx_word' id='word_1_164' title='bbox 3215 751 3516 804; x_wconf 71' lang='lat' dir='ltr'><strong>cmmeteria</strong></span> <span class='ocrx_word' id='word_1_165' title='bbox 3558 751 3824 818; x_wconf 86' lang='lat' dir='ltr'><strong>vindicetis,</strong></span> 
     </span>
    </p>
   </div>
   <div class='ocr_carea' id='block_1_23' title="bbox 2277 842 3828 912">
    <p class='ocr_par' dir='ltr' id='par_1_23' title="bbox 2277 842 3828 912">
     <span class='ocr_line' id='line_1_23' title="bbox 2277 842 3828 912; baseline 0.003 -16"><span class='ocrx_word' id='word_1_166' title='bbox 2277 855 2382 896; x_wconf 89' lang='lat' dir='ltr'><strong>non</strong></span> <span class='ocrx_word' id='word_1_167' title='bbox 2411 842 2790 911; x_wconf 90' lang='lat' dir='ltr'><strong>permittentes</strong></span> <span class='ocrx_word' id='word_1_168' title='bbox 2818 842 3038 912; x_wconf 86' lang='lat' dir='ltr'><strong>sepeliri</strong></span> <span class='ocrx_word' id='word_1_169' title='bbox 3077 857 3309 909; x_wconf 84' lang='lat' dir='ltr'><strong>corpora</strong></span> <span class='ocrx_word' id='word_1_170' title='bbox 3341 842 3630 910; x_wconf 88' lang='lat' dir='ltr'><strong>Catholica;</strong></span> <span class='ocrx_word' id='word_1_171' title='bbox 3661 855 3708 900; x_wconf 92' lang='lat' dir='ltr'><strong>ut</strong></span> <span class='ocrx_word' id='word_1_172' title='bbox 3739 857 3828 901; x_wconf 82' lang='lat' dir='ltr'><strong>ter-</strong></span> 
     </span>
    </p>
   </div>
   <div class='ocr_carea' id='block_1_24' title="bbox 2276 931 3830 1010">
    <p class='ocr_par' dir='ltr' id='par_1_24' title="bbox 2276 931 3830 1010">
     <span class='ocr_line' id='line_1_24' title="bbox 2276 931 3830 1010; baseline 0.003 -20"><span class='ocrx_word' id='word_1_173' title='bbox 2276 935 2443 990; x_wconf 89' lang='lat' dir='ltr'><strong>reatis</strong></span> <span class='ocrx_word' id='word_1_174' title='bbox 2481 931 2516 1004; x_wconf 21' lang='grc' dir='ltr'><strong>ά.</strong></span> <span class='ocrx_word' id='word_1_175' title='bbox 2539 934 2711 999; x_wconf 90' lang='lat' dir='ltr'><strong>vivos,</strong></span> <span class='ocrx_word' id='word_1_176' title='bbox 2747 936 2829 1008; x_wconf 80' lang='grc'>(4)</span> <span class='ocrx_word' id='word_1_177' title='bbox 2856 937 2996 992; x_wconf 86' lang='lat' dir='ltr'><strong>male</strong></span> <span class='ocrx_word' id='word_1_178' title='bbox 3029 937 3272 992; x_wconf 87' lang='lat' dir='ltr'><strong>tractatis</strong></span> <span class='ocrx_word' id='word_1_179' title='bbox 3294 946 3348 991; x_wconf 87' lang='lat' dir='ltr'><strong>et</strong></span> <span class='ocrx_word' id='word_1_180' title='bbox 3374 945 3632 1004; x_wconf 85' lang='lat' dir='ltr'><strong>mortuos,</strong></span> <span class='ocrx_word' id='word_1_181' title='bbox 3653 955 3830 1010; x_wconf 84' lang='lat' dir='ltr'><strong>negan-</strong></span> 
     </span>
    </p>
   </div>
   <div class='ocr_carea' id='block_1_25' title="bbox 2279 1027 3832 1103">
    <p class='ocr_par' dir='ltr' id='par_1_25' title="bbox 2279 1027 3832 1103">
     <span class='ocr_line' id='line_1_25' title="bbox 2279 1027 3832 1103; baseline 0.005 -21"><span class='ocrx_word' id='word_1_182' title='bbox 2279 1036 2363 1084; x_wconf 90' lang='lat' dir='ltr'><strong>tes</strong></span> <span class='ocrx_word' id='word_1_183' title='bbox 2393 1027 2671 1084; x_wconf 86' lang='lat' dir='ltr'><strong>funeribus</strong></span> <span class='ocrx_word' id='word_1_184' title='bbox 2697 1031 2810 1103; x_wconf 72' lang='lat'><strong>98</strong></span> <span class='ocrx_word' id='word_1_185' title='bbox 2833 1031 3031 1086; x_wconf 89' lang='lat' dir='ltr'><strong>locum.</strong></span> <span class='ocrx_word' id='word_1_186' title='bbox 3057 1031 3115 1085; x_wconf 90' lang='lat' dir='ltr'><strong>Si</strong></span> <span class='ocrx_word' id='word_1_187' title='bbox 3147 1033 3289 1086; x_wconf 90' lang='lat' dir='ltr'><strong>inter</strong></span> <span class='ocrx_word' id='word_1_188' title='bbox 3309 1033 3546 1086; x_wconf 87' lang='lat' dir='ltr'><strong>viventes</strong></span> <span class='ocrx_word' id='word_1_189' title='bbox 3566 1031 3722 1088; x_wconf 88' lang='lat' dir='ltr'><strong>fuerat</strong></span> <span class='ocrx_word' id='word_1_190' title='bbox 3737 1049 3832 1089; x_wconf 86' lang='lat' dir='ltr'><strong>cer-</strong></span> 
     </span>
    </p>
   </div>
   <div class='ocr_carea' id='block_1_26' title="bbox 2281 1123 3833 1196">
    <p class='ocr_par' dir='ltr' id='par_1_26' title="bbox 2281 1123 3833 1196">
     <span class='ocr_line' id='line_1_26' title="bbox 2281 1123 3833 1196; baseline 0.001 -18"><span class='ocrx_word' id='word_1_191' title='bbox 2281 1132 2458 1179; x_wconf 90' lang='lat' dir='ltr'><strong>tamen</strong></span> <span class='ocrx_word' id='word_1_192' title='bbox 2481 1166 2496 1190; x_wconf 94' lang='lat'><strong>,</strong></span> <span class='ocrx_word' id='word_1_193' title='bbox 2535 1123 2656 1179; x_wconf 91' lang='lat' dir='ltr'><strong>odia</strong></span> <span class='ocrx_word' id='word_1_194' title='bbox 2686 1135 2862 1180; x_wconf 90' lang='lat' dir='ltr'><strong>vestra</strong></span> <span class='ocrx_word' id='word_1_195' title='bbox 2892 1125 2974 1180; x_wconf 86' lang='lat' dir='ltr'><strong>vel</strong></span> <span class='ocrx_word' id='word_1_196' title='bbox 3016 1139 3165 1180; x_wconf 90' lang='lat' dir='ltr'><strong>mors</strong></span> <span class='ocrx_word' id='word_1_197' title='bbox 3195 1125 3368 1180; x_wconf 88' lang='lat' dir='ltr'><strong>aliena</strong></span> <span class='ocrx_word' id='word_1_198' title='bbox 3400 1134 3706 1196; x_wconf 87' lang='lat' dir='ltr'><strong>compescat.</strong></span> <span class='ocrx_word' id='word_1_199' title='bbox 3734 1126 3833 1181; x_wconf 77' lang='lat' dir='ltr'><strong>lam</strong></span> 
     </span>
    </p>
   </div>
   <div class='ocr_carea' id='block_1_27' title="bbox 2281 1219 3838 1290">
    <p class='ocr_par' dir='ltr' id='par_1_27' title="bbox 2281 1219 3838 1290">
     <span class='ocr_line' id='line_1_27' title="bbox 2281 1219 3838 1290; baseline 0.001 -19"><span class='ocrx_word' id='word_1_200' title='bbox 2281 1226 2424 1272; x_wconf 88' lang='lat' dir='ltr'><strong>tacet</strong></span> <span class='ocrx_word' id='word_1_201' title='bbox 2449 1232 2570 1272; x_wconf 95' lang='lat' dir='ltr'><strong>cum</strong></span> <span class='ocrx_word' id='word_1_202' title='bbox 2595 1234 2702 1288; x_wconf 91' lang='lat' dir='ltr'><strong>quo</strong></span> <span class='ocrx_word' id='word_1_203' title='bbox 2735 1219 2894 1286; x_wconf 92' lang='lat' dir='ltr'><strong>paulo</strong></span> <span class='ocrx_word' id='word_1_204' title='bbox 2921 1227 3047 1274; x_wconf 87' lang='lat' dir='ltr'><strong>ante</strong></span> <span class='ocrx_word' id='word_1_205' title='bbox 3070 1219 3319 1290; x_wconf 84' lang='lat' dir='ltr'><strong>litigabas</strong></span> <span class='ocrx_word' id='word_1_206' title='bbox 3345 1238 3356 1272; x_wconf 91' lang='lat'>:</span> <span class='ocrx_word' id='word_1_207' title='bbox 3390 1220 3514 1290; x_wconf 91' lang='lat' dir='ltr'><strong>quid</strong></span> <span class='ocrx_word' id='word_1_208' title='bbox 3545 1220 3749 1276; x_wconf 89' lang='lat' dir='ltr'><strong>insultas</strong></span> <span class='ocrx_word' id='word_1_209' title='bbox 3771 1220 3838 1274; x_wconf 90' lang='lat' dir='ltr'><strong>fu-</strong></span> 
     </span>
    </p>
   </div>
   <div class='ocr_carea' id='block_1_28' title="bbox 2281 1307 3839 1382">
    <p class='ocr_par' dir='ltr' id='par_1_28' title="bbox 2281 1307 3839 1382">
     <span class='ocr_line' id='line_1_28' title="bbox 2281 1307 3839 1382; baseline 0.002 -20"><span class='ocrx_word' id='word_1_210' title='bbox 2281 1307 2442 1362; x_wconf 86' lang='lat' dir='ltr'><strong>neri?</strong></span> <span class='ocrx_word' id='word_1_211' title='bbox 2467 1308 2592 1379; x_wconf 93' lang='lat' dir='ltr'><strong>quid</strong></span> <span class='ocrx_word' id='word_1_212' title='bbox 2632 1309 2862 1380; x_wconf 91' lang='lat' dir='ltr'><strong>impedis</strong></span> <span class='ocrx_word' id='word_1_213' title='bbox 2893 1311 3226 1380; x_wconf 88' lang='lat' dir='ltr'><strong>sepulturam</strong></span> <span class='ocrx_word' id='word_1_214' title='bbox 3259 1311 3317 1364; x_wconf 71' lang='grc' dir='ltr'><strong>εἳ</strong></span> <span class='ocrx_word' id='word_1_215' title='bbox 3340 1311 3468 1382; x_wconf 89' lang='lat' dir='ltr'><strong>quid</strong></span> <span class='ocrx_word' id='word_1_216' title='bbox 3497 1327 3612 1366; x_wconf 84' lang='lat' dir='ltr'><strong>cum</strong></span> <span class='ocrx_word' id='word_1_217' title='bbox 3643 1313 3839 1366; x_wconf 85' lang='lat' dir='ltr'><strong>mortuis</strong></span> 
     </span>
    </p>
   </div>
   <div class='ocr_carea' id='block_1_29' title="bbox 2282 1401 3839 1474">
    <p class='ocr_par' dir='ltr' id='par_1_29' title="bbox 2282 1401 3839 1474">
     <span class='ocr_line' id='line_1_29' title="bbox 2282 1401 3839 1474; baseline 0.002 -18"><span class='ocrx_word' id='word_1_218' title='bbox 2282 1401 2494 1472; x_wconf 81' lang='lat' dir='ltr'><strong>litigas?</strong></span> <span class='ocrx_word' id='word_1_219' title='bbox 2517 1402 2799 1472; x_wconf 86' lang='lat' dir='ltr'><strong>perdidisti</strong></span> <span class='ocrx_word' id='word_1_220' title='bbox 2831 1403 3050 1457; x_wconf 72' lang='lat' dir='ltr'><strong>malitia:</strong></span> <span class='ocrx_word' id='word_1_221' title='bbox 3073 1402 3304 1458; x_wconf 86' lang='lat' dir='ltr'><strong>fructum</strong></span> <span class='ocrx_word' id='word_1_222' title='bbox 3332 1421 3344 1456; x_wconf 89' lang='lat'><strong>:</strong></span> <span class='ocrx_word' id='word_1_223' title='bbox 3371 1413 3426 1459; x_wconf 94' lang='lat' dir='ltr'><strong>et</strong></span> <span class='ocrx_word' id='word_1_224' title='bbox 3449 1406 3492 1459; x_wconf 90' lang='lat' dir='ltr'><strong>si</strong></span> <span class='ocrx_word' id='word_1_225' title='bbox 3514 1419 3722 1474; x_wconf 89' lang='lat' dir='ltr'><strong>corpora</strong></span> <span class='ocrx_word' id='word_1_226' title='bbox 3749 1420 3839 1459; x_wconf 88' lang='lat' dir='ltr'><strong>non</strong></span> 
     </span>
    </p>
   </div>
   <div class='ocr_carea' id='block_1_30' title="bbox 2285 1496 3842 1571">
    <p class='ocr_par' dir='ltr' id='par_1_30' title="bbox 2285 1496 3842 1571">
     <span class='ocr_line' id='line_1_30' title="bbox 2285 1496 3842 1571; baseline 0.003 -22"><span class='ocrx_word' id='word_1_227' title='bbox 2285 1496 2367 1552; x_wconf 91' lang='lat' dir='ltr'><strong>vis</strong></span> <span class='ocrx_word' id='word_1_228' title='bbox 2390 1497 2440 1552; x_wconf 94' lang='lat' dir='ltr'><strong>in</strong></span> <span class='ocrx_word' id='word_1_229' title='bbox 2470 1513 2634 1552; x_wconf 90' lang='lat' dir='ltr'><strong>unum</strong></span> <span class='ocrx_word' id='word_1_230' title='bbox 2659 1499 2966 1570; x_wconf 86' lang='lat' dir='ltr'><strong>quiescere,</strong></span> <span class='ocrx_word' id='word_1_231' title='bbox 2986 1499 3197 1554; x_wconf 91' lang='lat' dir='ltr'><strong>animas</strong></span> <span class='ocrx_word' id='word_1_232' title='bbox 3216 1509 3396 1554; x_wconf 92' lang='lat' dir='ltr'><strong>tamen</strong></span> <span class='ocrx_word' id='word_1_233' title='bbox 3419 1499 3498 1571; x_wconf 89' lang='grc'><strong>(5)</strong></span> <span class='ocrx_word' id='word_1_234' title='bbox 3527 1501 3578 1556; x_wconf 89' lang='lat' dir='ltr'><strong>in</strong></span> <span class='ocrx_word' id='word_1_235' title='bbox 3604 1515 3704 1556; x_wconf 89' lang='lat' dir='ltr'><strong>uno</strong></span> <span class='ocrx_word' id='word_1_236' title='bbox 3727 1499 3842 1571; x_wconf 87' lang='lat' dir='ltr'><strong>apud</strong></span> 
     </span>
    </p>
   </div>
   <div class='ocr_carea' id='block_1_31' title="bbox 2286 1587 3360 1662">
    <p class='ocr_par' dir='ltr' id='par_1_31' title="bbox 2286 1587 3360 1662">
     <span class='ocr_line' id='line_1_31' title="bbox 2286 1587 3360 1662; baseline 0.006 -20"><span class='ocrx_word' id='word_1_237' title='bbox 2286 1587 2454 1644; x_wconf 89' lang='lat' dir='ltr'><strong>Deum</strong></span> <span class='ocrx_word' id='word_1_238' title='bbox 2482 1590 2686 1660; x_wconf 88' lang='lat' dir='ltr'><strong>positas</strong></span> <span class='ocrx_word' id='word_1_239' title='bbox 2715 1606 2822 1646; x_wconf 91' lang='lat' dir='ltr'><strong>non</strong></span> <span class='ocrx_word' id='word_1_240' title='bbox 2853 1591 3060 1661; x_wconf 90' lang='lat' dir='ltr'><strong>poteris</strong></span> <span class='ocrx_word' id='word_1_241' title='bbox 3081 1606 3360 1662; x_wconf 90' lang='lat' dir='ltr'><strong>separare.</strong></span> 
     </span>
    </p>
   </div>
   <div class='ocr_carea' id='block_1_32' title="bbox 2360 1682 3849 1758">
    <p class='ocr_par' dir='ltr' id='par_1_32' title="bbox 2360 1682 3849 1758">
     <span class='ocr_line' id='line_1_32' title="bbox 2360 1682 3849 1758; baseline 0.001 -21"><span class='ocrx_word' id='word_1_242' title='bbox 2360 1682 2494 1739; x_wconf 80' lang='lat' dir='ltr'><strong>Vlll.</strong></span> <span class='ocrx_word' id='word_1_243' title='bbox 2529 1683 2758 1755; x_wconf 88' lang='lat' dir='ltr'><strong>Elegans</strong></span> <span class='ocrx_word' id='word_1_244' title='bbox 2797 1695 2844 1739; x_wconf 89' lang='lat' dir='ltr'><strong>et</strong></span> <span class='ocrx_word' id='word_1_245' title='bbox 2883 1685 3085 1758; x_wconf 87' lang='lat' dir='ltr'><strong>egregia</strong></span> <span class='ocrx_word' id='word_1_246' title='bbox 3134 1686 3448 1758; x_wconf 84' lang='lat' dir='ltr'><strong>comparatio</strong></span> <span class='ocrx_word' id='word_1_247' title='bbox 3496 1685 3849 1740; x_wconf 77' lang='lat' dir='ltr'><strong>Donatistarum</strong></span> 
     </span>
    </p>
   </div>
   <div class='ocr_carea' id='block_1_33' title="bbox 576 1769 3844 1849">
    <p class='ocr_par' dir='ltr' id='par_1_33' title="bbox 576 1769 3844 1849">
     <span class='ocr_line' id='line_1_33' title="bbox 576 1769 3844 1849; baseline 0.002 -27"><span class='ocrx_word' id='word_1_248' title='bbox 576 1780 674 1825; x_wconf 87' lang='lat' dir='ltr'><strong>vos</strong></span> <span class='ocrx_word' id='word_1_249' title='bbox 706 1769 1018 1842; x_wconf 89' lang='lat' dir='ltr'><strong>frequenter</strong></span> <span class='ocrx_word' id='word_1_250' title='bbox 1052 1781 1364 1827; x_wconf 85' lang='lat' dir='ltr'><strong>nostrorum</strong></span> <span class='ocrx_word' id='word_1_251' title='bbox 1411 1772 1504 1826; x_wconf 90' lang='lat' dir='ltr'><strong>loti</strong></span> <span class='ocrx_word' id='word_1_252' title='bbox 1553 1780 1679 1826; x_wconf 91' lang='lat' dir='ltr'><strong>sunt</strong></span> <span class='ocrx_word' id='word_1_253' title='bbox 1729 1770 1902 1826; x_wconf 91' lang='lat' dir='ltr'><strong>multi.</strong></span> <span class='ocrx_word' id='word_1_254' title='bbox 1957 1771 2014 1826; x_wconf 88' lang='lat' dir='ltr'><strong>Si</strong></span> <span class='ocrx_word' id='word_1_255' title='bbox 2058 1770 2174 1842; x_wconf 87' lang='grc'><strong>(96)</strong></span> <span class='ocrx_word' id='word_1_256' title='bbox 2209 1781 2258 1840; x_wconf 80' lang='grc' dir='ltr'><strong>Β</strong></span> <span class='ocrx_word' id='word_1_257' title='bbox 2285 1792 2402 1830; x_wconf 87' lang='lat' dir='ltr'><strong>cum</strong></span> <span class='ocrx_word' id='word_1_258' title='bbox 2431 1777 2736 1848; x_wconf 82' lang='lat' dir='ltr'><strong>aucupibus.</strong></span> <span class='ocrx_word' id='word_1_259' title='bbox 2763 1807 2835 1819; x_wconf 88' lang='lat'><strong>--</strong></span> <span class='ocrx_word' id='word_1_260' title='bbox 2859 1776 3051 1832; x_wconf 89' lang='lat' dir='ltr'><strong>Omnia</strong></span> <span class='ocrx_word' id='word_1_261' title='bbox 3081 1777 3311 1848; x_wconf 89' lang='lat' dir='ltr'><strong>denique</strong></span> <span class='ocrx_word' id='word_1_262' title='bbox 3332 1819 3344 1840; x_wconf 92' lang='lat'><strong>,</strong></span> <span class='ocrx_word' id='word_1_263' title='bbox 3380 1793 3500 1849; x_wconf 74' lang='lat' dir='ltr'><strong>qua:</strong></span> <span class='ocrx_word' id='word_1_264' title='bbox 3528 1793 3557 1832; x_wconf 91' lang='lat' dir='ltr'><strong>a</strong></span> <span class='ocrx_word' id='word_1_265' title='bbox 3582 1777 3724 1832; x_wconf 86' lang='lat' dir='ltr'><strong>vobis</strong></span> <span class='ocrx_word' id='word_1_266' title='bbox 3764 1792 3844 1847; x_wconf 78' lang='lat' dir='ltr'><strong>ge-</strong></span> 
     </span>
    </p>
   </div>
   <div class='ocr_carea' id='block_1_34' title="bbox 578 1865 2179 1936">
    <p class='ocr_par' dir='ltr' id='par_1_34' title="bbox 578 1865 2179 1936">
     <span class='ocr_line' id='line_1_34' title="bbox 578 1865 2179 1936; baseline -0.001 -17"><span class='ocrx_word' id='word_1_267' title='bbox 578 1873 704 1933; x_wconf 90' lang='lat' dir='ltr'><strong>post</strong></span> <span class='ocrx_word' id='word_1_268' title='bbox 728 1880 828 1920; x_wconf 85' lang='lat' dir='ltr'><strong>nos</strong></span> <span class='ocrx_word' id='word_1_269' title='bbox 857 1865 1186 1935; x_wconf 87' lang='lat' dir='ltr'><strong>purificanda</strong></span> <span class='ocrx_word' id='word_1_270' title='bbox 1217 1867 1419 1936; x_wconf 87' lang='lat' dir='ltr'><strong>putatis</strong></span> <span class='ocrx_word' id='word_1_271' title='bbox 1446 1866 1626 1920; x_wconf 89' lang='lat' dir='ltr'><strong>omnia</strong></span> <span class='ocrx_word' id='word_1_272' title='bbox 1651 1908 1666 1932; x_wconf 95' lang='lat'><strong>,</strong></span> <span class='ocrx_word' id='word_1_273' title='bbox 1699 1865 1874 1921; x_wconf 87' lang='lat' dir='ltr'><strong>lavate</strong></span> <span class='ocrx_word' id='word_1_274' title='bbox 1903 1875 1957 1920; x_wconf 93' lang='lat' dir='ltr'><strong>et</strong></span> <span class='ocrx_word' id='word_1_275' title='bbox 1986 1877 2179 1935; x_wconf 88' lang='lat' dir='ltr'><strong>aquam</strong></span> 
     </span>
    </p>
   </div>
   <div class='ocr_carea' id='block_1_35' title="bbox 576 1956 2181 2028">
    <p class='ocr_par' dir='ltr' id='par_1_35' title="bbox 576 1956 2181 2028">
     <span class='ocr_line' id='line_1_35' title="bbox 576 1956 2181 2028; baseline -0.001 -17"><span class='ocrx_word' id='word_1_276' title='bbox 576 1956 624 2011; x_wconf 91' lang='lat' dir='ltr'><strong>si</strong></span> <span class='ocrx_word' id='word_1_277' title='bbox 655 1957 916 2026; x_wconf 86' lang='lat' dir='ltr'><strong>potestis;</strong></span> <span class='ocrx_word' id='word_1_278' title='bbox 949 1965 1039 2012; x_wconf 88' lang='lat' dir='ltr'><strong>aut</strong></span> <span class='ocrx_word' id='word_1_279' title='bbox 1077 1957 1122 2012; x_wconf 93' lang='lat' dir='ltr'><strong>si</strong></span> <span class='ocrx_word' id='word_1_280' title='bbox 1148 1957 1376 2026; x_wconf 88' lang='lat' dir='ltr'><strong>vestigia</strong></span> <span class='ocrx_word' id='word_1_281' title='bbox 1407 1959 1488 2028; x_wconf 92' lang='lat' dir='ltr'><strong>(ut</strong></span> <span class='ocrx_word' id='word_1_282' title='bbox 1515 1972 1675 2026; x_wconf 90' lang='lat' dir='ltr'><strong>supra</strong></span> <span class='ocrx_word' id='word_1_283' title='bbox 1705 1956 1969 2028; x_wconf 80' lang='lat' dir='ltr'><strong>diximus)</strong></span> <span class='ocrx_word' id='word_1_284' title='bbox 1996 1965 2181 2011; x_wconf 88' lang='lat' dir='ltr'><strong>nostra</strong></span> 
     </span>
    </p>
   </div>
   <div class='ocr_carea' id='block_1_36' title="bbox 581 2049 2182 2120">
    <p class='ocr_par' dir='ltr' id='par_1_36' title="bbox 581 2049 2182 2120">
     <span class='ocr_line' id='line_1_36' title="bbox 581 2049 2182 2120; baseline 0.001 -18"><span class='ocrx_word' id='word_1_285' title='bbox 581 2049 736 2104; x_wconf 86' lang='lat' dir='ltr'><strong>vobis</strong></span> <span class='ocrx_word' id='word_1_286' title='bbox 771 2063 891 2104; x_wconf 90' lang='lat' dir='ltr'><strong>esse</strong></span> <span class='ocrx_word' id='word_1_287' title='bbox 915 2049 1169 2104; x_wconf 89' lang='lat' dir='ltr'><strong>videntur</strong></span> <span class='ocrx_word' id='word_1_288' title='bbox 1197 2049 1422 2120; x_wconf 91' lang='lat' dir='ltr'><strong>polluta,</strong></span> <span class='ocrx_word' id='word_1_289' title='bbox 1451 2049 1730 2106; x_wconf 78' lang='lat' dir='ltr'><strong>sufficeret</strong></span> <span class='ocrx_word' id='word_1_290' title='bbox 1758 2058 1936 2115; x_wconf 92' lang='lat' dir='ltr'><strong>terra;</strong></span> <span class='ocrx_word' id='word_1_291' title='bbox 1969 2058 2026 2104; x_wconf 92' lang='lat' dir='ltr'><strong>ut</strong></span> <span class='ocrx_word' id='word_1_292' title='bbox 2055 2049 2182 2120; x_wconf 90' lang='lat' dir='ltr'><strong>quid</strong></span> 
     </span>
    </p>
   </div>
   <div class='ocr_carea' id='block_1_37' title="bbox 581 2140 2184 2212">
    <p class='ocr_par' dir='ltr' id='par_1_37' title="bbox 581 2140 2184 2212">
     <span class='ocr_line' id='line_1_37' title="bbox 581 2140 2184 2212; baseline 0.001 -17"><span class='ocrx_word' id='word_1_293' title='bbox 581 2150 636 2196; x_wconf 87' lang='lat' dir='ltr'><strong>et</strong></span> <span class='ocrx_word' id='word_1_294' title='bbox 681 2140 918 2210; x_wconf 91' lang='lat' dir='ltr'><strong>parietes</strong></span> <span class='ocrx_word' id='word_1_295' title='bbox 961 2140 1142 2196; x_wconf 90' lang='lat' dir='ltr'><strong>lavare</strong></span> <span class='ocrx_word' id='word_1_296' title='bbox 1171 2142 1452 2208; x_wconf 88' lang='lat' dir='ltr'><strong>voluistis,</strong></span> <span class='ocrx_word' id='word_1_297' title='bbox 1497 2143 1549 2197; x_wconf 90' lang='lat' dir='ltr'><strong>iu</strong></span> <span class='ocrx_word' id='word_1_298' title='bbox 1583 2143 1779 2212; x_wconf 82' lang='lat' dir='ltr'><strong>quibus</strong></span> <span class='ocrx_word' id='word_1_299' title='bbox 1810 2143 2044 2198; x_wconf 87' lang='lat' dir='ltr'><strong>humana</strong></span> <span class='ocrx_word' id='word_1_300' title='bbox 2078 2157 2184 2198; x_wconf 92' lang='lat' dir='ltr'><strong>non</strong></span> 
     </span>
    </p>
   </div>
   <div class='ocr_carea' id='block_1_38' title="bbox 583 2233 2188 2305">
    <p class='ocr_par' dir='ltr' id='par_1_38' title="bbox 583 2233 2188 2305">
     <span class='ocr_line' id='line_1_38' title="bbox 583 2233 2188 2305; baseline 0.002 -19"><span class='ocrx_word' id='word_1_301' title='bbox 583 2241 810 2303; x_wconf 90' lang='lat' dir='ltr'><strong>possunt</strong></span> <span class='ocrx_word' id='word_1_302' title='bbox 837 2233 965 2304; x_wconf 90' lang='lat' dir='ltr'><strong>poni</strong></span> <span class='ocrx_word' id='word_1_303' title='bbox 991 2233 1254 2305; x_wconf 79' lang='lat' dir='ltr'><strong>vestigia?</strong></span> <span class='ocrx_word' id='word_1_304' title='bbox 1285 2235 1522 2305; x_wconf 88' lang='lat' dir='ltr'><strong>parietes</strong></span> <span class='ocrx_word' id='word_1_305' title='bbox 1552 2251 1657 2292; x_wconf 91' lang='lat' dir='ltr'><strong>non</strong></span> <span class='ocrx_word' id='word_1_306' title='bbox 1687 2237 1916 2302; x_wconf 87' lang='lat' dir='ltr'><strong>calcare,</strong></span> <span class='ocrx_word' id='word_1_307' title='bbox 1941 2236 2036 2291; x_wconf 90' lang='lat' dir='ltr'><strong>sed</strong></span> <span class='ocrx_word' id='word_1_308' title='bbox 2071 2245 2188 2290; x_wconf 89' lang='lat' dir='ltr'><strong>tan-</strong></span> 
     </span>
    </p>
   </div>
   <div class='ocr_carea' id='block_1_39' title="bbox 586 2326 2184 2400">
    <p class='ocr_par' dir='ltr' id='par_1_39' title="bbox 586 2326 2184 2400">
     <span class='ocr_line' id='line_1_39' title="bbox 586 2326 2184 2400; baseline 0.001 -20"><span class='ocrx_word' id='word_1_309' title='bbox 586 2335 698 2380; x_wconf 94' lang='lat' dir='ltr'><strong>tum</strong></span> <span class='ocrx_word' id='word_1_310' title='bbox 728 2326 912 2383; x_wconf 91' lang='lat' dir='ltr'><strong>videre</strong></span> <span class='ocrx_word' id='word_1_311' title='bbox 944 2327 1233 2397; x_wconf 89' lang='lat' dir='ltr'><strong>potuimus.</strong></span> <span class='ocrx_word' id='word_1_312' title='bbox 1264 2329 1322 2384; x_wconf 90' lang='lat' dir='ltr'><strong>Si</strong></span> <span class='ocrx_word' id='word_1_313' title='bbox 1353 2337 1408 2385; x_wconf 91' lang='lat' dir='ltr'><strong>et</strong></span> <span class='ocrx_word' id='word_1_314' title='bbox 1436 2328 1580 2400; x_wconf 89' lang='lat' dir='ltr'><strong>quod</strong></span> <span class='ocrx_word' id='word_1_315' title='bbox 1606 2329 1774 2400; x_wconf 79' lang='lat' dir='ltr'><strong>tangit</strong></span> <span class='ocrx_word' id='word_1_316' title='bbox 1798 2338 2070 2400; x_wconf 90' lang='lat' dir='ltr'><strong>aspectus,</strong></span> <span class='ocrx_word' id='word_1_317' title='bbox 2105 2329 2184 2382; x_wconf 62' lang='lat' dir='ltr'><strong>la-</strong></span> 
     </span>
    </p>
   </div>
   <div class='ocr_carea' id='block_1_40' title="bbox 586 2419 2189 2489">
    <p class='ocr_par' dir='ltr' id='par_1_40' title="bbox 586 2419 2189 2489">
     <span class='ocr_line' id='line_1_40' title="bbox 586 2419 2189 2489; baseline 0.001 -16"><span class='ocrx_word' id='word_1_318' title='bbox 586 2419 820 2475; x_wconf 90' lang='lat' dir='ltr'><strong>vandum</strong></span> <span class='ocrx_word' id='word_1_319' title='bbox 853 2436 974 2477; x_wconf 91' lang='lat' dir='ltr'><strong>esse</strong></span> <span class='ocrx_word' id='word_1_320' title='bbox 1006 2424 1264 2489; x_wconf 85' lang='lat' dir='ltr'><strong>censetis,</strong></span> <span class='ocrx_word' id='word_1_321' title='bbox 1294 2438 1391 2479; x_wconf 93' lang='lat' dir='ltr'><strong>cur</strong></span> <span class='ocrx_word' id='word_1_322' title='bbox 1433 2433 1632 2478; x_wconf 69' lang='lat' dir='ltr'><strong>cmtera</strong></span> <span class='ocrx_word' id='word_1_323' title='bbox 1675 2423 1959 2478; x_wconf 89' lang='lat' dir='ltr'><strong>dimisistis</strong></span> <span class='ocrx_word' id='word_1_324' title='bbox 2002 2422 2189 2478; x_wconf 87' lang='lat' dir='ltr'><strong>illota?</strong></span> 
     </span>
    </p>
   </div>
   <div class='ocr_carea' id='block_1_41' title="bbox 587 2511 2190 2581">
    <p class='ocr_par' dir='ltr' id='par_1_41' title="bbox 587 2511 2190 2581">
     <span class='ocr_line' id='line_1_41' title="bbox 587 2511 2190 2581; baseline 0.002 -13"><span class='ocrx_word' id='word_1_325' title='bbox 587 2511 846 2569; x_wconf 80' lang='lat' dir='ltr'><strong>Videmus</strong></span> <span class='ocrx_word' id='word_1_326' title='bbox 869 2522 1092 2581; x_wconf 90' lang='lat' dir='ltr'><strong>tectum,</strong></span> <span class='ocrx_word' id='word_1_327' title='bbox 1127 2515 1373 2571; x_wconf 83' lang='lat' dir='ltr'><strong>videmus</strong></span> <span class='ocrx_word' id='word_1_328' title='bbox 1398 2525 1454 2572; x_wconf 92' lang='lat' dir='ltr'><strong>et</strong></span> <span class='ocrx_word' id='word_1_329' title='bbox 1482 2517 1704 2580; x_wconf 75' lang='lat' dir='ltr'><strong>ccelum,</strong></span> <span class='ocrx_word' id='word_1_330' title='bbox 1735 2518 1850 2572; x_wconf 61' lang='lat' dir='ltr'><strong>hate</strong></span> <span class='ocrx_word' id='word_1_331' title='bbox 1878 2535 1907 2572; x_wconf 92' lang='lat' dir='ltr'><strong>a</strong></span> <span class='ocrx_word' id='word_1_332' title='bbox 1931 2517 2084 2572; x_wconf 86' lang='lat' dir='ltr'><strong>vobis</strong></span> <span class='ocrx_word' id='word_1_333' title='bbox 2112 2517 2190 2572; x_wconf 88' lang='lat' dir='ltr'><strong>la-</strong></span> 
     </span>
    </p>
   </div>
   <div class='ocr_carea' id='block_1_42' title="bbox 586 2607 2190 2683">
    <p class='ocr_par' dir='ltr' id='par_1_42' title="bbox 586 2607 2190 2683">
     <span class='ocr_line' id='line_1_42' title="bbox 586 2607 2190 2683; baseline 0.005 -24"><span class='ocrx_word' id='word_1_334' title='bbox 586 2607 702 2661; x_wconf 90' lang='lat' dir='ltr'><strong>vari</strong></span> <span class='ocrx_word' id='word_1_335' title='bbox 743 2622 847 2663; x_wconf 92' lang='lat' dir='ltr'><strong>uon</strong></span> <span class='ocrx_word' id='word_1_336' title='bbox 889 2618 1133 2680; x_wconf 88' lang='lat' dir='ltr'><strong>possunt.</strong></span> <span class='ocrx_word' id='word_1_337' title='bbox 1189 2609 1308 2683; x_wconf 89' lang='lat'><strong>(97)</strong></span> <span class='ocrx_word' id='word_1_338' title='bbox 1352 2609 1444 2666; x_wconf 92' lang='lat' dir='ltr'><strong>Illa</strong></span> <span class='ocrx_word' id='word_1_339' title='bbox 1496 2611 1725 2666; x_wconf 86' lang='lat' dir='ltr'><strong>lavando</strong></span> <span class='ocrx_word' id='word_1_340' title='bbox 1751 2613 2028 2682; x_wconf 89' lang='lat' dir='ltr'><strong>promeriti</strong></span> <span class='ocrx_word' id='word_1_341' title='bbox 2060 2613 2190 2667; x_wconf 87' lang='lat' dir='ltr'><strong>estis</strong></span> 
     </span>
    </p>
   </div>
   <div class='ocr_carea' id='block_1_43' title="bbox 592 2699 2190 2776">
    <p class='ocr_par' dir='ltr' id='par_1_43' title="bbox 592 2699 2190 2776">
     <span class='ocr_line' id='line_1_43' title="bbox 592 2699 2190 2776; baseline 0.004 -23"><span class='ocrx_word' id='word_1_342' title='bbox 592 2699 757 2757; x_wconf 91' lang='lat' dir='ltr'><strong>Deum</strong></span> <span class='ocrx_word' id='word_1_343' title='bbox 785 2719 798 2754; x_wconf 90' lang='lat'><strong>:</strong></span> <span class='ocrx_word' id='word_1_344' title='bbox 823 2700 926 2756; x_wconf 86' lang='lat' dir='ltr'><strong>ista</strong></span> <span class='ocrx_word' id='word_1_345' title='bbox 949 2716 1056 2757; x_wconf 93' lang='lat' dir='ltr'><strong>non</strong></span> <span class='ocrx_word' id='word_1_346' title='bbox 1088 2702 1339 2768; x_wconf 91' lang='lat' dir='ltr'><strong>lavando,</strong></span> <span class='ocrx_word' id='word_1_347' title='bbox 1365 2705 1691 2776; x_wconf 83' lang='lat' dir='ltr'><strong>inexpiabile</strong></span> <span class='ocrx_word' id='word_1_348' title='bbox 1718 2705 1976 2761; x_wconf 90' lang='lat' dir='ltr'><strong>videmini</strong></span> <span class='ocrx_word' id='word_1_349' title='bbox 2007 2705 2190 2761; x_wconf 86' lang='lat' dir='ltr'><strong>incur-</strong></span> 
     </span>
    </p>
   </div>
   <div class='ocr_carea' id='block_1_44' title="bbox 586 2793 2193 2868">
    <p class='ocr_par' dir='ltr' id='par_1_44' title="bbox 586 2793 2193 2868">
     <span class='ocr_line' id='line_1_44' title="bbox 586 2793 2193 2868; baseline 0.002 -21"><span class='ocrx_word' id='word_1_350' title='bbox 586 2793 726 2849; x_wconf 87' lang='lat' dir='ltr'><strong>risse</strong></span> <span class='ocrx_word' id='word_1_351' title='bbox 758 2803 1061 2864; x_wconf 91' lang='lat' dir='ltr'><strong>peccatum.</strong></span> <span class='ocrx_word' id='word_1_352' title='bbox 1109 2795 1225 2866; x_wconf 85' lang='lat'><strong>(98)</strong></span> <span class='ocrx_word' id='word_1_353' title='bbox 1269 2794 1400 2850; x_wconf 92' lang='lat' dir='ltr'><strong>Cum</strong></span> <span class='ocrx_word' id='word_1_354' title='bbox 1435 2796 1595 2866; x_wconf 86' lang='lat' dir='ltr'><strong>igitur</strong></span> <span class='ocrx_word' id='word_1_355' title='bbox 1625 2797 1752 2852; x_wconf 88' lang='lat' dir='ltr'><strong>alibi</strong></span> <span class='ocrx_word' id='word_1_356' title='bbox 1780 2796 1931 2868; x_wconf 90' lang='lat' dir='ltr'><strong>quasi</strong></span> <span class='ocrx_word' id='word_1_357' title='bbox 1965 2797 2193 2866; x_wconf 78' lang='lat' dir='ltr'><strong>diligen—</strong></span> 
     </span>
    </p>
   </div>
   <div class='ocr_carea' id='block_1_45' title="bbox 588 2886 2194 2959">
    <p class='ocr_par' dir='ltr' id='par_1_45' title="bbox 588 2886 2194 2959">
     <span class='ocr_line' id='line_1_45' title="bbox 588 2886 2194 2959; baseline 0.002 -19"><span class='ocrx_word' id='word_1_358' title='bbox 588 2893 670 2941; x_wconf 89' lang='lat' dir='ltr'><strong>tes</strong></span> <span class='ocrx_word' id='word_1_359' title='bbox 697 2887 893 2942; x_wconf 90' lang='lat' dir='ltr'><strong>essetis</strong></span> <span class='ocrx_word' id='word_1_360' title='bbox 923 2888 1129 2942; x_wconf 90' lang='lat' dir='ltr'><strong>inventi</strong></span> <span class='ocrx_word' id='word_1_361' title='bbox 1157 2905 1168 2940; x_wconf 94' lang='lat'>:</span> <span class='ocrx_word' id='word_1_362' title='bbox 1196 2888 1244 2943; x_wconf 91' lang='lat' dir='ltr'><strong>si</strong></span> <span class='ocrx_word' id='word_1_363' title='bbox 1287 2899 1462 2944; x_wconf 89' lang='lat' dir='ltr'><strong>tamen</strong></span> <span class='ocrx_word' id='word_1_364' title='bbox 1489 2888 1770 2959; x_wconf 86' lang='lat' dir='ltr'><strong>diligentia</strong></span> <span class='ocrx_word' id='word_1_365' title='bbox 1799 2889 2028 2944; x_wconf 89' lang='lat' dir='ltr'><strong>dicenda</strong></span> <span class='ocrx_word' id='word_1_366' title='bbox 2051 2886 2080 2926; x_wconf 71' lang='grc' dir='ltr'><strong>ι’</strong></span> <span class='ocrx_word' id='word_1_367' title='bbox 2109 2898 2194 2943; x_wconf 92' lang='lat' dir='ltr'><strong>est</strong></span> 
     </span>
    </p>
   </div>
   <div class='ocr_carea' id='block_1_46' title="bbox 585 2979 2196 3054">
    <p class='ocr_par' dir='ltr' id='par_1_46' title="bbox 585 2979 2196 3054">
     <span class='ocr_line' id='line_1_46' title="bbox 585 2979 2196 3054; baseline 0.002 -20"><span class='ocrx_word' id='word_1_368' title='bbox 585 2979 838 3044; x_wconf 83' lang='lat' dir='ltr'><strong>stultitia,</strong></span> <span class='ocrx_word' id='word_1_369' title='bbox 861 2989 916 3035; x_wconf 92' lang='lat' dir='ltr'><strong>et</strong></span> <span class='ocrx_word' id='word_1_370' title='bbox 935 2980 1012 3052; x_wconf 93' lang='lat' dir='ltr'><strong>(ut</strong></span> <span class='ocrx_word' id='word_1_371' title='bbox 1038 2996 1168 3036; x_wconf 90' lang='lat' dir='ltr'><strong>vero</strong></span> <span class='ocrx_word' id='word_1_372' title='bbox 1200 2983 1418 3037; x_wconf 86' lang='lat' dir='ltr'><strong>nomine</strong></span> <span class='ocrx_word' id='word_1_373' title='bbox 1448 2982 1714 3053; x_wconf 90' lang='lat' dir='ltr'><strong>appellem</strong></span> <span class='ocrx_word' id='word_1_374' title='bbox 1745 2995 1766 3022; x_wconf 80' lang='grc' dir='ltr'><strong>ο</strong></span> <span class='ocrx_word' id='word_1_375' title='bbox 1792 2981 1812 3054; x_wconf 93' lang='grc'><strong>)</strong></span> <span class='ocrx_word' id='word_1_376' title='bbox 1839 2983 2047 3038; x_wconf 87' lang='lat' dir='ltr'><strong>vanitas</strong></span> <span class='ocrx_word' id='word_1_377' title='bbox 2072 2995 2196 3037; x_wconf 89' lang='lat' dir='ltr'><strong>ves-</strong></span> 
     </span>
    </p>
   </div>
   <div class='ocr_carea' id='block_1_47' title="bbox 587 3072 2194 3145">
    <p class='ocr_par' dir='ltr' id='par_1_47' title="bbox 587 3072 2194 3145">
     <span class='ocr_line' id='line_1_47' title="bbox 587 3072 2194 3145; baseline 0.003 -21"><span class='ocrx_word' id='word_1_378' title='bbox 587 3077 672 3125; x_wconf 86' lang='lat' dir='ltr'><strong>tra</strong></span> <span class='ocrx_word' id='word_1_379' title='bbox 706 3090 720 3126; x_wconf 89' lang='lat'><strong>:</strong></span> <span class='ocrx_word' id='word_1_380' title='bbox 758 3072 858 3126; x_wconf 88' lang='lat' dir='ltr'><strong>nisi</strong></span> <span class='ocrx_word' id='word_1_381' title='bbox 888 3072 1027 3130; x_wconf 89' lang='lat' dir='ltr'><strong>forte</strong></span> <span class='ocrx_word' id='word_1_382' title='bbox 1051 3075 1174 3142; x_wconf 89' lang='lat' dir='ltr'><strong>quia</strong></span> <span class='ocrx_word' id='word_1_383' title='bbox 1202 3073 1307 3130; x_wconf 88' lang='lat' dir='ltr'><strong>hoc</strong></span> <span class='ocrx_word' id='word_1_384' title='bbox 1335 3074 1612 3139; x_wconf 81' lang='lat' dir='ltr'><strong>faciendo,</strong></span> <span class='ocrx_word' id='word_1_385' title='bbox 1649 3075 1700 3129; x_wconf 92' lang='lat' dir='ltr'><strong>in</strong></span> <span class='ocrx_word' id='word_1_386' title='bbox 1732 3090 1984 3145; x_wconf 90' lang='lat' dir='ltr'><strong>pavorem</strong></span> <span class='ocrx_word' id='word_1_387' title='bbox 2014 3075 2194 3129; x_wconf 91' lang='lat' dir='ltr'><strong>misis-</strong></span> 
     </span>
    </p>
   </div>
   <div class='ocr_carea' id='block_1_48' title="bbox 2288 1867 3849 1938">
    <p class='ocr_par' dir='ltr' id='par_1_48' title="bbox 2288 1867 3849 1938">
     <span class='ocr_line' id='line_1_48' title="bbox 2288 1867 3849 1938; baseline -0.001 -16"><span class='ocrx_word' id='word_1_388' title='bbox 2288 1874 2500 1930; x_wconf 92' lang='lat' dir='ltr'><strong>runtur,</strong></span> <span class='ocrx_word' id='word_1_389' title='bbox 2528 1882 2594 1923; x_wconf 82' lang='lat' dir='ltr'><strong>ex</strong></span> <span class='ocrx_word' id='word_1_390' title='bbox 2625 1877 2740 1922; x_wconf 93' lang='lat' dir='ltr'><strong>toto</strong></span> <span class='ocrx_word' id='word_1_391' title='bbox 2761 1869 2966 1923; x_wconf 90' lang='lat' dir='ltr'><strong>narrari</strong></span> <span class='ocrx_word' id='word_1_392' title='bbox 2997 1883 3104 1924; x_wconf 90' lang='lat' dir='ltr'><strong>non</strong></span> <span class='ocrx_word' id='word_1_393' title='bbox 3138 1876 3366 1938; x_wconf 92' lang='lat' dir='ltr'><strong>possunt</strong></span> <span class='ocrx_word' id='word_1_394' title='bbox 3393 1889 3406 1924; x_wconf 92' lang='lat'><strong>:</strong></span> <span class='ocrx_word' id='word_1_395' title='bbox 3429 1867 3522 1924; x_wconf 93' lang='lat' dir='ltr'><strong>sed</strong></span> <span class='ocrx_word' id='word_1_396' title='bbox 3555 1878 3717 1924; x_wconf 90' lang='lat' dir='ltr'><strong>tamen</strong></span> <span class='ocrx_word' id='word_1_397' title='bbox 3744 1882 3849 1922; x_wconf 86' lang='lat' dir='ltr'><strong>con-</strong></span> 
     </span>
    </p>
   </div>
   <div class='ocr_carea' id='block_1_49' title="bbox 2287 1960 3850 2035">
    <p class='ocr_par' dir='ltr' id='par_1_49' title="bbox 2287 1960 3850 2035">
     <span class='ocr_line' id='line_1_49' title="bbox 2287 1960 3850 2035; baseline -0.001 -19"><span class='ocrx_word' id='word_1_398' title='bbox 2287 1961 2551 2018; x_wconf 86' lang='lat' dir='ltr'><strong>cedantur</strong></span> <span class='ocrx_word' id='word_1_399' title='bbox 2584 1960 2604 1999; x_wconf 70' lang='grc' dir='ltr'><strong><em>ί</em></strong></span> <span class='ocrx_word' id='word_1_400' title='bbox 2635 1963 2810 2028; x_wconf 90' lang='lat' dir='ltr'><strong>vobis,</strong></span> <span class='ocrx_word' id='word_1_401' title='bbox 2845 1962 2924 2035; x_wconf 88' lang='lat'><strong>(6)</strong></span> <span class='ocrx_word' id='word_1_402' title='bbox 2965 1964 3056 2034; x_wconf 92' lang='lat' dir='ltr'><strong>qui</strong></span> <span class='ocrx_word' id='word_1_403' title='bbox 3102 1964 3306 2019; x_wconf 92' lang='lat' dir='ltr'><strong>erroris</strong></span> <span class='ocrx_word' id='word_1_404' title='bbox 3329 1963 3492 2034; x_wconf 83' lang='lat' dir='ltr'><strong>hujus</strong></span> <span class='ocrx_word' id='word_1_405' title='bbox 3523 1962 3850 2034; x_wconf 87' lang='lat' dir='ltr'><strong>magisterium</strong></span> 
     </span>
    </p>
   </div>
   <div class='ocr_carea' id='block_1_50' title="bbox 2292 2053 3854 2126">
    <p class='ocr_par' dir='ltr' id='par_1_50' title="bbox 2292 2053 3854 2126">
     <span class='ocr_line' id='line_1_50' title="bbox 2292 2053 3854 2126; baseline -0.003 -16"><span class='ocrx_word' id='word_1_406' title='bbox 2292 2054 2597 2121; x_wconf 89' lang='lat' dir='ltr'><strong>possidetis.</strong></span> <span class='ocrx_word' id='word_1_407' title='bbox 2627 2053 2746 2110; x_wconf 86' lang='lat' dir='ltr'><strong>Jam</strong></span> <span class='ocrx_word' id='word_1_408' title='bbox 2775 2062 2830 2110; x_wconf 93' lang='lat' dir='ltr'><strong>et</strong></span> <span class='ocrx_word' id='word_1_409' title='bbox 2854 2055 2922 2110; x_wconf 89' lang='lat' dir='ltr'><strong>de</strong></span> <span class='ocrx_word' id='word_1_410' title='bbox 2955 2055 3151 2111; x_wconf 84' lang='lat' dir='ltr'><strong>vestris</strong></span> <span class='ocrx_word' id='word_1_411' title='bbox 3175 2055 3336 2110; x_wconf 90' lang='lat' dir='ltr'><strong>silere</strong></span> <span class='ocrx_word' id='word_1_412' title='bbox 3365 2056 3485 2126; x_wconf 92' lang='lat' dir='ltr'><strong>quis</strong></span> <span class='ocrx_word' id='word_1_413' title='bbox 3510 2064 3700 2126; x_wconf 87' lang='lat' dir='ltr'><strong>posset,</strong></span> <span class='ocrx_word' id='word_1_414' title='bbox 3720 2053 3778 2108; x_wconf 90' lang='lat' dir='ltr'><strong>de</strong></span> <span class='ocrx_word' id='word_1_415' title='bbox 3804 2053 3854 2106; x_wconf 88' lang='lat' dir='ltr'><strong>il-</strong></span> 
     </span>
    </p>
   </div>
   <div class='ocr_carea' id='block_1_51' title="bbox 2289 2146 3855 2216">
    <p class='ocr_par' dir='ltr' id='par_1_51' title="bbox 2289 2146 3855 2216">
     <span class='ocr_line' id='line_1_51' title="bbox 2289 2146 3855 2216; baseline -0.003 -15"><span class='ocrx_word' id='word_1_416' title='bbox 2289 2146 2376 2214; x_wconf 89' lang='lat' dir='ltr'><strong>lis,</strong></span> <span class='ocrx_word' id='word_1_417' title='bbox 2406 2146 2636 2213; x_wconf 86' lang='lat' dir='ltr'><strong>scilicet,</strong></span> <span class='ocrx_word' id='word_1_418' title='bbox 2667 2162 2802 2216; x_wconf 88' lang='lat' dir='ltr'><strong>quos</strong></span> <span class='ocrx_word' id='word_1_419' title='bbox 2831 2156 2925 2202; x_wconf 89' lang='lat' dir='ltr'><strong>aut</strong></span> <span class='ocrx_word' id='word_1_420' title='bbox 2955 2147 3189 2204; x_wconf 87' lang='lat' dir='ltr'><strong>factione</strong></span> <span class='ocrx_word' id='word_1_421' title='bbox 3219 2157 3312 2202; x_wconf 88' lang='lat' dir='ltr'><strong>aut</strong></span> <span class='ocrx_word' id='word_1_422' title='bbox 3340 2148 3658 2213; x_wconf 85' lang='lat' dir='ltr'><strong>subtilitate,</strong></span> <span class='ocrx_word' id='word_1_423' title='bbox 3687 2155 3736 2200; x_wconf 92' lang='lat' dir='ltr'><strong>ut</strong></span> <span class='ocrx_word' id='word_1_424' title='bbox 3761 2159 3855 2199; x_wconf 83' lang='lat' dir='ltr'><strong>ves-</strong></span> 
     </span>
    </p>
   </div>
   <div class='ocr_carea' id='block_1_52' title="bbox 2291 2237 3852 2311">
    <p class='ocr_par' dir='ltr' id='par_1_52' title="bbox 2291 2237 3852 2311">
     <span class='ocr_line' id='line_1_52' title="bbox 2291 2237 3852 2311; baseline -0.003 -17"><span class='ocrx_word' id='word_1_425' title='bbox 2291 2248 2408 2296; x_wconf 90' lang='lat' dir='ltr'><strong>tros</strong></span> <span class='ocrx_word' id='word_1_426' title='bbox 2439 2238 2689 2295; x_wconf 90' lang='lat' dir='ltr'><strong>faceretis</strong></span> <span class='ocrx_word' id='word_1_427' title='bbox 2711 2239 2974 2296; x_wconf 89' lang='lat' dir='ltr'><strong>seducere</strong></span> <span class='ocrx_word' id='word_1_428' title='bbox 3000 2241 3276 2311; x_wconf 86' lang='lat' dir='ltr'><strong>potuistis,</strong></span> <span class='ocrx_word' id='word_1_429' title='bbox 3307 2256 3419 2296; x_wconf 91' lang='lat' dir='ltr'><strong>non</strong></span> <span class='ocrx_word' id='word_1_430' title='bbox 3447 2239 3616 2295; x_wconf 90' lang='lat' dir='ltr'><strong>solum</strong></span> <span class='ocrx_word' id='word_1_431' title='bbox 3643 2237 3852 2299; x_wconf 88' lang='lat' dir='ltr'><strong>masculi,</strong></span> 
     </span>
    </p>
   </div>
   <div class='ocr_carea' id='block_1_53' title="bbox 2292 2330 3855 2394">
    <p class='ocr_par' dir='ltr' id='par_1_53' title="bbox 2292 2330 3855 2394">
     <span class='ocr_line' id='line_1_53' title="bbox 2292 2330 3855 2394; baseline -0.003 -8"><span class='ocrx_word' id='word_1_432' title='bbox 2292 2332 2387 2386; x_wconf 89' lang='lat' dir='ltr'><strong>sed</strong></span> <span class='ocrx_word' id='word_1_433' title='bbox 2413 2332 2576 2388; x_wconf 93' lang='lat' dir='ltr'><strong>etiam</strong></span> <span class='ocrx_word' id='word_1_434' title='bbox 2627 2330 2878 2394; x_wconf 73' lang='lat' dir='ltr'><strong>feminae;</strong></span> <span class='ocrx_word' id='word_1_435' title='bbox 2927 2348 2997 2388; x_wconf 78' lang='lat' dir='ltr'><strong>ex</strong></span> <span class='ocrx_word' id='word_1_436' title='bbox 3037 2332 3232 2388; x_wconf 89' lang='lat' dir='ltr'><strong>ovibus</strong></span> <span class='ocrx_word' id='word_1_437' title='bbox 3263 2333 3447 2388; x_wconf 89' lang='lat' dir='ltr'><strong>subito</strong></span> <span class='ocrx_word' id='word_1_438' title='bbox 3477 2333 3596 2387; x_wconf 89' lang='lat' dir='ltr'><strong>facti</strong></span> <span class='ocrx_word' id='word_1_439' title='bbox 3626 2339 3738 2386; x_wconf 90' lang='lat' dir='ltr'><strong>sunt</strong></span> <span class='ocrx_word' id='word_1_440' title='bbox 3761 2330 3855 2382; x_wconf 81' lang='lat' dir='ltr'><strong>vul-</strong></span> 
     </span>
    </p>
   </div>
   <div class='ocr_carea' id='block_1_54' title="bbox 2295 2422 3857 2495">
    <p class='ocr_par' dir='ltr' id='par_1_54' title="bbox 2295 2422 3857 2495">
     <span class='ocr_line' id='line_1_54' title="bbox 2295 2422 3857 2495; baseline 0 -18"><span class='ocrx_word' id='word_1_441' title='bbox 2295 2438 2411 2495; x_wconf 90' lang='lat' dir='ltr'><strong>pes,</strong></span> <span class='ocrx_word' id='word_1_442' title='bbox 2435 2439 2505 2480; x_wconf 86' lang='lat' dir='ltr'><strong>ex</strong></span> <span class='ocrx_word' id='word_1_443' title='bbox 2542 2422 2791 2480; x_wconf 85' lang='lat' dir='ltr'><strong>fidelibus</strong></span> <span class='ocrx_word' id='word_1_444' title='bbox 2812 2425 3021 2494; x_wconf 88' lang='lat' dir='ltr'><strong>perlidi,</strong></span> <span class='ocrx_word' id='word_1_445' title='bbox 3046 2439 3110 2480; x_wconf 79' lang='lat' dir='ltr'><strong>ex</strong></span> <span class='ocrx_word' id='word_1_446' title='bbox 3143 2425 3474 2494; x_wconf 86' lang='lat' dir='ltr'><strong>patientibus</strong></span> <span class='ocrx_word' id='word_1_447' title='bbox 3495 2423 3679 2488; x_wconf 89' lang='lat' dir='ltr'><strong>rabidi,</strong></span> <span class='ocrx_word' id='word_1_448' title='bbox 3704 2438 3760 2478; x_wconf 73' lang='lat' dir='ltr'><strong>es</strong></span> <span class='ocrx_word' id='word_1_449' title='bbox 3784 2435 3857 2490; x_wconf 78' lang='lat' dir='ltr'><strong>pa-</strong></span> 
     </span>
    </p>
   </div>
   <div class='ocr_carea' id='block_1_55' title="bbox 2294 2515 3858 2587">
    <p class='ocr_par' dir='ltr' id='par_1_55' title="bbox 2294 2515 3858 2587">
     <span class='ocr_line' id='line_1_55' title="bbox 2294 2515 3858 2587; baseline -0.003 -16"><span class='ocrx_word' id='word_1_450' title='bbox 2294 2515 2464 2571; x_wconf 87' lang='lat' dir='ltr'><strong>cificis</strong></span> <span class='ocrx_word' id='word_1_451' title='bbox 2495 2515 2791 2587; x_wconf 87' lang='lat' dir='ltr'><strong>litigantes,</strong></span> <span class='ocrx_word' id='word_1_452' title='bbox 2816 2531 2888 2572; x_wconf 79' lang='lat' dir='ltr'><strong>ex</strong></span> <span class='ocrx_word' id='word_1_453' title='bbox 2915 2516 3255 2587; x_wconf 87' lang='lat' dir='ltr'><strong>simplicibus</strong></span> <span class='ocrx_word' id='word_1_454' title='bbox 3283 2516 3620 2582; x_wconf 89' lang='lat' dir='ltr'><strong>seductores,</strong></span> <span class='ocrx_word' id='word_1_455' title='bbox 3645 2530 3704 2570; x_wconf 82' lang='lat' dir='ltr'><strong>ex</strong></span> <span class='ocrx_word' id='word_1_456' title='bbox 3731 2526 3858 2566; x_wconf 85' lang='lat' dir='ltr'><strong>vere-</strong></span> 
     </span>
    </p>
   </div>
   <div class='ocr_carea' id='block_1_56' title="bbox 2265 2607 3860 2678">
    <p class='ocr_par' dir='ltr' id='par_1_56' title="bbox 2265 2607 3860 2678">
     <span class='ocr_line' id='line_1_56' title="bbox 2265 2607 3860 2678; baseline -0.004 -15"><span class='ocrx_word' id='word_1_457' title='bbox 2265 2608 2485 2678; x_wconf 32' lang='lat' dir='ltr'><strong>‘cundis</strong></span> <span class='ocrx_word' id='word_1_458' title='bbox 2517 2607 2880 2676; x_wconf 89' lang='lat' dir='ltr'><strong>impudentes,</strong></span> <span class='ocrx_word' id='word_1_459' title='bbox 2915 2608 3125 2665; x_wconf 79' lang='lat' dir='ltr'><strong>feroces</strong></span> <span class='ocrx_word' id='word_1_460' title='bbox 3155 2624 3221 2663; x_wconf 83' lang='lat' dir='ltr'><strong>ex</strong></span> <span class='ocrx_word' id='word_1_461' title='bbox 3265 2608 3512 2673; x_wconf 90' lang='lat' dir='ltr'><strong>mitibus,</strong></span> <span class='ocrx_word' id='word_1_462' title='bbox 3540 2623 3603 2661; x_wconf 80' lang='lat' dir='ltr'><strong>ex</strong></span> <span class='ocrx_word' id='word_1_463' title='bbox 3642 2607 3860 2660; x_wconf 89' lang='lat' dir='ltr'><strong>innocen-</strong></span> 
     </span>
    </p>
   </div>
   <div class='ocr_carea' id='block_1_57' title="bbox 2298 2698 3863 2772">
    <p class='ocr_par' dir='ltr' id='par_1_57' title="bbox 2298 2698 3863 2772">
     <span class='ocr_line' id='line_1_57' title="bbox 2298 2698 3863 2772; baseline -0.006 -15"><span class='ocrx_word' id='word_1_464' title='bbox 2298 2702 2439 2757; x_wconf 92' lang='lat' dir='ltr'><strong>tibus</strong></span> <span class='ocrx_word' id='word_1_465' title='bbox 2467 2700 2687 2757; x_wconf 71' lang='lat' dir='ltr'><strong>malitize</strong></span> <span class='ocrx_word' id='word_1_466' title='bbox 2716 2701 2975 2757; x_wconf 89' lang='lat' dir='ltr'><strong>artifices.</strong></span> <span class='ocrx_word' id='word_1_467' title='bbox 3011 2701 3140 2756; x_wconf 89' lang='lat' dir='ltr'><strong>Post</strong></span> <span class='ocrx_word' id='word_1_468' title='bbox 3165 2701 3312 2772; x_wconf 89' lang='lat' dir='ltr'><strong>quod</strong></span> <span class='ocrx_word' id='word_1_469' title='bbox 3335 2702 3403 2756; x_wconf 88' lang='lat' dir='ltr'><strong>ad</strong></span> <span class='ocrx_word' id='word_1_470' title='bbox 3428 2717 3524 2756; x_wconf 91' lang='lat' dir='ltr'><strong>vos</strong></span> <span class='ocrx_word' id='word_1_471' title='bbox 3545 2698 3734 2767; x_wconf 88' lang='lat' dir='ltr'><strong>delapsi</strong></span> <span class='ocrx_word' id='word_1_472' title='bbox 3761 2702 3863 2750; x_wconf 90' lang='lat' dir='ltr'><strong>sunt</strong></span> 
     </span>
    </p>
   </div>
   <div class='ocr_carea' id='block_1_58' title="bbox 2296 2789 3861 2861">
    <p class='ocr_par' dir='ltr' id='par_1_58' title="bbox 2296 2789 3861 2861">
     <span class='ocr_line' id='line_1_58' title="bbox 2296 2789 3861 2861; baseline -0.005 -13"><span class='ocrx_word' id='word_1_473' title='bbox 2296 2804 2388 2848; x_wconf 92' lang='lat' dir='ltr'><strong>aut</strong></span> <span class='ocrx_word' id='word_1_474' title='bbox 2414 2792 2672 2861; x_wconf 69' lang='lat' dir='ltr'><strong>delapsm,</strong></span> <span class='ocrx_word' id='word_1_475' title='bbox 2697 2793 2880 2848; x_wconf 91' lang='lat' dir='ltr'><strong>dolent</strong></span> <span class='ocrx_word' id='word_1_476' title='bbox 2908 2793 3044 2849; x_wconf 90' lang='lat' dir='ltr'><strong>alios</strong></span> <span class='ocrx_word' id='word_1_477' title='bbox 3074 2794 3146 2848; x_wconf 89' lang='lat' dir='ltr'><strong>ibi</strong></span> <span class='ocrx_word' id='word_1_478' title='bbox 3174 2809 3300 2850; x_wconf 91' lang='lat' dir='ltr'><strong>esse</strong></span> <span class='ocrx_word' id='word_1_479' title='bbox 3326 2794 3416 2849; x_wconf 91' lang='lat' dir='ltr'><strong>ubi</strong></span> <span class='ocrx_word' id='word_1_480' title='bbox 3448 2794 3554 2848; x_wconf 91' lang='lat' dir='ltr'><strong>nati</strong></span> <span class='ocrx_word' id='word_1_481' title='bbox 3584 2801 3698 2846; x_wconf 90' lang='lat' dir='ltr'><strong>sunt</strong></span> <span class='ocrx_word' id='word_1_482' title='bbox 3720 2789 3861 2843; x_wconf 87' lang='lat' dir='ltr'><strong>:benc</strong></span> 
     </span>
    </p>
   </div>
   <div class='ocr_carea' id='block_1_59' title="bbox 2297 2882 3862 2958">
    <p class='ocr_par' dir='ltr' id='par_1_59' title="bbox 2297 2882 3862 2958">
     <span class='ocr_line' id='line_1_59' title="bbox 2297 2882 3862 2958; baseline -0.006 -15"><span class='ocrx_word' id='word_1_483' title='bbox 2297 2897 2503 2943; x_wconf 89' lang='lat' dir='ltr'><strong>stantes</strong></span> <span class='ocrx_word' id='word_1_484' title='bbox 2535 2889 2588 2942; x_wconf 93' lang='lat' dir='ltr'><strong>in</strong></span> <span class='ocrx_word' id='word_1_485' title='bbox 2617 2888 2802 2958; x_wconf 89' lang='lat' dir='ltr'><strong>lapsus</strong></span> <span class='ocrx_word' id='word_1_486' title='bbox 2823 2903 2952 2942; x_wconf 92' lang='lat' dir='ltr'><strong>suos</strong></span> <span class='ocrx_word' id='word_1_487' title='bbox 2984 2889 3247 2952; x_wconf 89' lang='lat' dir='ltr'><strong>invitant;</strong></span> <span class='ocrx_word' id='word_1_488' title='bbox 3291 2889 3338 2942; x_wconf 88' lang='lat' dir='ltr'><strong>si</strong></span> <span class='ocrx_word' id='word_1_489' title='bbox 3363 2888 3568 2944; x_wconf 91' lang='lat' dir='ltr'><strong>scirent</strong></span> <span class='ocrx_word' id='word_1_490' title='bbox 3591 2901 3646 2940; x_wconf 90' lang='lat' dir='ltr'><strong>se</strong></span> <span class='ocrx_word' id='word_1_491' title='bbox 3671 2882 3862 2954; x_wconf 86' lang='lat' dir='ltr'><strong>gloriam</strong></span> 
     </span>
    </p>
   </div>
   <div class='ocr_carea' id='block_1_60' title="bbox 2298 2976 3864 3048">
    <p class='ocr_par' dir='ltr' id='par_1_60' title="bbox 2298 2976 3864 3048">
     <span class='ocr_line' id='line_1_60' title="bbox 2298 2976 3864 3048; baseline -0.006 -13"><span class='ocrx_word' id='word_1_492' title='bbox 2298 2991 2644 3048; x_wconf 91' lang='lat' dir='ltr'><strong>consecutos,</strong></span> <span class='ocrx_word' id='word_1_493' title='bbox 2672 2980 2931 3036; x_wconf 88' lang='lat' dir='ltr'><strong>felicitate</strong></span> <span class='ocrx_word' id='word_1_494' title='bbox 2951 2994 3046 3035; x_wconf 91' lang='lat' dir='ltr'><strong>sua</strong></span> <span class='ocrx_word' id='word_1_495' title='bbox 3079 2981 3243 3036; x_wconf 88' lang='lat' dir='ltr'><strong>tacite</strong></span> <span class='ocrx_word' id='word_1_496' title='bbox 3265 2980 3603 3036; x_wconf 88' lang='lat' dir='ltr'><strong>fruerentur.</strong></span> <span class='ocrx_word' id='word_1_497' title='bbox 3630 2976 3765 3032; x_wconf 85' lang='lat' dir='ltr'><strong>Nunc</strong></span> <span class='ocrx_word' id='word_1_498' title='bbox 3788 2987 3864 3027; x_wconf 88' lang='lat' dir='ltr'><strong>au-</strong></span> 
     </span>
    </p>
   </div>
   <div class='ocr_carea' id='block_1_61' title="bbox 2301 3074 3864 3146">
    <p class='ocr_par' dir='ltr' id='par_1_61' title="bbox 2301 3074 3864 3146">
     <span class='ocr_line' id='line_1_61' title="bbox 2301 3074 3864 3146; baseline -0.006 -16"><span class='ocrx_word' id='word_1_499' title='bbox 2301 3084 2407 3130; x_wconf 90' lang='lat' dir='ltr'><strong>tem</strong></span> <span class='ocrx_word' id='word_1_500' title='bbox 2439 3077 2698 3146; x_wconf 90' lang='lat' dir='ltr'><strong>perditos,</strong></span> <span class='ocrx_word' id='word_1_501' title='bbox 2728 3076 2986 3132; x_wconf 89' lang='lat' dir='ltr'><strong>transitus</strong></span> <span class='ocrx_word' id='word_1_502' title='bbox 3015 3090 3142 3131; x_wconf 90' lang='lat' dir='ltr'><strong>suos</strong></span> <span class='ocrx_word' id='word_1_503' title='bbox 3165 3075 3442 3130; x_wconf 90' lang='lat' dir='ltr'><strong>consolari</strong></span> <span class='ocrx_word' id='word_1_504' title='bbox 3474 3074 3754 3144; x_wconf 89' lang='lat' dir='ltr'><strong>cupientes,</strong></span> <span class='ocrx_word' id='word_1_505' title='bbox 3773 3080 3864 3121; x_wconf 73' lang='lat' dir='ltr'><strong>ca:-</strong></span> 
     </span>
    </p>
   </div>
   <div class='ocr_carea' id='block_1_62' title="bbox 588 3157 3863 3241">
    <p class='ocr_par' dir='ltr' id='par_1_62' title="bbox 588 3157 3863 3241">
     <span class='ocr_line' id='line_1_62' title="bbox 588 3157 3863 3241; baseline -0.005 -16"><span class='ocrx_word' id='word_1_506' title='bbox 588 3171 660 3226; x_wconf 85' lang='lat' dir='ltr'><strong>tis</strong></span> <span class='ocrx_word' id='word_1_507' title='bbox 688 3169 914 3239; x_wconf 91' lang='lat' dir='ltr'><strong>populos</strong></span> <span class='ocrx_word' id='word_1_508' title='bbox 936 3169 1238 3240; x_wconf 91' lang='lat' dir='ltr'><strong>imperitos,</strong></span> <span class='ocrx_word' id='word_1_509' title='bbox 1272 3177 1330 3222; x_wconf 94' lang='lat' dir='ltr'><strong>ut</strong></span> <span class='ocrx_word' id='word_1_510' title='bbox 1358 3169 1482 3239; x_wconf 89' lang='lat' dir='ltr'><strong>quia</strong></span> <span class='ocrx_word' id='word_1_511' title='bbox 1514 3170 1622 3224; x_wconf 84' lang='lat' dir='ltr'><strong>lota</strong></span> <span class='ocrx_word' id='word_1_512' title='bbox 1655 3178 1738 3224; x_wconf 92' lang='lat' dir='ltr'><strong>est</strong></span> <span class='ocrx_word' id='word_1_513' title='bbox 1767 3169 1882 3241; x_wconf 89' lang='lat'><strong>(99)</strong></span> <span class='ocrx_word' id='word_1_514' title='bbox 1917 3171 2190 3236; x_wconf 86' lang='lat' dir='ltr'><strong>columna,</strong></span> <span class='ocrx_word' id='word_1_515' title='bbox 2222 3175 2268 3239; x_wconf 84' lang='lat' dir='ltr'><strong>C</strong></span> <span class='ocrx_word' id='word_1_516' title='bbox 2302 3177 2444 3224; x_wconf 88' lang='lat' dir='ltr'><strong>teros</strong></span> <span class='ocrx_word' id='word_1_517' title='bbox 2473 3177 2531 3223; x_wconf 88' lang='lat' dir='ltr'><strong>ut</strong></span> <span class='ocrx_word' id='word_1_518' title='bbox 2561 3169 2810 3223; x_wconf 90' lang='lat' dir='ltr'><strong>similiter</strong></span> <span class='ocrx_word' id='word_1_519' title='bbox 2841 3167 3108 3233; x_wconf 88' lang='lat' dir='ltr'><strong>labantur,</strong></span> <span class='ocrx_word' id='word_1_520' title='bbox 3138 3168 3410 3232; x_wconf 88' lang='lat' dir='ltr'><strong>invitant;</strong></span> <span class='ocrx_word' id='word_1_521' title='bbox 3442 3175 3497 3222; x_wconf 90' lang='lat' dir='ltr'><strong>et</strong></span> <span class='ocrx_word' id='word_1_522' title='bbox 3526 3163 3800 3221; x_wconf 86' lang='lat' dir='ltr'><strong>residentes</strong></span> <span class='ocrx_word' id='word_1_523' title='bbox 3821 3157 3863 3210; x_wconf 91' lang='lat' dir='ltr'><strong>in</strong></span> 
     </span>
    </p>
   </div>
   <div class='ocr_carea' id='block_1_63' title="bbox 590 3259 2188 3328">
    <p class='ocr_par' dir='ltr' id='par_1_63' title="bbox 590 3259 2188 3328">
     <span class='ocr_line' id='line_1_63' title="bbox 590 3259 2188 3328; baseline -0.001 -12"><span class='ocrx_word' id='word_1_524' title='bbox 590 3261 903 3317; x_wconf 89' lang='lat' dir='ltr'><strong>lavarentur</strong></span> <span class='ocrx_word' id='word_1_525' title='bbox 927 3269 982 3316; x_wconf 91' lang='lat' dir='ltr'><strong>et</strong></span> <span class='ocrx_word' id='word_1_526' title='bbox 1010 3275 1261 3328; x_wconf 91' lang='lat' dir='ltr'><strong>corpora.</strong></span> <span class='ocrx_word' id='word_1_527' title='bbox 1285 3260 1342 3316; x_wconf 91' lang='lat' dir='ltr'><strong>Si</strong></span> <span class='ocrx_word' id='word_1_528' title='bbox 1364 3261 1416 3314; x_wconf 92' lang='lat' dir='ltr'><strong>in</strong></span> <span class='ocrx_word' id='word_1_529' title='bbox 1441 3259 1524 3315; x_wconf 91' lang='lat' dir='ltr'><strong>his</strong></span> <span class='ocrx_word' id='word_1_530' title='bbox 1545 3261 1706 3316; x_wconf 88' lang='lat' dir='ltr'><strong>rebus</strong></span> <span class='ocrx_word' id='word_1_531' title='bbox 1727 3261 2012 3315; x_wconf 89' lang='lat' dir='ltr'><strong>consilium</strong></span> <span class='ocrx_word' id='word_1_532' title='bbox 2038 3262 2188 3328; x_wconf 89' lang='lat' dir='ltr'><strong>latet,</strong></span> 
     </span>
    </p>
   </div>
   <div class='ocr_carea' id='block_1_64' title="bbox 597 3352 2194 3423">
    <p class='ocr_par' dir='ltr' id='par_1_64' title="bbox 597 3352 2194 3423">
     <span class='ocr_line' id='line_1_64' title="bbox 597 3352 2194 3423; baseline -0.001 -13"><span class='ocrx_word' id='word_1_533' title='bbox 597 3357 828 3410; x_wconf 87' lang='lat' dir='ltr'><strong>miseros</strong></span> <span class='ocrx_word' id='word_1_534' title='bbox 855 3353 1125 3408; x_wconf 89' lang='lat' dir='ltr'><strong>subtiliter</strong></span> <span class='ocrx_word' id='word_1_535' title='bbox 1150 3352 1442 3423; x_wconf 89' lang='lat' dir='ltr'><strong>deeepistis</strong></span> <span class='ocrx_word' id='word_1_536' title='bbox 1469 3369 1484 3410; x_wconf 88' lang='lat'><strong>:</strong></span> <span class='ocrx_word' id='word_1_537' title='bbox 1511 3355 1554 3407; x_wconf 91' lang='lat' dir='ltr'><strong>si</strong></span> <span class='ocrx_word' id='word_1_538' title='bbox 1599 3353 1720 3408; x_wconf 88' lang='lat' dir='ltr'><strong>talis</strong></span> <span class='ocrx_word' id='word_1_539' title='bbox 1756 3368 1842 3408; x_wconf 93' lang='lat' dir='ltr'><strong>res</strong></span> <span class='ocrx_word' id='word_1_540' title='bbox 1867 3354 1988 3409; x_wconf 92' lang='lat' dir='ltr'><strong>sine</strong></span> <span class='ocrx_word' id='word_1_541' title='bbox 2011 3354 2194 3411; x_wconf 89' lang='lat' dir='ltr'><strong>consi-</strong></span> 
     </span>
    </p>
   </div>
   <div class='ocr_carea' id='block_1_65' title="bbox 589 3446 2192 3516">
    <p class='ocr_par' dir='ltr' id='par_1_65' title="bbox 589 3446 2192 3516">
     <span class='ocr_line' id='line_1_65' title="bbox 589 3446 2192 3516; baseline 0 -14"><span class='ocrx_word' id='word_1_542' title='bbox 589 3447 667 3502; x_wconf 92' lang='lat' dir='ltr'><strong>lio</strong></span> <span class='ocrx_word' id='word_1_543' title='bbox 697 3455 843 3516; x_wconf 88' lang='lat' dir='ltr'><strong>gesta</strong></span> <span class='ocrx_word' id='word_1_544' title='bbox 877 3455 981 3512; x_wconf 92' lang='lat' dir='ltr'><strong>est,</strong></span> <span class='ocrx_word' id='word_1_545' title='bbox 1009 3447 1290 3501; x_wconf 86' lang='lat' dir='ltr'><strong>manifesta</strong></span> <span class='ocrx_word' id='word_1_546' title='bbox 1313 3456 1397 3501; x_wconf 92' lang='lat' dir='ltr'><strong>est</strong></span> <span class='ocrx_word' id='word_1_547' title='bbox 1421 3455 1595 3500; x_wconf 92' lang='lat' dir='ltr'><strong>vestra</strong></span> <span class='ocrx_word' id='word_1_548' title='bbox 1624 3446 1898 3502; x_wconf 90' lang='lat' dir='ltr'><strong>hebetudo</strong></span> <span class='ocrx_word' id='word_1_549' title='bbox 1925 3463 1937 3500; x_wconf 88' lang='lat'><strong>:</strong></span> <span class='ocrx_word' id='word_1_550' title='bbox 1960 3447 2075 3502; x_wconf 72' lang='lat' dir='ltr'><strong>hzec</strong></span> <span class='ocrx_word' id='word_1_551' title='bbox 2095 3463 2192 3502; x_wconf 90' lang='lat' dir='ltr'><strong>vos</strong></span> 
     </span>
    </p>
   </div>
   <div class='ocr_carea' id='block_1_66' title="bbox 587 3536 2193 3608">
    <p class='ocr_par' dir='ltr' id='par_1_66' title="bbox 587 3536 2193 3608">
     <span class='ocr_line' id='line_1_66' title="bbox 587 3536 2193 3608; baseline 0.002 -16"><span class='ocrx_word' id='word_1_552' title='bbox 587 3538 753 3592; x_wconf 88' lang='lat' dir='ltr'><strong>stulte</strong></span> <span class='ocrx_word' id='word_1_553' title='bbox 783 3536 1000 3601; x_wconf 87' lang='lat' dir='ltr'><strong>fecisse,</strong></span> <span class='ocrx_word' id='word_1_554' title='bbox 1037 3547 1094 3592; x_wconf 90' lang='lat' dir='ltr'><strong>et</strong></span> <span class='ocrx_word' id='word_1_555' title='bbox 1133 3552 1164 3591; x_wconf 90' lang='lat' dir='ltr'><strong>a</strong></span> <span class='ocrx_word' id='word_1_556' title='bbox 1206 3537 1360 3592; x_wconf 87' lang='lat' dir='ltr'><strong>vobis</strong></span> <span class='ocrx_word' id='word_1_557' title='bbox 1407 3537 1619 3593; x_wconf 88' lang='lat' dir='ltr'><strong>seducti</strong></span> <span class='ocrx_word' id='word_1_558' title='bbox 1669 3548 2037 3608; x_wconf 86' lang='lat' dir='ltr'><strong>cognoscunt;</strong></span> <span class='ocrx_word' id='word_1_559' title='bbox 2089 3555 2193 3596; x_wconf 92' lang='lat' dir='ltr'><strong>nec</strong></span> 
     </span>
    </p>
   </div>
   <div class='ocr_carea' id='block_1_67' title="bbox 589 3627 1332 3699">
    <p class='ocr_par' dir='ltr' id='par_1_67' title="bbox 589 3627 1332 3699">
     <span class='ocr_line' id='line_1_67' title="bbox 589 3627 1332 3699; baseline -0.005 -15"><span class='ocrx_word' id='word_1_560' title='bbox 589 3643 689 3684; x_wconf 91' lang='lat' dir='ltr'><strong>vos</strong></span> <span class='ocrx_word' id='word_1_561' title='bbox 710 3627 812 3699; x_wconf 89' lang='lat' dir='ltr'><strong>ipsi</strong></span> <span class='ocrx_word' id='word_1_562' title='bbox 843 3642 1042 3699; x_wconf 88' lang='lat' dir='ltr'><strong>negare</strong></span> <span class='ocrx_word' id='word_1_563' title='bbox 1065 3628 1332 3698; x_wconf 88' lang='lat' dir='ltr'><strong>poteritis.</strong></span> 
     </span>
    </p>
   </div>
   <div class='ocr_carea' id='block_1_68' title="bbox 2294 3257 3867 3330">
    <p class='ocr_par' dir='ltr' id='par_1_68' title="bbox 2294 3257 3867 3330">
     <span class='ocr_line' id='line_1_68' title="bbox 2294 3257 3867 3330; baseline -0.009 -12"><span class='ocrx_word' id='word_1_564' title='bbox 2294 3264 2416 3318; x_wconf 89' lang='lat' dir='ltr'><strong>siuu</strong></span> <span class='ocrx_word' id='word_1_565' title='bbox 2455 3261 2643 3316; x_wconf 91' lang='lat' dir='ltr'><strong>matris</strong></span> <span class='ocrx_word' id='word_1_566' title='bbox 2679 3261 2958 3325; x_wconf 62' lang='lat' dir='ltr'><strong>Ecclesiae,</strong></span> <span class='ocrx_word' id='word_1_567' title='bbox 2988 3260 3141 3330; x_wconf 83' lang='lat' dir='ltr'><strong>quasi</strong></span> <span class='ocrx_word' id='word_1_568' title='bbox 3185 3261 3376 3330; x_wconf 89' lang='lat' dir='ltr'><strong>pigros</strong></span> <span class='ocrx_word' id='word_1_569' title='bbox 3417 3270 3472 3314; x_wconf 92' lang='lat' dir='ltr'><strong>et</strong></span> <span class='ocrx_word' id='word_1_570' title='bbox 3519 3257 3696 3313; x_wconf 87' lang='lat' dir='ltr'><strong>tardos</strong></span> <span class='ocrx_word' id='word_1_571' title='bbox 3738 3265 3867 3307; x_wconf 86' lang='lat' dir='ltr'><strong>accu-</strong></span> 
     </span>
    </p>
   </div>
   <div class='ocr_carea' id='block_1_69' title="bbox 2296 3342 3864 3423">
    <p class='ocr_par' dir='ltr' id='par_1_69' title="bbox 2296 3342 3864 3423">
     <span class='ocr_line' id='line_1_69' title="bbox 2296 3342 3864 3423; baseline -0.007 -14"><span class='ocrx_word' id='word_1_572' title='bbox 2296 3364 2434 3409; x_wconf 88' lang='lat' dir='ltr'><strong>sant.</strong></span> <span class='ocrx_word' id='word_1_573' title='bbox 2463 3354 2546 3423; x_wconf 88' lang='lat'><strong>(7)</strong></span> <span class='ocrx_word' id='word_1_574' title='bbox 2581 3354 2673 3410; x_wconf 90' lang='lat' dir='ltr'><strong>llis</strong></span> <span class='ocrx_word' id='word_1_575' title='bbox 2701 3353 2844 3409; x_wconf 89' lang='lat' dir='ltr'><strong>enim</strong></span> <span class='ocrx_word' id='word_1_576' title='bbox 2872 3353 3055 3408; x_wconf 90' lang='lat' dir='ltr'><strong>verbis</strong></span> <span class='ocrx_word' id='word_1_577' title='bbox 3083 3353 3230 3423; x_wconf 90' lang='lat' dir='ltr'><strong>loqui</strong></span> <span class='ocrx_word' id='word_1_578' title='bbox 3263 3369 3376 3408; x_wconf 90' lang='lat' dir='ltr'><strong>non</strong></span> <span class='ocrx_word' id='word_1_579' title='bbox 3406 3352 3727 3408; x_wconf 91' lang='lat' dir='ltr'><strong>erubescunt</strong></span> <span class='ocrx_word' id='word_1_580' title='bbox 3753 3365 3762 3400; x_wconf 94' lang='lat'>:</span> <span class='ocrx_word' id='word_1_581' title='bbox 3791 3342 3864 3398; x_wconf 86' lang='lat' dir='ltr'><strong>Cai</strong></span> 
     </span>
    </p>
   </div>
   <div class='ocr_carea' id='block_1_70' title="bbox 2298 3442 3866 3518">
    <p class='ocr_par' dir='ltr' id='par_1_70' title="bbox 2298 3442 3866 3518">
     <span class='ocr_line' id='line_1_70' title="bbox 2298 3442 3866 3518; baseline -0.008 -14"><span class='ocrx_word' id='word_1_582' title='bbox 2298 3448 2410 3512; x_wconf 81' lang='lat' dir='ltr'><strong>Sei,</strong></span> <span class='ocrx_word' id='word_1_583' title='bbox 2434 3448 2513 3502; x_wconf 82' lang='lat' dir='ltr'><strong>vel</strong></span> <span class='ocrx_word' id='word_1_584' title='bbox 2534 3444 2658 3502; x_wconf 85' lang='lat' dir='ltr'><strong>Caio</strong></span> <span class='ocrx_word' id='word_1_585' title='bbox 2686 3446 2807 3502; x_wconf 82' lang='lat' dir='ltr'><strong>Scia</strong></span> <span class='ocrx_word' id='word_1_586' title='bbox 2830 3456 2876 3511; x_wconf 72' lang='grc' dir='ltr'><strong>ιε,</strong></span> <span class='ocrx_word' id='word_1_587' title='bbox 2906 3447 3152 3518; x_wconf 81' lang='lat' dir='ltr'><strong>quamdiu</strong></span> <span class='ocrx_word' id='word_1_588' title='bbox 3183 3456 3229 3501; x_wconf 90' lang='lat' dir='ltr'><strong>te</strong></span> <span class='ocrx_word' id='word_1_589' title='bbox 3259 3448 3442 3502; x_wconf 83' lang='lat' dir='ltr'><strong>tenes?</strong></span> <span class='ocrx_word' id='word_1_590' title='bbox 3466 3446 3570 3502; x_wconf 87' lang='lat' dir='ltr'><strong>hoc</strong></span> <span class='ocrx_word' id='word_1_591' title='bbox 3585 3453 3662 3500; x_wconf 88' lang='lat' dir='ltr'><strong>est</strong></span> <span class='ocrx_word' id='word_1_592' title='bbox 3681 3442 3866 3496; x_wconf 88' lang='lat' dir='ltr'><strong>dicere:</strong></span> 
     </span>
    </p>
   </div>
   <div class='ocr_carea' id='block_1_71' title="bbox 2296 3532 3870 3612">
    <p class='ocr_par' dir='ltr' id='par_1_71' title="bbox 2296 3532 3870 3612">
     <span class='ocr_line' id='line_1_71' title="bbox 2296 3532 3870 3612; baseline -0.01 -15"><span class='ocrx_word' id='word_1_593' title='bbox 2296 3542 2508 3597; x_wconf 90' lang='lat' dir='ltr'><strong>imitare</strong></span> <span class='ocrx_word' id='word_1_594' title='bbox 2529 3541 2712 3612; x_wconf 90' lang='lat' dir='ltr'><strong>lapsus</strong></span> <span class='ocrx_word' id='word_1_595' title='bbox 2739 3554 2913 3604; x_wconf 91' lang='lat' dir='ltr'><strong>meos,</strong></span> <span class='ocrx_word' id='word_1_596' title='bbox 2937 3539 3150 3594; x_wconf 90' lang='lat' dir='ltr'><strong>imitare</strong></span> <span class='ocrx_word' id='word_1_597' title='bbox 3176 3540 3447 3594; x_wconf 89' lang='lat' dir='ltr'><strong>transitus</strong></span> <span class='ocrx_word' id='word_1_598' title='bbox 3474 3549 3672 3606; x_wconf 91' lang='lat' dir='ltr'><strong>turpes.</strong></span> <span class='ocrx_word' id='word_1_599' title='bbox 3703 3532 3870 3601; x_wconf 83' lang='lat' dir='ltr'><strong>Quant-</strong></span> 
     </span>
    </p>
   </div>
   <div class='ocr_carea' id='block_1_72' title="bbox 2293 3623 3872 3702">
    <p class='ocr_par' dir='ltr' id='par_1_72' title="bbox 2293 3623 3872 3702">
     <span class='ocr_line' id='line_1_72' title="bbox 2293 3623 3872 3702; baseline -0.008 -15"><span class='ocrx_word' id='word_1_600' title='bbox 2293 3631 2384 3688; x_wconf 89' lang='lat' dir='ltr'><strong>diu</strong></span> <span class='ocrx_word' id='word_1_601' title='bbox 2417 3632 2590 3687; x_wconf 82' lang='lat' dir='ltr'><strong>fidelis</strong></span> <span class='ocrx_word' id='word_1_602' title='bbox 2621 3629 2868 3686; x_wconf 85' lang='lat' dir='ltr'><strong>vocaris?</strong></span> <span class='ocrx_word' id='word_1_603' title='bbox 2902 3629 3013 3700; x_wconf 82' lang='lat' dir='ltr'><strong>jam</strong></span> <span class='ocrx_word' id='word_1_604' title='bbox 3061 3629 3219 3686; x_wconf 89' lang='lat' dir='ltr'><strong>fidem</strong></span> <span class='ocrx_word' id='word_1_605' title='bbox 3243 3631 3470 3699; x_wconf 88' lang='lat' dir='ltr'><strong>desere,</strong></span> <span class='ocrx_word' id='word_1_606' title='bbox 3494 3629 3606 3702; x_wconf 85' lang='lat' dir='ltr'><strong>jam</strong></span> <span class='ocrx_word' id='word_1_607' title='bbox 3639 3623 3872 3698; x_wconf 78' lang='lat' dir='ltr'><strong>pteniten-</strong></span> 
     </span>
    </p>
   </div>
   <div class='ocr_carea' id='block_1_73' title="bbox 1840 3744 2686 3805">
    <p class='ocr_par' dir='ltr' id='par_1_73' title="bbox 1840 3744 2686 3805">
     <span class='ocr_line' id='line_1_73' title="bbox 1840 3744 2686 3805; baseline -0.002 -3"><span class='ocrx_word' id='word_1_608' title='bbox 1840 3744 2228 3805; x_wconf 81' lang='lat' dir='ltr'><strong>LECTIONES</strong></span> <span class='ocrx_word' id='word_1_609' title='bbox 2265 3745 2686 3803; x_wconf 74' lang='lat' dir='ltr'><strong>VARIANTES.</strong></span> 
     </span>
    </p>
   </div>
   <div class='ocr_carea' id='block_1_74' title="bbox 650 3840 1489 3893">
    <p class='ocr_par' dir='ltr' id='par_1_74' title="bbox 650 3840 1489 3893">
     <span class='ocr_line' id='line_1_74' title="bbox 650 3840 1489 3893; baseline 0.004 -4"><span class='ocrx_word' id='word_1_610' title='bbox 650 3842 678 3871; x_wconf 78' lang='grc'><strong>⁸</strong></span> <span class='ocrx_word' id='word_1_611' title='bbox 713 3841 773 3890; x_wconf 89' lang='lat' dir='ltr'><strong>In</strong></span> <span class='ocrx_word' id='word_1_612' title='bbox 790 3853 905 3890; x_wconf 86' lang='lat' dir='ltr'><strong>mss.</strong></span> <span class='ocrx_word' id='word_1_613' title='bbox 932 3841 987 3893; x_wconf 88' lang='lat' dir='ltr'><strong>C.</strong></span> <span class='ocrx_word' id='word_1_614' title='bbox 1013 3848 1066 3892; x_wconf 93' lang='lat' dir='ltr'><strong>et</strong></span> <span class='ocrx_word' id='word_1_615' title='bbox 1082 3840 1136 3890; x_wconf 93' lang='lat' dir='ltr'><strong>S.</strong></span> <span class='ocrx_word' id='word_1_616' title='bbox 1163 3840 1220 3892; x_wconf 92' lang='lat' dir='ltr'><strong>G.</strong></span> <span class='ocrx_word' id='word_1_617' title='bbox 1242 3840 1489 3892; x_wconf 86' lang='lat' dir='ltr'><strong>habemus.</strong></span> 
     </span>
    </p>
   </div>
   <div class='ocr_carea' id='block_1_75' title="bbox 651 3901 1549 3955">
    <p class='ocr_par' dir='ltr' id='par_1_75' title="bbox 651 3901 1549 3955">
     <span class='ocr_line' id='line_1_75' title="bbox 651 3901 1549 3955; baseline -0.001 -1"><span class='ocrx_word' id='word_1_618' title='bbox 651 3902 681 3943; x_wconf 71' lang='lat' dir='ltr'><strong>b</strong></span> <span class='ocrx_word' id='word_1_619' title='bbox 716 3903 775 3954; x_wconf 90' lang='lat' dir='ltr'><strong>In</strong></span> <span class='ocrx_word' id='word_1_620' title='bbox 799 3917 912 3954; x_wconf 85' lang='lat' dir='ltr'><strong>mss.</strong></span> <span class='ocrx_word' id='word_1_621' title='bbox 937 3903 988 3954; x_wconf 89' lang='lat' dir='ltr'><strong>C.</strong></span> <span class='ocrx_word' id='word_1_622' title='bbox 1011 3911 1064 3952; x_wconf 86' lang='lat' dir='ltr'><strong>et</strong></span> <span class='ocrx_word' id='word_1_623' title='bbox 1085 3903 1138 3952; x_wconf 93' lang='lat' dir='ltr'><strong>S.</strong></span> <span class='ocrx_word' id='word_1_624' title='bbox 1167 3903 1227 3952; x_wconf 88' lang='lat' dir='ltr'><strong>G.</strong></span> <span class='ocrx_word' id='word_1_625' title='bbox 1253 3901 1354 3954; x_wconf 77' lang='lat' dir='ltr'><strong>dici</strong></span> <span class='ocrx_word' id='word_1_626' title='bbox 1380 3910 1549 3955; x_wconf 77' lang='lat' dir='ltr'><strong>potest.</strong></span> 
     </span>
    </p>
   </div>
   <div class='ocr_carea' id='block_1_76' title="bbox 661 3963 1874 4039">
    <p class='ocr_par' dir='ltr' id='par_1_76' title="bbox 661 3963 1874 4039">
     <span class='ocr_line' id='line_1_76' title="bbox 661 3963 1874 4039; baseline 0.002 -25"><span class='ocrx_word' id='word_1_627' title='bbox 661 3970 685 4039; x_wconf 68' lang='grc' dir='ltr'><strong><em>ξ</em></strong></span> <span class='ocrx_word' id='word_1_628' title='bbox 721 3965 797 4039; x_wconf 65' lang='grc' dir='ltr'><em>με</em></span> <span class='ocrx_word' id='word_1_629' title='bbox 824 3967 875 4014; x_wconf 89' lang='lat' dir='ltr'><strong>in</strong></span> <span class='ocrx_word' id='word_1_630' title='bbox 898 3965 1088 4039; x_wconf 41' lang='lat' dir='ltr'><strong>mss&#39;LC.</strong></span> <span class='ocrx_word' id='word_1_631' title='bbox 1115 3971 1168 4013; x_wconf 91' lang='lat' dir='ltr'><strong>et</strong></span> <span class='ocrx_word' id='word_1_632' title='bbox 1191 3966 1242 4016; x_wconf 91' lang='lat' dir='ltr'><strong>S.</strong></span> <span class='ocrx_word' id='word_1_633' title='bbox 1261 3965 1332 4039; x_wconf 68' lang='grc' dir='ltr'><strong>Δςί.</strong></span> <span class='ocrx_word' id='word_1_634' title='bbox 1361 3963 1416 4039; x_wconf 83' lang='lat' dir='ltr'><strong>In</strong></span> <span class='ocrx_word' id='word_1_635' title='bbox 1436 3965 1564 4039; x_wconf 90' lang='lat' dir='ltr'><strong>aliis,</strong></span> <span class='ocrx_word' id='word_1_636' title='bbox 1590 3963 1874 4039; x_wconf 72' lang='lat' dir='ltr'><strong>appelletur.</strong></span> 
     </span>
    </p>
   </div>
   <div class='ocr_carea' id='block_1_77' title="bbox 651 4026 2130 4091">
    <p class='ocr_par' dir='ltr' id='par_1_77' title="bbox 651 4026 2130 4091">
     <span class='ocr_line' id='line_1_77' title="bbox 651 4026 2130 4091; baseline 0.003 -15"><span class='ocrx_word' id='word_1_637' title='bbox 651 4027 680 4068; x_wconf 73' lang='grc' dir='ltr'>(ι</span> <span class='ocrx_word' id='word_1_638' title='bbox 717 4027 774 4077; x_wconf 84' lang='lat' dir='ltr'><strong>In</strong></span> <span class='ocrx_word' id='word_1_639' title='bbox 798 4040 890 4078; x_wconf 84' lang='lat' dir='ltr'><strong>ms.</strong></span> <span class='ocrx_word' id='word_1_640' title='bbox 914 4026 968 4076; x_wconf 85' lang='lat' dir='ltr'><strong>S.</strong></span> <span class='ocrx_word' id='word_1_641' title='bbox 989 4027 1051 4078; x_wconf 84' lang='grc' dir='ltr'><strong>Τ.</strong></span> <span class='ocrx_word' id='word_1_642' title='bbox 1070 4026 1336 4089; x_wconf 72' lang='lat' dir='ltr'><strong>teneretis,</strong></span> <span class='ocrx_word' id='word_1_643' title='bbox 1365 4034 1418 4078; x_wconf 86' lang='lat' dir='ltr'><strong>et</strong></span> <span class='ocrx_word' id='word_1_644' title='bbox 1435 4026 1603 4091; x_wconf 78' lang='lat' dir='ltr'><strong>postea</strong></span> <span class='ocrx_word' id='word_1_645' title='bbox 1621 4026 1847 4080; x_wconf 73' lang='lat' dir='ltr'><strong>Similiter</strong></span> <span class='ocrx_word' id='word_1_646' title='bbox 1873 4029 2130 4082; x_wconf 83' lang='lat' dir='ltr'><strong>tractastis.</strong></span> 
     </span>
    </p>
   </div>
   <div class='ocr_carea' id='block_1_78' title="bbox 2368 3831 3872 3902">
    <p class='ocr_par' dir='ltr' id='par_1_78' title="bbox 2368 3831 3872 3902">
     <span class='ocr_line' id='line_1_78' title="bbox 2368 3831 3872 3902; baseline -0.01 -11"><span class='ocrx_word' id='word_1_647' title='bbox 2368 3844 2392 3870; x_wconf 80' lang='lat'><strong><em>°</em></strong></span> <span class='ocrx_word' id='word_1_648' title='bbox 2425 3839 2497 3890; x_wconf 92' lang='lat' dir='ltr'><strong>Ita</strong></span> <span class='ocrx_word' id='word_1_649' title='bbox 2521 3842 2570 3890; x_wconf 91' lang='lat' dir='ltr'><strong>in</strong></span> <span class='ocrx_word' id='word_1_650' title='bbox 2588 3853 2680 3890; x_wconf 92' lang='lat' dir='ltr'><strong>ms.</strong></span> <span class='ocrx_word' id='word_1_651' title='bbox 2705 3839 2758 3890; x_wconf 89' lang='lat' dir='ltr'><strong>C.</strong></span> <span class='ocrx_word' id='word_1_652' title='bbox 2785 3839 2841 3889; x_wconf 90' lang='lat' dir='ltr'><strong>In</strong></span> <span class='ocrx_word' id='word_1_653' title='bbox 2863 3851 2980 3890; x_wconf 89' lang='lat' dir='ltr'><strong>mss.</strong></span> <span class='ocrx_word' id='word_1_654' title='bbox 3000 3837 3052 3890; x_wconf 93' lang='lat' dir='ltr'><strong>S.</strong></span> <span class='ocrx_word' id='word_1_655' title='bbox 3073 3837 3131 3902; x_wconf 76' lang='grc' dir='ltr'><strong>Τ.</strong></span> <span class='ocrx_word' id='word_1_656' title='bbox 3157 3845 3210 3888; x_wconf 88' lang='lat' dir='ltr'><strong>et</strong></span> <span class='ocrx_word' id='word_1_657' title='bbox 3231 3837 3289 3887; x_wconf 92' lang='lat' dir='ltr'><strong>S.</strong></span> <span class='ocrx_word' id='word_1_658' title='bbox 3319 3837 3382 3890; x_wconf 65' lang='grc' dir='ltr'><strong>(ἶ.</strong></span> <span class='ocrx_word' id='word_1_659' title='bbox 3403 3837 3610 3902; x_wconf 82' lang='lat' dir='ltr'><strong>impedis</strong></span> <span class='ocrx_word' id='word_1_660' title='bbox 3631 3831 3872 3898; x_wconf 65' lang='lat' dir='ltr'><strong>seruatum.</strong></span> 
     </span>
    </p>
   </div>
   <div class='ocr_carea' id='block_1_79' title="bbox 2370 3900 3212 3954">
    <p class='ocr_par' dir='ltr' id='par_1_79' title="bbox 2370 3900 3212 3954">
     <span class='ocr_line' id='line_1_79' title="bbox 2370 3900 3212 3954; baseline -0.006 -1"><span class='ocrx_word' id='word_1_661' title='bbox 2370 3903 2389 3942; x_wconf 72' lang='grc' dir='ltr'>τ</span> <span class='ocrx_word' id='word_1_662' title='bbox 2430 3903 2486 3953; x_wconf 87' lang='lat' dir='ltr'><strong>In</strong></span> <span class='ocrx_word' id='word_1_663' title='bbox 2509 3916 2597 3953; x_wconf 90' lang='lat' dir='ltr'><strong>ms.</strong></span> <span class='ocrx_word' id='word_1_664' title='bbox 2629 3905 2681 3954; x_wconf 93' lang='lat' dir='ltr'><strong>S.</strong></span> <span class='ocrx_word' id='word_1_665' title='bbox 2708 3901 2768 3951; x_wconf 60' lang='lat'><strong>&#39;13.</strong></span> <span class='ocrx_word' id='word_1_666' title='bbox 2791 3902 2879 3952; x_wconf 86' lang='lat' dir='ltr'><strong>sed</strong></span> <span class='ocrx_word' id='word_1_667' title='bbox 2902 3900 3212 3952; x_wconf 85' lang='lat' dir='ltr'><strong>concedatur.</strong></span> 
     </span>
    </p>
   </div>
   <div class='ocr_carea' id='block_1_80' title="bbox 2369 3962 3195 4026">
    <p class='ocr_par' dir='ltr' id='par_1_80' title="bbox 2369 3962 3195 4026">
     <span class='ocr_line' id='line_1_80' title="bbox 2369 3962 3195 4026; baseline -0.006 -10"><span class='ocrx_word' id='word_1_668' title='bbox 2369 3970 2394 4007; x_wconf 75' lang='lat'><strong><em>8</em></strong></span> <span class='ocrx_word' id='word_1_669' title='bbox 2429 3966 2484 4016; x_wconf 91' lang='lat' dir='ltr'><strong>ln</strong></span> <span class='ocrx_word' id='word_1_670' title='bbox 2509 3977 2625 4016; x_wconf 86' lang='lat' dir='ltr'><strong>mss.</strong></span> <span class='ocrx_word' id='word_1_671' title='bbox 2655 3964 2835 4026; x_wconf 78' lang='lat' dir='ltr'><strong>Gaisei,</strong></span> <span class='ocrx_word' id='word_1_672' title='bbox 2862 3963 2935 4014; x_wconf 83' lang='lat' dir='ltr'><strong>vel</strong></span> <span class='ocrx_word' id='word_1_673' title='bbox 2955 3962 3195 4016; x_wconf 79' lang='lat' dir='ltr'><strong>Gaiaseia.</strong></span> 
     </span>
    </p>
   </div>
   <div class='ocr_carea' id='block_1_81' title="bbox 1914 4111 2548 4171">
    <p class='ocr_par' dir='ltr' id='par_1_81' title="bbox 1914 4111 2548 4171">
     <span class='ocr_line' id='line_1_81' title="bbox 1914 4111 2548 4171; baseline -0.008 -1"><span class='ocrx_word' id='word_1_674' title='bbox 1914 4113 2277 4171; x_wconf 78' lang='lat' dir='ltr'><strong>VABIOBUM</strong></span> <span class='ocrx_word' id='word_1_675' title='bbox 2318 4111 2548 4170; x_wconf 68' lang='lat' dir='ltr'><strong>NOTAE.</strong></span> 
     </span>
    </p>
   </div>
   <div class='ocr_carea' id='block_1_82' title="bbox 586 4205 2193 4282">
    <p class='ocr_par' dir='ltr' id='par_1_82' title="bbox 586 4205 2193 4282">
     <span class='ocr_line' id='line_1_82' title="bbox 586 4205 2193 4282; baseline -0.004 -18"><span class='ocrx_word' id='word_1_676' title='bbox 586 4209 672 4264; x_wconf 80' lang='lat' dir='ltr'><strong>An</strong></span> <span class='ocrx_word' id='word_1_677' title='bbox 703 4207 804 4282; x_wconf 72' lang='lat' dir='ltr'><strong>hic</strong></span> <span class='ocrx_word' id='word_1_678' title='bbox 817 4207 1090 4282; x_wconf 69' lang='lat' dir='ltr'><strong>praesentia</strong></span> <span class='ocrx_word' id='word_1_679' title='bbox 1120 4205 1292 4282; x_wconf 66' lang='lat' dir='ltr'><strong>Moysi</strong></span> <span class='ocrx_word' id='word_1_680' title='bbox 1322 4219 1422 4282; x_wconf 74' lang='lat' dir='ltr'><strong>pro</strong></span> <span class='ocrx_word' id='word_1_681' title='bbox 1458 4215 1682 4282; x_wconf 78' lang='lat' dir='ltr'><strong>tempore</strong></span> <span class='ocrx_word' id='word_1_682' title='bbox 1720 4205 1917 4282; x_wconf 68' lang='lat' dir='ltr'><strong>bloysis</strong></span> <span class='ocrx_word' id='word_1_683' title='bbox 1937 4247 1951 4272; x_wconf 95' lang='lat'><strong>,</strong></span> <span class='ocrx_word' id='word_1_684' title='bbox 1994 4222 2090 4282; x_wconf 83' lang='lat' dir='ltr'><strong>seu</strong></span> <span class='ocrx_word' id='word_1_685' title='bbox 2119 4206 2193 4282; x_wconf 77' lang='lat' dir='ltr'><strong>vi-</strong></span> 
     </span>
    </p>
   </div>
   <div class='ocr_carea' id='block_1_83' title="bbox 587 4277 2192 4350">
    <p class='ocr_par' dir='ltr' id='par_1_83' title="bbox 587 4277 2192 4350">
     <span class='ocr_line' id='line_1_83' title="bbox 587 4277 2192 4350; baseline -0.001 -17"><span class='ocrx_word' id='word_1_686' title='bbox 587 4291 733 4335; x_wconf 74' lang='lat' dir='ltr'><strong>vente</strong></span> <span class='ocrx_word' id='word_1_687' title='bbox 777 4279 949 4350; x_wconf 83' lang='lat' dir='ltr'><strong>Moysi</strong></span> <span class='ocrx_word' id='word_1_688' title='bbox 983 4294 1001 4333; x_wconf 89' lang='lat'><strong><em>:</em></strong></span> <span class='ocrx_word' id='word_1_689' title='bbox 1031 4277 1224 4332; x_wconf 84' lang='lat' dir='ltr'><strong>durius</strong></span> <span class='ocrx_word' id='word_1_690' title='bbox 1240 4277 1398 4350; x_wconf 79' lang='lat' dir='ltr'><strong>_mihi</strong></span> <span class='ocrx_word' id='word_1_691' title='bbox 1425 4277 1659 4350; x_wconf 76' lang='lat' dir='ltr'><strong>videtur,</strong></span> <span class='ocrx_word' id='word_1_692' title='bbox 1688 4277 1791 4350; x_wconf 73' lang='lat' dir='ltr'><strong>nisi</strong></span> <span class='ocrx_word' id='word_1_693' title='bbox 1835 4277 1944 4331; x_wconf 89' lang='lat' dir='ltr'><strong>alio</strong></span> <span class='ocrx_word' id='word_1_694' title='bbox 1979 4277 2192 4332; x_wconf 88' lang='lat' dir='ltr'><strong>aliunde</strong></span> 
     </span>
    </p>
   </div>
   <div class='ocr_carea' id='block_1_84' title="bbox 588 4346 2190 4420">
    <p class='ocr_par' dir='ltr' id='par_1_84' title="bbox 588 4346 2190 4420">
     <span class='ocr_line' id='line_1_84' title="bbox 588 4346 2190 4420; baseline -0.004 -13"><span class='ocrx_word' id='word_1_695' title='bbox 588 4352 840 4420; x_wconf 81' lang='lat' dir='ltr'><strong>exemplo</strong></span> <span class='ocrx_word' id='word_1_696' title='bbox 870 4346 1180 4404; x_wconf 59' lang='lat' dir='ltr'><strong>&#39;molliatur.</strong></span> <span class='ocrx_word' id='word_1_697' title='bbox 1238 4347 1457 4402; x_wconf 84' lang='lat' dir='ltr'><strong>Interim</strong></span> <span class='ocrx_word' id='word_1_698' title='bbox 1505 4346 1853 4403; x_wconf 88' lang='lat' dir='ltr'><strong>scribendum</strong></span> <span class='ocrx_word' id='word_1_699' title='bbox 1899 4349 2190 4412; x_wconf 77' lang='lat' dir='ltr'><strong>existimo;</strong></span> 
     </span>
    </p>
   </div>
   <div class='ocr_carea' id='block_1_85' title="bbox 589 4420 2194 4492">
    <p class='ocr_par' dir='ltr' id='par_1_85' title="bbox 589 4420 2194 4492">
     <span class='ocr_line' id='line_1_85' title="bbox 589 4420 2194 4492; baseline -0.002 -16"><span class='ocrx_word' id='word_1_700' title='bbox 589 4438 739 4492; x_wconf 82' lang='lat' dir='ltr'><strong>prece</strong></span> <span class='ocrx_word' id='word_1_701' title='bbox 762 4432 911 4475; x_wconf 87' lang='lat' dir='ltr'><strong>antea</strong></span> <span class='ocrx_word' id='word_1_702' title='bbox 945 4420 1131 4491; x_wconf 82' lang='lat' dir='ltr'><strong>Moysi,</strong></span> <span class='ocrx_word' id='word_1_703' title='bbox 1161 4429 1273 4492; x_wconf 86' lang='lat' dir='ltr'><strong>etc.</strong></span> <span class='ocrx_word' id='word_1_704' title='bbox 1300 4429 1374 4492; x_wconf 83' lang='grc' dir='ltr'>τῷ</span> <span class='ocrx_word' id='word_1_705' title='bbox 1402 4428 1552 4472; x_wconf 87' lang='lat' dir='ltr'><strong>antea</strong></span> <span class='ocrx_word' id='word_1_706' title='bbox 1594 4421 1888 4492; x_wconf 74' lang='lat' dir='ltr'><strong>respondet</strong></span> <span class='ocrx_word' id='word_1_707' title='bbox 1929 4435 2073 4481; x_wconf 82' lang='lat' dir='ltr'><strong>mox.</strong></span> <span class='ocrx_word' id='word_1_708' title='bbox 2100 4421 2194 4492; x_wconf 82' lang='lat' dir='ltr'><strong>Ito-</strong></span> 
     </span>
    </p>
   </div>
   <div class='ocr_carea' id='block_1_86' title="bbox 590 4479 2195 4556">
    <p class='ocr_par' dir='ltr' id='par_1_86' title="bbox 590 4479 2195 4556">
     <span class='ocr_line' id='line_1_86' title="bbox 590 4479 2195 4556; baseline -0.002 -10"><span class='ocrx_word' id='word_1_709' title='bbox 590 4479 675 4546; x_wconf 72' lang='lat' dir='ltr'><strong>die</strong></span> <span class='ocrx_word' id='word_1_710' title='bbox 697 4502 745 4546; x_wconf 87' lang='lat' dir='ltr'><strong>et</strong></span> <span class='ocrx_word' id='word_1_711' title='bbox 769 4510 802 4546; x_wconf 92' lang='lat' dir='ltr'><strong>a</strong></span> <span class='ocrx_word' id='word_1_712' title='bbox 836 4479 1168 4546; x_wconf 69' lang='lat' dir='ltr'><strong>scltismaticis</strong></span> <span class='ocrx_word' id='word_1_713' title='bbox 1189 4533 1203 4556; x_wconf 92' lang='lat'><strong>,</strong></span> <span class='ocrx_word' id='word_1_714' title='bbox 1257 4479 1406 4544; x_wconf 75' lang='lat' dir='ltr'><strong>hodie</strong></span> <span class='ocrx_word' id='word_1_715' title='bbox 1445 4507 1562 4543; x_wconf 89' lang='lat' dir='ltr'><strong>cum</strong></span> <span class='ocrx_word' id='word_1_716' title='bbox 1610 4479 1997 4544; x_wconf 71' lang='lat' dir='ltr'><strong>Calholicorum</strong></span> <span class='ocrx_word' id='word_1_717' title='bbox 2045 4479 2195 4544; x_wconf 83' lang='lat' dir='ltr'><strong>turba</strong></span> 
     </span>
    </p>
   </div>
   <div class='ocr_carea' id='block_1_87' title="bbox 589 4560 2188 4631">
    <p class='ocr_par' dir='ltr' id='par_1_87' title="bbox 589 4560 2188 4631">
     <span class='ocr_line' id='line_1_87' title="bbox 589 4560 2188 4631; baseline -0.003 -14"><span class='ocrx_word' id='word_1_718' title='bbox 589 4563 810 4618; x_wconf 78' lang='lat' dir='ltr'><strong>dulcedo</strong></span> <span class='ocrx_word' id='word_1_719' title='bbox 851 4575 938 4618; x_wconf 87' lang='lat' dir='ltr'><strong>tua</strong></span> <span class='ocrx_word' id='word_1_720' title='bbox 975 4572 1207 4617; x_wconf 73' lang='lat' dir='ltr'><strong>vexatur.</strong></span> <span class='ocrx_word' id='word_1_721' title='bbox 1259 4563 1336 4615; x_wconf 86' lang='lat' dir='ltr'><strong>De</strong></span> <span class='ocrx_word' id='word_1_722' title='bbox 1381 4560 1573 4630; x_wconf 60' lang='grc' dir='ltr'><strong>Μουκία</strong></span> <span class='ocrx_word' id='word_1_723' title='bbox 1603 4573 1783 4616; x_wconf 89' lang='lat' dir='ltr'><strong>autem</strong></span> <span class='ocrx_word' id='word_1_724' title='bbox 1813 4578 1980 4631; x_wconf 82' lang='lat' dir='ltr'><strong>prece,</strong></span> <span class='ocrx_word' id='word_1_725' title='bbox 2017 4561 2188 4614; x_wconf 73' lang='lat' dir='ltr'><strong>Exod.</strong></span> 
     </span>
    </p>
   </div>
   <div class='ocr_carea' id='block_1_88' title="bbox 2371 4201 3875 4277">
    <p class='ocr_par' dir='ltr' id='par_1_88' title="bbox 2371 4201 3875 4277">
     <span class='ocr_line' id='line_1_88' title="bbox 2371 4201 3875 4277; baseline -0.005 -19"><span class='ocrx_word' id='word_1_726' title='bbox 2371 4203 2448 4277; x_wconf 94' lang='lat' dir='ltr'><strong>(l)</strong></span> <span class='ocrx_word' id='word_1_727' title='bbox 2500 4203 2638 4277; x_wconf 74' lang='lat' dir='ltr'><strong>Quia</strong></span> <span class='ocrx_word' id='word_1_728' title='bbox 2675 4203 2743 4277; x_wconf 84' lang='lat' dir='ltr'><strong>ad</strong></span> <span class='ocrx_word' id='word_1_729' title='bbox 2780 4203 2874 4277; x_wconf 67' lang='lat' dir='ltr'><strong>Itoc</strong></span> <span class='ocrx_word' id='word_1_730' title='bbox 2919 4202 3170 4277; x_wconf 66' lang='lat' dir='ltr'><strong>Basilicas</strong></span> <span class='ocrx_word' id='word_1_731' title='bbox 3216 4204 3476 4259; x_wconf 82' lang='lat' dir='ltr'><strong>invadere</strong></span> <span class='ocrx_word' id='word_1_732' title='bbox 3521 4201 3759 4277; x_wconf 79' lang='lat' dir='ltr'><strong>voluistis,</strong></span> <span class='ocrx_word' id='word_1_733' title='bbox 3788 4204 3875 4277; x_wconf 45' lang='lat' dir='ltr'><strong>elo.</strong></span> 
     </span>
    </p>
   </div>
   <div class='ocr_carea' id='block_1_89' title="bbox 2298 4272 3877 4341">
    <p class='ocr_par' dir='ltr' id='par_1_89' title="bbox 2298 4272 3877 4341">
     <span class='ocr_line' id='line_1_89' title="bbox 2298 4272 3877 4341; baseline -0.005 -9"><span class='ocrx_word' id='word_1_734' title='bbox 2298 4272 2490 4332; x_wconf 78' lang='lat' dir='ltr'><strong>Scribe</strong></span> <span class='ocrx_word' id='word_1_735' title='bbox 2533 4294 2545 4329; x_wconf 88' lang='lat'>:</span> <span class='ocrx_word' id='word_1_736' title='bbox 2593 4274 2694 4341; x_wconf 85' lang='lat' dir='ltr'><strong>Qui</strong></span> <span class='ocrx_word' id='word_1_737' title='bbox 2729 4275 2798 4329; x_wconf 86' lang='lat' dir='ltr'><strong>ad</strong></span> <span class='ocrx_word' id='word_1_738' title='bbox 2833 4276 2928 4328; x_wconf 82' lang='lat' dir='ltr'><strong>hoc</strong></span> <span class='ocrx_word' id='word_1_739' title='bbox 2967 4273 3218 4330; x_wconf 78' lang='lat' dir='ltr'><strong>Basilicus</strong></span> <span class='ocrx_word' id='word_1_740' title='bbox 3259 4278 3511 4330; x_wconf 83' lang='lat' dir='ltr'><strong>invadere</strong></span> <span class='ocrx_word' id='word_1_741' title='bbox 3549 4272 3795 4333; x_wconf 76' lang='lat' dir='ltr'><strong>voluistis,</strong></span> <span class='ocrx_word' id='word_1_742' title='bbox 3832 4273 3877 4317; x_wconf 72' lang='grc' dir='ltr'><strong>ιιι</strong></span> 
     </span>
    </p>
   </div>
   <div class='ocr_carea' id='block_1_90' title="bbox 2297 4346 3876 4415">
    <p class='ocr_par' dir='ltr' id='par_1_90' title="bbox 2297 4346 3876 4415">
     <span class='ocr_line' id='line_1_90' title="bbox 2297 4346 3876 4415; baseline -0.004 -14"><span class='ocrx_word' id='word_1_743' title='bbox 2297 4348 2437 4401; x_wconf 80' lang='lat' dir='ltr'><strong>vobis</strong></span> <span class='ocrx_word' id='word_1_744' title='bbox 2473 4348 2596 4400; x_wconf 78' lang='lat' dir='ltr'><strong>solis</strong></span> <span class='ocrx_word' id='word_1_745' title='bbox 2627 4347 2910 4400; x_wconf 74' lang='lat' dir='ltr'><strong>cwmeteria</strong></span> <span class='ocrx_word' id='word_1_746' title='bbox 2940 4347 3236 4413; x_wconf 85' lang='lat' dir='ltr'><strong>vendicetis,</strong></span> <span class='ocrx_word' id='word_1_747' title='bbox 3263 4365 3371 4402; x_wconf 89' lang='lat' dir='ltr'><strong>non</strong></span> <span class='ocrx_word' id='word_1_748' title='bbox 3398 4346 3734 4415; x_wconf 84' lang='lat' dir='ltr'><strong>permittentes</strong></span> <span class='ocrx_word' id='word_1_749' title='bbox 3757 4352 3876 4405; x_wconf 71' lang='lat' dir='ltr'><strong>sept-</strong></span> 
     </span>
    </p>
   </div>
   <div class='ocr_carea' id='block_1_91' title="bbox 2299 4415 3879 4489">
    <p class='ocr_par' dir='ltr' id='par_1_91' title="bbox 2299 4415 3879 4489">
     <span class='ocr_line' id='line_1_91' title="bbox 2299 4415 3879 4489; baseline -0.006 -17"><span class='ocrx_word' id='word_1_750' title='bbox 2299 4419 2384 4472; x_wconf 86' lang='lat' dir='ltr'><strong>liri</strong></span> <span class='ocrx_word' id='word_1_751' title='bbox 2403 4434 2619 4486; x_wconf 89' lang='lat' dir='ltr'><strong>corpora</strong></span> <span class='ocrx_word' id='word_1_752' title='bbox 2649 4417 2925 4483; x_wconf 83' lang='lat' dir='ltr'><strong>catholica,</strong></span> <span class='ocrx_word' id='word_1_753' title='bbox 2957 4427 3014 4471; x_wconf 90' lang='lat' dir='ltr'><strong>ut</strong></span> <span class='ocrx_word' id='word_1_754' title='bbox 3038 4421 3275 4489; x_wconf 74' lang='lat' dir='ltr'><strong>terrentis</strong></span> <span class='ocrx_word' id='word_1_755' title='bbox 3297 4419 3418 4489; x_wconf 84' lang='lat' dir='ltr'><strong>(vel</strong></span> <span class='ocrx_word' id='word_1_756' title='bbox 3446 4431 3503 4473; x_wconf 92' lang='lat' dir='ltr'><strong>ut</strong></span> <span class='ocrx_word' id='word_1_757' title='bbox 3532 4419 3584 4472; x_wconf 94' lang='lat' dir='ltr'><strong>iu</strong></span> <span class='ocrx_word' id='word_1_758' title='bbox 3610 4415 3722 4470; x_wconf 90' lang='lat' dir='ltr'><strong>aliis</strong></span> <span class='ocrx_word' id='word_1_759' title='bbox 3747 4423 3879 4466; x_wconf 79' lang='lat' dir='ltr'><strong>terre-</strong></span> 
     </span>
    </p>
   </div>
   <div class='ocr_carea' id='block_1_92' title="bbox 2299 4487 3313 4561">
    <p class='ocr_par' dir='ltr' id='par_1_92' title="bbox 2299 4487 3313 4561">
     <span class='ocr_line' id='line_1_92' title="bbox 2299 4487 3313 4561; baseline 0.003 -19"><span class='ocrx_word' id='word_1_760' title='bbox 2299 4489 2446 4561; x_wconf 86' lang='lat' dir='ltr'><strong>relis)</strong></span> <span class='ocrx_word' id='word_1_761' title='bbox 2469 4491 2626 4553; x_wconf 78' lang='lat' dir='ltr'><strong>vivos,</strong></span> <span class='ocrx_word' id='word_1_762' title='bbox 2652 4491 2816 4561; x_wconf 82' lang='lat' dir='ltr'><strong>ntale._</strong></span> <span class='ocrx_word' id='word_1_763' title='bbox 2835 4497 2944 4544; x_wconf 85' lang='lat' dir='ltr'><strong>etc.</strong></span> <span class='ocrx_word' id='word_1_764' title='bbox 2967 4489 3039 4543; x_wconf 82' lang='grc' dir='ltr'><strong>Μ.</strong></span> <span class='ocrx_word' id='word_1_765' title='bbox 3071 4487 3313 4561; x_wconf 61' lang='lat' dir='ltr'><strong>Cttswa.</strong></span> 
     </span>
    </p>
   </div>
   <div class='ocr_carea' id='block_1_93' title="bbox 2371 4557 3878 4618">
    <p class='ocr_par' dir='ltr' id='par_1_93' title="bbox 2371 4557 3878 4618">
     <span class='ocr_line' id='line_1_93' title="bbox 2371 4557 3878 4618; baseline -0.007 -3"><span class='ocrx_word' id='word_1_766' title='bbox 2371 4557 2506 4615; x_wconf 84' lang='lat' dir='ltr'><strong>Ibid.</strong></span> <span class='ocrx_word' id='word_1_767' title='bbox 2545 4561 2626 4614; x_wconf 80' lang='lat' dir='ltr'><strong>Ad</strong></span> <span class='ocrx_word' id='word_1_768' title='bbox 2653 4560 2746 4613; x_wconf 85' lang='lat' dir='ltr'><strong>hoc</strong></span> <span class='ocrx_word' id='word_1_769' title='bbox 2777 4558 3052 4613; x_wconf 80' lang='lat' dir='ltr'><strong>Basilicas.</strong></span> <span class='ocrx_word' id='word_1_770' title='bbox 3083 4559 3270 4614; x_wconf 86' lang='lat' dir='ltr'><strong>Multis</strong></span> <span class='ocrx_word' id='word_1_771' title='bbox 3314 4563 3369 4617; x_wconf 88' lang='lat' dir='ltr'><strong>in</strong></span> <span class='ocrx_word' id='word_1_772' title='bbox 3413 4561 3553 4618; x_wconf 89' lang='lat' dir='ltr'><strong>locis</strong></span> <span class='ocrx_word' id='word_1_773' title='bbox 3588 4557 3703 4613; x_wconf 69' lang='lat' dir='ltr'><strong>due</strong></span> <span class='ocrx_word' id='word_1_774' title='bbox 3746 4558 3878 4608; x_wconf 88' lang='lat' dir='ltr'><strong>erant</strong></span> 
     </span>
    </p>
   </div>
   <div class='ocr_carea' id='block_1_94' title="bbox 589 4619 3875 4700">
    <p class='ocr_par' dir='ltr' id='par_1_94' title="bbox 589 4619 3875 4700">
     <span class='ocr_line' id='line_1_94' title="bbox 589 4619 3875 4700; baseline -0.005 -11"><span class='ocrx_word' id='word_1_775' title='bbox 589 4635 813 4700; x_wconf 77' lang='lat' dir='ltr'><strong>xv,‘25:</strong></span> <span class='ocrx_word' id='word_1_776' title='bbox 849 4636 911 4687; x_wconf 74' lang='lat' dir='ltr'><strong>At</strong></span> <span class='ocrx_word' id='word_1_777' title='bbox 953 4635 1040 4689; x_wconf 87' lang='lat' dir='ltr'><strong>ille</strong></span> <span class='ocrx_word' id='word_1_778' title='bbox 1078 4635 1316 4688; x_wconf 81' lang='lat' dir='ltr'><strong>clamavit</strong></span> <span class='ocrx_word' id='word_1_779' title='bbox 1343 4633 1410 4686; x_wconf 87' lang='lat' dir='ltr'><strong>ad</strong></span> <span class='ocrx_word' id='word_1_780' title='bbox 1454 4619 1733 4686; x_wconf 69' lang='lat' dir='ltr'><strong>Dominum</strong></span> <span class='ocrx_word' id='word_1_781' title='bbox 1779 4619 1868 4700; x_wconf 74' lang='lat' dir='ltr'><strong>qui</strong></span> <span class='ocrx_word' id='word_1_782' title='bbox 1907 4619 2193 4685; x_wconf 80' lang='lat' dir='ltr'><strong>ostenditei</strong></span> <span class='ocrx_word' id='word_1_783' title='bbox 2221 4619 2275 4678; x_wconf 83' lang='lat' dir='ltr'><strong>D</strong></span> <span class='ocrx_word' id='word_1_784' title='bbox 2302 4631 2548 4687; x_wconf 70' lang='lat' dir='ltr'><strong>Basilica:</strong></span> <span class='ocrx_word' id='word_1_785' title='bbox 2582 4650 2594 4685; x_wconf 94' lang='lat'><strong>:</strong></span> <span class='ocrx_word' id='word_1_786' title='bbox 2629 4629 2852 4685; x_wconf 85' lang='lat' dir='ltr'><strong>Basilica</strong></span> <span class='ocrx_word' id='word_1_787' title='bbox 2886 4631 3091 4686; x_wconf 90' lang='lat' dir='ltr'><strong>scilicet</strong></span> <span class='ocrx_word' id='word_1_788' title='bbox 3135 4630 3555 4690; x_wconf 84' lang='lat' dir='ltr'><strong>Donatistarum</strong></span> <span class='ocrx_word' id='word_1_789' title='bbox 3590 4639 3642 4684; x_wconf 91' lang='lat' dir='ltr'><strong>et</strong></span> <span class='ocrx_word' id='word_1_790' title='bbox 3679 4623 3875 4700; x_wconf 80' lang='lat' dir='ltr'><strong>Basilica</strong></span> 
     </span>
    </p>
   </div>
   <div class='ocr_carea' id='block_1_95' title="bbox 588 4704 2188 4776">
    <p class='ocr_par' dir='ltr' id='par_1_95' title="bbox 588 4704 2188 4776">
     <span class='ocr_line' id='line_1_95' title="bbox 588 4704 2188 4776; baseline -0.003 -16"><span class='ocrx_word' id='word_1_791' title='bbox 588 4706 807 4776; x_wconf 85' lang='lat' dir='ltr'><strong>lignum,</strong></span> <span class='ocrx_word' id='word_1_792' title='bbox 834 4716 938 4762; x_wconf 92' lang='lat' dir='ltr'><strong>etc.</strong></span> <span class='ocrx_word' id='word_1_793' title='bbox 967 4704 1190 4760; x_wconf 80' lang='lat' dir='ltr'><strong>Moritur</strong></span> <span class='ocrx_word' id='word_1_794' title='bbox 1220 4719 1348 4759; x_wconf 92' lang='lat' dir='ltr'><strong>vero</strong></span> <span class='ocrx_word' id='word_1_795' title='bbox 1372 4718 1468 4773; x_wconf 88' lang='lat' dir='ltr'><strong>pro</strong></span> <span class='ocrx_word' id='word_1_796' title='bbox 1496 4713 1696 4757; x_wconf 88' lang='lat' dir='ltr'><strong>mortua</strong></span> <span class='ocrx_word' id='word_1_797' title='bbox 1723 4713 1818 4771; x_wconf 84' lang='lat' dir='ltr'><strong>est,</strong></span> <span class='ocrx_word' id='word_1_798' title='bbox 1849 4711 1904 4756; x_wconf 91' lang='lat' dir='ltr'><strong>ut</strong></span> <span class='ocrx_word' id='word_1_799' title='bbox 1926 4717 2092 4771; x_wconf 61' lang='lat' dir='ltr'><strong>saepe,</strong></span> <span class='ocrx_word' id='word_1_800' title='bbox 2119 4717 2188 4757; x_wconf 92' lang='lat' dir='ltr'><strong>ue</strong></span> 
     </span>
    </p>
   </div>
   <div class='ocr_carea' id='block_1_96' title="bbox 587 4775 1385 4846">
    <p class='ocr_par' dir='ltr' id='par_1_96' title="bbox 587 4775 1385 4846">
     <span class='ocr_line' id='line_1_96' title="bbox 587 4775 1385 4846; baseline -0.004 -14"><span class='ocrx_word' id='word_1_801' title='bbox 587 4777 760 4833; x_wconf 81' lang='lat' dir='ltr'><strong>dicam</strong></span> <span class='ocrx_word' id='word_1_802' title='bbox 785 4793 1019 4846; x_wconf 81' lang='lat' dir='ltr'><strong>semper.</strong></span> <span class='ocrx_word' id='word_1_803' title='bbox 1055 4779 1124 4832; x_wconf 86' lang='lat' dir='ltr'><strong>M.</strong></span> <span class='ocrx_word' id='word_1_804' title='bbox 1157 4775 1385 4831; x_wconf 62' lang='lat' dir='ltr'><strong>Casaun.</strong></span> 
     </span>
    </p>
   </div>
   <div class='ocr_carea' id='block_1_97' title="bbox 661 4845 2185 4919">
    <p class='ocr_par' dir='ltr' id='par_1_97' title="bbox 661 4845 2185 4919">
     <span class='ocr_line' id='line_1_97' title="bbox 661 4845 2185 4919; baseline -0.005 -14"><span class='ocrx_word' id='word_1_805' title='bbox 661 4848 778 4919; x_wconf 79' lang='lat'><strong>(95)</strong></span> <span class='ocrx_word' id='word_1_806' title='bbox 809 4848 1009 4902; x_wconf 88' lang='lat' dir='ltr'><strong>Eadem</strong></span> <span class='ocrx_word' id='word_1_807' title='bbox 1035 4865 1126 4902; x_wconf 89' lang='lat' dir='ltr'><strong>nos</strong></span> <span class='ocrx_word' id='word_1_808' title='bbox 1146 4858 1193 4900; x_wconf 89' lang='lat' dir='ltr'><strong>et</strong></span> <span class='ocrx_word' id='word_1_809' title='bbox 1217 4863 1301 4900; x_wconf 87' lang='lat' dir='ltr'><strong>vos</strong></span> <span class='ocrx_word' id='word_1_810' title='bbox 1315 4849 1546 4919; x_wconf 49' lang='lat' dir='ltr'><strong>lavacra</strong></span> <span class='ocrx_word' id='word_1_811' title='bbox 1572 4845 1793 4919; x_wconf 61' lang='lat' dir='ltr'><strong>pariter,</strong></span> <span class='ocrx_word' id='word_1_812' title='bbox 1811 4852 1919 4919; x_wconf 78' lang='lat' dir='ltr'><strong>etc.</strong></span> <span class='ocrx_word' id='word_1_813' title='bbox 1970 4845 2044 4900; x_wconf 89' lang='lat' dir='ltr'><strong>De</strong></span> <span class='ocrx_word' id='word_1_814' title='bbox 2087 4859 2185 4919; x_wconf 81' lang='lat' dir='ltr'><strong>usu</strong></span> 
     </span>
    </p>
   </div>
   <div class='ocr_carea' id='block_1_98' title="bbox 585 4915 2184 4988">
    <p class='ocr_par' dir='ltr' id='par_1_98' title="bbox 585 4915 2184 4988">
     <span class='ocr_line' id='line_1_98' title="bbox 585 4915 2184 4988; baseline -0.002 -14"><span class='ocrx_word' id='word_1_815' title='bbox 585 4915 904 4974; x_wconf 84' lang='lat' dir='ltr'><strong>balneorum</strong></span> <span class='ocrx_word' id='word_1_816' title='bbox 944 4920 1108 4973; x_wconf 91' lang='lat' dir='ltr'><strong>etiam</strong></span> <span class='ocrx_word' id='word_1_817' title='bbox 1139 4921 1277 4971; x_wconf 91' lang='lat' dir='ltr'><strong>inter</strong></span> <span class='ocrx_word' id='word_1_818' title='bbox 1303 4915 1644 4971; x_wconf 79' lang='lat' dir='ltr'><strong>Christianas</strong></span> <span class='ocrx_word' id='word_1_819' title='bbox 1681 4916 1741 4970; x_wconf 83' lang='lat' dir='ltr'><strong>F.</strong></span> <span class='ocrx_word' id='word_1_820' title='bbox 1775 4917 1845 4972; x_wconf 86' lang='lat' dir='ltr'><strong>M.</strong></span> <span class='ocrx_word' id='word_1_821' title='bbox 1881 4932 2077 4988; x_wconf 88' lang='lat' dir='ltr'><strong>parens</strong></span> <span class='ocrx_word' id='word_1_822' title='bbox 2118 4917 2184 4971; x_wconf 88' lang='lat' dir='ltr'><strong>ad</strong></span> 
     </span>
    </p>
   </div>
   <div class='ocr_carea' id='block_1_99' title="bbox 589 4988 1517 5064">
    <p class='ocr_par' dir='ltr' id='par_1_99' title="bbox 589 4988 1517 5064">
     <span class='ocr_line' id='line_1_99' title="bbox 589 4988 1517 5064; baseline -0.006 -18"><span class='ocrx_word' id='word_1_823' title='bbox 589 4991 961 5064; x_wconf 84' lang='lat' dir='ltr'><strong>Spa_rtiau_um,</strong></span> <span class='ocrx_word' id='word_1_824' title='bbox 986 5003 1039 5058; x_wconf 88' lang='lat' dir='ltr'><strong>p.</strong></span> <span class='ocrx_word' id='word_1_825' title='bbox 1067 4989 1156 5042; x_wconf 82' lang='lat'><strong>75.</strong></span> <span class='ocrx_word' id='word_1_826' title='bbox 1188 4989 1259 5064; x_wconf 62' lang='lat' dir='ltr'><strong>bl.</strong></span> <span class='ocrx_word' id='word_1_827' title='bbox 1287 4988 1517 5064; x_wconf 75' lang='lat' dir='ltr'><strong>CASAUB.</strong></span> 
     </span>
    </p>
   </div>
   <div class='ocr_carea' id='block_1_100' title="bbox 659 5057 2186 5133">
    <p class='ocr_par' dir='ltr' id='par_1_100' title="bbox 659 5057 2186 5133">
     <span class='ocr_line' id='line_1_100' title="bbox 659 5057 2186 5133; baseline -0.001 -17"><span class='ocrx_word' id='word_1_828' title='bbox 659 5061 776 5133; x_wconf 84' lang='lat'><strong>(96)</strong></span> <span class='ocrx_word' id='word_1_829' title='bbox 821 5060 943 5133; x_wconf 81' lang='lat' dir='ltr'><strong>Post</strong></span> <span class='ocrx_word' id='word_1_830' title='bbox 971 5057 1062 5133; x_wconf 73' lang='lat' dir='ltr'><strong>tios</strong></span> <span class='ocrx_word' id='word_1_831' title='bbox 1089 5058 1413 5133; x_wconf 58' lang='lat' dir='ltr'><strong>puriﬁcanda</strong></span> <span class='ocrx_word' id='word_1_832' title='bbox 1445 5058 1656 5133; x_wconf 76' lang='lat' dir='ltr'><strong>putatis.</strong></span> <span class='ocrx_word' id='word_1_833' title='bbox 1690 5057 1879 5133; x_wconf 66' lang='lat' dir='ltr'><strong>Scribe</strong></span> <span class='ocrx_word' id='word_1_834' title='bbox 1900 5060 2019 5133; x_wconf 22' lang='lat' dir='ltr'><strong>_:‘Si</strong></span> <span class='ocrx_word' id='word_1_835' title='bbox 2072 5069 2186 5133; x_wconf 80' lang='lat' dir='ltr'><strong>post</strong></span> 
     </span>
    </p>
   </div>
   <div class='ocr_carea' id='block_1_101' title="bbox 584 5129 2178 5203">
    <p class='ocr_par' dir='ltr' id='par_1_101' title="bbox 584 5129 2178 5203">
     <span class='ocr_line' id='line_1_101' title="bbox 584 5129 2178 5203; baseline 0 -17"><span class='ocrx_word' id='word_1_836' title='bbox 584 5129 680 5186; x_wconf 77' lang='lat' dir='ltr'><strong>nos</strong></span> <span class='ocrx_word' id='word_1_837' title='bbox 707 5129 1294 5203; x_wconf 72' lang='lat' dir='ltr'><strong>puri/icandaputatis?</strong></span> <span class='ocrx_word' id='word_1_838' title='bbox 1323 5129 1414 5185; x_wconf 89' lang='lat' dir='ltr'><strong>Sic</strong></span> <span class='ocrx_word' id='word_1_839' title='bbox 1445 5145 1481 5203; x_wconf 80' lang='lat' dir='ltr'><strong>tt</strong></span> <span class='ocrx_word' id='word_1_840' title='bbox 1507 5129 1672 5185; x_wconf 84' lang='lat' dir='ltr'><strong>editio</strong></span> <span class='ocrx_word' id='word_1_841' title='bbox 1697 5130 1785 5185; x_wconf 85' lang='lat' dir='ltr'><strong>Fr.</strong></span> <span class='ocrx_word' id='word_1_842' title='bbox 1821 5129 2087 5186; x_wconf 75' lang='lat' dir='ltr'><strong>Balduini.</strong></span> <span class='ocrx_word' id='word_1_843' title='bbox 2122 5132 2178 5186; x_wconf 87' lang='lat' dir='ltr'><strong>Si</strong></span> 
     </span>
    </p>
   </div>
   <div class='ocr_carea' id='block_1_102' title="bbox 582 5202 2174 5271">
    <p class='ocr_par' dir='ltr' id='par_1_102' title="bbox 582 5202 2174 5271">
     <span class='ocr_line' id='line_1_102' title="bbox 582 5202 2174 5271; baseline 0 -14"><span class='ocrx_word' id='word_1_844' title='bbox 582 5204 699 5258; x_wconf 81' lang='grc' dir='ltr'><strong><em>ἀντὶ</em></strong></span> <span class='ocrx_word' id='word_1_845' title='bbox 721 5209 812 5257; x_wconf 81' lang='grc' dir='ltr'><strong>τοῦ</strong></span> <span class='ocrx_word' id='word_1_846' title='bbox 827 5218 915 5267; x_wconf 86' lang='lat' dir='ltr'><strong>an,</strong></span> <span class='ocrx_word' id='word_1_847' title='bbox 932 5202 1092 5271; x_wconf 89' lang='lat' dir='ltr'><strong>quale</strong></span> <span class='ocrx_word' id='word_1_848' title='bbox 1121 5216 1281 5271; x_wconf 88' lang='lat' dir='ltr'><strong>supra</strong></span> <span class='ocrx_word' id='word_1_849' title='bbox 1303 5202 1576 5256; x_wconf 91' lang='lat' dir='ltr'><strong>monuisse</strong></span> <span class='ocrx_word' id='word_1_850' title='bbox 1594 5217 1680 5257; x_wconf 92' lang='lat' dir='ltr'><strong>me</strong></span> <span class='ocrx_word' id='word_1_851' title='bbox 1702 5204 1942 5257; x_wconf 88' lang='lat' dir='ltr'><strong>memini.</strong></span> <span class='ocrx_word' id='word_1_852' title='bbox 1962 5203 2174 5258; x_wconf 79' lang='lat' dir='ltr'><strong>INCERT.</strong></span> 
     </span>
    </p>
   </div>
   <div class='ocr_carea' id='block_1_103' title="bbox 662 5271 2177 5342">
    <p class='ocr_par' dir='ltr' id='par_1_103' title="bbox 662 5271 2177 5342">
     <span class='ocr_line' id='line_1_103' title="bbox 662 5271 2177 5342; baseline 0.001 -15"><span class='ocrx_word' id='word_1_853' title='bbox 662 5272 776 5342; x_wconf 85' lang='lat'><strong>(97)</strong></span> <span class='ocrx_word' id='word_1_854' title='bbox 811 5271 915 5327; x_wconf 92' lang='lat' dir='ltr'><strong>Illa</strong></span> <span class='ocrx_word' id='word_1_855' title='bbox 943 5271 1160 5327; x_wconf 83' lang='lat' dir='ltr'><strong>lavando</strong></span> <span class='ocrx_word' id='word_1_856' title='bbox 1187 5273 1448 5342; x_wconf 79' lang='lat' dir='ltr'><strong>promeriti</strong></span> <span class='ocrx_word' id='word_1_857' title='bbox 1494 5274 1614 5328; x_wconf 86' lang='lat' dir='ltr'><strong>estis</strong></span> <span class='ocrx_word' id='word_1_858' title='bbox 1663 5273 1845 5328; x_wconf 89' lang='lat' dir='ltr'><strong>Deum.</strong></span> <span class='ocrx_word' id='word_1_859' title='bbox 1896 5277 1962 5330; x_wconf 86' lang='grc' dir='ltr'><strong>Τὸ</strong></span> <span class='ocrx_word' id='word_1_860' title='bbox 2005 5277 2048 5329; x_wconf 90' lang='lat' dir='ltr'><strong>si</strong></span> <span class='ocrx_word' id='word_1_861' title='bbox 2095 5276 2177 5329; x_wconf 88' lang='lat' dir='ltr'><strong>Itis</strong></span> 
     </span>
    </p>
   </div>
   <div class='ocr_carea' id='block_1_104' title="bbox 584 5345 1619 5414">
    <p class='ocr_par' dir='ltr' id='par_1_104' title="bbox 584 5345 1619 5414">
     <span class='ocr_line' id='line_1_104' title="bbox 584 5345 1619 5414; baseline -0.002 -16"><span class='ocrx_word' id='word_1_862' title='bbox 584 5345 896 5414; x_wconf 86' lang='lat' dir='ltr'><strong>necessario</strong></span> <span class='ocrx_word' id='word_1_863' title='bbox 917 5345 1370 5414; x_wconf 78' lang='lat' dir='ltr'><strong>prauuittendum.</strong></span> <span class='ocrx_word' id='word_1_864' title='bbox 1402 5345 1619 5400; x_wconf 68' lang='lat' dir='ltr'><strong>lucem.</strong></span> 
     </span>
    </p>
   </div>
   <div class='ocr_carea' id='block_1_105' title="bbox 661 5413 2176 5487">
    <p class='ocr_par' dir='ltr' id='par_1_105' title="bbox 661 5413 2176 5487">
     <span class='ocr_line' id='line_1_105' title="bbox 661 5413 2176 5487; baseline 0.001 -18"><span class='ocrx_word' id='word_1_865' title='bbox 661 5413 778 5487; x_wconf 85' lang='lat'><strong>(93)</strong></span> <span class='ocrx_word' id='word_1_866' title='bbox 820 5413 946 5469; x_wconf 85' lang='lat' dir='ltr'><strong>Cum</strong></span> <span class='ocrx_word' id='word_1_867' title='bbox 992 5417 1148 5486; x_wconf 84' lang='lat' dir='ltr'><strong>igitur</strong></span> <span class='ocrx_word' id='word_1_868' title='bbox 1169 5417 1291 5471; x_wconf 85' lang='lat' dir='ltr'><strong>alibi</strong></span> <span class='ocrx_word' id='word_1_869' title='bbox 1311 5418 1455 5484; x_wconf 87' lang='lat' dir='ltr'><strong>quasi</strong></span> <span class='ocrx_word' id='word_1_870' title='bbox 1482 5417 1750 5484; x_wconf 84' lang='lat' dir='ltr'><strong>diligentes</strong></span> <span class='ocrx_word' id='word_1_871' title='bbox 1770 5418 1940 5470; x_wconf 86' lang='lat' dir='ltr'><strong>essetis</strong></span> <span class='ocrx_word' id='word_1_872' title='bbox 1969 5416 2176 5471; x_wconf 81' lang='lat' dir='ltr'><strong>inuenti.</strong></span> 
     </span>
    </p>
   </div>
   <div class='ocr_carea' id='block_1_106' title="bbox 585 5485 2183 5558">
    <p class='ocr_par' dir='ltr' id='par_1_106' title="bbox 585 5485 2183 5558">
     <span class='ocr_line' id='line_1_106' title="bbox 585 5485 2183 5558; baseline -0.001 -17"><span class='ocrx_word' id='word_1_873' title='bbox 585 5485 765 5541; x_wconf 82' lang='lat' dir='ltr'><strong>Locus</strong></span> <span class='ocrx_word' id='word_1_874' title='bbox 792 5485 1030 5551; x_wconf 77' lang='lat' dir='ltr'><strong>mutilus,</strong></span> <span class='ocrx_word' id='word_1_875' title='bbox 1058 5489 1234 5558; x_wconf 85' lang='lat' dir='ltr'><strong>suppl.</strong></span> <span class='ocrx_word' id='word_1_876' title='bbox 1259 5503 1383 5558; x_wconf 52' lang='lat' dir='ltr'><strong>ex.&quot;</strong></span> <span class='ocrx_word' id='word_1_877' title='bbox 1415 5487 1650 5558; x_wconf 89' lang='lat' dir='ltr'><strong>editione</strong></span> <span class='ocrx_word' id='word_1_878' title='bbox 1669 5487 1758 5540; x_wconf 86' lang='lat' dir='ltr'><strong>Fr.</strong></span> <span class='ocrx_word' id='word_1_879' title='bbox 1780 5487 2046 5558; x_wconf 82' lang='lat' dir='ltr'><strong>Baldttini.</strong></span> <span class='ocrx_word' id='word_1_880' title='bbox 2069 5505 2183 5541; x_wconf 86' lang='lat' dir='ltr'><strong>cum</strong></span> 
     </span>
    </p>
   </div>
   <div class='ocr_carea' id='block_1_107' title="bbox 584 5555 2183 5630">
    <p class='ocr_par' dir='ltr' id='par_1_107' title="bbox 584 5555 2183 5630">
     <span class='ocr_line' id='line_1_107' title="bbox 584 5555 2183 5630; baseline 0.002 -20"><span class='ocrx_word' id='word_1_881' title='bbox 584 5559 746 5629; x_wconf 83' lang='lat' dir='ltr'><strong>igitur</strong></span> <span class='ocrx_word' id='word_1_882' title='bbox 759 5559 880 5611; x_wconf 81' lang='lat' dir='ltr'><strong>alibi</strong></span> <span class='ocrx_word' id='word_1_883' title='bbox 900 5561 1044 5628; x_wconf 84' lang='lat' dir='ltr'><strong>quasi</strong></span> <span class='ocrx_word' id='word_1_884' title='bbox 1066 5555 1345 5630; x_wconf 76' lang='lat' dir='ltr'><strong>diligentes</strong></span> <span class='ocrx_word' id='word_1_885' title='bbox 1356 5557 1517 5610; x_wconf 81' lang='lat' dir='ltr'><strong>videri</strong></span> <span class='ocrx_word' id='word_1_886' title='bbox 1538 5558 1713 5623; x_wconf 84' lang='lat' dir='ltr'><strong>vultis,</strong></span> <span class='ocrx_word' id='word_1_887' title='bbox 1733 5555 1856 5611; x_wconf 79' lang='lat' dir='ltr'><strong>alibi</strong></span> <span class='ocrx_word' id='word_1_888' title='bbox 1874 5556 2183 5629; x_wconf 84' lang='lat' dir='ltr'><strong>negligentes</strong></span> 
     </span>
    </p>
   </div>
   <div class='ocr_carea' id='block_1_108' title="bbox 590 5630 1186 5685">
    <p class='ocr_par' dir='ltr' id='par_1_108' title="bbox 590 5630 1186 5685">
     <span class='ocr_line' id='line_1_108' title="bbox 590 5630 1186 5685; baseline 0 -3"><span class='ocrx_word' id='word_1_889' title='bbox 590 5631 708 5682; x_wconf 79' lang='lat' dir='ltr'><strong>estis</strong></span> <span class='ocrx_word' id='word_1_890' title='bbox 729 5631 936 5682; x_wconf 79' lang='lat' dir='ltr'><strong>inventi.</strong></span> <span class='ocrx_word' id='word_1_891' title='bbox 970 5630 1186 5685; x_wconf 63' lang='lat' dir='ltr'><strong>lucem.</strong></span> 
     </span>
    </p>
   </div>
   <div class='ocr_carea' id='block_1_109' title="bbox 592 5697 2186 5770">
    <p class='ocr_par' dir='ltr' id='par_1_109' title="bbox 592 5697 2186 5770">
     <span class='ocr_line' id='line_1_109' title="bbox 592 5697 2186 5770; baseline 0.003 -17"><span class='ocrx_word' id='word_1_892' title='bbox 592 5764 594 5766; x_wconf 21' lang='grc' dir='ltr'><strong><em>τ</em></strong></span> <span class='ocrx_word' id='word_1_893' title='bbox 663 5702 775 5770; x_wconf 79' lang='lat'><strong>(99)</strong></span> <span class='ocrx_word' id='word_1_894' title='bbox 805 5698 1076 5754; x_wconf 87' lang='lat' dir='ltr'><strong>Columna.</strong></span> <span class='ocrx_word' id='word_1_895' title='bbox 1111 5701 1170 5754; x_wconf 91' lang='lat' dir='ltr'><strong>Ut</strong></span> <span class='ocrx_word' id='word_1_896' title='bbox 1204 5697 1325 5768; x_wconf 91' lang='lat' dir='ltr'><strong>quia</strong></span> <span class='ocrx_word' id='word_1_897' title='bbox 1353 5697 1540 5754; x_wconf 90' lang='lat' dir='ltr'><strong>lavatis</strong></span> <span class='ocrx_word' id='word_1_898' title='bbox 1563 5700 1797 5770; x_wconf 86' lang='lat' dir='ltr'><strong>parietes</strong></span> <span class='ocrx_word' id='word_1_899' title='bbox 1823 5700 2015 5757; x_wconf 87' lang='lat' dir='ltr'><strong>iterum</strong></span> <span class='ocrx_word' id='word_1_900' title='bbox 2044 5703 2186 5758; x_wconf 67' lang='lat' dir='ltr'><strong>lava«</strong></span> 
     </span>
    </p>
   </div>
   <div class='ocr_carea' id='block_1_110' title="bbox 593 5769 1307 5827">
    <p class='ocr_par' dir='ltr' id='par_1_110' title="bbox 593 5769 1307 5827">
     <span class='ocr_line' id='line_1_110' title="bbox 593 5769 1307 5827; baseline 0.006 -7"><span class='ocrx_word' id='word_1_901' title='bbox 593 5772 661 5823; x_wconf 77' lang='lat' dir='ltr'><strong>tis</strong></span> <span class='ocrx_word' id='word_1_902' title='bbox 689 5769 1064 5827; x_wconf 64' lang='lat' dir='ltr'><strong>Christianos.</strong></span> <span class='ocrx_word' id='word_1_903' title='bbox 1081 5773 1307 5826; x_wconf 74' lang='lat' dir='ltr'><strong>ALBASP.</strong></span> 
     </span>
    </p>
   </div>
   <div class='ocr_carea' id='block_1_111' title="bbox 2296 4698 3878 4766">
    <p class='ocr_par' dir='ltr' id='par_1_111' title="bbox 2296 4698 3878 4766">
     <span class='ocr_line' id='line_1_111' title="bbox 2296 4698 3878 4766; baseline -0.007 -8"><span class='ocrx_word' id='word_1_904' title='bbox 2296 4704 2756 4766; x_wconf 80' lang='lat' dir='ltr'><strong>Orthodoxorum,</strong></span> <span class='ocrx_word' id='word_1_905' title='bbox 2789 4702 2882 4756; x_wconf 93' lang='lat' dir='ltr'><strong>sed</strong></span> <span class='ocrx_word' id='word_1_906' title='bbox 2925 4704 3138 4758; x_wconf 85' lang='lat' dir='ltr'><strong>favente</strong></span> <span class='ocrx_word' id='word_1_907' title='bbox 3178 4701 3409 4758; x_wconf 74' lang='lat' dir='ltr'><strong>Iuliano</strong></span> <span class='ocrx_word' id='word_1_908' title='bbox 3438 4703 3578 4758; x_wconf 86' lang='lat' dir='ltr'><strong>hanc</strong></span> <span class='ocrx_word' id='word_1_909' title='bbox 3606 4698 3878 4754; x_wconf 79' lang='lat' dir='ltr'><strong>invaserant</strong></span> 
     </span>
    </p>
   </div>
   <div class='ocr_carea' id='block_1_112' title="bbox 2294 4772 3875 4845">
    <p class='ocr_par' dir='ltr' id='par_1_112' title="bbox 2294 4772 3875 4845">
     <span class='ocr_line' id='line_1_112' title="bbox 2294 4772 3875 4845; baseline -0.003 -17"><span class='ocrx_word' id='word_1_910' title='bbox 2294 4774 2584 4845; x_wconf 61' lang='lat' dir='ltr'><strong>Donatistae</strong></span> <span class='ocrx_word' id='word_1_911' title='bbox 2606 4772 3019 4845; x_wconf 71' lang='lat' dir='ltr'><strong>utOrlhodoxos</strong></span> <span class='ocrx_word' id='word_1_912' title='bbox 3041 4776 3322 4842; x_wconf 81' lang='lat' dir='ltr'><strong>sepultura</strong></span> <span class='ocrx_word' id='word_1_913' title='bbox 3357 4777 3654 4845; x_wconf 88' lang='lat' dir='ltr'><strong>privarent.</strong></span> <span class='ocrx_word' id='word_1_914' title='bbox 3679 4772 3875 4845; x_wconf 54' lang='lat' dir='ltr'><strong>ALBAﬁP;</strong></span> 
     </span>
    </p>
   </div>
   <div class='ocr_carea' id='block_1_113' title="bbox 2366 4838 3875 4916">
    <p class='ocr_par' dir='ltr' id='par_1_113' title="bbox 2366 4838 3875 4916">
     <span class='ocr_line' id='line_1_113' title="bbox 2366 4838 3875 4916; baseline -0.003 -17"><span class='ocrx_word' id='word_1_915' title='bbox 2366 4845 2448 4916; x_wconf 72' lang='lat'><strong>(&#39;2)</strong></span> <span class='ocrx_word' id='word_1_916' title='bbox 2490 4844 2642 4899; x_wconf 86' lang='lat' dir='ltr'><strong>Vobis</strong></span> <span class='ocrx_word' id='word_1_917' title='bbox 2671 4846 2815 4899; x_wconf 85' lang='lat' dir='ltr'><strong>solis.</strong></span> <span class='ocrx_word' id='word_1_918' title='bbox 2855 4843 3037 4900; x_wconf 86' lang='lat' dir='ltr'><strong>Genus</strong></span> <span class='ocrx_word' id='word_1_919' title='bbox 3078 4838 3195 4899; x_wconf 79' lang='lat' dir='ltr'><strong>erat</strong></span> <span class='ocrx_word' id='word_1_920' title='bbox 3237 4838 3875 4916; x_wconf 27' lang='lat' dir='ltr'><strong>couimuuiouis‘sepeliti</strong></span> 
     </span>
    </p>
   </div>
   <div class='ocr_carea' id='block_1_114' title="bbox 2290 4906 3879 4988">
    <p class='ocr_par' dir='ltr' id='par_1_114' title="bbox 2290 4906 3879 4988">
     <span class='ocr_line' id='line_1_114' title="bbox 2290 4906 3879 4988; baseline -0.003 -18"><span class='ocrx_word' id='word_1_921' title='bbox 2290 4915 2346 4970; x_wconf 91' lang='lat' dir='ltr'><strong>iu</strong></span> <span class='ocrx_word' id='word_1_922' title='bbox 2373 4906 2808 4988; x_wconf 84' lang='lat' dir='ltr'><strong>Christianorum</strong></span> <span class='ocrx_word' id='word_1_923' title='bbox 2841 4916 3168 4988; x_wconf 72' lang='lat' dir='ltr'><strong>etnuieteriis</strong></span> <span class='ocrx_word' id='word_1_924' title='bbox 3197 4935 3210 4968; x_wconf 89' lang='lat'>:</span> <span class='ocrx_word' id='word_1_925' title='bbox 3248 4926 3596 4988; x_wconf 86' lang='lat' dir='ltr'><strong>quapropter</strong></span> <span class='ocrx_word' id='word_1_926' title='bbox 3637 4911 3733 4969; x_wconf 89' lang='lat' dir='ltr'><strong>sibi</strong></span> <span class='ocrx_word' id='word_1_927' title='bbox 3768 4906 3879 4965; x_wconf 81' lang='lat' dir='ltr'><strong>solis</strong></span> 
     </span>
    </p>
   </div>
   <div class='ocr_carea' id='block_1_115' title="bbox 2290 4987 3768 5062">
    <p class='ocr_par' dir='ltr' id='par_1_115' title="bbox 2290 4987 3768 5062">
     <span class='ocr_line' id='line_1_115' title="bbox 2290 4987 3768 5062; baseline 0.001 -20"><span class='ocrx_word' id='word_1_928' title='bbox 2290 4987 3379 5062; x_wconf 30' lang='lat' dir='ltr'><strong>eaviudicabantDonatistte_._At.msr.’</strong></span> <span class='ocrx_word' id='word_1_929' title='bbox 3480 4987 3484 4988; x_wconf 49' lang='grc'><strong>“</strong></span> <span class='ocrx_word' id='word_1_930' title='bbox 3658 5055 3688 5062; x_wconf 86' lang='lat'><strong>__</strong></span> <span class='ocrx_word' id='word_1_931' title='bbox 3757 5051 3768 5062; x_wconf 86' lang='lat'>_</span> 
     </span>
    </p>
   </div>
   <div class='ocr_carea' id='block_1_116' title="bbox 2365 5055 3876 5184">
    <p class='ocr_par' dir='ltr' id='par_1_116' title="bbox 2365 5055 3876 5184">
     <span class='ocr_line' id='line_1_116' title="bbox 2365 5055 3876 5184; baseline -0.002 -72"><span class='ocrx_word' id='word_1_932' title='bbox 2365 5057 2447 5184; x_wconf 67' lang='grc' dir='ltr'>(ὃ)</span> <span class='ocrx_word' id='word_1_933' title='bbox 2475 5056 2788 5113; x_wconf 75' lang='lat' dir='ltr'><strong>Cwmeteria.</strong></span> <span class='ocrx_word' id='word_1_934' title='bbox 2821 5059 2878 5114; x_wconf 84' lang='grc' dir='ltr'><strong>ιη</strong></span> <span class='ocrx_word' id='word_1_935' title='bbox 2909 5059 3147 5113; x_wconf 90' lang='lat' dir='ltr'><strong>Basilicis</strong></span> <span class='ocrx_word' id='word_1_936' title='bbox 3172 5071 3271 5113; x_wconf 89' lang='lat' dir='ltr'><strong>aut</strong></span> <span class='ocrx_word' id='word_1_937' title='bbox 3301 5061 3357 5114; x_wconf 92' lang='lat' dir='ltr'><strong>iu</strong></span> <span class='ocrx_word' id='word_1_938' title='bbox 3389 5055 3718 5117; x_wconf 69' lang='lat' dir='ltr'><strong>cmmeteriis</strong></span> <span class='ocrx_word' id='word_1_939' title='bbox 3752 5055 3876 5123; x_wconf 62' lang='lat' dir='ltr'><strong>juxta</strong></span> 
     </span>
     <span class='ocr_line' id='line_1_117' title="bbox 2371 5129 3485 5184; baseline 0 0"><span class='ocrx_word' id='word_1_940' title='bbox 2371 5130 2414 5184; x_wconf 90' lang='lat' dir='ltr'><strong>si</strong></span> <span class='ocrx_word' id='word_1_941' title='bbox 2443 5130 2552 5184; x_wconf 86' lang='lat' dir='ltr'><strong>icas</strong></span> <span class='ocrx_word' id='word_1_942' title='bbox 2580 5129 2770 5184; x_wconf 78' lang='lat' dir='ltr'><strong>positis</strong></span> <span class='ocrx_word' id='word_1_943' title='bbox 2797 5130 3217 5184; x_wconf 77' lang='lat' dir='ltr'><strong>sepeliebantur.</strong></span> <span class='ocrx_word' id='word_1_944' title='bbox 3237 5130 3485 5184; x_wconf 72' lang='lat' dir='ltr'><strong>ALBASP.</strong></span> 
     </span>
    </p>
   </div>
   <div class='ocr_carea' id='block_1_117' title="bbox 2289 5129 3485 5201">
    <p class='ocr_par' dir='ltr' id='par_1_117' title="bbox 2289 5129 3485 5201">
     <span class='ocr_line' id='line_1_118' title="bbox 2289 5129 3485 5201; baseline 0.002 -18"><span class='ocrx_word' id='word_1_945' title='bbox 2289 5129 2552 5201; x_wconf 81' lang='lat' dir='ltr'><strong>Basilicas</strong></span> <span class='ocrx_word' id='word_1_946' title='bbox 2580 5129 2770 5201; x_wconf 89' lang='lat' dir='ltr'><strong>positis</strong></span> <span class='ocrx_word' id='word_1_947' title='bbox 2797 5130 3217 5200; x_wconf 82' lang='lat' dir='ltr'><strong>sepeliebantur.</strong></span> <span class='ocrx_word' id='word_1_948' title='bbox 3237 5130 3485 5188; x_wconf 73' lang='lat' dir='ltr'><strong>ALBASP.</strong></span> 
     </span>
    </p>
   </div>
   <div class='ocr_carea' id='block_1_118' title="bbox 2359 5199 3759 5275">
    <p class='ocr_par' dir='ltr' id='par_1_118' title="bbox 2359 5199 3759 5275">
     <span class='ocr_line' id='line_1_119' title="bbox 2359 5199 3759 5275; baseline -0.004 -20"><span class='ocrx_word' id='word_1_949' title='bbox 2359 5201 2436 5275; x_wconf 73' lang='grc'>(4)</span> <span class='ocrx_word' id='word_1_950' title='bbox 2472 5199 2611 5257; x_wconf 81' lang='lat' dir='ltr'><strong>Male</strong></span> <span class='ocrx_word' id='word_1_951' title='bbox 2641 5199 2887 5257; x_wconf 84' lang='lat' dir='ltr'><strong>tractatis.</strong></span> <span class='ocrx_word' id='word_1_952' title='bbox 2938 5201 3046 5257; x_wconf 86' lang='lat' dir='ltr'><strong>Hac</strong></span> <span class='ocrx_word' id='word_1_953' title='bbox 3087 5206 3486 5258; x_wconf 85' lang='lat' dir='ltr'><strong>communione</strong></span> <span class='ocrx_word' id='word_1_954' title='bbox 3525 5199 3759 5274; x_wconf 85' lang='lat' dir='ltr'><strong>privatis.</strong></span> 
     </span>
    </p>
   </div>
   <div class='ocr_carea' id='block_1_119' title="bbox 3502 5277 3726 5331">
    <p class='ocr_par' dir='ltr' id='par_1_119' title="bbox 3502 5277 3726 5331">
     <span class='ocr_line' id='line_1_120' title="bbox 3502 5277 3726 5331; baseline -0.036 0"><span class='ocrx_word' id='word_1_955' title='bbox 3502 5277 3726 5331; x_wconf 74' lang='lat' dir='ltr'><strong>ALBASP.</strong></span> 
     </span>
    </p>
   </div>
   <div class='ocr_carea' id='block_1_120' title="bbox 2364 5342 3624 5416">
    <p class='ocr_par' dir='ltr' id='par_1_120' title="bbox 2364 5342 3624 5416">
     <span class='ocr_line' id='line_1_121' title="bbox 2364 5342 3624 5416; baseline -0.001 -19"><span class='ocrx_word' id='word_1_956' title='bbox 2364 5342 2442 5416; x_wconf 64' lang='grc' dir='ltr'>(ὅ)</span> <span class='ocrx_word' id='word_1_957' title='bbox 2481 5342 2546 5398; x_wconf 84' lang='grc' dir='ltr'><strong>1η</strong></span> <span class='ocrx_word' id='word_1_958' title='bbox 2576 5362 2697 5400; x_wconf 89' lang='lat' dir='ltr'><strong>uno.</strong></span> <span class='ocrx_word' id='word_1_959' title='bbox 2728 5346 2863 5401; x_wconf 91' lang='lat' dir='ltr'><strong>Cum</strong></span> <span class='ocrx_word' id='word_1_960' title='bbox 2890 5343 3110 5400; x_wconf 89' lang='lat' dir='ltr'><strong>Christo</strong></span> <span class='ocrx_word' id='word_1_961' title='bbox 3139 5345 3350 5401; x_wconf 82' lang='lat' dir='ltr'><strong>unitas.</strong></span> <span class='ocrx_word' id='word_1_962' title='bbox 3389 5345 3624 5402; x_wconf 69' lang='lat' dir='ltr'><strong>ALBASP.</strong></span> 
     </span>
    </p>
   </div>
   <div class='ocr_carea' id='block_1_121' title="bbox 2363 5411 3874 5489">
    <p class='ocr_par' dir='ltr' id='par_1_121' title="bbox 2363 5411 3874 5489">
     <span class='ocr_line' id='line_1_122' title="bbox 2363 5411 3874 5489; baseline -0.011 -13"><span class='ocrx_word' id='word_1_963' title='bbox 2363 5411 2441 5487; x_wconf 77' lang='grc'><strong>(6)</strong></span> <span class='ocrx_word' id='word_1_964' title='bbox 2473 5416 2572 5480; x_wconf 76' lang='grc' dir='ltr'><strong>Ωιιὲ</strong></span> <span class='ocrx_word' id='word_1_965' title='bbox 2592 5418 2782 5489; x_wconf 73' lang='lat' dir='ltr'><strong>erroris</strong></span> <span class='ocrx_word' id='word_1_966' title='bbox 2811 5420 2965 5489; x_wconf 82' lang='lat' dir='ltr'><strong>huqu</strong></span> <span class='ocrx_word' id='word_1_967' title='bbox 2993 5417 3359 5489; x_wconf 68' lang='lat' dir='ltr'><strong>magisterium</strong></span> <span class='ocrx_word' id='word_1_968' title='bbox 3393 5417 3686 5489; x_wconf 84' lang='lat' dir='ltr'><strong>possidetis.</strong></span> <span class='ocrx_word' id='word_1_969' title='bbox 3710 5411 3874 5489; x_wconf 47' lang='lat' dir='ltr'><strong>lant-tt</strong></span> 
     </span>
    </p>
   </div>
   <div class='ocr_carea' id='block_1_122' title="bbox 2291 5477 3872 5559">
    <p class='ocr_par' dir='ltr' id='par_1_122' title="bbox 2291 5477 3872 5559">
     <span class='ocr_line' id='line_1_123' title="bbox 2291 5477 3872 5559; baseline -0.005 -18"><span class='ocrx_word' id='word_1_970' title='bbox 2291 5487 2354 5541; x_wconf 85' lang='lat' dir='ltr'><strong>de</strong></span> <span class='ocrx_word' id='word_1_971' title='bbox 2373 5477 2550 5559; x_wconf 64' lang='lat' dir='ltr'><strong>vestris</strong></span> <span class='ocrx_word' id='word_1_972' title='bbox 2581 5488 2730 5542; x_wconf 87' lang='lat' dir='ltr'><strong>silere</strong></span> <span class='ocrx_word' id='word_1_973' title='bbox 2755 5491 2842 5559; x_wconf 88' lang='lat' dir='ltr'><strong>qui</strong></span> <span class='ocrx_word' id='word_1_974' title='bbox 2874 5477 3102 5558; x_wconf 49' lang='lat' dir='ltr'><strong>posset?</strong></span> <span class='ocrx_word' id='word_1_975' title='bbox 3127 5486 3208 5542; x_wconf 86' lang='lat' dir='ltr'><strong>De</strong></span> <span class='ocrx_word' id='word_1_976' title='bbox 3262 5491 3374 5544; x_wconf 86' lang='lat' dir='ltr'><strong>illis</strong></span> <span class='ocrx_word' id='word_1_977' title='bbox 3393 5477 3637 5551; x_wconf 57' lang='lat' dir='ltr'><strong>&#39;scilicet,</strong></span> <span class='ocrx_word' id='word_1_978' title='bbox 3682 5497 3776 5540; x_wconf 86' lang='lat' dir='ltr'><strong>etc.</strong></span> <span class='ocrx_word' id='word_1_979' title='bbox 3815 5477 3872 5533; x_wconf 78' lang='lat' dir='ltr'><strong>Ita</strong></span> 
     </span>
    </p>
   </div>
   <div class='ocr_carea' id='block_1_123' title="bbox 2291 5557 3873 5629">
    <p class='ocr_par' dir='ltr' id='par_1_123' title="bbox 2291 5557 3873 5629">
     <span class='ocr_line' id='line_1_124' title="bbox 2291 5557 3873 5629; baseline -0.004 -15"><span class='ocrx_word' id='word_1_980' title='bbox 2291 5557 2660 5614; x_wconf 86' lang='lat' dir='ltr'><strong>emendandus</strong></span> <span class='ocrx_word' id='word_1_981' title='bbox 2687 5569 2742 5613; x_wconf 89' lang='lat' dir='ltr'><strong>et</strong></span> <span class='ocrx_word' id='word_1_982' title='bbox 2770 5557 3241 5629; x_wconf 81' lang='lat' dir='ltr'><strong>interpungendus</strong></span> <span class='ocrx_word' id='word_1_983' title='bbox 3273 5560 3367 5616; x_wconf 88' lang='lat' dir='ltr'><strong>hic</strong></span> <span class='ocrx_word' id='word_1_984' title='bbox 3408 5561 3583 5613; x_wconf 91' lang='lat' dir='ltr'><strong>locus.</strong></span> <span class='ocrx_word' id='word_1_985' title='bbox 3615 5560 3714 5610; x_wconf 77' lang='lat' dir='ltr'><strong>Sed</strong></span> <span class='ocrx_word' id='word_1_986' title='bbox 3738 5565 3784 5606; x_wconf 87' lang='lat' dir='ltr'><strong>et</strong></span> <span class='ocrx_word' id='word_1_987' title='bbox 3805 5565 3873 5603; x_wconf 50' lang='lat' dir='ltr'><strong>sc.</strong></span> 
     </span>
    </p>
   </div>
   <div class='ocr_carea' id='block_1_124' title="bbox 2293 5630 3842 5701">
    <p class='ocr_par' dir='ltr' id='par_1_124' title="bbox 2293 5630 3842 5701">
     <span class='ocr_line' id='line_1_125' title="bbox 2293 5630 3842 5701; baseline 0.001 -23"><span class='ocrx_word' id='word_1_988' title='bbox 2293 5631 2506 5701; x_wconf 78' lang='lat' dir='ltr'><strong>quentia</strong></span> <span class='ocrx_word' id='word_1_989' title='bbox 2535 5646 2698 5699; x_wconf 79' lang='lat' dir='ltr'><strong>porro</strong></span> <span class='ocrx_word' id='word_1_990' title='bbox 2725 5631 2792 5686; x_wconf 88' lang='lat' dir='ltr'><strong>ab</strong></span> <span class='ocrx_word' id='word_1_991' title='bbox 2821 5631 3262 5698; x_wconf 87' lang='lat' dir='ltr'><strong>interpunctioue</strong></span> <span class='ocrx_word' id='word_1_992' title='bbox 3295 5631 3571 5685; x_wconf 89' lang='lat' dir='ltr'><strong>laborant.</strong></span> <span class='ocrx_word' id='word_1_993' title='bbox 3619 5630 3842 5701; x_wconf 46' lang='grc' dir='ltr'><strong>μακτρ-</strong></span> 
     </span>
    </p>
   </div>
   <div class='ocr_carea' id='block_1_125' title="bbox 2365 5695 3866 5771">
    <p class='ocr_par' dir='ltr' id='par_1_125' title="bbox 2365 5695 3866 5771">
     <span class='ocr_line' id='line_1_126' title="bbox 2365 5695 3866 5771; baseline -0.002 -18"><span class='ocrx_word' id='word_1_994' title='bbox 2365 5699 2444 5770; x_wconf 88' lang='grc'><strong>(7)</strong></span> <span class='ocrx_word' id='word_1_995' title='bbox 2483 5695 2576 5753; x_wconf 81' lang='lat' dir='ltr'><strong>His</strong></span> <span class='ocrx_word' id='word_1_996' title='bbox 2606 5704 2740 5755; x_wconf 88' lang='lat' dir='ltr'><strong>enim</strong></span> <span class='ocrx_word' id='word_1_997' title='bbox 2769 5704 2930 5756; x_wconf 71' lang='lat' dir='ltr'><strong>verbis</strong></span> <span class='ocrx_word' id='word_1_998' title='bbox 2961 5695 3098 5771; x_wconf 82' lang='lat' dir='ltr'><strong>loqui</strong></span> <span class='ocrx_word' id='word_1_999' title='bbox 3129 5716 3237 5771; x_wconf 73' lang='lat' dir='ltr'><strong>non</strong></span> <span class='ocrx_word' id='word_1_1000' title='bbox 3264 5703 3577 5771; x_wconf 84' lang='lat' dir='ltr'><strong>erubescunt</strong></span> <span class='ocrx_word' id='word_1_1001' title='bbox 3603 5741 3618 5766; x_wconf 92' lang='lat'><strong>,</strong></span> <span class='ocrx_word' id='word_1_1002' title='bbox 3649 5702 3735 5771; x_wconf 56' lang='lat' dir='ltr'><strong>Coi</strong></span> <span class='ocrx_word' id='word_1_1003' title='bbox 3772 5695 3866 5771; x_wconf 51' lang='grc' dir='ltr'><strong>ξεῖ)</strong></span> 
     </span>
    </p>
   </div>
   <div class='ocr_carea' id='block_1_126' title="bbox 2295 5760 3867 5842">
    <p class='ocr_par' dir='ltr' id='par_1_126' title="bbox 2295 5760 3867 5842">
     <span class='ocr_line' id='line_1_127' title="bbox 2295 5760 3867 5842; baseline -0.003 -17"><span class='ocrx_word' id='word_1_1004' title='bbox 2295 5760 2590 5841; x_wconf 60' lang='lat' dir='ltr'><strong>Caia&#39;Stia,</strong></span> <span class='ocrx_word' id='word_1_1005' title='bbox 2611 5775 2855 5838; x_wconf 77' lang='lat' dir='ltr'><strong>quamdiu</strong></span> <span class='ocrx_word' id='word_1_1006' title='bbox 2888 5781 2935 5829; x_wconf 85' lang='lat' dir='ltr'><strong>te</strong></span> <span class='ocrx_word' id='word_1_1007' title='bbox 2962 5760 3135 5828; x_wconf 73' lang='lat' dir='ltr'><strong>tenes?</strong></span> <span class='ocrx_word' id='word_1_1008' title='bbox 3165 5767 3288 5828; x_wconf 79' lang='lat' dir='ltr'><strong>Hoc</strong></span> <span class='ocrx_word' id='word_1_1009' title='bbox 3310 5781 3389 5830; x_wconf 78' lang='lat' dir='ltr'><strong>est</strong></span> <span class='ocrx_word' id='word_1_1010' title='bbox 3418 5760 3624 5842; x_wconf 70' lang='lat' dir='ltr'><strong>dicere}</strong></span> <span class='ocrx_word' id='word_1_1011' title='bbox 3643 5767 3758 5827; x_wconf 85' lang='lat' dir='ltr'><strong>Post</strong></span> <span class='ocrx_word' id='word_1_1012' title='bbox 3777 5760 3867 5814; x_wconf 58' lang='lat' dir='ltr'><strong>ita“</strong></span> 
     </span>
    </p>
   </div>
  </div>
