4152 6166
359 242 496 300 1091

1122 251 1218 310 DE
1260 250 1649 312 SCHISMATE
1691 252 2239 315 DONATISTARUM
2272 260 2480 321 LIBER
2521 268 2885 325 SEPTIMUS.

3474 331 3480 337 .
3557 286 3699 347 {082

355 363 492 417 tiam
514 361 666 473 disce
700 362 826 473 2(8)
847 380 942 422 vos
966 367 1098 422 estis
1131 383 1392 442 aucupes,
1420 382 1473 428 et
1494 371 1571 428 illi
1596 380 1689 428 aut
1712 373 1818 429 illa:
1838 385 1965 429 sunt
1991 377 2044 439 Α
2070 392 2162 433 sas
2192 376 2308 450 (ιῖ)
2345 393 2524 449 portat
2556 387 2607 441 in
2630 400 2830 451 cavea;
2859 385 3194 445 evisceratas
3230 391 3371 450 alias
3402 397 3469 452 ad
3515 398 3706 473 imagi-

351 471 510 512 aves.
548 455 658 513 Sed
693 456 774 529 (9)
804 462 927 527 quia
959 477 1062 517 non
1094 472 1187 518 est
1217 480 1382 520 unum
1413 481 1682 539 aucupum
1708 478 1732 505 τι
1764 484 1966 540 genus:

351 551 447 605 alii
479 559 609 605 sunt
639 550 732 621 qui
767 560 882 607 arte
917 552 1156 624 simplici
1182 556 1311 614 altis
1338 558 1589 616 fundatas
1617 562 1892 619 radicibus
1914 563 1971 619 in

351 643 555 700 faciem
584 645 824 699 nemoris
844 644 1069 702 diffusas
1093 649 1325 707 arbores
1349 663 1559 722 petunt,
1579 654 1668 710 ubi
1691 670 1820 710 aves
1842 657 1973 710 sim-

351 736 487 810 plici
511 737 698 793 volatu
730 739 1062 795 naturalibus
1083 742 1258 798 ramis
1287 744 1530 802 insidunt
1556 765 1569 801 :
1596 762 1703 803 non
1734 747 1844 804 illic
1874 765 1973 805 nu-

354 840 645 887 merantur
689 830 906 887 fraudes
928 872 944 896 ,
977 849 1084 889 non
1125 835 1423 895 artificiosa
1450 841 1681 896 consilia
1714 856 1838 897 :ars
1867 858 1969 898 una

357 933 445 981 est
471 932 524 979 et
570 924 683 978 sola
726 922 977 994 capiendi
1021 927 1238 995 peritia.
1284 928 1367 985 illi
1394 946 1489 989 vos
1535 936 1726 1004 aucupi
1763 936 1970 993 similes

356 1019 519 1084 dico,
551 1019 641 1089 qui
673 1027 791 1088 post
819 1018 1122 1076 discessum
1173 1024 1387 1090 noctis,
1429 1036 1557 1083 ante
1596 1028 1736 1085 lueis
1769 1030 1985 1093 advena

353 1120 496 1179 tum,
522 1126 629 1166 non
670 1110 899 1167 aliorum
930 1127 1084 1169 more
1113 1115 1395 1171 naturales
1421 1116 1568 1173 vadit
1607 1119 1674 1175 ad
1715 1119 1962 1176 arbores.

352 1202 464 1258 Sed
487 1203 605 1273 ipse
629 1201 746 1274 (10)
767 1203 1021 1259 arborem
1043 1213 1290 1275 portans,
1317 1205 1556 1264 futurum
1585 1225 1778 1266 nemus
1801 1213 1965 1268 strin-

344 1297 422 1368 git
452 1295 509 1351 in
543 1294 771 1360 fascem,
798 1295 1002 1351 aridam
1050 1297 1308 1355 arborem
1351 1301 1514 1357 nullis
1542 1303 1818 1359 radicibus
1860 1289 1974 1360 [ηιξ

346 1395 479 1454 tam,
514 1387 802 1458 multiplici
826 1388 1012 1444 fraude
1041 1393 1342 1460 componit.
1382 1391 1481 1448 Cui
1508 1394 1847 1451 adulterinos
1876 1399 1961 1452 iu-

344 1482 482 1537 serit
510 1494 717 1547 ramos,
742 1489 938 1552 etquae
970 1496 1097 1536 suas
1120 1483 1440 1552 jamdudum
1472 1488 1685 1543 succisa
1713 1489 1965 1560 perdide-

339 1584 448 1644 rat,
482 1575 697 1632 alienas
742 1575 938 1646 accipit
986 1574 1228 1634 frondes.
1284 1577 1399 1651 (ll)
1440 1578 1596 1636 Alias
1644 1597 1775 1638 aves
1818 1585 1967 1641 clau-

2077 486 2205 527 nem
2255 472 2594 546 viventium,
2651 478 2772 550 (l3)
2826 477 2959 533 olim
3019 480 3363 552 exsdnctas,
3423 472 3708 552 fallacibus

2077 564 2271 632 ramis,
2300 572 2454 637 quasi
2486 572 2738 628 viventes
2766 571 3016 640 imponit.
3050 573 3391 660 Alim‘latent
3419 581 3470 637 in
3492 588 3704 655 caveis;

2077 659 2202 715 alim
2232 663 2387 730 quasi
2429 665 2673 721 viventes
2702 664 2958 720 videntur
2990 666 3042 721 in
3085 659 3274 725 ramis.
3306 671 3565 745 Jungitur
3600 666 3704 737 una

2077 752 2349 823 geminata
2377 754 2561 813 fraude
2581 756 2893 823 calliditas;
2918 768 2966 813 et
2990 757 3106 832 (M)
3129 770 3184 814 ut
3207 759 3390 835 decipi
3406 767 3654 827 vivarum
3672 772 3702 811 ιι

2077 843 2380 901 volantium
2410 848 2735 917 simplicitas
2767 848 2963 919 possit,
2991 864 3127 920 quas
3148 865 3395 912 mortuas
3421 874 3544 916 esse
3570 877 3703 919 eon-

2072 944 2203 1002 stat,
2232 936 2489 995 videntur
2518 941 2746 997 tendere
2777 940 2918 996 colla
2952 956 3075 996 cum
3097 944 3359 1013 vocibus;
3395 960 3449 1005 et
3479 968 3600 1022 quae
3622 955 3703 1010 la-

2073 1037 2187 1084 tent
2217 1028 2270 1083 in
2310 1045 2532 1088 carcere
2580 1049 2705 1101 suo,
2751 1034 2906 1103 quasi
2956 1034 3024 1090 de
3069 1045 3290 1106 gutture
3319 1040 3438 1116 (15)
3476 1055 3699 1104 cantant

2068 1122 2267 1177 alieno.
2300 1122 2449 1181 Inter
2473 1126 2700 1182 alterius
2728 1127 3021 1197 imaginem
3045 1139 3098 1183 et
3127 1131 3357 1189 alterius
3378 1151 3568 1194 vocem
3596 1141 3697 1198 do-

2068 1214 2152 1269 lus
2180 1231 2321 1271 unus
2346 1209 2605 1287 op'eratur
2634 1238 2647 1273 :
2690 1221 2928 1291 captivm
2967 1221 3166 1277 liberas
3191 1227 3437 1295 capiunt,
3467 1244 3521 1285 et
3549 1249 3697 1289 mor-

2069 1316 2176 1363 tuae
2196 1308 2440 1365 viventes
2468 1312 2748 1367 occidunt.
2784 1309 2905 1384 (16)
2933 1312 3092 1369 Tales
3129 1323 3277 1384 sunt,
3310 1334 3451 1389 quos
3486 1332 3578 1377 aut
3607 1339 3697 1381 re-

2068 1400 2433 1472 baptizatioue
2454 1445 2470 1470 ,
2501 1414 2598 1458 aut
2645 1404 2969 1475 poenitentia
3011 1406 3316 1475 sauciastis,
3350 1425 3419 1465 ne
3448 1413 3551 1467 soli
3594 1423 3692 1469 aut

2069 1495 2201 1550 sola:
2230 1497 2457 1566 periisse
2474 1498 2786 1566 videantur,
2817 1498 2958 1554 alios
2989 1498 3073 1555 vel
3104 1500 3240 1557 alias
3265 1516 3453 1560 secum
3511 1507 3689 1578 perire

2072 1605 2271 1661 magno
2299 1591 2483 1648 studio
2515 1602 2569 1649 et
2597 1593 2787 1651 labore
2815 1594 3175 1650 contendunt.

1594 1696 1977 1758 LECTIONES
2018 1703 2441 1764 VARIANTES.

342 1791 350 1850 ξ
410 1789 439 1820 ⁸
474 1785 679 1847 Inmss.
702 1784 755 1837 (Ζ.
783 1790 834 1837 et
858 1786 911 1837 S.
940 1784 999 1837 G.
1019 1784 1233 1852 aucupii.

1996 1824 2045 1883 B

2134 1798 2162 1838 ι)
2195 1799 2249 1849 in
2274 1813 2361 1851 ms.
2387 1802 2439 1851 S.
2469 1800 2526 1853 G.
2554 1802 2732 1853 avium.

1686 1920 2052 1983 VARIORUM
2088 1926 2321 1985 NOTfE.

346 2038 439 2095 Fr.
471 2036 726 2095 Baldulni
752 2036 919 2094 editio
945 2053 980 2093 tt
1007 2038 1264 2110 interjicit
1288 2039 1391 2094 ista
1422 2056 1436 2093 :
1471 2038 1600 2094 1am
1622 2056 1791 2097 meum
1816 2043 1966 2099 debes

350 2111 495 2178 sequi
523 2125 789 2183 errorem,
793 2112 907 2183 jam
933 2109 1084 2183 debes
1119 2109 1668 2183 deserereiveritatem.
1704 2112 1966 2179 Quamdiu

355 2192 404 2235 te
424 2192 583 2246 tenes,
613 2181 709 2234 Itoc
739 2181 926 2248 dicere,
955 2182 1177 2247 imitare,
1210 2194 1316 2237 etc.
1355 2182 1577 2238 lucem.

430 2250 510 2330 (β)
542 2250 644 2330 _Vos
664 2253 782 2306 estis
810 2268 1055 2330 aucupes.
1082 2253 1226 2309 Aves
1252 2268 1509 2330 mortuae,
1534 2254 1602 2308 de
1633 2253 1700 2309 iis
1720 2266 1847 2310 sunt
1877 2272 1967 2313 ac-

356 2322 642 2397 cipiendae,
671 2338 808 2397 quos
833 2322 1296 2394 rebaptizaverant
1323 2344 1336 2378 :
1362 2326 1590 2380 inclusa:
1614 2341 1741 2379 vero
1761 2331 1962 2397 caveis,

356 2394 425 2450 de
445 2394 553 2470 illis
574 2410 714 2465 quos
744 2396 810 2470 ad
833 2397 1207 2470 paenitentiam
1233 2407 1556 2470 eoi-gerant;
1588 2412 1785 2452 sensus
1807 2394 1967 2470 igitur

355 2467 613 2539 est,fcunt
647 2481 744 2535 per
781 2466 972 2522 domos
1023 2468 1235 2523 mittitis
1280 2466 1639 2539 paenitentes,
1665 2466 1849 2536 genus
1883 2481 1968 2525 est

351 2538 565 2606 aueupii
598 2554 613 2591 :
641 2552 765 2592 nam
807 2548 932 2593 sunt
961 2553 1093 2594 aves
1140 2538 1359 2594 inclusa:
1408 2539 1609 2607 quibus
1641 2540 1775 2595 alias
1801 2542 1967 2596 vultis

353 2608 607 2673 allicere;
641 2623 764 2663 cuin
790 2624 920 2665 vero
963 2612 1325 2678 rebaptizalos
1368 2608 1662 2664 ostenditis
1690 2621 1745 2663 ut
1776 2626 1964 2667 eorum

353 2681 604 2754 exemplo
627 2690 845 2754 nostros
871 2680 1165 2754 seducatis,
1198 2693 1320 2735 sunt
1351 2695 1483 2736 aves
1515 2688 1742 2735 mortua:
1766 2685 1965 2754 quibus

359 2752 570 2822 utimini
602 2751 669 2806 ad
694 2752 828 2807 alias
856 2767 983 2807 aves
1008 2753 1318 2822 capiendas.
1355 2756 1591 2807 ALBASP.

428 2821 507 2895 (9)
555 2822 694 2889 Quia
734 2840 836 2878 non
864 2834 938 2879 est
973 2840 1133 2878 unum
1174 2841 1437 2893 aucupum
1482 2838 1641 2895 genus
1669 2823 1801 2877 :alii
1845 2834 1963 2879 sunt

354 2895 440 2965 qui
468 2905 577 2952 arte
606 2895 831 2965 simplici
851 2896 1023 2949 volatu
1051 2896 1369 2950 naturalibus
1404 2894 1567 2949 ramis
1598 2894 1847 2949 insidunt.
1883 2896 1961 2950 Eo

356 2964 479 3036 loci,
505 2966 596 3020 ubi
622 2968 943 3022 asteriseum
977 2966 1130 3036 posui
1152 3008 1167 3030 ,
1208 2967 1419 3021 auctior
1444 2973 1500 3018 et
1527 2966 1845 3033 locupletior
1871 2982 1962 3022 ea-

356 3035 477 3090 dem
511 3036 680 3092 editio
722 3038 804 3091 bis
828 3035 1030 3108 verbis,
1060 3037 1178 3092 altis
1217 3038 1465 3108 fundatas
1508 3036 1770 3090 radicibus
1798 3039 1852 3091 in
1880 3043 1960 3107 fa-

359 3108 487 3161 ciem
516 3109 741 3163 nemoris
766 3107 983 3176 diﬂ'usus
1010 3104 1226 3163 arbores
1243 3117 1441 3176 petunt,
1476 3107 1560 3160 ubi
1598 3123 1712 3161 aves
1741 3104 1962 3176 simplici
1987 3104 2032 3166 C

357 3179 553 3251 volatu,
585 3187 693 3234 etc.
745 3181 969 3251 Corrige
1017 3182 1220 3249 itaque,
1257 3188 1519 3248 quantum
1558 3188 1780 3251 potest,
1828 3179 1961 3233 Bar-

364 3250 530 3323 tltiuin
557 3250 942 3323 corrigentem.
970 3253 1057 3320 qui
1096 3262 1202 3304 rete
1229 3251 1455 3323 simplici
1483 3250 1676 3303 volanti
1712 3253 1955 3306 naturali-

363 3319 458 3374 bus
486 3322 644 3375 ramis
672 3319 913 3376 induunt.
941 3319 1157 3377 lucem.

435 3393 549 3463 (10)
594 3393 843 3448 Arborem
875 3404 1098 3459 portant.
1139 3391 1274 3460 Quia
1304 3406 1489 3447 veram
1528 3390 1825 3448 Ecclesiam
1855 3408 1961 3449 non

364 3460 656 3519 habebant.
686 3465 916 3520 ALBASP.

434 3534 547 3604 (tl)
574 3536 719 3590 Alias
742 3552 858 3590 aves
887 3538 1092 3590 clausas
1119 3545 1288 3605 portat
1316 3536 1370 3590 in
1398 3550 1570 3602 cavea,
1603 3544 1710 3590 etc.
1738 3534 1962 3591 Scribe:

358 3603 505 3659 Alias
525 3603 640 3660 aves
665 3608 870 3661 clausas
894 3617 1065 3675 portat
1085 3603 1142 3662 in
1162 3625 1332 3671 cavea,
1366 3617 1416 3662 et
1440 3609 1713 3661 visceratas
1740 3608 1873 3661 alios
1894 3607 1963 3661 ad

357 3676 632 3749 imaginem
655 3719 669 3740 ,
703 3689 809 3735 etc.
829 3694 952 3748 quae
978 3679 1237 3747 principis
1261 3679 1519 3733 editionis
1548 3677 1815 3749 scriptura
1838 3687 1921 3733 est
1939 3720 1953 3744 ,

357 3748 663 3820 visceratas,
694 3749 747 3804 id
776 3757 859 3804 est
878 3792 894 3815 ,
927 3754 1091 3820 [artas
1116 3758 1172 3804 et
1197 3749 1446 3804 distentas
1474 3766 1493 3803 :
1539 3748 1694 3819 cujus
1736 3758 1958 3804 contra-

357 3818 499 3871 rium
522 3818 621 3884 sit,
650 3818 972 3876 evisceratus.
1007 3820 1201 3876 Notum
1225 3829 1306 3875 est
1330 3822 1509 3877 solere
1538 3818 1615 3874 ita
1634 3834 1763 3876 aves
1788 3830 1842 3875 et
1874 3836 1961 3874 ra-

357 3889 505 3944 riora
532 3892 735 3961 quzcvis
760 3892 1014 3947 animalia
1055 3893 1314 3948 esti-actis
1354 3891 1655 3949 visceribus
1677 3933 1693 3958 ,
1722 3900 1778 3947 et
1808 3892 1957 3946 omni

364 4014 2747 4040 W

2076 2061 2328 2122 corpore,
2350 2050 2465 2104 sola
2494 2049 2638 2121 pelle
2664 2049 2852 2105 relicta
2875 2092 2889 2113 .
2923 2065 3095 2122 eaque
3132 2049 3352 2106 demum
3397 2050 3545 2106 fmno
3588 2059 3683 2107 aut

2077 2117 2305 2193 furfure,
2326 2117 2524 2177 scrutis
2545 2135 2609 2177 ac
2631 2122 2925 2176 titivillitiis
2941 2117 3332 2193 cujuscumque
3355 2124 3573 2193 generis
3595 2138 3683 2179 re—

2079 2190 2220 2258 pleta
2264 2206 2328 2248 ac
2366 2201 2590 2253 extrusa
2612 2234 2627 2257 ,
2671 2190 3017 2250 conservari.
3055 2190 3259 2249 Potest'
3281 2204 3337 2249 et
3362 2190 3681 2249 evisceratus

2078 2261 2226 2317 ferri.
2260 2262 2330 2318 M.
2363 2264 2595 2319 CASAUB.

2150 2355 2264 2426 (Ιὲ)
2314 2355 2497 2411 Portat
2538 2358 2591 2409 in
2623 2373 2797 2411 cavea.
2847 2357 3211 2424 Pmnitentes,
3245 2356 3368 2428 quia
3396 2370 3502 2410 non
3535 2370 3685 2411 com-

2077 2428 2446 2483 municabant.
2482 2430 2713 2482 ALBASP.

2143 2498 2277 2553 Ibid.
2311 2500 2456 2553 Alias
2484 2515 2600 2552 ares
2623 2500 2828 2553 clausas
2856 2508 3026 2567 portat
3057 2500 3110 2552 in
3155 2496 3308 2552 cavea
3328 2540 3344 2564 ,
3375 2507 3422 2551 et
3443 2498 3673 2552 viscera-

2072 2579 2171 2624 tas.
2198 2569 2287 2624 Fr.
2322 2569 2566 2625 Balduini
2594 2569 2760 2623 editio
2786 2585 2823 2622 ιι
2851 2589 2862 2622 :
2892 2567 2956 2622 In
2982 2585 3137 2624 cavea
3158 2571 3424 2623 viscerata.
3452 2567 3679 2623 Videtur

2070 2656 2134 2695 ex
2169 2642 2409 2710 veStigiis
2459 2640 2708 2694 lectionis
2739 2642 2968 2703 vulgata:
3011 2640 3314 2695 faciendum
3347 2658 3359 2693 :
3392 2638 3536 2693 Alias
3562 2654 3679 2694 abes

2069 2711 2269 2766 clausas
2292 2722 2459 2781 portat
2485 2713 2540 2765 in
2563 2728 2747 2777 cavea;
2775 2722 2822 2765 et
2843 2711 2920 2765 bis
2943 2721 3178 2765 careotas.
3213 2710 3468 2765 Barthius
3492 2725 3680 2766 emen-

2068 2782 2158 2837 dat
2185 2800 2198 2836 :
2224 2781 2290 2837 In
2311 2799 2463 2837 cavea
2491 2791 2538 2836 et
2568 2784 2680 2836 visu
2707 2794 2945 2837 cazcatas.
2977 2782 3197 2838 lucem.

2144 2853 2261 2923 (15)
2293 2854 2432 2908 Olim
2459 2854 2754 2908 exstinctos.
2790 2853 3251 2923 Rebaptizatioue.
3282 2854 3508 2907 Ausssr.

2109 2932 2112 2936 “
2147 2923 2277 2998 (14)
2292 2924 2366 2998 Ut
2388 2925 2553 2994 decipi
2574 2926 2805 2998 vivarum
2836 2923 3455 2998 rolanti_mn_simpl_icitas
3491 2923 3673 2998 possit.

2070 2994 2387 3052 Ex'meliori
2417 2995 2717 3064 exemplati
2748 2998 2982 3049 restituit
3014 2994 3101 3049 Fr.
3134 2995 3448 3061 Baldninus,
3480 3002 3538 3048 ut
3583 2994 3676 3049 de-

2066 3069 2172 3138 cipi
2193 3069 2367 3122 avium
2391 3068 2676 3122 volantium
2702 3067 3009 3130 simplicitas
3034 3067 3216 3137 possit.
3253 3064 3468 3121 INCBM‘.

2142 3158 2258 3228 (15)
2291 3156 2506 3213 Cantent
2537 3157 2728 3211 alieno.
2776 3156 2910 3225 Quit
2961 3158 3292 3225 ptenitentes
3322 3158 3373 3211 in
3407 3156 3674 3223 Ecclesia,

2068 3245 2172 3286 nec
2198 3229 2368 3299 loqui,
2397 3244 2497 3284 nec
2517 3230 2809 3299 quidquam
2834 3243 2998 3299 agere
3027 3236 3306 3298 poterant.
3351 3231 3583 3283 ALBASP.

2140 3320 2258 3395 (i6)
2286 3320 2439 3395 Tales
2471 3330 2585 3376 sunt
2607 3337 2734 3390 quos
2757 3331 2845 3374 aut
2872 3321 3291 3395 rebaptizatione,
3314 3328 3419 3376 etc.
3453 3322 3553 3387 Qui
3583 3336 3681 3395 vo-

2140 3339 2258 3395 (ιυ)
2288 3339 2312 3375 ι
2332 3339 2439 3376 otes
2471 3339 2585 3376 sunt
2607 3339 2734 3390 quos
2757 3339 2845 3374 aut
2872 3339 3291 3444 reoapuzattone,
3314 3339 3419 3376 etc.
3453 3339 3553 3387 um
3583 3339 3678 3376 γοα

2072 3393 2146 3448 let
2177 3393 2279 3470 b_o_c
2304 3394 2543 3470 retinere
2567 3432 2581 3456 ,
2630 3408 2725 3462 per
2754 3408 2841 3470 tne
2888 3392 2990 3447 lice
3014 3394 3070 3470 iit
3095 3393 3211 3470 _illi.
3238 3390 3370 3446 Cum
3397 3401 3577 3470 tantoa
3602 3393 3678 3470 de

2071 3464 2288 3534 perditis
2321 3465 2408 3518 hic
2438 3465 2710 3534 loquatur,
2741 3474 2796 3517 et
2821 3465 2872 3517 in
2903 3464 3199 3530 perniciem
3225 3480 3375 3516 suam
3405 3464 3677 3534 seductis,

2070 3533 2304 3605 cumque
2337 3535 2430 3589 lib.
2462 3551 2499 3589 ιι
2540 3535 2604 3587 de
2641 3533 2961 3605 Paenitentia
2979 3538 3214 3589 sauciare
3241 3549 3404 3602 super
3431 3533 3530 3588 liae
3556 3533 3678 3602 ipsa

2072 3622 2131 3663 re
2161 3607 2380 3672 dixerit,
2408 3605 2566 3661 fallor
2588 3614 2681 3659 aut
2708 3606 2794 3659 hic
2817 3607 2981 3660 etiam
3006 3606 3281 3675 sauciastis
3299 3620 3458 3675 quam
3479 3607 3677 3658 socias-

2070 3679 2135 3733 tis
2174 3680 2354 3731 verius
2382 3688 2491 3731 est.
2524 3677 2617 3733 Sui
2663 3689 2843 3731 tamen
2893 3676 3122 3745 quisque
3168 3674 3380 3729 fruatur
3424 3676 3677 3731 libertate

2065 3748 2280 3818 judicii.
2310 3747 2485 3802 Favet
2511 3756 2689 3802 tamen
2719 3747 2874 3802 nobis
2904 3746 3046 3816 quod
3075 3748 3127 3800 in
3161 3747 3403 3818 principe
3430 3747 3677 3803 editione

2068 3816 2342 3873 sauciastis
2389 3833 2497 3873 non
2523 3820 2778 3875 sociastis.
2817 3819 2887 3874 Μ.
2918 3817 3149 3873 (lassus.
3188 3816 3271 3872 lla
3301 3818 3591 3873 restitutum
3613 3835 3675 3872 ex

2068 3907 2197 3945 ιιιεε.

2855 4010 3629 4037 _————_—~

2751 4020 2847 4035 -

1322 4125 1435 4196 99
1486 4119 1566 4196 (ί)
1596 4140 1929 4213 LIBER
2002 4138 2561 4214 SEPTIMUS.
2619 4120 2704 4195 (Ξ)

358 4298 430 4354 In
462 4291 564 4352 'Itoc
605 4300 877 4359 novissimo
922 4300 1054 4355 libro
1089 4301 1394 4368 continetur,
1425 4301 1725 4355 Traditores
1769 4301 1857 4371 qui
1902 4300 1955 4354 in
1985 4299 2153 4372 primo
2183 4298 2357 4353 libello
2387 4298 2478 4352 sub
2508 4297 2795 4352 nominibus
2821 4298 2928 4359 suis
2950 4307 2997 4351 et
3022 4296 3233 4376 locisoet
3275 4295 3681 4367 confessionibus

429 4400 552 4446 sunt
579 4391 932 4461 demonstrati,
962 4409 1065 4448 non
1091 4410 1244 4465 grave
1270 4404 1292 4431 ο
1327 4404 1593 4464 peccatum
1622 4394 1877 4461 habuisse,
1896 4394 1985 4465 qui
2006 4393 2325 4459 necessitate,
2359 4408 2461 4447 non
2483 4392 2744 4448 voluntate
2764 4392 3102 4466 peccaverint,
3128 4390 3259 4446 bono
3285 4391 3496 4457 unitatis
3524 4393 3677 4448 etiam

434 4484 563 4538 tales
609 4484 662 4539 in
690 4486 1047 4540 comnmnione
1088 4484 1251 4557 recipi
1279 4487 1524 4555 potuisse.

433 4621 474 4676 Ι.
520 4619 812 4678 Donatistas
858 4623 1030 4677 minus
1076 4620 1261 4677 noxios
1298 4638 1408 4677 esse
1444 4632 1493 4677 et
1538 4624 1607 4678 ad
1634 4624 1953 4679 communio-
1978 4629 2033 4689 D
2061 4623 2355 4680 Ecelesiam
2394 4622 2839 4690 demonstratam,
2872 4632 2991 4694 post
3040 4622 3286 4693 repulsas
3310 4638 3443 4695 quas
3471 4624 3681 4695 ingere-

352 4731 477 4771 nent
506 4716 712 4788 facilius
736 4717 939 4771 admitti
972 4732 1140 4787 posse,
1173 4733 1324 4786 quam
1370 4734 1545 4772 eorum
1584 4730 1821 4791 parentes
1851 4729 1960 4773 tra-

355 4810 572 4867 ditionis
596 4826 729 4865 reos.
754 4842 824 4853 —
849 4810 978 4867 Post
1008 4809 1321 4867 Traditores
1350 4820 1598 4869 ostensus
1628 4822 1683 4870 et
1720 4822 1962 4869 sanctam

2068 4719 2207 4774 batis
2232 4718 2554 4783 calumnias,
2585 4727 2636 4772 et
2666 4727 2785 4787 pOSt
2829 4726 3043 4787 pet-cata
3074 4725 3271 4779 vestra,
3319 4731 3439 4784 qua:
3484 4731 3513 4769 a
3561 4716 3676 4770 Deo

2073 4814 2345 4885 increpari
2372 4820 2684 4870 meruerunt
2705 4810 2895 4867 ordine
2924 4825 3055 4877 suo;
3089 4819 3141 4865 et
3188 4809 3403 4865 iteratio
3434 4807 3459 4847 ἀ
3491 4823 3679 4865 sacra-

1614 4924 1998 4984 LECTIONES
2034 4925 2241 4983 VARIA
2250 4926 2445 4983 NTES.

426 5023 451 5052 ο
491 5020 543 5070 In
564 5034 656 5071 ms.
682 5021 735 5071 S.
759 5020 819 5073 G.
842 5031 1008 5085 grave.

424 5082 453 5122 εἰ
484 5081 541 5133 In
566 5096 680 5133 mss.
705 5082 758 5136 C.
785 5091 837 5134 et
858 5086 911 5134 S.
941 5082 1002 5133 (ἶ.
1027 5080 1300 5137 traditione.
1323 5081 1380 5132 In
1402 5097 1494 5133 ms.
1513 5084 1567 5133 S.
1593 5084 1651 5134 T.
1677 5083 1880 5137 ratione.
1903 5084 1961 5135 In

353 5160 455 5199 ms.
479 5146 537 5198 Ρ.
562 5147 613 5197 S.
638 5145 869 5199 oratione.
888 5145 988 5196 Nos
1009 5158 1074 5196 ex
1094 5147 1376 5210 conjectura
1399 5148 1721 5209 restituimus,
1747 5146 1960 5209 iteratio;

842 5031 1008 5085 graue.

2065 5034 2178 5071 nam
2198 5023 2278 5072 hic
2294 5021 2600 5083 singulorum
2622 5021 2859 5071 librorum
2877 5024 3163 5084 argumenta
3185 5022 3425 5084 percurrit
3441 5019 3669 5084 Optatos,

2069 5092 2121 5157 et
2143 5084 2473 5157 designat‘bis
2497 5084 2661 5157 verbis
2679 5091 3023 5154 argumentum
3048 5083 3155 5132 libri
3174 5084 3355 5147 quinti,
3382 5083 3431 5133 in
3453 5083 3552 5146 quo
3571 5083 3675 5144 agi-

2070 5152 2149 5195 tur
2169 5146 2234 5195 de
2252 5145 2503 5197 iteratione
2521 5145 2758 5209 baptismi.

1696 5250 2063 5310 VARIORUM
2098 5251 2332 5310 NOTJE.

433 5347 513 5422 (Ι)
554 5345 872 5422 Suspicatus
898 5361 1017 5422 sum
1043 5345 1332 5422 aliquando
1358 5344 1506 5400 hunc
1536 5344 1756 5422 _Libru_m
1777 5346 1868 5415 qui
1899 5357 1953 5403 et

354 5422 416 5478 in
442 5415 677 5475 editione
702 5417 1022 5475 Germanica
1048 5415 1286 5473 Coehlzci
1336 5417 1644 5487 praeteritus
1685 5415 1804 5483 fuit,
1847 5433 1951 5472 non

355 5507 485 5548 esse
505 5490 706 5559 Optati,
727 5505 848 5543 cum
879 5490 1237 5560 Hieronymus
1263 5487 1477 5560 nonnisi
1504 5504 1600 5544 sex
1621 5487 1789 5543 libros
1801 5488 1869 5543 ab
1888 5504 1955 5545 eo

351 5558 598 5631 scriptos
626 5575 746 5615 esse
772 5560 992 5621 scribat.
1015 5558 1227 5629 et'ipse
1271 5558 1497 5627 Optatos
1528 5560 1691 5631 libat,
1738 5561 1952 5616 nonnisi

356 5629 763 5691 sex'librorum
807 5638 1180 5701 argumentum
1213 5638 1500 5701 proponat.
1536 5629 1651 5701 Sed
1695 5644 1815 5683 cum
1869 5631 1955 5687 hic

359 5705 530 5781 Liber
548 5701 808 5781 septimus
838 5699 1165 5781 reperiretur
1190 5699 1251 5777 ill.
1270 5701 1440 5781 tribus
1458 5699 1653 5781 quibus
1679 5714 1807 5781 usus
1833 5714 1953 5781 sum

364 5768 751 5843 'sttnnttscfiptil
786 5768 1212 5843 exemplaribus,
1241 5768 1299 5829 'et
1325 5768 1495 5843 stytus
1523 5778 1719 5842 resque
1756 5778 1952 5829 contra3

2064 5349 2198 5419 niat,
2236 5363 2527 5421 agnoscam
2554 5364 2675 5405 esse
2704 5348 2920 5419 Optati:
2956 5365 3142 5406 verum
3167 5351 3342 5407 dicam
3385 5365 3508 5406 esse
3537 5350 3671 5406 scri-

2062 5430 2211 5493 ptum
2236 5432 2355 5493 post
2383 5421 2560 5477 editos
2589 5436 2683 5476 se:
2709 5422 3037 5492 superiores.
3066 5423 3192 5479 H:ee
3222 5422 3314 5479 Fr.
3351 5422 3665 5479 Balduinus.

2134 5564 2216 5635 (2)
2256 5564 2408 5621 Liber
2434 5566 2700 5634 septimus.
2730 5564 2805 5620 De
2835 5565 2935 5622 hoc
2960 5495 3381 5633 Lilnl'iitinprtimo
3400 5563 3526 5635 quid
3545 5577 3668 5635 sen-

2065 5633 2306 5692 tiendum
2353 5633 2634 5703 vide'qum
2684 5635 2919 5692 diximus
2969 5637 3056 5691 tibi
3104 5636 3171 5689 ile
3222 5633 3435 5704 scriptis
3461 5633 3664 5704 Optati.

3082 5706 3159 5759 Du
3188 5705 3303 5759 Pls.
