4152 6166
402 251 546 308 1085

1162 248 1250 302 nn
1293 230 1671 302 SClllSMA'l‘E
1715 223 2280 296 DONATISTARUM
2317 231 2516 298 Lintea
2556 233 2925 325 SEPTIMUS.

3611 212 3781 296 ipse

393 370 498 424 ista
536 363 745 431 iecisse,
773 364 884 433 jam
934 379 964 418 e
1012 355 1151 417 vivis
1197 363 1564 421 excesserant,
1593 343 1748 432 vobis
1781 343 1946 433 quasi
1992 358 2016 385 ἰ
2046 339 2098 412 Α
2129 349 2280 410 nimo
2311 365 2392 413 est
2414 355 2717 411 animarum
2750 369 2764 406 :
2795 349 2937 414 unus
2968 345 3226 406 dominus
3255 351 3371 422 agri
3407 349 3452 419 τ,
3494 347 3585 408 ubi
3624 367 3746 411 nata

392 458 793 516 hereditariam
813 447 1082 510 maculam
1113 452 1502 521 relinquentes,
1527 429 1680 517 quam
1698 444 1861 515 prius
1887 429 2026 496 Dens

2128 458 2258 501 sunt
2289 445 2490 502 zizania
2519 466 2530 500 :
2563 437 2673 501 duo
2708 448 2839 498 sntit
2881 447 3134 497 ancteres
3161 445 3431 499 seminum
3457 491 3470 511 ,
3499 437 3595 500 Sed
3619 453 3747 511 ager

391 569 424 609 a
455 551 607 607 vobis
635 547 965 620 providentia
997 557 1094 601 sua
1121 539 1200 600 sic
1227 540 1405 605 diluit,
1434 533 1556 593 dum
1591 541 1730 592 inter
1755 535 1947 607 patres
1971 529 2024 589 et
2126 546 2292 595 nuum
2329 533 2606 597 dominum
2639 529 2848 599 habet;
2888 531 3065 604 ipsum
3110 529 3282 591 Deum
3319 533 3629 592 Deminum.
3678 533 3746 592 ll-

393 639 537 700 ﬁlios
563 644 722 714 (sicut
743 655 905 711 supra
936 633 1197 710 diximus)
1227 635 1530 705 separavit.
1563 631 1722 704 Igitur
1749 629 1880 703 quia
1915 629 2021 684 tra-

386 734 528 793 dere
558 737 832 805 peccatum
881 740 983 798 est,
1015 731 1236 785 videant
1273 737 1531 793 parentes
1565 725 1752 792 vestri,
1803 717 1932 794 quid
1965 721 2016 776 in

385 823 597 900 judicio
628 813 720 880 Dei
749 823 1111 894 respondeant
1137 837 1151 876 :
1176 826 1430 876 vestrum
1464 825 1640 872 tamen
1673 815 1819 889 (quia
1851 811 2016 868 baliis

397 918 732 990 temporibus
755 918 905 989 estis)
938 923 1215 987 peccatum
1240 922 1370 969 esse
1397 927 1501 966 non
1531 919 1723 981 potest.

473 1001 538 1069 ll.
581 1009 647 1066 In
683 1010 918 1065 Ecclesia
947 1007 1040 1062 Dei
1069 1025 1220 1079 usque
1250 1003 1327 1058 ad
1368 1004 1506 1057 diem
1528 1004 1716 1075 judicii
1766 1003 1923 1057 bonos
1968 1001 2014 1054 et

389 1106 561 1160 'malos
611 1103 850 1171 reperiri,
901 1110 950 1156 et
1002 1099 1091 1153 hos
1133 1115 1245 1153 esse
1297 1093 1615 1150 tolerandos.
1650 1125 1719 1135 -—
1748 1094 1880 1149 lude
1932 1093 2016 1147 est

390 1197 534 1270 quod
579 1209 676 1253 vos
713 1192 1029 1265 jamdudum
1057 1193 1109 1246 in
1144 1187 1590 1246 communionem
1631 1195 1870 1244 nostram
1901 1175 2013 1257 (15)

385 1291 658 1348 γυιιιὶιιιιιὲ
703 1287 971 1356 recipere,
1007 1289 1126 1356 quia
1172 1298 1267 1338 vos
1311 1279 1404 1336 illo
1441 1289 1699 1351 tempore
1739 1297 1844 1336 non
1891 1289 2015 1350 pec-

381 1389 567 1452 castis,
591 1381 692 1440 Sed
733 1384 1002 1452 principes
1026 1375 1186 1436 vestri
1221 1390 1267 1433 υ.
1304 1367 1413 1431 Nec
1436 1376 1598 1442 quasi
1621 1389 1688 1430 ex
1716 1383 1832 1429 toto
1860 1383 2017 1429 sanc-

375 1489 466 1540 tus
497 1477 659 1536 debet
691 1475 822 1548 quis
850 1477 917 1533 de
947 1477 1115 1530 altero
1142 1469 1382 1543 judicare
1412 1486 1426 1521 :
1459 1469 1594 1536 quia
1637 1469 1895 1537 scriptum
1933 1475 2017 1523 est

372 1574 429 1633 in
456 1567 789 1640 Evangelia,
819 1568 1034 1623 UltriSto
1064 1566 1278 1620 dicente
1304 1579 1316 1617 ε
1349 1557 1536 1614 Nolite
1547 1560 1812 1633 judicare,
1845 1575 1906 1612 ne
1920 1557 2012 1631 jus

371 1663 569 1721 dicetur
608 1661 682 1715 de
735 1659 878 1714 vobis
905 1651 1125 1730 (Matth.
1173 1665 1271 1720 vit,
1304 1654 1389 1721 1):
1425 1651 1670 1706 maxime
1700 1659 1821 1705 'cnm
1853 1663 2014 1705 nemo
2056 1718 2064 1728 Ι,

2122 631 2228 690 lius
2259 641 2339 691 est
2369 646 2508 690 terra
2542 653 2554 687 τ
2603 623 2758 688 illius
2785 638 2911 683 sunt
2939 627 3077 682 bona
3109 630 3316 685 semina
3354 647 3366 684 :
3399 631 3541 686 illius
3569 641 3650 686 'e.~t
3689 631 3744 685 et

2122 725 2324 798 pluvia.
2356 725 2483 783 ld‘eo
2509 742 2603 781 vos
2635 719 2916 778 adductos
2941 723 3183 792 recipere
3208 723 3260 777 in
3293 725 3495 779 unitate
3513 731 3742 779 consen-

2120 813 2321 885 simus;
2353 817 2478 890 qula
2510 819 2670 874 nobis
2715 829 2828 869 non
2862 807 2989 869 licet
3016 813 3100 870 vel
3132 827 3410 886 Separare,
3453 817 3533 872 vel
3568 815 3742 884 repel:

2119 906 2280 970 lere:
2332 913 2578 984 quamvis
2628 913 2959 982 peccatores
3009 908 3060 961 in
3111 923 3221 964 uno
3271 924 3400 979 agro
3455 909 3736 965 nobiscum

2119 1005 2298 1072 natos,
2332 1016 2435 1060 una
2465 999 2674 1075 pluvia,
2707 999 2814 1055 hoc
2838 1009 2943 1067 est,
2976 1007 3082 1055 uno
3105 1001 3430 1072 baptismate
3463 999 3733 1056 nutritus:

2118 1091 2388 1170 quomodo
2411 1099 2520 1150 non
2553 1094 2712 1149 licuit
2737 1087 3002 1161 apostolis
3038 1091 3104 1147 de
3137 1093 3316 1147 tritico
3341 1093 3546 1148 zizauia
3573 1103 3730 1163 sepa-

2115 1184 2281 1246 rare:
2330 1183 2452 1260 quia
2486 1181 2770 1259 separatio
2801 1177 2919 1241 sine
2951 1187 3283 1241 exterminio
3315 1183 3432 1242 lieri
3481 1203 3587 1241 non
3640 1187 3738 1257 'po-

2119 1293 2226 1341 test
2257 1302 2269 1338 :
2304 1299 2372 1359 ne
2413 1273 2542 1338 dum
2582 1275 2845 1337 evellitur
2874 1279 3017 1349 quod
3051 1287 3186 1348 opus
3215 1287 3320 1333 neu
3369 1285 3472 1344 est,
3507 1279 3732 1333 concul-

2118 1388 2273 1435 cetur
2303 1375 2444 1447 quod
2487 1387 2622 1446 opus
2653 1383 2758 1430 est.
2795 1364 3004 1428 Pariter
3027 1369 3188 1442 jussit
3215 1374 3463 1427 Christus
3510 1373 3561 1427 in
3598 1379 3732 1444 agro

2119 1485 2218 1526 suo
2267 1483 2363 1540 per
2419 1473 2592 1524 totum
2637 1462 2826 1522 orbem
2868 1469 3176 1533 terrarum,
3228 1467 3280 1520 in
3331 1479 3436 1537 quo
3479 1475 3563 1521 cst
3624 1469 3730 1524 una

2121 1561 2399 1628 Ecclesia,
2433 1560 2485 1618 et
2537 1553 2654 1635 (15)
2708 1575 2804 1616 sua
2851 1560 3058 1615 semina
3119 1573 3372 1615 crescere
3418 1563 3472 1613 et
3524 1555 3724 1615 aliena.

2121 1655 2234 1727 (16)
2287 1645 2415 1709 i’ost
2443 1655 2719 1709 crementa
2751 1647 3080 1717 communia,
3115 1657 3383 1705 Venturus
3423 1657 3505 1704 est
3532 1643 3724 1720 iudicii

369 1765 444 1815 cx
491 1757 598 1813 toto
637 1759 881 1807 sanctus
935 1749 1131 1820 poterit
1169 1743 1424 1800 inveniri.
1474 1741 1612 1797 Nam
1656 1741 1698 1796 si
1751 1749 1876 1796 sunt
1919 1745 2009 1812 qui
2043 1733 2087 1800 B
2116 1749 2265 1815 dies,
2300 1739 2389 1818 qui
2421 1747 2615 1802 messis
2657 1755 2735 1800 ‘eSt
2770 1739 3095 1808 animarum,
3128 1735 3344 1798 sedebit
3370 1737 3531 1811 judex
3559 1735 3730 1797 Filius

372 1850 585 1923 pussint
626 1855 752 1899 n‘ou
785 1835 989 1896 habere
1038 1845 1277 1910 peccata,
1311 1835 1646 1889 mentiuntur
1677 1835 1728 1888 in
1761 1837 2007 1891 oratione

376 1935 686 2002 Dominica,
740 1938 786 1993 si
817 1937 934 1990 sine
979 1939 1138 1989 causa
1171 1925 1561 2000 indulgentiam
1598 1927 1890 1999 postulant,
1919 1925 2004 1982 di-

377 2033 569 2092 ceu’tes
595 2023 712 2085 Ded
747 2018 894 2082 Patri
925 2044 936 2079 :
975 2016 1187 2078 Dimitte
1212 2023 1356 2076 nobis
1389 2023 1618 2090 peccata,
1661 2020 1793 2073 sicut
1835 2029 1880 2073 et
1913 2027 2004 2073 nos

379 2121 690 2181 dimittimus
938 2111 1254 2171 debitoribus
1298 2113 1485 2167 nostris
1529 2108 1748 2182 (Matth.
1793 2125 1868 2177 γι,
1911 2109 2003 2176 ii;

378 2219 518 2275 an.
560 2231 634 2284 xi,
689 2207 781 2286 it):
829 2211 953 2267 cum
995 2207 1231 2266 Joannes
1289 2203 1597 2277 Apostolus,
1650 2215 1697 2259 et
1759 2205 2000 2260 omnium

378 2307 755 2367 eonscietitias
785 2295 1000 2376 prodat,
1032 2305 1087 2358 et
1119 2315 1271 2356 suam
1321 2296 1560 2369 resignet
1591 2295 1618 2334 ά
1650 2293 1733 2352 bis
1775 2293 1960 2353 verbis
1987 2317 1998 2352 :

381 2399 446 2460 Si
469 2402 780 2464 disci-"iuius,
825 2389 1020 2468 inquit,
1049 2394 1288 2468 quoniam
1316 2404 1582 2463 peccatum
1606 2397 1707 2444 non
1735 2389 1997 2458 habemus,

381 2506 477 2553 nos
532 2495 676 2565 ipsos
751 2483 1053 2563 decipimus,
1103 2498 1150 2543 et
1223 2488 1409 2541 veritas
1455 2487 1508 2539 in
1564 2483 1707 2539 nobis
1764 2493 1864 2538 non
1925 2489 1999 2539 est

385 2591 431 2659 (l
478 2585 643 2644 Joan.
675 2589 716 2651 i,
749 2585 837 2654 8):
869 2579 1023 2656 cujus
1063 2583 1192 2640 dicti
1237 2581 1504 2636 rationem
1536 2583 1586 2634 in
1629 2585 1820 2649 quarto
1860 2576 1999 2637 libro

379 2669 736 2739 inanilestios
777 2677 1210 2748 esplanavimus.
1257 2673 1364 2730 Sed
1400 2671 1485 2729 fac
1514 2681 1568 2728 et
1614 2672 1826 2742 aliquos
1876 2675 1999 2729 esse

378 2777 501 2829 tota
533 2760 828 2827 Sanetitatc
867 2770 1157 2840 perfectos,
1192 2773 1298 2822 non
1343 2766 1470 2822 licet
1502 2775 1557 2820 ut
1587 2761 1695 2820 sint
1731 2767 1849 2820 sine
1891 2757 2000 2820 ira-

381 2863 584 2932 tribus,
619 2861 710 2935 qui
749 2879 816 2918 ne
845 2859 1200 2933 repellantur,
1242 2859 1566 2931 Evangelica
1613 2867 1885 2930 prarcepta
1914 2874 1999 2914 re-

379 2959 647 3023 clamant,
681 2951 876 3026 quibus
900 2948 1228 3010 deseribitur
1257 2946 1375 3025 (l4)
1410 2963 1538 3024 ager
1568 2963 1591 2989 θ
1622 2953 1709 3021 qui
1743 2948 1823 3006 est
1851 2962 1996 3006 totus

379 3045 558 3117 orbis,
587 3047 642 3104 in
669 3051 778 3120 quo
801 3058 882 3103 est
910 3042 1176 3114 Ecclesia,
1208 3051 1259 3102 et
1285 3047 1585 3103 seminator
1609 3037 1880 3111 Christus,
1903 3041 1992 3117 qui
2023 3097 2040 3120 ε

379 3150 658 3215 praecepta
692 3139 784 3196 dat
806 3139 1085 3195 Salutaria.
1105 3137 1145 3194 E
1167 3141 1463 3203 contrario,
1496 3138 1657 3191 homo
1687 3141 1770 3191 est
1793 3137 1988 3203 malus,

379 3233 434 3292 id
469 3245 554 3292 est
583 3230 857 3300 diabolus,
907 3231 996 3304 qui
1031 3239 1137 3288 non
1183 3233 1238 3286 ln
1281 3231 1419 3294 luce,
1470 3227 1564 3285 Sed
1601 3231 1694 3300 per
1740 3225 1992 3286 tenebras

381 3327 619 3383 Seminat
653 3323 958 3396 importuna
989 3321 1212 3396 peccata
1245 3339 1258 3377 :
1289 3319 1336 3378 ei
1376 3325 1428 3378 ili
1470 3331 1578 3377 tino
1605 3317 1734 3392 agro
1767 3329 1996 3378 nascun-

381 3432 472 3474 tur
499 3420 713 3475 diversa
744 3419 981 3482 semina;
1010 3419 1152 3472 sicut
1183 3415 1237 3470 in
1271 3411 1513 3472 Et:clrsi:i
1543 3431 1648 3470 non
1679 3425 1761 3470 eSt
1799 3411 1992 3472 similis

381 3514 540 3566 turba
593 3513 921 3564 animarum.
973 3509 1115 3580 Ager
1171 3505 1401 3578 suscipit
1449 3511 1668 3577 semina
1713 3509 1852 3564 bona
1905 3509 1985 3566 vel

379 3600 519 3652 mala
547 3615 559 3651 :
585 3608 669 3652 est
697 3597 983 3651 diversitas
1006 3594 1304 3659 seminum;
1336 3595 1432 3652 sed
1465 3606 1680 3652 creator
1701 3599 1840 3655 tinus
1864 3607 1982 3657 oni-

2112 1836 2337 1913 Dei,qiii
2368 1839 2847 1912 agnomitqdidest
2869 1851 3023 1893 suum
3054 1833 3258 1907 etquid
3280 1827 3544 1890 alienum.
3573 1830 3728 1890 Illius

2109 1931 2216 1992 erit
2244 1923 2448 2005 eligere
2495 1933 2623 2005 quid
2669 1927 2865 1987 con’dat
2898 1921 2956 1985 in
3005 1929 3232 1996 horreo,
3280 1941 3339 1986 et
3378 1927 3506 2000 quid
3550 1921 3728 1984 tradat

2106 2013 2360 2084 ineundio
2393 2046 2404 2081 :
2437 2031 2571 2096 quos
2617 2019 2682 2080 ad
2731 2021 3076 2080 interminata
3117 2031 3395 2078 tormenta
3442 2011 3724 2079 destinet:

2104 2131 2155 2177 et
2174 2113 2366 2192 quibus
2394 2119 2656 2190 promissa
2686 2109 2910 2189 praemia
2941 2119 3319 2186 repraesentet.
3348 2115 3727 2186 Agnoscamus

2105 2208 2205 2267 nos
2232 2226 2423 2267 omnes
2478 2203 2728 2265 homines
2759 2223 2881 2264 esse
2910 2228 2923 2260 :
2976 2207 3134 2262 nemo
3163 2207 3264 2261 sibi
3300 2211 3530 2278 usurpet
3556 2203 3725 2263 divini

2098 2295 2284 2376 judicii
2318 2305 2667 2374 potestatem.
2717 2297 2831 2374 (l'i)
2872 2293 3005 2355 Nam
3047 2301 3090 2354 si
3130 2297 3232 2355 sibi
3277 2311 3455 2356 totum
3489 2299 3726 2356 vindicet

2103 2391 2278 2467 quivis
2309 2391 2631 2468 Episcopus,
2659 2385 2870 2450 dicatur
2890 2393 3017 2464 quid
3047 2386 3099 2448 iii
3129 2394 3339 2462 judicio
3369 2403 3592 2450 acturus
3638 2389 3724 2448 est

2101 2489 2384 2547 Christus?
2419 2491 2550 2543 satis
2597 2489 2670 2543 sit
2697 2480 2925 2552 limninl,
2973 2485 3016 2540 si
3064 2486 3130 2541 de
3179 2499 3413 2555 peccato
3454 2504 3554 2544 suo
3593 2483 3724 2542 reus

2101 2591 2207 2638 ιιοιι
2257 2579 2347 2648 sit,
2389 2587 2544 2646 quam
2590 2585 2648 2634 ιιι
2692 2577 2760 2634 de
2808 2576 2984 2633 alieno
3028 2570 3195 2648 iudex
3245 2594 3374 2634 esse
3425 2579 3722 2635 desideret.

2100 2666 2372 2732 Prolessio
2412 2665 2650 2743 denique
2679 2680 2857 2724 nostra
2884 2679 2969 2725 est
2996 2666 3136 2725 bauo
3181 2667 3332 2736 pacis
3365 2683 3464 2725 vos
3494 2687 3599 2726 non
3631 2687 3720 2725 re-

2099 2767 2303 2839 pellere
2339 2775 2383 2822 κ.
2418 2765 2581 2821 Nefas
2605 2773 2690 2819 est
2712 2762 2877 2823 enim.
2907 2772 2962 2816 ut
2988 2759 3238 2831 Episcopi
3270 2759 3541 2818 faciamus
3574 2757 3718 2832 quod

2099 2857 2349 2930 Apostoli
2385 2867 2492 2912 non
2522 2859 2786 2919 iecerunt,
2815 2855 2902 2925 qui
2931 2854 3179 2924 permissi
3206 2865 3316 2909 non
3348 2863 3479 2910 sunt
3523 2855 3607 2910 rel
3633 2869 3720 2910 sc-

2099 2951 2242 3007 niiua
2273 2959 2550 3020 separare,
2582 2950 2664 3004 vel
2690 2949 2758 3003 de
2785 2945 2967 3002 tritico
2995 2946 3200 3002 zizauia
3231 2945 3502 3003 evellere.

2171 3043 2257 3101 III.
2303 3043 2554 3113 Exemplo
2582 3041 2800 3115 apostoli
2831 3035 2975 3095 Petri
3023 3041 3098 3096 uti
3139 3047 3289 3105 posse
3318 3037 3630 3097 Donatistas
3664 3053 3720 3097 ut

2100 3139 2173 3195 eis
2200 3137 2349 3193 detar
2375 3137 2537 3190 venia.
2564 3166 2635 3176 —
2664 3133 2816 3202 Quod
2849 3135 2892 3188 si
2945 3133 3012 3189 de
3044 3131 3378 3204 recipiendis
3421 3135 3578 3190 vobis
3606 3134 3713 3190 Ca-

2098 3230 2296 3286 tholica
2325 3227 2620 3292 dubitaret,
2647 3227 2827 3283 nonne
2849 3239 2942 3281 vos
2965 3221 3226 3282 debuistis
3248 3225 3475 3281 unitatis
3494 3223 3713 3297 assequi

2096 3323 2364 3380 formam?
2393 3321 2488 3378 sed
2536 3321 2782 3392 exempla
2819 3323 2869 3378 in
2905 3323 3200 3393 Evangelia
3230 3319 3372 3378 lecta
3406 3341 3714 3395 proponere

2099 3413 2372 3481 uoluistis,
2398 3413 2455 3470 ut
2494 3425 2577 3471 est
2615 3417 2774 3471 lectio
2812 3415 2879 3472 de
2911 3415 3140 3486 persona
3192 3413 3497 3471 beatissimi
3529 3417 3708 3485 Petri;

2097 3527 2160 3565 ex
2199 3527 2324 3580 qua,
2361 3502 2474 3582 (18)
2505 3503 2676 3563 forma
2708 3505 2928 3563 ttnilatis
2983 3507 3280 3563 retinendi-
3318 3507 3403 3563 vel
3452 3497 3712 3564 iacienda:

2095 3605 2370 3673 descripta
2424 3601 2706 3659 recitatur.
2753 3593 3013 3672 Equidem
3060 3596 3259 3656 malum
3293 3612 3377 3656 est
3405 3611 3594 3657 contra
3623 3602 3707 3656 iu-

1639 3759 2020 3834 LEC'l‘lONES
2058 3761 2479 3821 VARIANTES.

449 3901 474 3930 ⁸
513 3899 668 3950 Deest
695 3899 742 3947 in
767 3903 856 3948 ms.
883 3897 934 3948 S.
963 3896 1022 3948 G.
1359 3953 1364 3958 ,

443 3960 472 4000 b
508 3962 565 4028 tu
586 3975 676 4028 ms.
703 3961 755 4010 S.
784 3962 842 4028 (ἢ
867 3961 1042 4024 quiat).
1074 3959 1130 4009 I'n
1149 3959 1399 4028 ms._S._T.
1422 3960 1537 4028 quia
1560 3961 1636 4012 ab.

447 4029 469 4055 υ
510 4024 600 4088 llic
643 4026 692 4072 in
730 4025 876 4072 editis
911 4030 1122 4088 excepta
1165 4024 1388 4088 Balduiui
1428 4024 1672 4082 editione,
1699 4027 1984 4088 inseruntur

381 4097 489 4137 tres
513 4085 659 4153 lineae
684 4100 794 4153 quae
821 4100 915 4134 non
942 4083 1112 4153 extant.
1136 4088 1184 4134 in
1211 4087 1446 4153 mssaﬂas
1471 4089 1623 4138 babes
1642 4089 1688 4137 in
1713 4083 1986 4153 appt-udice

377 4163 490 4199 cum
513 4149 622 4197 aliis
645 4149 986 4198 additameutis
1016 4148 1072 4196 ad
1098 4151 1285 4198 huncce
1320 4148 1517 4199 librum.

378 4277 408 4325 α
444 4209 490 4322 dl
509 4211 565 4259 lu
588 4225 698 4260 utss.
723 4210 776 4262 C.
802 4219 855 4260 et
875 4211 930 4261 S.
955 4210 1012 4262 G.
1039 4208 1292 4274 designet;
1316 4213 1403 4261 sed
1427 4212 1638 4277 resignet
1670 4216 1828 4275 magis
1863 4228 1986 4278 qua-

417 4287 466 4323 ra
497 4311 508 4322 .

417 4281 508 4323 rat.

450 4339 473 4366 ε
509 4334 649 4384 Hunc
674 4334 830 4384 locum
851 4337 1161 4384 restituimus
1186 4347 1248 4382 ex
1274 4348 1388 4384 mss.
1409 4337 1461 4387 S.
1481 4335 1539 4384 Τ.
1561 4345 1613 4385 et
1635 4337 1691 4386 P.
1718 4337 1771 4386 S.
1798 4337 1855 4386 In
1878 4341 1988 4389 aliis

378 4412 495 4448 mss.
528 4405 580 4448 et
603 4399 651 4448 iu
679 4398 826 4447 editis
848 4405 1084 4460 corrupte
1108 4395 1368 4447 admodum
1409 4397 1614 4462 legitur,
1642 4395 1988 4462 declamantes;

2093 3899 2354 3967 Scriptura
2377 3899 2854 3967 ηιιιηϋιηῂιιίεέιίθεῖ’ἐ

2161 3958 2292 4014 τἸιει
2331 3965 2377 4012 in
2412 3967 2525 4015 mss.
2569 3963 2622 4013 S.
2660 3961 2718 4014 Τ.
2748 3958 2802 4015 Et
2834 3965 2890 4015 Ρ.
2931 3965 2984 4014 S.
3013 3961 3068 4013 In
3093 3977 3206 4016 mss.
3248 3961 3298 4014 C.
3325 3971 3376 4013 et
3399 3963 3450 4013 S.
3476 3963 3534 4013 [ὲ.
3569 3967 3701 4015 Unus

2090 4027 2275 4092 domipt'
2298 4035 2434 4092 ager.

2159 4091 2184 4131 Β
2222 4089 2274 4150 lu
2296 4084 2410 4150 uiss.
2439 4088 2490 4139 (Σ.
2521 4095 2572 4137 et
2594 4088 2644 4136 S.
2675 4089 2734 4137 G.
2765 4089 2934 4138 bonum
2959 4086 3096 4150 pacis
3118 4101 3210 4138 non
3232 4084 3484 4150 repellere.
3515 4087 3567 4135 lu
3594 4090 3699 4150 edi-

2159 4102 2184 4131 ι
2223 4102 2274 4139 ιιι
2296 4102 2410 4137 mss.
2439 4102 2490 4139 ιι.
2521 4102 2572 4137 et
2594 4102 2644 4136 δ.
2675 4102 2734 4137 u.
2765 4102 2934 4138 vanum
2959 4102 3096 4150 poets
3118 4102 3210 4138 non
3232 4102 3286 4136 re
3305 4102 3484 4136 ,‘euere.
3516 4102 3567 4135 tu
3594 4102 3699 4138 eut-

2093 4155 2158 4202 tis
2183 4149 2262 4200 hic
2301 4149 2514 4199 habetur
2543 4152 2689 4212 :Non
2721 4152 2877 4201 solum
2910 4163 2990 4200 eos
3029 4161 3120 4212 non
3145 4102 3401 4212 repellere,
3445 4149 3532 4198 sed
3554 4147 3700 4212 etimit

2093 4219 2314 4276 parentes
2340 4218 2534 4271 vestros,
2549 4275 2553 4276 ί
2570 4211 2613 4263 si
2635 4223 2804 4262 eorum
2835 4210 3447 4276 temporibus(caittiugeret
3471 4219 3515 4276 et
3539 4210 3699 4261 imitus

2091 4271 2233 4387 feret
2255 4275 2426 4324 bonum
2446 4275 2581 4338 pacis
2614 4287 2707 4324 non
2730 4271 2966 4336 repellere
2988 4286 3004 4323 :
3026 4275 3114 4321 sed
3138 4275 3239 4322 haec
3268 4271 3447 4322 desunt
3471 4274 3516 4319 iu
3541 4276 3697 4321 υιιιιιῐ-

2127 4353 2184 4387 us
2206 4351 2322 4386 mss.
2349 4345 2400 4386 et
2425 4339 2474 4386 in
2499 4339 2652 4387 prima
2687 4337 2901 4387 editione
2939 4336 3162 4386 Balduiui
3179 4375 3192 4387 .
3219 4334 3546 4387 videnturque
3572 4337 3696 4383 asci-

2127 4353 2184 4388 us
2206 4351 2322 4386 mss.
2349 4345 2400 4386 et
2425 4334 2474 4386 in
2498 4339 2652 4400 prima
2687 4334 2901 4387 editione
2939 4336 3162 4386 Balduiui
3179 4375 3192 4395 ,
3219 4334 3546 4398 videnturque
3572 4337 3696 4383 asci-

2089 4402 2213 4451 ιιιιιι.

1701 4527 1788 4583 VA
1801 4527 2064 4586 RIORUM
2102 4525 2334 4584 NOTIE.

383 4689 489 4745 reri
523 4701 630 4752 me.
650 4685 1078 4763 _Ite_impfud9"_li
1104 4697 1156 4740 θι
1183 4689 1399 4763 incauto
1425 4669 1501 4740 illi
1524 4675 1640 4741 haec
1667 4685 1988 4763 exciderint,
2016 4693 2071 4754 D
2093 4699 2243 4746 certe
2269 4691 2493 4747 verbum
2517 4687 2624 4748 bon
2652 4701 2757 4760 est,
2790 4700 2949 4763 quem
2975 4693 3255 4762 scripsisse
3283 4690 3414 4746 mihi
3457 4699 3690 4758 constat,

425 4774 506 4816 uze
536 4759 778 4813 s:evioris
807 4755 1076 4814 e'Xaminls
1102 4760 1452 4812 acrimoniam
1481 4773 1621 4828 a-gre
1661 4755 1984 4816 sustineant.

425 4778 506 4816 ιιω
536 4778 778 4813 διυγιυιῚδ
807 4778 1076 4814 εχειιηιιιιε
1102 4778 1452 4812 ιιοτιιιιιιιιιεηη
1481 4778 1621 4828 a-gre
1661 4778 1763 4813 SllSl

382 4778 562 4900 auare
601 4831 737 4885 banc
769 4831 888 4885 aliis
919 4829 1264 4884 Provinciam
1295 4831 1543 4900 relinquo
1573 4830 1763 4884 libens.

1371 4899 1440 4956 M.
1457 4899 1700 4956 Cissus.

454 4973 581 5045 (15)
624 4973 889 5028 Voluimus
930 4972 1174 5045 recipere.
1209 4963 1398 5028 Eidem
1443 4968 1731 5043 obieetioni
1761 4983 1986 5042 respon-

379 5037 503 5101 (ινιτ
539 5037 581 5102 si
628 5061 816 5099 sumus
863 5037 1178 5098 traditurum
1222 5045 1338 5113 lilii,
1383 5051 1478 5100 "cur
1510 5037 1669 5100 vultis
1702 5037 1982 5102 nobiseum

380 5117 819 5172 communicare?
844 5116 1071 5169 ALnAsp.

457 5187 573 5260 (14)
617 5190 769 5259 Ager.
795 5187 928 5242 Tota
970 5187 1189 5260 collatio
1212 5185 1657 5260 (Carlliagiuensis
1697 5185 1801 5260 hoc
1826 5193 1984 5257 argu—

381 5259 566 5331 mento
595 5261 849 5315 cauclusa
884 5271 1012 5331 est:
1048 5259 1124 5331 ait
1155 5259 1312 5328 igitur
1353 5275 1473 5312 cum
1505 5259 1876 5331 peccatoribus
1905 5261 1983 5313 vi-

379 5329 610 5386 vendum
635 5345 776 5395 esse,
803 5331 924 5400 quia
952 5329 1192 5384 Ecclesia
1223 5339 1306 5386 est
1336 5343 1484 5399 ager,
1529 5330 1618 5399 qui
1652 5329 1885 5383 triticum
1925 5339 1981 5386 et

383 5402 588 5456 zizauia
619 5403 879 5456 continet.
1392 5404 1619 5454 ALBASP.

451 5473 567 5544 (15)
617 5472 677 5524 Et
698 5475 889 5526 semina
915 5481 1008 5527 sua
1024 5487 1280 5544 crescere:
1302 5482 1348 5526 et
1370 5473 1539 5544 aliena
1563 5481 1675 5543 post
1697 5482 1973 5539 crementa,

372 5542 483 5600 ctc'.
521 5542 760 5598 Fuerunt
803 5545 891 5613 qui
935 5560 998 5600 ex
1044 5543 1126 5598 bis
1170 5542 1347 5611 Oplatl
1381 5543 1558 5597 verbis
1591 5547 1771 5597 neSCio
1814 5559 1973 5614 quam

371 5618 618 5686 elegans,
646 5625 838 5686 uorum
860 5623 1009 5670 certe
1031 5616 1156 5668 ιηίῑςὶ
1180 5617 1536 5684 ροειενεγηειιιὶ
1559 5614 1779 5669 verbum
1805 5615 1971 5669 cude-

373 5685 504 5752 riut,
558 5695 613 5741 ct
630 5685 871 5759 dixerint
899 5688 968 5741 ita
1014 5699 1042 5741 a
1076 5699 1260 5742 nosuo
1301 5687 1580 5755 appellari,
1609 5701 1724 5759 qua:
1750 5694 1974 5759 posme-

374 5771 574 5814 verunt.
618 5757 725 5813 Sed
773 5757 840 5813 de
881 5759 1024 5815 verbi
1072 5759 1337 5828 elegantia
1381 5766 1496 5812 non
1540 5757 1758 5830 qua-ro.
1793 5759 1970 5833 Optati

2094 4773 2139 4816 et
2165 4764 2361 4816 semina
2389 4770 2480 4817 sua
2507 4775 2730 4818 crescere
2750 4776 2797 4819 et
2825 4766 3013 4818 aliena.
3047 4763 3170 4819 Post
3193 4773 3445 4818 crementa
3467 4777 3688 4816 commu-

2092 4834 2178 4909 nia
2227 4845 2488 4909 venturus,
2521 4846 2624 4891 etc.
2676 4835 2928 4909 Crementi
2963 4854 3072 4909 vox_
3107 4838 3172 4909 (si
3205 4836 3325 4907 quis
3369 4835 3598 4909 dubitat)
3626 4833 3693 4888 ab

2092 4904 2303 4960 idoneis
2357 4909 2616 4974 patronis,
2649 4905 3004 4980 'l‘ertulliauo,
3049 4903 3320 4980 ijrifmo
3367 4914 3423 4960 et
3471 4903 3610 4972 aliis,
3647 4909 3690 4961 si

2090 4991 2247 5046 opus,
2279 4988 2568 5032 asscretur.
2599 4980 2664 5032 M.
2690 4980 2926 5037 (lassus.
2958 4979 3045 5032 Ita
3077 4979 3366 5033 restitutum
3393 4995 3456 5032 ea:
3481 4996 3601 5032 mss.

2161 5046 2276 5118 (16)
2320 5047 2447 5102 Post
2501 5061 2778 5105 crementa.
2836 5052 2976 5106 Dicit
3028 5067 3148 5120 qua:
3195 5061 3315 5116 post
3379 5060 3685 5105 creverunt.

3183 5122 3398 5176 lncenr.

2161 5187 2288 5265 (l7)
2321 5189 2458 5246 Nam
2488 5193 2528 5246 si
2552 5191 2662 5265 sibi
2686 5203 2867 5248 totum.
2915 5193 3077 5261 Quid,
3111 5209 3313 5265 quaso,
3345 5193 3591 5247 (ibristus
3633 5191 3686 5244 iu

2087 5261 2178 5316 die
2197 5261 2387 5332 ju'dicii
2421 5263 2695 5337 separabit
2716 5278 2766 5320 et
2790 5267 3074 5337 judicabit,
3107 5261 3148 5320 si
3181 5267 3468 5337 episcopus
3495 5278 3686 5317 omnes

2085 5342 2400 5407 peceatores
2431 5333 2560 5391 velit
2590 5333 2843 5407 separare
2866 5337 2934 5392 ab
2960 5335 3236 5391 Ecclesia?
3267 5338 3494 5390 Awssr.

2104 5420 2108 5424 '
2160 5403 2274 5480 (l8)
2319 5404 2510 5462 Forata
2542 5403 2751 5480 unitatis
2778 5407 3185 5480 retinendarDe
3219 5408 3315 5459 bac
3345 5407 3530 5480 eadem
3565 5403 3683 5480 uni—

2083 5478 2221 5551 tatis
2252 5477 2422 5533 l‘orma
2474 5485 2598 5533 ante
2639 5478 2891 5551 Optatum
2938 5479 3194 5550 prteclare
3237 5478 3541 5550 Cyprianus
3588 5477 3678 5527 lib.

2080 5547 2148 5603 de
2181 5548 2396 5606 [innate
2429 5547 2720 5607 Ecclesim':
2755 5552 2820 5607 Ut
2849 5547 3093 5606 unitatem
3127 5547 3496 5618 mattifestm'et,
3527 5551 3682 5598 unum

2079 5621 2373 5676 cathedram
2419 5623 2697 5692 constituit,
2740 5635 2788 5680 et
2833 5625 3041 5678 unitatis
3075 5623 3302 5692 eiusdem
3333 5618 3577 5692 originem
3617 5621 3680 5668 ab

2078 5703 2181 5745 tuto
2210 5693 2532 5766 incipientem
2570 5685 3325 5766 sua'aitctoritateidisposatt.
3379 5685 3492 5766 Hoc
3538 5697 3678 5740 erant

2080 5769 2252 5834 utique
2281 5761 2325 5818 el
2350 5765 2520 5825 ueteri
2546 5769 2784 5838 aposwlt’,
2808 5764 2944 5838 quod
2968 5765 3061 5844 [ait
3096 5761 3299 5838 Petrus,
3328 5761 3439 5831 pari
3467 5776 3676 5813 consar-
