4152 6166
542 265 681 327 1087

1744 262 1991 321 SANCTI
2030 262 2283 321 OPTATI
2323 262 2630 321 EPISCOPI

3673 269 3792 327 1088

539 362 829 421 terdictum
859 352 1061 433 aliquid
1087 358 1303 415 facere:
1336 356 1433 414 sed
1461 358 1616 431 pejus
1630 368 1713 415 est
1740 360 2000 414 unitatem
2030 373 2136 414 nou
2165 360 2219 419 Α
2243 374 2401 430 quem
2425 375 2531 415 non
2558 360 2722 425 vidit;
2757 360 2802 415 si
2832 358 3051 430 negavit
3075 371 3236 431 quem
3267 371 3374 413 non
3402 358 3630 431 agnovit;
3652 362 3693 417 si
3716 378 3799 419 ne-

538 451 742 511 habere
766 468 889 508 cum
921 452 1116 523 possis.
1146 451 1318 519 Quam
1350 450 1637 516 unitatem,
1660 448 1836 521 ipsum
1862 448 2136 506 Christum

536 547 785 603 videmus
808 545 1168 617 praeposuisse
1194 543 1445 600 vindictae
1474 560 1610 612 suae,
1636 545 1730 617 qui
1753 546 1923 616 magis
1951 560 2142 603 omnes

540 637 838 709 discipulos
860 652 989 692 suos
1017 636 1186 691 voluit
1215 636 1270 691 in
1309 651 1418 691 uno
1442 651 1772 709 esse,quam
1801 636 1945 708 quod
1971 635 2144 693 offen-

542 748 637 790 sus
667 734 838 790 fuerat
856 731 1165 788 vindicare:
1194 731 1312 805 (19)
1338 732 1465 787 dum
1491 732 1658 787 nollet
1676 747 1735 788 se
1761 732 1968 803 negari,
2016 746 2142 801 pro-

544 824 692 880 misit
725 838 784 879 se
824 823 966 894 apud
997 824 1215 879 Patrem
1244 833 1562 895 negaturum
1606 840 1747 889 esse,
1776 825 1867 894 qui
1900 840 1959 881 se
1986 839 2146 895 nega-

545 924 630 972 ret
670 925 719 982 ιι,
768 925 825 973 et
866 914 893 954 δ
921 931 1042 971 cum
1076 917 1194 971 haec
1225 917 1301 971 ita
1332 928 1355 956 α
1390 918 1592 988 scripta
1621 920 1751 983 sint,
1794 926 1971 973 tamen
2006 918 2147 972 bono

544 1009 767 1064 unitatis
778 1009 973 1065 beatus
996 1009 1211 1076 Petrus,
1226 1009 1311 1065 cui
1335 1009 1603 1067 satiserat
1627 1009 1672 1065 si
1688 1019 1813 1079 post
1830 1009 1973 1080 quod
1988 1024 2149 1080 nega-

547 1103 643 1171 vit,
663 1102 836 1158 solam
867 1104 1082 1160 veniam
1110 1113 1537 1175 consequeretur
1562 1103 1611 1167 d.
1653 1111 1709 1159 et
1735 1104 1977 1175 praeferri
2006 1107 2150 1174 Apo-

547 1195 703 1252 stolis
726 1197 980 1252 omnibus
1007 1197 1227 1264 meruit,
1250 1207 1302 1252 ct
1330 1197 1510 1254 claves
1538 1198 1687 1269 regni
1712 1198 1976 1254 caelorum
1997 1198 2151 1270 102

548 1288 1026 1344 communicandas
1056 1291 1288 1356 cmteris,
1324 1289 1472 1344 solus
1496 1290 1730 1360 accepit.
1780 1290 1930 1345 Bono
1958 1292 2154 1345 unita-

552 1381 641 1445 tis,
672 1381 978 1452 sepelienda
1009 1396 1130 1438 esse
1156 1392 1376 1452 peccata
1402 1383 1529 1438 hinc
1554 1382 1782 1452 intelligi
1805 1383 1986 1448 datur,
2012 1381 2154 1451 quod

549 1475 894 1532 beatissimus
923 1476 1119 1532 Paulus
1155 1477 1449 1549 Apostolus
1469 1478 1631 1545 dicat,
1651 1478 1972 1534 charitatem
1997 1462 2156 1545 posse

553 1566 841 1623 obstruere
870 1567 1268 1623 multitudinem
1315 1579 1701 1640 peccatorum:
1739 1568 1912 1625 Onera
1940 1570 2156 1641 (inquit)

549 1668 717 1714 uestra
731 1658 947 1715 inuicem
960 1661 1208 1716 sustinete
1226 1659 1452 1732 (Gal.vn,
1466 1661 1546 1734 2);
1564 1672 1619 1717 et
1646 1662 1753 1717 alio
1776 1663 1896 1718 loco
1917 1664 1991 1717 ait
2007 1682 2020 1717 :
2036 1664 2159 1717 cha-

2242 453 2387 524 gavit
2424 454 2511 509 cui
2562 454 2693 509 nihil
2736 452 3014 523 promisit;
3046 452 3091 507 si
3142 450 3311 507 semel
3341 451 3560 522 negavit.
3590 451 3707 508 Nam
3750 456 3797 511 in

2243 546 2404 603 beato
2430 546 2592 602 Petro
2634 548 2736 602 hoc
2760 559 2933 617 genus
2964 544 3170 614 peccati
3198 543 3478 599 diiatatum
3508 552 3623 599 est:
3650 547 3803 617 primo

2244 640 2387 712 quod
2423 655 2544 696 cum
2573 640 2934 711 interrogaret
2972 638 3221 694 Christus
3250 653 3435 693 omnes
3462 654 3612 709 quem
3636 654 3690 696 se
3718 641 3804 697 ho-

2249 734 2426 789 mines
2446 734 2712 799 dicerent,
2742 747 2881 788 unus
2908 732 3043 787 dixit
3064 731 3268 797 Etiam;
3296 731 3431 786 alter
3453 731 3583 786 dixit
3603 733 3810 803 prophe-

2248 832 2356 881 tam
2383 844 2396 878 :
2432 836 2559 882 tunc
2586 825 2836 881 Christus
2862 824 3072 901 dixisse
3101 823 3297 894 legitur
3322 841 3335 877 :
3367 821 3465 877 Vos
3490 839 3629 891 quem
3650 840 3721 879 me
3736 823 3809 878 di-

2249 919 2369 973 citis
2411 935 2518 974 esse
2544 920 2612 973 8?
2656 928 2708 973 et
2736 918 2811 972 ait
2844 917 2922 971 illi
2961 917 3156 973 Petrus
3187 914 3300 969 :Tu
3338 932 3393 970 es
3429 914 3592 970 Filius
3619 915 3813 970 Deiviri

2254 1012 2470 1087 (Matth.
2503 1030 2613 1079 xvr,
2643 1013 2711 1067 15
2733 1022 2778 1067 et
2810 1011 2921 1084 16).
2952 1011 3057 1066 Pro
3083 1026 3186 1078 qua
3226 1009 3497 1081 agnitione
3532 1008 3721 1064 laudari
3755 1008 3815 1065 ab

2253 1120 2319 1159 eo
2349 1105 2546 1160 meruit
2571 1102 2599 1141 h
2625 1121 2639 1157 :
2667 1105 2805 1159 Ecce
2842 1101 2857 1140 ί
2900 1102 3115 1158 caeteris
3156 1116 3262 1157 non
3308 1100 3704 1171 agnoscentibus
3738 1099 3817 1156 Fi-

2254 1197 2384 1252 lium
2417 1196 2531 1262 Dei,
2571 1195 2720 1251 solus
2749 1195 2941 1251 Petrus
2971 1195 3214 1266 agnovit.
3241 1193 3445 1249 Deinde
3474 1193 3572 1248 sub
3595 1193 3675 1250 die
3712 1208 3817 1262 pas-

2257 1291 2448 1355 sionis,
2475 1306 2594 1346 cum
2619 1289 2828 1345 diceret
2856 1288 3103 1344 Christus
3134 1305 3146 1342 :
3180 1287 3329 1343 Ecce.
3347 1298 3518 1343 teneor
3557 1296 3602 1341 et
3640 1286 3816 1358 fugietis

2260 1403 2432 1441 omnes
2456 1383 2669 1457 (Matth.
2693 1399 2839 1448 XXVI,
2864 1383 2980 1455 '52).
3004 1382 3332 1439 Tacentibus
3360 1382 3585 1444 caeteris,
3611 1381 3745 1436 solus
3764 1393 3815 1435 se

2257 1478 2507 1549 promisit
2538 1492 2643 1532 non
2673 1491 3014 1533 recessurum
3047 1494 3061 1529 :
3096 1475 3164 1530 de
3193 1473 3527 1545 przescientia
3558 1472 3712 1528 Filius
3736 1471 3818 1529 Dei

2260 1572 2369 1628 ait:
2424 1570 2597 1638 Petre,
2642 1578 2915 1641 antequam
2948 1568 3122 1640 gallus
3165 1576 3352 1633 cantet,
3405 1577 3480 1621 ter
3518 1581 3596 1619 me
3640 1562 3823 1636 negabis

2264 1663 2428 1737 (Ibid.
2470 1661 2587 1733 Si).
2645 1661 2900 1717 Additum
2951 1669 3034 1716 est
3086 1658 3229 1715 aliud
3267 1659 3335 1713 ad
3384 1656 3589 1728 pondus
3621 1652 3821 1726 peccati,

548 1750 1386 1823 ritasmagnanimisest:charitas
1398 1754 1613 1826 benigna
1625 1756 2161 1810 est:charitasnonze—
2190 1750 2239 1810 B
2268 1756 2595 1828 promissum
2619 1754 2830 1810 scilicet
2850 1752 2992 1825 quod
3023 1767 3129 1809 non
3160 1762 3278 1809 erat
3304 1750 3638 1822 impleturus.
3659 1748 3824 1803 Postea

554 1842 694 1897 latur
709 1843 964 1919 :charitas
985 1860 1086 1899 non
1106 1845 1350 1915 inﬂatur:
1369 1862 1470 1899 non
1492 1847 1674 1915 quwrit
1697 1861 1811 1917 qua:
1835 1862 1927 1901 sua
1958 1856 2077 1901 sunt
2119 1846 2163 1915 (l

556 1935 677 1992 Cor.
698 1953 815 2004 stu,
829 1938 864 1993 4
881 1948 928 1992 et
950 1934 1006 2008 5)
1029 1957 1041 1991 :
1061 1947 1117 1994 et
1133 1923 1437 1994 benedixit.
1454 1938 1579 1994 Haec
1602 1938 1744 1994 enim
1764 1941 1943 1996 omnia
1956 1939 2164 1995 viderat

556 2028 612 2085 in
634 2029 894 2099 apostolis
922 2030 1262 2101 caeteris,qui
1293 2030 1436 2086 bono
1465 2031 1707 2097 unitatis,
1725 2046 1822 2102 per
1841 2031 2163 2088 charitatem

558 2121 850 2177 noluerunt
871 2137 901 2177 a
930 2123 1309 2179 communione
1332 2124 1475 2180 Petri
1508 2125 1789 2192 recedere,
1813 2125 1930 2196 ejus
1955 2125 2164 2181 scilicet

565 2215 657 2285 qui
688 2225 979 2283 negaverat
1018 2215 1316 2272 Christum.
1349 2217 1503 2286 Quod
1545 2218 1590 2275 si
1622 2219 1796 2290 major
1824 2229 1970 2276 esset
2011 2236 2164 2277 amor

563 2306 913 2374 innocentim,
945 2322 1105 2377 quam
1145 2308 1348 2363 utilitas
1381 2309 1529 2379 pacis
1553 2321 1607 2365 et
1647 2310 1893 2377 unitatis,
1918 2310 2165 2368 dicerent

566 2414 626 2455 se
671 2415 778 2456 non
806 2399 1009 2457 debere
1056 2402 1463 2459 communicare
1503 2403 1687 2471 Petro,
1733 2404 1824 2473 qui
1872 2413 2164 2475 negaverat

566 2493 905 2563 magistrum,
957 2502 1013 2550 et
1060 2495 1156 2551 Dei
1202 2495 1738 2553 FiliumDominum.
1785 2497 2016 2554 Possent
2056 2514 2163 2555 non

565 2585 965 2641 Communicare
993 2585 1075 2656 (ut
1091 2601 1252 2657 supra
1280 2587 1485 2643 dictum
1505 2588 1609 2661 est)
1636 2588 1949 2645 beatissimo
1968 2589 2158 2646 Petro:
2246 2588 2247 2591 “

567 2690 788 2749 possent
811 2690 998 2735 contra
1029 2680 1178 2736 illum
1210 2682 1444 2737 recitare
1473 2682 1635 2738 verba
1663 2682 1885 2746 Christi.
1914 2683 2003 2754 qui
2043 2698 2167 2754 pro-

567 2769 792 2825 miserat
818 2778 1138 2842 negaturum
1168 2787 1230 2828 se
1259 2789 1382 2829 esse
1407 2774 1547 2841 apud
1576 2774 1813 2840 Patrem,
1845 2790 1967 2830 eum
1999 2776 2089 2846 qui
2108 2791 2166 2832 se

567 2873 752 2917 coram
780 2860 1090 2919 hominibus
1114 2875 1386 2937 negasset.
1444 2867 1521 2921 Ad
1552 2882 1710 2937 quam
1743 2867 1970 2923 formam
2007 2868 2168 2925 debet

568 2951 860 3025 diligenter
887 2957 1090 3013 attendi
1117 2975 1131 3012 :
1184 2959 1252 3014 de
1279 2975 1383 3031 qua
1414 2960 1541 3014 dum
1576 2977 1742 3030 pauca
1774 2977 2162 3030 commemoro,

570 3045 742 3117 ipsius
769 3048 942 3103 sancti
973 3048 1118 3105 Petri
1147 3050 1425 3107 beatitudo
1450 3053 1661 3107 veniam
1696 3054 1916 3121 tribuat,
1944 3055 1988 3109 si
2036 3055 2165 3111 illud

570 3154 1000 3200 commemorare
1025 3144 1214 3201 videor
1230 3146 1374 3218 quod
1400 3146 1598 3204 factum
1627 3158 1844 3205 constat
1867 3160 1922 3206 et
1938 3151 2168 3222 legitur:
2198 3131 2247 3196 Ο

571 3231 758 3288 dubito
783 3233 967 3291 dicere
995 3251 1253 3306 peccasse
1278 3247 1487 3303 tantam
1517 3241 1897 3308 sanctitatem;
1929 3244 2024 3299 sed
2053 3245 2173 3315 ipse

573 3322 677 3380 hoc
715 3324 914 3382 factum
963 3328 1183 3398 probat,
1233 3330 1326 3401 qui
1370 3339 1427 3386 et
1463 3331 1632 3387 doluit
1670 3348 1875 3400 amare,
1928 3342 1981 3390 et
2027 3333 2177 3391 ﬂevit

575 3416 834 3483 ubertim,
859 3420 950 3489 qui
980 3435 1079 3476 nec
1110 3421 1318 3478 doleret
1348 3437 1449 3478 nec
1474 3423 1649 3488 ﬂeret.
1681 3428 1726 3480 si
1755 3428 1901 3481 nulla
1932 3429 2172 3484 interve-

575 3507 744 3562 nisset
771 3508 1018 3566 offensio.
1056 3511 1236 3568 Potuit
1260 3524 1283 3551 ο
1309 3514 1494 3584 utique
1517 3525 1680 3586 caput
1705 3519 2075 3589 apostolorum
2103 3522 2175 3575 ita

576 3613 637 3654 se
661 3598 985 3671 gubernare,
1018 3613 1074 3658 ut
1100 3604 1236 3659 nihil
1275 3606 1576 3663 incurreret
1616 3610 1758 3680 quod
1792 3596 2004 3668 doleret
2019 3630 2046 3683 ε
2081 3614 2177 3670 sed

580 3691 702 3748 ideo
733 3691 851 3767 (20)
902 3695 953 3751 iu
986 3712 1094 3753 uno
1128 3697 1285 3754 titulo
1327 3699 1445 3770 ejus
1495 3701 1663 3756 multa
1693 3702 1945 3759 videntur
1973 3714 2176 3774 errata,

580 3793 635 3840 ιιι
685 3796 868 3855 posset
906 3790 1121 3845 ostendi
1164 3792 1309 3847 bono
1358 3792 1578 3849 unitatis
1617 3794 1797 3851 omnia
1825 3796 2027 3854 debere
2069 3799 2179 3855 Deo

579 3877 806 3933 servari.
841 3879 905 3933 Et
951 3884 1135 3937 nescio
1173 3898 1243 3938 an
1293 3883 1345 3938 in
1377 3887 1550 3941 altero
1580 3886 1684 3942 hoc
1722 3904 1894 3960 genus
1944 3892 2173 3961 peccati,

582 3968 714 4023 tanti
764 3969 1020 4039 ponderis
1061 3988 1184 4029 esse
1234 3976 1421 4044 possit,
1471 3987 1675 4049 quanto
1720 3981 1774 4035 in
1807 3980 1966 4037 beato
2017 3981 2181 4038 Petro

583 4058 751 4116 fuisse
782 4062 1124 4119 manifestum
1156 4077 1262 4123 est.
1293 4067 1548 4139 Quisquis
1570 4070 1712 4126 enim
1747 4072 1886 4129 forte
1913 4074 1967 4129 in
1998 4076 2182 4148 aliqua

583 4155 963 4224 persecutione
1011 4160 1225 4228 negavit
1268 4157 1464 4216 Filium
1513 4162 1630 4229 Dei,
1678 4164 1729 4218 in
1776 4168 2185 4238 comparatione

584 4245 730 4306 beati
769 4249 913 4307 Petri
950 4251 1219 4310 videbitur
1256 4252 1428 4311 levius
1483 4253 1503 4293 τ
1546 4255 1857 4330 deliquisse
1881 4259 1927 4314 si
1977 4262 2191 4334 negavit

2265 1863 2426 1920 quam
2455 1848 2506 1903 in
2536 1848 2758 1902 domum
2782 1846 3001 1916 Caiphae
3018 1845 3211 1901 ductus
3231 1843 3590 1907 estChristus,
3616 1840 3679 1897 ad
3694 1854 3822 1895 meno

2266 1954 2450 2016 suram
2476 1939 2657 1995 delicti
2700 1938 3098 2010 complendam,
3128 1937 3196 1993 de
3242 1944 3393 1992 tanto
3432 1949 3649 1991 numero
3675 1932 3825 1987 nullus

2266 2033 2402 2088 alius
2432 2033 2798 2103 interrogatur
2835 2040 3032 2103 praeter
3074 2031 3292 2085 beatum
3339 2028 3599 2084 Petrum:
3630 2026 3827 2081 interro-

2266 2135 2429 2197 gatus
2453 2126 2627 2196 primo
2647 2133 2836 2195 negat;
2868 2124 3231 2194 interrogatus
3257 2122 3458 2177 iterum
3486 2127 3665 2191 negat;
3693 2115 3827 2171 tertio

2268 2217 2404 2273 dixit
2454 2232 2515 2272 se
2557 2215 2832 2271 Christum
2874 2215 3098 2270 omnino
3143 2229 3249 2269 non
3295 2226 3495 2267 nosse:
3534 2219 3587 2266 et
3624 2205 3827 2265 cantavit

2268 2310 2471 2380 gallus;
2522 2324 2629 2364 nou
2660 2321 2719 2364 ut
2745 2317 2987 2379 tempora
3028 2314 3191 2361 cantu
3219 2319 3321 2361 suo
3347 2302 3709 2374 distingueret,
3748 2296 3827 2353 sed

2269 2414 2328 2459 ut
2368 2408 2625 2475 peccasse
2670 2418 2729 2458 se
2777 2403 2969 2458 beatus
3014 2401 3206 2456 Petrus
3252 2406 3591 2471 agnosceret.
3623 2394 3827 2461 Denique

2269 2498 2441 2554 doluit
2468 2512 2673 2564 amare,
2702 2505 2758 2553 et
2784 2495 2932 2552 ﬂevit
2967 2495 3220 2552 ubertim.
3250 2493 3422 2561 Ecce,
3463 2501 3521 2547 ut
3561 2503 3707 2561 supra
3733 2485 3829 2541 dic-

2270 2601 2383 2647 tum
2411 2599 2513 2656 est,
2539 2590 2754 2647 cmteris
2783 2606 2890 2645 non
2922 2587 3347 2659 agnoscentibus
3375 2585 3423 2652 i,
3448 2583 3590 2640 solus
3610 2576 3829 2652 agnovit:
3868 2604 3871 2607 λ

2269 2685 2483 2741 caeteris
2520 2700 2627 2739 non
2672 2683 3107 2753 promittentibus
3135 2680 3287 2737 solus
3321 2678 3570 2753 promisit
3600 2694 3612 2730 :
3654 2671 3835 2730 exteris

2270 2790 2375 2832 nec
2416 2775 2585 2832 semel
2620 2775 2980 2846 negantibus,
3017 2781 3100 2830 ter
3133 2774 3285 2830 solus
3327 2772 3571 2843 negavit;
3597 2778 3649 2825 et
3683 2777 3835 2821 tamen

2271 2868 2414 2926 bono
2446 2871 2697 2937 unitatis,
2728 2869 2795 2925 de
2824 2885 3053 2926 numero
3076 2870 3467 2942 Apostolorum
3495 2863 3719 2938 separari
3746 2873 3835 2916 non

2271 2963 2490 3017 meruit.
2535 2961 2686 3018 Uudc
2715 2962 3034 3035 intelligitur
3061 2963 3242 3018 omnia
3269 2961 3521 3017 ordinata
3552 2970 3665 3014 esse
3688 2950 3839 3025 provi-

2272 3053 2454 3110 dentia
2483 3055 2804 3124 Salvatoris,
2838 3056 3027 3126 utipse
3055 3057 3330 3127 acciperet
3347 3055 3552 3112 claves.
3584 3046 3841 3107 lnterrlusa

2277 3155 2361 3204 est
2400 3149 2617 3205 malitiae
2664 3150 2773 3218 via,
2816 3165 2885 3206 ne
2928 3149 3162 3221 apostoli
3206 3150 3398 3206 animo
3443 3145 3700 3203 licentiam
3723 3138 3842 3211 judi-

2275 3241 2432 3297 candi
2462 3242 2840 3312 conciperent,
2871 3251 2927 3298 et
2972 3258 3168 3299 severe
3193 3249 3612 3299 contemnerent
3638 3251 3747 3295 eum
3770 3229 3846 3302 (Ιιιί

2276 3344 2572 3405 negaverat
2597 3334 2894 3392 Christum.
2928 3335 3086 3393 Stant
3114 3344 3193 3391 tot
3222 3336 3572 3396 innocentes,
3599 3338 3651 3386 et
3690 3336 3847 3398 pecca-

2281 3436 2367 3483 tor
2388 3427 2584 3498 accipit
2611 3428 2812 3493 claves,
2848 3437 2905 3484 ut
2933 3428 3159 3484 unitatis
3208 3430 3494 3501 negotium
3544 3424 3844 3480 (armaretur.

2281 3519 2561 3575 Provisum
2592 3528 2677 3573 est
2713 3528 2771 3574 ut
2797 3529 3051 3589 peccator
3090 3519 3336 3591 aperiret
3377 3514 3758 3575 innocentibus,
3794 3517 3849 3560 ne

2280 3612 2601 3669 innocentes
2645 3612 2963 3668 clauderent
3000 3620 3190 3668 contra
3226 3621 3553 3683 peccatores
3586 3607 3634 3676 κ,
3674 3613 3723 3660 el
3755 3610 3854 3670 (ιιιω

2283 3705 2589 3761 necessaria
2612 3712 2697 3761 est
2724 3705 2921 3770 unitas,
2961 3719 3082 3760 esse
3124 3720 3233 3759 non
3267 3713 3478 3775 posset.
3507 3702 3631 3758 Haec
3655 3698 3697 3753 si
3719 3706 3844 3750 com-

2284 3798 2682 3864 memoraretis,
2732 3797 3135 3854 communicare
3172 3800 3495 3869 cupientes;
3537 3791 3737 3867 quando
3770 3796 3853 3841 vos

2284 3892 2563 3948 Catholica
2592 3891 2680 3962 pio
2703 3890 2823 3946 sinu
2853 3891 3129 3962 suscipere
3149 3890 3431 3947 dubitaret
3458 3883 3729 3944 Ecclesia?
3748 3889 3847 3934 cum

2286 3991 2616 4040 constetvos
2641 3999 2748 4039 nou
2778 3983 3062 4039 traditores
3084 3976 3228 4048 esse.
3261 3983 3361 4039 sed
3393 3976 3847 4037 tiliostraditorum.

2360 4074 2452 4131 IV.
2485 4074 2772 4129 Donatistis
2810 4092 2913 4130 non
2941 4085 3107 4129 autem
3139 4073 3429 4130 Catholicis
3466 4069 3721 4127 conuenire
3743 4057 3856 4131 quod

2291 4167 2484 4222 dictum
2506 4176 2576 4222 est
2601 4167 2663 4221 de
2685 4168 2871 4221 muscis
2898 4167 3182 4224 morituris.
3200 4198 3275 4208 —
3301 4166 3444 4224 Nam
3474 4162 3634 4235 aliqui
3656 4175 3715 4216 ex
3734 4150 3861 4211 vobis

2293 4263 2540 4320 volentes
2579 4276 2680 4318 nos
2725 4262 2940 4334 populis
2965 4264 3080 4319 suis
3103 4260 3546 4319 contemnendos
3574 4249 3862 4313 ostendere;

1843 4443 2230 4527 LECTIDNES
2268 4441 2680 4502 VARIANTES.

589 4602 771 4686 2-1.1."
780 4602 1897 4686 ﬁdfi'il'feiEfli?§99i“fif’£§49mrfi
1923 4610 2199 4686 101359335"
2226 4626 2281 4686 D

591 4669 756 4730 nonfse
778 4665 998 4730 promisit
1035 4662 1319 4730 partiturum
1348 4662 1645 4730 scripturam
1682 4662 1899 4730 aliquam
1924 4665 2007 4730 qui
2038 4663 2199 4715 tradi-

537 4764 553 4771 -
591 4724 991 4793 dissetjgravius
1011 4724 1082 4781 est
1121 4727 1251 4793 enim
1282 4724 1464 4793 negare
1486 4740 1594 4793 eum
1627 4726 1711 4793 qui
1733 4724 1914 4793 lucratus
1936 4724 2025 4789 sit,
2054 4739 2201 4793 quam

592 4788 856 4864 tradidisse
879 4793 1026 4844 verba
1046 4804 1156 4857 qua:
1177 4788 1364 4842 (contui
1388 4788 1468 4841 sit.
1494 4792 1618 4841 Sunt
1639 4788 1729 4841 ista
1750 4789 2009 4840 manifeste
2032 4788 2203 4839 subdi-

593 4860 779 4966 lmlf'ln
801 4930 916 4967 mss.
942 4917 997 4966 S.
1021 4915 1082 4966 '1‘.
1104 4922 1157 4964 et
1181 4914 1238 4964 P.
1266 4915 1320 4963 8.
1344 4912 1450 4965 sed.

657 4982 680 5010 ο
716 4979 875 5029 Deest
892 4981 943 5029 in
967 4991 1059 5027 ms.
1084 4977 1136 5027 8.
1165 4976 1224 5026 G.

666 5040 695 5081 «ι
726 5041 784 5091 In
807 5054 923 5091 mss.
955 5040 1009 5090 S.
1031 5038 1089 5090 Τ.
1123 5046 1176 5089 et
1196 5039 1253 5089 P.
1280 5036 1335 5088 S.
1356 5045 1642 5091 mereretur.

2371 4607 2395 4668 ξ
2420 4605 2480 4668 In
2504 4618 2620 4656 mss.
2647 4603 2777 4668 8.7T.
2797 4609 2851 4656 et
2870 4605 2931 4657 P.
2953 4604 3009 4668 8.
3030 4602 3287 4668 Et

2369 4665 2394 4705 ί
2423 4666 2477 4716 in
2496 4682 2611 4719 mss.
2637 4668 2690 4717 S.
2708 4667 2767 4719 Τ.
2789 4676 2843 4718 et
2864 4669 2922 4717 P.
2950 4667 3002 4717 S.
3029 4663 3220 4718 videtur
3239 4663 3435 4718 leviter.
3454 4718 3467 4728 .
3730 4714 3758 4728 __
3789 4714 3799 4724 ,

2371 4732 2397 4794 β
2422 4729 2478 4794 [n
2502 4718 2619 4780 mss.
2648 4733 2701 4780 8.
2723 4718 2783 4780 Τ.
2803 4738 2855 4794 et
2872 4730 2931 4779 P.
2956 4732 3008 4794 8.
3035 4732 3303 4794 ιηιΡειτε,
3494 4736 3572 4775 me
3592 4718 3832 4794 essedigt't:

2370 4773 2706 4864 tentatas
2721 4773 2935 4864 {una
2957 4773 3021 4864 ig.
3035 4773 3352 4864 segete;
3360 4773 3559 4853 abisse
3596 4773 3702 4837 si...
3725 4798 3735 4833 ε
3760 4773 3872 4839 om
3914 4820 3919 4827 .

2304 4853 2532 4905 instinctu
2549 4853 2642 4906 Dei
2664 4855 2831 4906 Patris
2853 4852 2944 4907 hoc
2967 4852 3172 4907 diaterit.

2371 4916 2390 4955 i
2422 4916 2491 4967 Ita
2515 4920 2567 4966 in
2590 4931 2677 4968 ms.
2706 4921 2759 4967 8.
2782 4918 2840 4968 Τ.
2865 4917 2921 4968 In
2947 4917 3070 4977 aliis,
3094 4925 3159 4967 ct.

2372 4978 2386 5029 ι
2417 4979 2479 5043 in
2501 4993 2619 5030 mss.
2647 4979 2787 5043 S.'l‘.
2808 4986 2861 5031 et
2884 4980 3008 5043 P.S.
3027 4976 3242 5037 additur,
3260 4976 3448 5043 ﬁlium.

2366 5043 2396 5080 ιε
2417 5040 2473 5090 In
2498 5055 2614 5094 mss.
2636 5043 2688 5093 S.
2706 5042 2767 5094 '1‘.
2796 5050 2849 5094 et
2869 5043 2928 5093 Ρ.
2947 5042 3004 5093 8.
3019 5040 3346 5105 peccatorém.

1962 5187 2328 5248 VARIORUM
2363 5186 2596 5247 NOTAE.

600 5358 670 5412 tio
698 5354 909 5429 prazditi
929 5354 1139 5429 honoris
1164 5361 1210 5408 et
1238 5355 1504 5429 potestatis
1517 5353 1663 5429 ised
1685 5351 1958 5429 exordium
1983 5350 2046 5404 ab
2084 5351 2204 5405 uni-

601 5423 709 5483 tate'
731 5426 1098 5496 proﬁciscitur,
1130 5435 1186 5480 ut
1230 5423 1466 5480 Ecclesia
1504 5423 1697 5479 Christi
1740 5440 1842 5477 una
1874 5431 2203 5496 monstretur,

601 5510 651 5556 et
687 5492 921 5570 pastores
947 5507 1064 5551 sunt
1098 5512 1304 5570 carnes.
1335 5496 1447 5570 sed
1468 5510 1595 5566 grex
1618 5510 1752 5570 unus
1792 5492 2094 5557 ostenditur,
2120 5494 2207 5562 qui

604 5569 668 5626 ab
687 5566 942 5641 apostolis
967 5567 1202 5641 omnibus
1218 5568 1449 5641 unanimi
1458 5566 1807 5641 _ron_sensione
1824 5573 2081 5634 pascatur.
2099 5575 2204 5618 etc.

607 5642 704 5698 llis
728 5634 895 5698 etiam
927 5639 1146 5711 egregie
1166 5710 1169 5711 ν
1189 5637 1428 5711 concinit
1456 5636 1719 5711 Pacianus
1764 5634 1961 5711 Optato
1986 5642 2208 5711 coacta-

2312 5348 2366 5403 in
2385 5364 2652 5420 commune
2672 5349 2992 5420 prwcipieus.
3016 5348 3234 5406 INCERT.
3678 5413 3708 5420 _
3813 5408 3824 5419 ,
3847 5405 3857 5415 ,

2386 5418 2503 5493 (19)
2543 5412 2682 5474 υαηὶ
2724 5412 2880 5475 nollet
2921 5439 2976 5477 se
3005 5422 3179 5493 negari
3210 5420 3475 5493 promisit,
3499 5427 3635 5493 ‘etc.
3664 5412 3872 5493 Promt'f'i

2315 5477 2413 5562 prd
2444 5477 2665 5546 minatus
2705 5502 2818 5562 est:
2858 5502 2916 5546 ut
2945 5477 3093 5562 apud
3125 5477 3677 5562 Luciferum-Calor;
3712 5498 3795 5562 ρτρ
3823 5477 3865 5530 S'

2317 5556 2517 5645 Athan.
2549 5562 2642 5617 lib.
2674 5578 2726 5617 ιε
2750 5561 2901 5645 Sicut
2920 5556 3173 5645 ρηόηιξιιὶι
3187 5562 3553 5645 spernentibus
3568 5577 3620 5615 se
3639 5556 3867 5645 Domitfff:

2316 5641 2373 5689 et
2397 5634 2590 5688 iterum
2612 5638 2793 5696 paucis
2818 5622 3118 5690 intersertis
3139 5672 3155 5698 ,
3178 5622 3227 5685 si
3240 5634 3354 5687 lucc
3377 5632 3499 5687 ﬂeti
3521 5642 3639 5687 sunt
3660 5622 3868 5702 promit“

611 5728 745 5783 neua
791 5702 1087 5785 epistftlt?
1137 5710 1219 5785 ᾼά
1247 5707 1472 5785 Petrum.
1504 5708 1703 5782 locutus
1729 5702 1827 5779 esti
1843 5702 2114 5785 Dominus,
2142 5705 2213 5778 ad
2320 5714 2525 5785 propter
2548 5703 3068 5785 delictumﬁtiogum,
3098 5712 3206 5785 etc.
3233 5703 3576 5785 MKCAsanp.

611 5776 770 5841 unum
806 5774 944 5856 ideo,
990 5777 1045 5839 at
1075 5780 1319 5839 unitatem
1342 5776 1584 5851 {undaret
1607 5778 1669 5835 eo:
1696 5775 1821 5848 uno".
1847 5774 2213 5847 midipsum

2395 5762 2509 5847 (ἰο)
2539 5766 2604 5830 lit
2624 5768 2725 5832 tnta
2746 5762 2910 5831 ιιιὰιο.
2941 5762 2999 5833 lu
3024 5762 3131 5832 tt'no
3151 5762 3405 5842 peccato.
3438 5776 3660 5835 Αιωιιι
