4152 6166
406 195 558 253 1097

1157 186 1249 257 DE
1291 200 1706 260 SCHISMATE
1750 203 2298 264 DUNA'I‘IS'l‘AllUM
2354 203 2559 266 LIBEll
2599 212 2973 274 SEPTIMUS.

3607 235 3746 294 1093

401 309 592 365 facere
619 311 761 381 quod
787 325 890 366 non
922 311 1044 367 fecit
1072 313 1214 370 Deus
1234 357 1249 382 ,
1293 320 1382 388 qui
1427 321 1480 374 in
1519 320 1743 390 judicio
1773 339 1872 392 suo
1898 339 2022 394 per-
2053 338 2108 400 Α
2135 320 2437 418 ρυξρτὶριὶξ
2451 336 2506 382 et
2537 330 2707 418 prima
2729 331 2976 418 editione
3000 335 3269 418 Balduiui;
3294 356 3745 418 qumseqnuutnr

397 416 573 457 sonas
614 417 868 472 separare
910 403 1158 474 dignatus
1201 418 1331 464 est:
1376 425 1480 466 nec
1527 413 1799 468 eumdem
1851 418 2024 472 voluit

395 510 528 552 esse
563 504 936 552 accusatorem
963 507 1016 552 et
1046 495 1310 567 judicem.
1341 501 1457 556 Non
1487 503 1645 557 enim
1699 514 1874 574 potest
1901 510 2023 579 quis

392 589 454 645 in
483 603 588 643 una
617 602 788 644 causa
810 629 826 656 ,
858 589 1044 663 eodem
1089 602 1368 649 momento
1393 595 1529 650 duas
1575 606 1805 662 portare
1835 615 2020 669 perso-

391 698 528 751 nas,
581 689 643 736 ut
691 681 748 737 in
789 681 979 739 eodem
1017 682 1225 753 judicio
1273 697 1328 742 et
1371 694 1666 744 accusator
1701 706 1822 748 esse
1849 695 2023 764 possit

388 774 652 847 etjudex.
675 774 837 841 Quod
861 776 998 830 Dens
1024 791 1124 832 nec
1150 792 1248 847 per
1275 779 1735 852 omnipotentiam
1759 783 1883 840 fecit.
1910 804 1924 841 :
1959 795 2020 841 ut

391 871 546 929 nobis
587 867 884 938 judicandi
932 869 1164 926 fortnam
1217 874 1572 940 ostenderet,
1628 875 1818 934 docuit
1861 895 2016 935 reum

393 966 514 1021 sine
541 972 870 1020 accusatore
907 978 1017 1019 non
1053 963 1259 1023 debere
1299 967 1581 1033 damnari;
1613 979 1711 1024 aut
1737 981 2021 1027 accusato-

398 1073 516 1114 rem
557 1071 684 1112 eum
715 1071 838 1112 esse
863 1097 880 1124 ,
908 1056 1000 1126 qui
1037 1055 1207 1125 judex
1253 1059 1304 1114 in
1342 1076 1405 1116 ea
1455 1075 1613 1117 causa
1644 1061 1858 1118 futurus
1904 1073 2014 1119 est.

407 1149 523 1220 (35)
566 1149 814 1219 Denique
858 1150 1000 1204 inter
1045 1149 1157 1219 ipsa
1210 1152 1473 1224 principia
1520 1158 1841 1211 saeculorum
1882 1159 2016 1210 dum

401 1241 682 1297 hominum
729 1254 875 1299 esset
919 1245 1258 1300 renovellata
1307 1248 1600 1315 nativitas;
1642 1249 1772 1305 dum
1814 1266 1842 1306 a
1874 1247 2014 1306 Cain

403 1332 575 1388 frater
601 1332 738 1390 Abel
762 1343 908 1390 esset
934 1334 1182 1403 occisus,
1221 1338 1375 1408 107
1406 1339 1602 1394 lectum
1634 1350 1719 1396 est
1747 1359 1759 1394 :
1789 1351 1834 1395 et
1860 1358 2018 1397 voca—

401 1424 473 1480 s'it
500 1422 642 1480 Deus
667 1423 824 1494 Cain,
846 1435 895 1482 et
921 1427 1259 1501 interrogavit
1301 1446 1418 1484 eum
1446 1430 1531 1485 ubi
1557 1442 1688 1488 esset
1715 1434 1875 1503 frater
1894 1439 2013 1508 ejus

403 1517 619 1586 (Genes.
652 1534 705 1574 tv
724 1559 741 1586 ,
773 1520 828 1590 9)
853 1537 870 1588 ;
900 1521 992 1577 ille
1017 1532 1298 1592 peccatum
1325 1524 1608 1596 duplicans
1628 1569 1643 1593 ,
1672 1531 1825 1600 quasi
1857 1531 2012 1601 igno.

401 1617 618 1665 rantem
648 1609 852 1667 faceret
897 1613 1064 1668 Deum
1088 1657 1103 1681 ,
1155 1616 1370 1672 nescire
1399 1633 1458 1672 se
1497 1619 1654 1674 dixit.
1691 1620 1759 1675 Et
1793 1623 2008 1692 quando

2131 393 2400 485 habentur
2427 400 2478 452 in
2520 393 2688 456 altera
2719 402 2968 485 ejusdem
3008 393 3269 474 editione:

2126 468 2227 557 ait,
2249 467 2453 557 codice,
2488 487 2646 539 quem
2678 467 2833 557 nobis
2850 475 3046 557 videre
3067 496 3175 557 non
3203 467 3452 557 contigit:

2124 536 2323 591 desunt
2352 536 2659 624 inquatuor
2686 544 2970 624 codicibus
2986 549 3187 624 quibus
3215 555 3294 608 usi
3315 536 3738 624 siinuifiid'é};

2126 617 2324 700 turqne
2347 611 2574 700 aliena‘a
2601 621 2790 700 triente.
2814 611 3022 697 Optati,
3051 636 3149 700 nec
3176 625 3370 693 Stylum
3386 611 3734 700 ejns'sapere,

2123 693 2187 760 ea
2223 685 2282 760 ut
2311 679 2586 760 immerito
2611 683 2794 752 Optati
2836 679 3070 742 oratioiii
3108 679 3328 759 inscita,
3365 679 3743 760 εὖειῖιὶίῆᾆᾷνᾶ

2126 758 2295 840 textu.
2320 749 2402 807 Ne
2426 752 2562 840 quid.
2595 749 3006 840 tamencnosn'o
3033 765 3181 840 operi
3233 749 3740 840 aeésééi,iﬁi6ii'a&

2123 819 2380 890 Optatum
2427 819 2703 905 pertinere
2752 819 3184 895 videreturfhic
3237 819 3739 901 illaﬁidesci'ibt‘ntd;

2125 904 2247 945 esse
2287 904 2623 950 censuimus.

2204 981 2523 1040 Traditionis
2555 987 2751 1041 crimen
2776 988 2841 1041 ει(
2853 999 3024 1046 vatur.
3045 1024 3113 1034 —
3138 995 3264 1052 Post
3285 998 3395 1054 hwc
3415 1005 3582 1070 verba,
3615 1025 3737 1079 pag.

2131 1073 2257 1139 too,
2293 1077 2489 1133 initio:
2523 1098 2542 1131 ε
2574 1078 2695 1151 (56)
2728 1077 2809 1133 llli
2843 1097 3079 1155 namque
3108 1089 3152 1142 si
3185 1089 3278 1144 illo
3311 1104 3570 1165 tempore,
3593 1073 3737 1156 nmio

2125 1170 2298 1236 pacis,
2323 1189 2343 1223 ι
2361 1175 2624 1244 sequentia
2648 1173 2899 1229 habentur
2913 1194 2934 1232 :
2947 1181 3205 1237 unitatetn
3223 1185 3400 1242 facere
3412 1190 3732 1263 debuerant,

2121 1263 2285 1317 etiam
2317 1275 2372 1320 et
2402 1266 2505 1336 ipsi
2545 1268 2616 1323 ab
2647 1267 2885 1323 Ecclesia
2917 1287 3024 1327 non
3053 1274 3269 1333 fuerant
3312 1283 3630 1352 repellendi,
3681 1290 3732 1342 in

2119 1354 2318 1422 quibus
2343 1356 2458 1428 (57)
2489 1358 2789 1415 necessitas
2821 1374 3178 1420 excusaverat
3216 1365 3566 1430 voluntatem.
3611 1379 3730 1433 Non

2117 1445 2263 1500 enim
2290 1447 2454 1519 aliqui
2483 1451 2702 1504 illorum
2735 1461 2930 1521 sponte
2963 1457 3325 1528 tradiderant,
3359 1477 3453 1520 aut
3476 1469 3579 1524 hoc
3606 1486 3731 1541 pec-

2114 1546 2298 1593 catum
2329 1540 2448 1613 (58)
2492 1557 2616 1597 eum
2668 1543 2881 1598 caeteris
2929 1547 3142 1605 delictis
3190 1556 3385 1621 poterit
3435 1540 3726 1630 comquari.

2112 1633 2388 1706 Quidquid
2417 1637 2563 1692 enim
2609 1636 2752 1691 Deus
2792 1637 2907 1692 fieri
2937 1641 3130 1707 noluit,
3165 1659 3261 1701 ore
3290 1664 3388 1703 suo
3414 1652 3724 1720 prohibuit,

400 1709 592 1770 posset
616 1702 824 1759 nescire
849 1702 1053 1776 aliquid
1085 1707 1345 1765 Dominus
1369 1751 1384 1775 .
1415 1711 1514 1766 sub
1550 1713 1705 1782 cuius
1746 1716 1918 1771 oculis
1950 1726 2005 1772 et
2037 1720 2084 1780 B
2110 1740 2221 1796 quo
2248 1702 2415 1782 modo
2444 1727 2618 1782 dixit:
2652 1743 2755 1781 non
2785 1729 3015 1797 occides,
3067 1751 3167 1788 non
3214 1702 3578 1808 nime/mimis,
3613 1702 3719 1800 etc:

402 1795 559 1851 vultu
587 1807 712 1852 sunt
735 1799 915 1854 omnia
939 1816 1061 1871 quae
1090 1805 1398 1872 geruntur?
1424 1815 1481 1860 et
1512 1815 1692 1862 tamen
1722 1808 1864 1864 Deus
1891 1810 2009 1866 sine

401 1898 718 1946 accusatore
766 1906 872 1948 non
910 1893 1157 1964 jndicat:
1199 1907 1254 1952 et
1302 1898 1602 1970 interrogat
1649 1901 1835 1972 utique
1865 1903 2009 1972 quod

402 1989 652 2037 noverat.
684 1982 751 2038 Et
792 1999 890 2039 vos
927 1986 1090 2042 vultis
1138 1997 1196 2043 ut
1243 1989 1644 2048 abstineremus
1689 2010 1854 2065 quem
1899 2012 2006 2052 non

403 2073 638 2130 vidimus
658 2075 865 2146 aliquid
896 2079 1020 2134 mali
1050 2089 1075 2116 ει
1106 2080 1418 2148 facientem,
1466 2095 1523 2141 et
1548 2087 1644 2156 qui
1675 2087 1880 2142 nullum
1910 2087 2007 2142 ba-

404 2166 582 2223 buerit
624 2180 1021 2226 accusatorem.
1075 2172 1246 2228 Video
1298 2175 1401 2232 hoc
1449 2178 1571 2234 loco
1619 2179 1750 2249 quid
1801 2179 2007 2236 invidia

405 2260 810 2318 submurmuret
836 2272 1037 2320 vestra.
1069 2265 1258 2322 Dicitis
1282 2269 1426 2324 enim
1475 2287 1583 2326 non
1633 2286 1733 2326 nos
1779 2273 2008 2330 latuisse

402 2351 548 2422 quod
578 2352 775 2408 factum
813 2363 917 2412 est.
965 2356 1223 2414 Fatemnr
1251 2375 1351 2417 nos
1389 2362 1612 2418 audisse
1635 2405 1650 2430 ,
1682 2363 1779 2420 sed
1813 2380 2008 2435 pecca-

405 2455 515 2503 tum
544 2457 664 2504 erat
690 2448 951 2507 damnare
975 2467 1101 2508 eum
1133 2468 1292 2524 quem
1321 2459 1480 2512 ne'mo
1509 2466 1594 2513 est
1635 2473 1801 2514 ausus
1843 2475 2004 2516 accu-

403 2555 525 2597 sare
543 2540 591 2596 δ.
619 2541 725 2598 Sed
753 2544 796 2599 si
826 2543 1074 2601 dixeritis
1102 2548 1229 2616 quia
1256 2559 1276 2586 ο
1308 2565 1414 2604 non
1447 2565 1547 2606 nos
1576 2551 1730 2607 latuit
1759 2552 1997 2621 factum,

400 2633 566 2690 dicite
598 2635 708 2691 Deo
749 2651 916 2708 quare
953 2639 1342 2710 interrogavit,
1383 2645 1472 2713 qui
1515 2645 1726 2702 viderat
1773 2648 2002 2718 parrici-

402 2727 570 2783 dium.
602 2727 712 2785 Nec
751 2729 881 2786 illud
923 2747 951 2786 a
998 2733 1153 2788 nobis
1198 2733 1314 2790 ﬂeri
1357 2738 1637 2808 oportuit,
1677 2739 1820 2811 quod
1856 2741 1996 2796 Dens

401 2819 580 2876 facere
610 2820 779 2876 noluit
806 2823 898 2891 qui
941 2825 1262 2880 sententiam
1299 2827 1472 2884 noluit
1516 2829 1699 2886 dicere
1741 2831 1844 2886 nisi
1877 2847 1992 2887 reo.

403 2913 592 2971 Redde
633 2922 1002 2973 accusatorem
1028 2935 1043 2983 ;
1087 2919 1325 2990 alioquin
1351 2937 1460 2978 non
1491 2933 1671 2993 posset
1699 2923 1847 2995 justa
1875 2939 1999 2982 esse

401 3007 662 3063 sententia
685 3050 698 3073 ,
729 3008 832 3064 nisi
863 3010 976 3080 ipse
1007 3011 1110 3081 'qui
1135 3011 1476 3082 iudicaturus
1524 3025 1642 3071 erat
1686 3027 1991 3073 accusaret.

2113 1815 2314 1889 (Exod.
2349 1835 2454 1884 xx,
2492 1817 2605 1887 l5).
2639 1818 2817 1874 Potuit
2854 1822 3017 1878 etiam
3060 1824 3162 1882 hoc
3194 1830 3480 1897 prohibere
3505 1836 3647 1903 quod
3693 1852 3722 1888 a

2115 1909 2432 1978 parentibus
2460 1909 2659 1964 vestris
2683 1909 2980 1967 admissum
3011 1924 3094 1970 est
3123 1934 3136 1969 :
3166 1920 3260 1974 sed
3289 1924 3542 1991 quoniam
3573 1926 3722 1981 aliud

2112 2009 2197 2056 est
2223 2001 2369 2073 quod
2399 2000 2533 2054 facit
2562 2001 2793 2069 animus,
2822 2003 2968 2060 aliud
2999 2018 3082 2062 est
3110 2011 3252 2080 quod
3280 2025 3535 2083 operatur
3555 2031 3721 2073 even-

2114 2101 2219 2159 tus,
2250 2091 2510 2164 quidquid
2537 2091 2606 2148 de
2635 2093 2912 2152 voluntate
2943 2108 3122 2168 potest
3167 2105 3235 2158 ab
3283 2103 3501 2162 homine
3549 2110 3668 2163 fieri
3698 2152 3713 2175 ,

2116 2184 2220 2240 hoc
2267 2184 2468 2238 meruit
2512 2183 2822 2252 prohiberi;
2868 2189 3126 2259 quidquid
3172 2197 3469 2252 necessitas
3511 2211 3719 2266 peccat,

2113 2291 2222 2332 non
2257 2282 2440 2346 potest
2469 2275 2679 2344 magnis
2711 2277 2913 2334 viribus
2941 2287 3182 2338 accusari
3219 2303 3231 2339 :
3264 2287 3499 2357 denique
3530 2291 3720 2345 volun-

2112 2377 2196 2422 tas
2240 2364 2410 2420 habet
2459 2378 2669 2432 pmnatn
2697 2407 2712 2432 ,
2764 2373 3056 2427 necessitas
3107 2377 3356 2430 veniam:
3407 2379 3716 2446 homicida,

2109 2458 2303 2515 scelus
2351 2453 2481 2508 dum
2525 2471 2684 2511 nemo
2724 2460 2866 2529 cogit
2915 2472 3094 2531 potest
3123 2476 3177 2520 ct
3220 2469 3420 2532 facere,
3455 2482 3634 2538 potest
3667 2487 3723 2529 et

2107 2565 2224 2605 non
2260 2546 2442 2602 facere
2475 2563 2488 2598 :
2521 2547 2843 2606 adulterium
2873 2558 3135 2624 moechus,
3175 2559 3304 2613 dum
3351 2561 3421 2615 de
3461 2561 3594 2616 foris
3627 2580 3722 2619 nc—

2105 2661 2202 2702 mo
2227 2641 2514 2712 compellit
2544 2651 2718 2711 potest
2741 2647 3042 2716 admittere,
3087 2660 3266 2721 potest
3295 2663 3348 2708 et
3377 2670 3482 2708 non
3524 2657 3721 2712 admit-

2104 2749 2256 2807 tere,
2292 2745 2346 2793 et
2377 2745 2570 2791 caetera
2598 2737 2901 2807 hujusmodi
2931 2743 2981 2798 in
3011 2744 3208 2815 quibus
3234 2746 3461 2800 liberum
3492 2747 3720 2803 habetur

2101 2829 2428 2889 arbitrium.
2485 2827 2610 2884 Ideo
2664 2830 2926 2900 prohibita
2979 2835 3104 2890 dum
3155 2848 3460 2906 geruntur,
3512 2838 3718 2907 judicio

2101 2924 2488 2986 destinantur,
2525 2938 2630 2977 non
2662 2922 2776 2994 (59)
2808 2923 3092 2982 interdicta
3117 2927 3241 2982 dum
3271 2928 3450 2998 aliqua
3475 2933 3712 2984 necessio

2104 3024 2222 3072 tate
2256 3014 2397 3069 ﬁunt
2429 3029 2442 3068 :
2477 3012 2614 3070 forte
2636 3013 2791 3070 facile
2817 3017 3068 3088 dignetur
3095 3020 3399 3090 ignoscere,
3432 3020 3520 3090 qni
3549 3021 3723 3076 noluit

401 3099 530 3156 Ideo
554 3101 628 3156 ait
658 3119 671 3154 :
715 3100 852 3158 Ecce
892 3107 1102 3178 sanguis
1133 3106 1310 3176 fratris
1361 3108 1436 3162 tui
1472 3108 1662 3164 clamat
1699 3109 1769 3164 ad
1811 3127 1892 3165 me
1931 3110 1996 3166 de
2022 3096 2067 3160 C
2101 3107 2431 3179 prohibere.
2461 3106 2701 3179 Denique
2729 3108 2832 3164 hoc
2861 3109 3118 3166 delictum
3150 3110 3292 3180 quod
3314 3111 3466 3180 quasi
3492 3112 3725 3181 capitale

400 3202 536 3248 terra
560 3193 764 3266 (Cenes.
798 3210 850 3250 tv
870 3236 885 3261 ,
916 3196 1026 3269 10).
1061 3197 1239 3264 Quare
1265 3209 1319 3254 et
1342 3215 1440 3256 vos
1465 3217 1587 3256 cum
1617 3201 1838 3258 minime
1871 3220 1998 3273 pro-

400 3285 530 3342 bare
574 3289 792 3358 possitis
833 3290 901 3347 ab
950 3290 1135 3361 aliquo
1182 3291 1320 3361 apud
1369 3309 1469 3349 nos
1513 3304 1824 3350 accusatum
1872 3311 1994 3353 esse

396 3377 707 3451 Macariutn,
725 3391 1080 3441 nostrumnon
1110 3383 1337 3454 potestis
1365 3385 1624 3443 damnare
1647 3387 1912 3458 judicium
1940 3387 1990 3445 ά.

475 3561 549 3618 Ν.
579 3563 645 3618 Β.
677 3562 794 3623 Huc
814 3581 981 3639 usque
1008 3567 1147 3625 liber
1177 3566 1440 3639 septimus
1473 3584 1539 3626 ex
1571 3569 1853 3627 codicibus
1881 3586 1999 3626 ma-

2104 3198 2298 3270 potuit
2343 3198 2505 3270 objici
2546 3200 2861 3271 parentibus
2881 3203 3110 3269 vestris,
3156 3203 3201 3255 si
3255 3201 3348 3256 illo
3397 3201 3450 3256 in
3476 3209 3724 3272 tempore

2102 3293 2476 3358 nudarentur,
2523 3303 2615 3347 aut
2660 3292 2714 3347 in
2764 3292 3028 3363 judicium
3080 3301 3439 3358 vocarentur,
3499 3307 3727 3364 possent

2104 3385 2216 3440 sibi
2248 3384 2506 3456 exemplo
2536 3401 2644 3440 non
2672 3400 2779 3440 uno
2804 3399 3152 3450 succurrere,
3181 3385 3269 3443 ubi
3293 3384 3482 3455 primis
3509 3395 3722 3458 tempo-

2107 3477 2267 3532 ribus
2295 3487 2390 3533 aut
2430 3478 2629 3534 tabulae
2657 3477 2790 3550 legis
2834 3476 3047 3545 fractae,
3087 3485 3181 3532 aut
3226 3477 3348 3533 libri
3394 3479 3569 3534 traditi
3601 3496 3725 3540 esse

2107 3571 2375 3642 leguntur
2395 3573 2482 3628 vel
2507 3573 2660 3628 incisi
2687 3582 2738 3628 et
2767 3571 3003 3641 incensi,
3033 3580 3088 3628 et
3113 3586 3274 3628 nemo
3301 3571 3584 3630 damnatus
3611 3587 3714 3632 est.

1656 3704 2048 3764 LECTIONES
2092 3703 2518 3761 VARIANTES.

465 3811 492 3871 9
525 3811 582 3862 In
601 3826 713 3866 mss.
739 3814 793 3867 C.
817 3823 868 3867 et
889 3817 941 3868 S.
969 3818 1028 3871 G.
1051 3816 1195 3868 male.

464 3868 492 3948 ξ’
525 3874 583 3948 la
602 3876 877 3948 mss.’_C._et
893 3868 1034 3948 S._G.
1054 3891 1282 3948 arguere.

463 3938 488 3966 ο
525 3935 580 3986 In
603 3951 694 3988 ms.
716 3939 768 3989 S.
795 3938 854 3990 T.
878 3944 964 3992 sed
988 3935 1306 4053 ynia'dicitis.
1411 4000 1422 4013 ι
1509 4001 1519 4011 .
1646 4002 1656 4013 .
1861 4005 1870 4016 ο
1907 4004 1918 4015 .
1967 4003 1978 4014 .

463 3996 488 4037 ἀ
521 3997 578 4048 In
600 4011 692 4050 ms.
715 4002 769 4052 S.
793 4001 850 4052 T.
875 4005 986 4053 Exn
1006 4002 1091 4053 icit
1112 4001 1236 4053 liber
1261 4005 1422 4053 Ontatt
1441 4017 1656 4053 emscom
1681 4004 1918 4053 Catholici
1942 4005 1977 4053 li

461 3996 488 4037 ἀ
521 3997 578 4048 In
600 4011 692 4050 ms.
715 4002 769 4052 S.
793 4001 850 4052 T.
875 3996 1091 4067 Explieit
1112 4001 1236 4054 liber
1261 4000 1422 4066 θριαιὶ
1441 4001 1656 4068 episcopi
1681 4004 1918 4058 Catholici
1942 4003 2007 4058 li»

2113 3817 2190 3884 bri
2213 3831 2501 3884 numerant
2527 3818 3002 3884 adParmenianum
3024 3820 3428 3877 schismaticorum
3455 3835 3716 3884 auctorem.

2115 3879 2623 3958 ῙἿιἮῩ·.εςῖηΕ·Ῥιῖίίθίί
2644 3879 2960 3958 ίίίῖθνηθῖπᾳίί
2983 3886 3224 3957 δβρίίηιέίις.
3257 3888 3309 3938 In
3335 3903 3424 3941 ms.
3453 3893 3502 3942 S.

2115 3938 2251 4004 plicit
2277 3940 2399 3993 liber
2421 3938 2655 4007 septimus
2678 3946 2734 3996 S.
2761 3938 2927 4007 Optatt'
2947 3938 3173 4012 episcopi.

1724 4111 2090 4171 VARIORUM
2129 4111 2365 4170 NOTAE.

473 4199 602 4275 (55)_
621 4197 848 4275 Denique
875 4202 1006 4275 inter
1029 4203 1170 4275 ipsa
1197 4203 1456 4275 principia
1498 4207 1811 4260 saeculorum
1832 4247 1848 4274 ,
1891 4216 1998 4262 etc.

401 4267 760 4347 No'tte’Lugd;
765 4267 877 4328 sive
897 4267 1207 4347 Barthi'anai
1228 4267 1627 4347 sunt'dicendce
1669 4277 1736 4332 ad
1763 4267 1864 4347 ista
1893 4278 2004 4347 pri~

405 4342 476 4394 mi
515 4341 676 4396 libri:
711 4341 822 4397 Hoc
851 4345 1002 4398 modo
1042 4347 1227 4398 iterum
1267 4346 1590 4401 renovellatte
1628 4357 1765 4400 sunt.
1821 4341 2001 4404 Partes

404 4411 756 4484 renovellare,
808 4414 1097 4484 inquiunt,
1143 4429 1244 4483 pro
1290 4415 1681 4484 redintegrare,
1729 4432 1759 4470 a
1803 4417 2000 4474 vitibus

407 4480 643 4536 ductum.
672 4482 762 4538 Sic
805 4480 1040 4554 loquitur
1085 4480 1279 4539 auctor
1323 4485 1420 4539 lih.
1449 4480 1562 4540 vit:
1597 4480 1736 4540 Dum
1776 4487 1999 4545 hominis

407 4562 529 4626 esset
569 4554 879 4626 renooellata
921 4557 1179 4610 nativitas.
1212 4554 1320 4610 Sed
1368 4571 1508 4626 quo,
1541 4573 1759 4626 quaso,
1797 4573 1959 4614 sensu
1982 4602 1997 4626 ,

409 4622 578 4698 prima
603 4625 817 4698 generis
847 4626 1063 4698 humani
1083 4628 1298 4698 creatio
1319 4667 1332 4690 ,
1365 4622 1482 4698 eius
1510 4622 1876 4698 redintegratio
1906 4622 1999 4698 po;

408 4693 506 4747 tuit
531 4693 820 4769 ab’Optato
848 4697 986 4751 dici?
1018 4697 1206 4752 fefellit
1237 4693 1409 4769 Virum
1436 4697 1653 4753 doctum
1688 4693 1997 4769 praepositio

407 4778 488 4839 re,
520 4780 679 4834 quam
728 4766 814 4839 hic
841 4781 1033 4839 vacare
1059 4810 1074 4832 ,
1115 4777 1179 4839 ut
1217 4775 1274 4821 et
1302 4768 1355 4839 in
1389 4769 1573 4823 multis
1613 4766 1732 4823 aliis
1758 4810 1772 4835 ,
1802 4766 1996 4839 quibus

405 4830 660 4906 istaia'tas
687 4836 944 4906 majorem
974 4838 1029 4892 in
1061 4830 1278 4893 modum
1309 4838 1570 4893 delectata
1598 4850 1713 4906 est,
1747 4830 1854 4894 non
1882 4843 1997 4897 ani-

409 4905 713 4959 madvertit.
751 4905 881 4961 Inde
906 4909 1270 4991 .reproomiltere
1314 4924 1410 4977 pro
1439 4911 1671 4991 simplici
1702 4905 2000 4982 promittere

408 4982 462 5028 et
485 4984 669 5052 terram
694 4978 1106 5052 repromissionis
1156 4979 1681 5052 vulgogappellabant
1708 4978 1874 5052 quam
1899 4997 1999 5039 nos

409 5046 782 5112 promissionis.
816 5047 888 5100 lta
917 5051 1171 5103 remittere
1190 5091 1205 5116 ,
1237 5046 1448 5104 reddere
1467 5091 1480 5112 .
1508 5062 1563 5107 et
1591 5046 1870 5108 innumera
1895 5055 1998 5110 alia

406 5130 632 5192 quorum
659 5117 820 5192 etiam
863 5121 1000 5186 apud
1038 5121 1289 5192 meliores
1327 5124 1620 5192 scriptorcs
1657 5138 1764 5178 non
1803 5125 2002 5181 desunt

406 5186 673 5259 exempla.
708 5185 777 5259 Ut
801 5185 978 5259 causa:
1008 5206 1112 5243 non
1145 5191 1336 5257 fuerit,
1364 5185 1462 5247 cur
1501 5193 1558 5247 S.
1587 5193 1745 5248 Pater
1765 5235 1781 5259 ,
1813 5209 1876 5248 ac
1916 5196 2000 5250 vir

404 5255 815 5329 longe’doctiss.
849 5258 1239 5329 Hieronymus,
1271 5255 1376 5316 tam
1407 5265 1602 5317 acriter
1629 5279 1692 5317 ac
1722 5255 1910 5321 severe
1942 5266 1997 5321 in

406 5273 492 5311 ton
530 5273 563 5313 e
589 5273 815 5313 aocttss.
849 5273 1045 5314 meson
1089 5277 1239 5329 mus,
1271 5273 1376 5316 tam
1407 5273 1602 5317 acriter
1629 5279 1692 5317 ac
1722 5278 1910 5321 severe
1942 5273 1997 5321 in

406 5273 597 5406 Ruﬁno
621 5329 844 5406 aemulo
872 5276 1180 5406 suggiliaret
1199 5373 1214 5398 ,
1262 5336 1407 5406 quod
1435 5333 1536 5406 ille
1565 5335 1862 5405 refestinare
1905 5352 2002 5406 pro

405 5397 635 5470 simplici
661 5397 908 5470 festinare
930 5397 1235 5470 posuisset:
1269 5397 1665 5468 sordidissimis,
1697 5414 1753 5458 ut
1782 5397 1997 5462 Hieron.

398 5468 603 5548 indicat
627 5509 641 5528 ,
673 5468 972 5548 elocutionis
1005 5476 1416 5548 nsptaao).oyia._
1440 5475 1541 5548 _Est
1586 5476 1746 5545 igitur
1773 5479 2000 5532 renovet-

405 5541 514 5619 lare
548 5552 653 5619 non
689 5540 833 5619 aliud
880 5540 1327 5619 qttamitoveltar'e
1351 5586 1365 5608 ,
1403 5544 1454 5599 id
1483 5554 1567 5619 est
1589 5540 1632 5612 ,⁷
1649 5549 1909 5619 φυτεύειν,
1944 5556 2002 5605 ut

409 5610 463 5662 in
509 5609 730 5692 antiquo
757 5611 942 5692 gloss._
968 5613 1197 5692 legimus
1217 5656 1231 5677 ,
1262 5623 1318 5669 et
1349 5609 1690 5692 novelletu'mi,
1720 5609 1956 5692 vsoqau‘rov
1979 5659 1997 5687 ,

406 5679 554 5755 quod
582 5678 701 5749 hic,
735 5682 834 5735 nisi
862 5678 1210 5738 valile'fallor
1230 5725 1244 5748 .
1277 5687 1527 5744 convenit
1567 5678 1736 5746 multo
1765 5678 1997 5760 melius;

853 5776 1130 5841 ΡΑτιιοι.
1178 5777 1289 5840 ΧΙ.

2105 4209 2764 4282 quameoaredintegrare
2787 4213 3132 4280 signiﬁcatio.
3160 4218 3230 4272 Μ.
3255 4218 3488 4278 ΟΑεΑυΒ.

2178 4277 2295 4348 (56)
2339 4277 2428 4361 illi
2479 4277 2785 4361 namque‘si
2831 4277 2923 4361 illo
2969 4287 3356 4361 temporebono
3386 4294 3550 4361 pacis,
3599 4310 3704 4356 etc.

2108 4346 2310 4436 Facere
2331 4346 2656 4436 desiluerant,
2675 4352 2856 4436 id'est,
2882 4346 3156 4436 lecisseiit,
3182 4357 3360 4436 facere
3380 4346 3704 4436 vol‘uis'sc'ti

2106 4419 2176 4473 ita
2206 4418 2330 4471 coll.
2361 4418 2545 4496 Aﬂ’._p.
2579 4422 2650 4476 85
2682 4421 2797 4496 :__Ut
2840 4424 2982 4492 prius
3008 4426 3071 4480 de
3104 4418 3710 4496 mandatorumﬂn—uvtnero

2103 4497 2297 4571 constet
2322 4530 2337 4554 ,
2358 4501 2427 4573 .et
2454 4490 2518 4544 de
2566 4490 3157 4574 partibus'meishquanti
3195 4504 3548 4574 mandaverint
3607 4490 3710 4566 Egi

2103 4560 2281 4643 quanti
2326 4561 2914 4649 εἱηιιηιιξηάιιιίιζξ.Δ(ξιὶι⁸
2949 4560 3240 4622 Petilianus
3269 4560 3708 4649 E.piscopurs'),'i—d

2105 4633 2326 4719 primum
2368 4642 2482 4702 peto
2512 4632 2575 4714 de
2605 4632 2872 4716 nobilitate
2899 4644 3006 4719 tua,
3048 4649 3113 4719 ut.
3132 4632 3452 4719 superﬂuum
3470 4632 3586 4702 'non'
3607 4632 3703 4719 sit,

2103 4701 2167 4755 de
2185 4701 2403 4778 numero
2433 4703 2696 4778 utriusque
2719 4705 2881 4774 partis
2906 4701 3040 4778 ferre
3079 4701 3259 4762 debere
3276 4701 3525 4778 indicium
3554 4701 3708 4775 celsi:

2104 4773 2330 4827 tudinem
2357 4784 2516 4848 tuam.
2540 4773 2740 4842 Quibus
2772 4791 2832 4848 ex
2861 4773 3060 4839 verbis,
3094 4793 3251 4848 quam
3276 4773 3705 4848 redundantibus

2105 4858 2169 4918 ac
2183 4843 2475 4918 superﬂuis
2496 4859 2656 4913 supra
2679 4846 2894 4900 modum
2919 4843 3141 4904 vocibus
3163 4859 3295 4904 a-tas
3324 4854 3406 4907 illa
3441 4843 3706 4918 delectata

2105 4913 2366 4988 sitﬂlacile
2395 4914 2685 4988 discamus.
2732 4917 2846 4972 Hoc
2882 4918 3025 4972 enim
3057 4920 3307 4975 volebat:
3346 4922 3470 4982 Peto
3505 4913 3707 4988 devii;

2107 4983 2449 5065 bilitlateltua,‘
2470 4996 2524 5065 ut
2558 4986 2620 5039 de
2647 5003 2858 5065 numero
2883 4989 3144 5065 utriusque
3172 4993 3353 5065 partis,
3376 4999 3574 5065 judicet
3615 4983 3704 5057 nia

2107 5051 2375 5134 celsitudno.
2414 5054 2610 5134 Eadem
2651 5059 2788 5134 col_|._
2812 5073 2863 5134 p.
2895 5051 3391 5134 2,_adesse'deb_ere;
3433 5051 3701 5134 praedes:

2105 5133 2276 5210 schel
2305 5121 2440 5210 (Jan.
2473 5125 2695 5210 Eccles.
2716 5121 2884 5210 atrio.
2915 5128 3220 5210 edit._Clar.
3269 5121 3477 5210 Jnsielli
3508 5121 3699 5210 p.751

2108 5197 2308 5249 mittere
2333 5193 2589 5264 dignetur,
2609 5197 2695 5264 qui
2719 5196 2931 5250 debeant
2949 5203 3174 5270 perferre
3193 5217 3288 5325 υἷι-10
3308 5207 3396 5328 ᾳέιὶ
3415 5193 3697 5278 perferant:

3279 5311 3292 5325 .
3369 5291 3554 5328 assus.

3279 5311 3292 5325 .
3324 5291 3554 5333 LASAUB.

2179 5335 2298 5407 (57)
2333 5333 2654 5409 Necessitas.
2707 5335 2841 5404 Quia
2876 5346 3261 5396 tormentorum
3293 5359 3437 5400 metu
3475 5349 3528 5405 id
3562 5353 3703 5409 fece-

2110 5418 2256 5462 rant.
2281 5406 2284 5407 ⁷
2316 5406 2543 5460 Auassp.

2180 5477 2295 5552 (58)
2347 5478 2474 5532 Cum
2506 5479 2702 5533 cmteris
2737 5478 2954 5534 delictis.
2994 5481 3124 5550 Qum
3155 5494 3345 5554 sponte
3387 5487 3536 5542 liunt.

3297 5560 3521 5611 Αιθλκι».

2178 5619 2293 5691 (59)
2345 5618 2647 5696 Interdicla.
2700 5621 2988 5678 interdicta
3019 5636 3209 5693 vocat,
3251 5641 3369 5694 quae
3395 5642 3458 5681 es
3505 5645 3700 5696 senon

2105 5703 2234 5748 sunt
2274 5700 2519 5763 peccata.
2569 5691 2799 5749 ALBASP.

3005 5783 3083 5845 35
