4152 6166
522 201 660 257 1099

1681 199 1924 256 SANCTI
1962 197 2220 254 Ol’TATl
2253 199 2562 258 EPISCOPI

3647 212 3758 268 llt‘o

516 313 572 372 Si
609 313 692 386 (ut
719 326 882 382 supra
907 310 1044 384 dixi)
1075 321 1324 382 parentes
1353 313 1514 367 vestri
1546 312 1639 368 illo
1675 321 1919 383 tempore
1947 313 2117 369 nuda-
2142 313 2192 372 Δ
2224 314 2564 386 Presbyteris
2587 325 2642 371 et
2660 318 2872 373 caeteris
2903 317 3028 374 ﬁliis
3057 318 3218 376 Israel
3237 318 3448 375 defendi
3476 335 3574 378 non
3600 328 3761 394 potuit,

521 415 728 467 rentur,
775 402 823 457 si
849 404 1090 459 accusari
1121 405 1452 472 potuissent,
1488 405 1607 461 sine
1635 405 1798 461 dubio
1836 405 2110 473 dicerent,

518 510 578 551 se
607 495 738 551 nihil
763 495 992 563 amplius
1019 493 1212 548 fecisse
1239 509 1266 546 a
1295 491 1481 566 Moyse
1513 495 1838 566 legislatore,
1869 497 2114 568 quamvis

525 603 629 642 non
657 587 757 642 sibi
789 584 1047 649 similent,
1091 584 1186 642 sed
1219 586 1358 642 inter
1399 601 1460 642 se
1489 597 1789 658 repugnent
1818 588 2114 644 necessitas

524 692 577 736 et
608 681 875 744 voluntas,
905 693 1029 734 cum
1052 679 1248 735 eodem
1275 682 1501 735 nomine
1527 681 1662 751 legis
1689 689 1972 752 parentum
1997 697 2115 736 ves-

525 785 727 831 trorum
757 783 814 829 “et
837 773 1005 846 MoySi
1039 785 1142 829 una
1167 773 1332 830 fuerit
1360 783 1544 832 causa.
1572 775 1799 832 Possent
1819 777 1998 832 dicere
2023 793 2117 847 pa-

520 865 701 921 rentes
737 865 903 920 vestri
951 864 1085 920 illud
1123 881 1180 920 se
1222 863 1290 921 de
1331 868 1655 923 necessitate
1697 867 1922 936 fecisse,
1970 870 2115 938 quod

520 959 730 1029 Moyses
760 958 910 1027 prior
941 956 1128 1012 fecerit
1165 957 1234 1011 de
1270 958 1565 1014 voluntate.
1615 958 1719 1027 Qui
1759 975 1882 1016 cum
1913 961 2116 1031 populo

520 1049 914 1121 indignaretur,
946 1065 1052 1103 non
1086 1049 1450 1105 consideravit
1475 1051 1600 1120 quia
1633 1051 1774 1106 Deus
1816 1051 1986 1122 digito
2017 1064 2118 1107 suo

522 1143 817 1210 scripserat
852 1157 865 1194 :
910 1148 962 1195 et
994 1139 1114 1210 plus
1141 1140 1389 1210 estquod
1431 1141 1694 1211 scriptum
1740 1153 1824 1198 est
1852 1144 1903 1196 in
1950 1143 2114 1209 caelo,

520 1247 681 1304 quam
709 1231 852 1302 quod
878 1233 930 1286 in
962 1241 1102 1287 terra
1138 1250 1150 1284 :
1181 1242 1235 1288 et
1260 1248 1368 1287 non
1396 1243 1478 1289 est
1502 1250 1668 1290 unum
1696 1234 1842 1303 quod
1872 1235 1998 1291 fecit
2022 1236 2118 1292 Dei

521 1324 759 1395 digitus,
804 1332 861 1380 et
915 1323 1059 1393 quod
1112 1325 1336 1394 scripsit
1388 1325 1627 1381 calamus
1681 1326 1912 1381 humana
1957 1342 2119 1381 manu

521 1416 875 1485 compositus.
911 1417 1123 1487 Moyses
1153 1415 1359 1472 ferebat
1405 1417 1546 1486 quod
1577 1433 1673 1488 per
1723 1417 1919 1475 nubem
1962 1434 2121 1474 acce-

535 1515 708 1580 perat,
743 1520 795 1565 et
828 1520 1079 1578 parentes
1117 1510 1284 1566 vestri
1319 1511 1656 1566 tradiderunt
1681 1511 1822 1582 quod
1849 1512 1970 1584 (40)
1997 1511 2121 1568 data

528 1589 778 1658 mercede
799 1603 1146 1658 coniecerant
1179 1620 1192 1656 :
1227 1611 1373 1658 recte
1399 1618 1459 1658 se
1490 1613 1740 1674 parentes
1776 1605 1936 1676 108
1957 1606 2121 1660 vestri

2223 415 2278 462 et
2326 408 2560 464 inimicis
2589 417 2675 464 est
2721 411 2937 476 tradita,
2985 411 3112 466 dum
3160 413 3340 467 minus
3368 421 3446 469 est
3488 425 3766 484 reportata:

2225 497 2419 553 tradita
2464 499 2584 569 lege
2608 501 2701 570 qui
2735 500 3064 558 all‘erendam
3094 503 3365 571 dixerant,
3395 505 3628 576 fugerunt
3650 511 3770 565 timi-

2222 591 2302 659 di,
2328 601 2380 646 et
2405 606 2515 647 non
2555 592 2806 664 leguntur
2831 601 3016 664 po‘stea
3048 595 3101 650 in
3127 596 3358 652 vindicta
3402 597 3591 669 aliquid
3628 602 3770 671 passi.

2224 681 2281 736 Si
2325 698 2358 736 a
2400 684 2715 752 parentibus
2741 687 2937 742 vestris
2987 687 3103 742 haec
3143 689 3283 743 ratio
3329 688 3647 757 redderetur,
3669 693 3776 762 quis

2223 787 2317 828 eos
2339 789 2366 827 a
2397 773 2512 846 (45)
2537 777 2921 833 communione
2941 789 3038 832 sua
3064 779 3329 848 repellere
3354 781 3636 850 potuisset?
3656 782 3778 851 Quid

2224 867 2268 921 si
2301 881 2402 922 nec
2429 867 2516 921 illa
2559 869 2804 939 exempla
2837 871 3130 926 tacuissent
3171 873 3442 943 principes
3472 876 3657 931 vestri?
3677 880 3778 947 qni-

2227 961 2328 1016 bus
2357 961 2552 1032 legitur
2581 962 2794 1019 Baruch
2839 965 3035 1020 librum
3081 965 3220 1036 legis
3254 979 3411 1035 quem
3445 983 3508 1023 ex
3538 983 3626 1024 ore
3649 970 3784 1026 lere-

2227 1051 2348 1106 miae
2381 1054 2680 1122 pmplietae.
2707 1064 3015 1125 exceperat,
3057 1056 3346 1113 tradidisse
3389 1058 3576 1114 scribae
3621 1059 3782 1126 Judin,

2227 1154 2276 1198 et
2297 1159 2330 1198 a
2363 1144 2688 1214 principibus
2713 1149 2864 1216 regis
2893 1147 3102 1217 iussum
3145 1161 3267 1204 esse
3297 1158 3354 1204 ut
3379 1160 3432 1205 et
3460 1151 3572 1221 ipse
3599 1151 3785 1207 Baruclt

2226 1231 2318 1305 qui
2348 1246 2652 1306 exceperat,
2687 1248 2749 1294 et
2785 1237 3052 1294 Jenemias
3099 1253 3193 1308 per
3222 1253 3381 1307 quem
3429 1240 3565 1295 Deus
3602 1241 3788 1298 locutus

2227 1334 2363 1391 erat,
2391 1325 2637 1396 fugerent
2661 1337 2718 1383 et
2739 1328 2987 1384 lateml.
3023 1327 3290 1385 Jeremias
3314 1329 3568 1397 dictabat,
3598 1329 3790 1387 Bamcb

2230 1416 2466 1482 tradidit,
2499 1417 2749 1489 fugerant
2773 1420 2974 1485 ambo;
3007 1420 3075 1475 ad
3097 1420 3344 1476 Joaohim
3368 1431 3550 1491 regem
3572 1423 3698 1477 liber
3722 1423 3789 1476 al-

2230 1507 2372 1564 latus
2401 1517 2507 1574 est,
2536 1510 2627 1579 qui
2659 1510 2776 1565 Rex
2802 1526 2924 1566 cum
2956 1521 3086 1568 ante
3111 1527 3173 1568 se
3199 1527 3300 1582 pro
3323 1514 3574 1582 qualitate
3607 1503 3793 1584 tempe;

2233 1603 2309 1656 ris
2341 1601 2516 1673 frigidi
2547 1603 2754 1657 arulam
2798 1602 3076 1660 habuisset
3119 1604 3420 1669 ardentem,
3457 1616 3515 1661 et
3565 1607 3740 1662 librum
3767 1621 3792 1661 a

526 1681 901 1762 defenderent,
923 1694 1182 1750 docentes
1210 1695 1439 1764 capitale
1458 1696 1666 1752 crimen
1697 1710 1800 1750 non
1831 1710 1974 1762 esse,
1999 1696 2043 1749 si
2077 1695 2127 1751 id
2159 1697 2208 1758 Β
2233 1693 2392 1749 Judin
2412 1694 2588 1749 scriba
2609 1695 2893 1750 recitatum
2924 1712 3032 1750 non
3060 1695 3291 1752 libenter
3305 1697 3618 1764 audivisset,
3638 1699 3799 1754 sutrin-

519 1790 737 1846 fecisset
765 1789 1138 1861 unusquisque
1167 1803 1356 1843 eorum
1390 1804 1586 1859 magno
1615 1799 1757 1844 metu
1783 1789 2120 1858 perterritus,

519 1881 662 1952 quod
696 1879 908 1953 Moyses
950 1881 1169 1937 fecisset
1198 1882 1367 1935 iratus
1397 1895 1412 1933 :
1443 1887 1500 1934 et
1530 1894 1637 1932 non
1685 1879 1912 1950 legimus
1943 1879 2125 1933 Domi-

519 1991 646 2030 num
672 1973 1003 2044 indignatum
1033 1986 1155 2028 esse
1183 1971 1375 2041 Moysi,
1415 1985 1515 2025 nec
1546 1969 1848 2025 vindicasse
1874 1968 2123 2025 confrac-

527 2077 610 2121 tas
639 2065 846 2120 tabulas
877 2080 1008 2135 quas
1038 2079 1200 2118 manu
1229 2077 1325 2116 sua
1357 2064 1769 2132 perscripserat,
1802 2076 1901 2118 nec
1925 2077 2118 2132 pecca-

518 2165 603 2211 tor
631 2155 931 2226 appellatus
971 2165 1076 2219 cst,
1109 2170 1206 2209 nec
1243 2154 1479 2222 punitus.
1514 2154 1604 2208 Sic
1650 2154 1737 2209 lex
1772 2169 1802 2207 a
1834 2153 1946 2208 Deo
1990 2169 2121 2222 pro-

517 2248 655 2306 fecta
697 2257 800 2316 est,
835 2257 892 2302 ut
917 2263 1052 2318 aqua
1095 2248 1164 2302 de
1209 2247 1354 2302 fonte
1385 2245 1661 2312 dilabitur,
1687 2255 1780 2299 aut
1809 2259 1967 2315 poma
1999 2259 2121 2314 quae

517 2341 586 2398 de
615 2341 809 2396 arbore
848 2339 996 2394 salva
1028 2339 1212 2395 radice
1257 2347 1596 2408 carpuntur:
1645 2353 1756 2391 non
1801 2338 1935 2406 perit
1977 2335 2122 2406 quod

516 2442 792 2503 erogatum
817 2440 920 2496 est,
961 2431 1008 2487 si
1039 2432 1090 2486 in
1130 2431 1339 2500 origine
1370 2444 1467 2484 sua
1495 2429 1703 2484 salvum
1739 2438 1841 2484 est.
1871 2427 1990 2500 (41)
2019 2428 2121 2483 De-

518 2526 682 2596 nique
705 2525 920 2595 Moyses
945 2533 1066 2593 post
1097 2523 1303 2579 tabulas
1329 2537 1545 2592 Sparsas
1577 2521 1708 2592 legis
1742 2531 1798 2576 et
1823 2521 2120 2576 comminu-

519 2626 602 2672 tas
650 2632 754 2670 non
807 2616 1053 2671 damnari
1096 2614 1328 2678 meruit,
1373 2622 1430 2668 et
1467 2611 1597 2668 Sina
1642 2623 1831 2681 postea
1879 2621 2118 2666 montem

518 2717 802 2764 revocatus
817 2706 1156 2773 adscendit,e
1179 2715 1197 2760 t
1221 2704 1365 2774 loqui
1391 2718 1513 2758 cum
1542 2703 1656 2758 Deo
1683 2703 1875 2758 iterum
1903 2703 2119 2768 meruit,

519 2814 574 2860 et
603 2803 897 2861 secundum
943 2803 1117 2872 legem
1163 2801 1481 2853 innovatam
1522 2797 1764 2866 accepit,
1798 2811 1957 2867 quam
1990 2811 2118 2866 pro-

520 2897 622 2954 diit
662 2896 849 2951 titulus
880 2895 1001 2949 libri
1047 2893 1136 2962 qui
1183 2891 1374 2947 Graeco
1404 2889 1666 2947 voeabula
1697 2889 2123 2944 Deuteronomos

519 2989 774 3046 scribitur
807 3004 822 3042 :
852 2999 980 3042 ecce
1012 2999 1121 3037 non
1162 2982 1300 3052 perit
1326 2982 1378 3036 in
1411 2981 1550 3051 lege,
1591 2981 1737 3051 quod
1765 2981 1976 3036 salt-um
2005 2981 2119 3036 fue-

2232 1786 2298 1840 de
2327 1788 2604 1842 concisum
2639 1788 2945 1843 minutatim
2995 1788 3208 1858 ignibus
3247 1791 3670 1860 imponebatﬁt
3705 1803 3797 1846 non

2230 1877 2396 1933 iratus
2424 1888 2508 1934 est
2539 1879 2680 1934 Deus
2710 1879 2795 1934 vel
2813 1878 3066 1936 Jeremia:
3107 1881 3199 1950 qui
3231 1880 3467 1950 fugerat,
3508 1881 3588 1936 vel
3611 1881 3794 1936 Baruch

2230 1969 2457 2038 quicum
2487 1985 2555 2025 eo
2585 1969 2795 2042 fugiens
2823 1970 3118 2026 tradiderat
3145 1990 3159 2027 :
3195 1973 3396 2042 quibus
3419 1975 3466 2028 si
3494 1972 3630 2028 Deus
3651 1976 3799 2027 imus

2229 2071 2398 2129 esset,
2427 2062 2493 2118 ad
2540 2063 2869 2134 Prophetam
2915 2063 3152 2132 aliquem
3196 2064 3433 2120 alterum
3476 2065 3801 2135 loqueretur:

2230 2168 2342 2209 non
2393 2153 2460 2209 ad
2503 2155 2758 2218 alterum,
2806 2155 2902 2210 sed
2951 2153 3021 2210 ad
3073 2155 3249 2224 ipsum
3294 2155 3588 2212 Jeresniant
3618 2157 3803 2210 locum

2229 2256 2315 2302 est
2349 2264 2361 2300 :
2412 2247 2492 2302 sic
2539 2247 2683 2302 enim
2713 2247 2909 2316 legitur
2941 2264 2953 2300 :
2983 2245 3054 2300 Et
3085 2250 3254 2318 [cum
3288 2257 3389 2313 est,
3420 2263 3582 2302 set-mo
3621 2244 3804 2299 Domini

2227 2339 2297 2393 ad
2317 2339 2599 2395 Jeremiam
2629 2348 2905 2410 postquam
2931 2339 3203 2394 combussit
3241 2339 3360 2395 Rex
3381 2340 3664 2410 capitulum
3683 2338 3803 2402 libri,

2225 2443 2274 2486 et
2319 2449 2581 2488 sermones
2635 2447 2760 2502 quos
2809 2431 3020 2501 scripsit
3069 2430 3284 2485 Bartsch
3323 2446 3395 2487 ea;
3429 2447 3520 2487 ore
3562 2429 3806 2490 let-emite;

2227 2522 2359 2576 dixit
2387 2521 2529 2578 Deus
2557 2523 2626 2576 ad
2651 2523 2934 2578 Jeremiam
2951 2523 3155 2593 :accipe
3169 2524 3266 2577 tibi
3293 2525 3532 2579 chartam
3553 2525 3809 2578 merumst

2225 2614 2390 2667 scribe
2421 2630 2594 2668 omnes
2621 2629 2878 2668 sermones
2906 2622 3021 2668 tuos
3047 2614 3134 2683 qui
3153 2623 3278 2668 tunc
3299 2625 3454 2670 erant
3483 2614 3658 2684 scripti
3682 2614 3730 2666 in
3750 2611 3807 2666 li-

2225 2704 2317 2760 bro
2345 2721 2496 2776 quem
2525 2706 2798 2759 combussit
2825 2703 3064 2758 Joacltim
3085 2702 3200 2759 Rex
3217 2703 3383 2760 Inda:
3414 2705 3624 2778 (alerent.
3648 2716 3808 2767 nm,

2225 2797 2341 2866 27).
2387 2799 2523 2852 Ecce
2553 2812 2651 2852 nec
2689 2797 2828 2852 Deus
2861 2797 3027 2851 iratus
3052 2805 3158 2862 est,
3181 2811 3292 2852 nec
3312 2798 3414 2868 qui
3443 2806 3644 2852 asserat
3669 2793 3804 2865 petit,

2229 2904 2332 2944 nec
2366 2889 2571 2944 Bnruch
2601 2888 2820 2959 punitus
2861 2897 2974 2953 est,
3019 2903 3127 2945 nec
3170 2888 3445 2947 lemnius
3481 2905 3514 2944 a
3559 2889 3665 2944 Dea
3699 2900 3810 2942 cott-

2229 2991 2461 3052 temptus
2508 2993 2625 3048 eSt;
2678 2981 2816 3037 unde
2843 2991 3100 3050 apparet,
3141 2981 3296 3051 quod
3323 2983 3385 3038 in
3431 2982 3537 3036 hac
3565 2995 3620 3037 re
3646 2973 3807 3050 gravis

518 3089 604 3136 rat
631 3080 682 3133 in
710 3077 941 3146 origine.
971 3073 1081 3131 Sed
1111 3089 1178 3128 ne
1207 3074 1293 3126 cui
1332 3071 1579 3126 videatur
1608 3071 1818 3143 Moyses
1859 3071 2112 3126 habuisse
2139 3080 2188 3145 α
2223 3089 2513 3144 numquam
2559 3075 2721 3130 fuerit
2748 3075 2904 3145 culpa
2933 3089 3094 3143 quam
3128 3091 3432 3146 numquam
3452 3076 3631 3145 potuit
3669 3071 3802 3142 sequi

521 3168 796 3233 meritum,
821 3177 879 3220 ut
902 3165 970 3220 de
989 3163 1265 3234 colloquio
1294 3161 1581 3232 quamdam
1610 3161 1749 3232 apud
1782 3163 1946 3218 Deum
1982 3162 2116 3216 liduo

521 3263 682 3326 ciam,
713 3268 769 3316 et
800 3258 921 3314 ideo
967 3257 1136 3312 Deum
1191 3270 1296 3310 non
1326 3255 1520 3310 iratum
1565 3268 1707 3320 esse,
1733 3265 1788 3310 et
1834 3258 1937 3346 bo.c
1964 3255 2009 3310 si
2045 3255 2117 3308 ita

520 3370 688 3423 esset,
713 3372 928 3426 semper
947 3353 1185 3409 amicitia
1210 3354 1461 3410 meritum
1485 3365 1641 3404 suum
1671 3359 1726 3404 et
1749 3347 1978 3403 fructum
2007 3346 2118 3401 exi-

524 3465 654 3522 gere
683 3449 916 3504 debebat
942 3466 956 3501 :
987 3461 1154 3516 quare
1184 3447 1235 3500 in
1275 3460 1397 3500 eum
1431 3452 1613 3511 postea
1655 3440 1981 3496 vindicatum
2010 3450 2114 3500 est.

522 3541 664 3614 quod
692 3538 948 3595 offendit?
980 3552 1158 3593 nonne
1197 3547 1254 3592 ut
1281 3534 1656 3590 ostenderetur
1695 3533 1813 3588 leve
1843 3531 2008 3586 fuisse
2048 3532 2116 3585 il-

523 3635 636 3702 lud,
664 3632 808 3704 quod
836 3633 1004 3687 iratus
1029 3629 1336 3685 admiserat.
1359 3627 1473 3698 (42)
1496 3626 1604 3682 Lex
1628 3625 1680 3680 in
1712 3625 1822 3679 Deo
1849 3639 1978 3678 sana
1996 3623 2114 3687 fuit;

525 3741 580 3784 et
621 3735 902 3798 postquam
932 3726 1000 3779 ab
1028 3724 1243 3778 homine
1273 3736 1392 3777 cum
1440 3719 1637 3775 tabulis
1683 3717 1908 3789 lapideis
1937 3716 2117 3771 fracta

523 3830 608 3877 est
635 3837 647 3872 :
673 3817 899 3874 ‘dc's'otio
925 3827 1057 3886 qua:
1083 3817 1151 3870 ab
1171 3814 1399 3869 homine
1423 3811 1729 3866 ‘debebatur
1751 3810 1847 3864 ιιὼί
1873 3808 2118 3863 exhibita

523 3923 633 3968 non
659 3895 996 3978 csthoyses
1035 3906 1183 3961 illam
1211 3904 1328 3976 (45)
1353 3918 1570 3973 ,ρωηωη
1605 3902 1821 3965 meruit,
1850 3915 1906 3953 ut
1937 3897 2118 3953 medio

523 4005 719 4059 itinere
746 4009 1068 4062 moreretur,
1101 4013 1168 4052 ne
1205 4007 1402 4050 terram
1433 3994 1808 4064 promissionis
1839 3991 2067 4045 intraret
2101 4007 2113 4042 :

527 4095 668 4152 unde
697 4101 908 4149 constat
953 4107 1058 4145 non
1106 4102 1357 4160 magnum
1391 4097 1667 4158 peccatum
1701 4101 1857 4155 posse
1889 4099 2116 4153 compu-

525 4189 646 4254 tari,
674 4185 788 4260 (is)
816 4182 957 4254 quod
987 4183 1037 4237 in
1075 4179 1343 4251 praesenti
1387 4177 1632 4248 exemplo
1667 4177 1852 4248 .potuit
1900 4175 2118 4244 impune

524 4279 810 4338 committi.
847 4275 1056 4331 'ﬂaecsi
1106 4289 1134 4326 ιι
1181 4271 1495 4343 parentibus
1547 4273 1741 4328 vestris
1779 4270 2110 4334 dicerentur,

524 4374 645 4442 quis
671 4372 750 4426 eis
787 4367 1222 4424 cotnmunione'm
1255 4378 1451 4436 negare
1471 4364 1778 4434 potuisset?
1821 4362 1946 4433 quid
1976 4364 2020 4417 si
2065 4373 2118 4417 et

2225 3169 2482 3224 vindicta.
2513 3168 2571 3224 Si
2603 3167 2720 3224 haec
2748 3175 2998 3237 parentes
3019 3169 3182 3224 vestiti
3211 3170 3536 3241 allegarent,
3549 3169 3670 3240 quis
3692 3166 3800 3221 ilics

2223 3273 2254 3313 a
2283 3259 2662 3315 communione
2688 3273 2943 3315 revocare
2975 3259 3292 3329 potuisset?
3325 3262 3572 3331 Denique
3599 3276 3712 3315 cum
3735 3257 3807 3310 ei-

2223 3351 2379 3407 deret
2409 3353 2550 3406 Deus
2577 3361 2633 3406 et
2651 3367 2680 3404 a
2713 3351 2897 3423 Moyse
2914 3352 3044 3422 legis
3065 3353 3280 3410 tabulas
3303 3353 3532 3419 fractas,
3557 3364 3611 3409 et
3637 3360 3797 3407 om

2224 3441 2472 3498 hostibus
2503 3443 2840 3506 derelictam,
2884 3452 2939 3498 et
2967 3452 3087 3513 post
3127 3444 3487 3502 traditionem
3521 3444 3718 3501 Baruch
3753 3442 3803 3494 li-

2224 3533 2381 3590 brum
2412 3535 2543 3604 legis
2567 3543 2624 3589 et
2649 3534 2877 3589 incisum
2916 3550 3039 3591 esse
3065 3544 3120 3590 et
3142 3537 3498 3594 combustum
3522 3565 3555 3603 ,-
3583 3532 3813 3596 indicavit

2224 3625 2619 3695 providentiam
2649 3641 2824 3694 suam,
2859 3638 2914 3682 et
2937 3630 3183 3698 promisit
3211 3645 3274 3685 se
3308 3631 3487 3701 legem
3514 3631 3623 3700 jam
3651 3644 3748 3683 non
3769 3627 3811 3680 in

2213 3711 2420 3772 ’ta'bulis
2448 3719 2710 3783 scribere,
2743 3733 2843 3775 nec
2877 3720 2926 3772 in
2960 3719 3110 3774 libris
3138 3763 3152 3784 ,
3181 3722 3279 3776 sed
3325 3724 3382 3777 in
3429 3723 3548 3792 ipso
3589 3717 3805 3775 interiori

2224 3809 2466 3875 homine,
2500 3810 2602 3865 hoc
2628 3821 2734 3878 est,
2765 3811 2816 3866 in
2844 3821 3024 3868 mente
3041 3824 3105 3868 et
3119 3814 3180 3868 in
3207 3816 3389 3872 cerae
3411 3816 3815 3884 uniuscujusque

2223 3903 2530 3968 credentis;
2563 3906 2833 3975 quomodo
2863 3907 3155 3976 scripserat
3189 3908 3241 3962 in
3287 3910 3461 3966 corde
3498 3909 3631 3975 Noe,
3660 3906 3810 3962 Abra-

2223 3993 2330 4062 hte,
2347 3995 2590 4063 'lsoao,et
2609 3997 2799 4061 ωσι),
2815 4006 2870 4052 et
2883 4005 3210 4054 umerorum
3233 4003 3665 4070 pairiarcharum
3689 4009 3816 4067 quos

2209 4097 2434 4143 constat
2465 4088 2702 4158 legitime
2733 4090 2850 4145 sine
2884 4091 3000 4160 lege
3052 4093 3273 4147 vixisse.
3324 4094 3504 4160 Quam
3554 4107 3662 4148 rem
3711 4102 3814 4160 pro.

2221 4180 2315 4236 bat
2359 4190 2411 4234 et
2445 4181 2648 4236 beatus
2673 4181 2952 4250 apostolus
2967 4181 3177 4237 Paulus
3203 4183 3456 4240 dicens:
3499 4184 3705 4253 δοαύριι
3723 4195 3818 4233 non

2218 4280 2527 4338 atramento,
2561 4272 2651 4325 sed
2673 4271 2879 4342 Spiritu
2912 4273 3002 4328 Dei
3032 4275 3154 4340 viui;
3175 4289 3281 4330 non
3305 4278 3366 4331 in
3389 4275 3580 4332 tabulis
3600 4271 3814 4346 lapideis.

2221 4365 2311 4417 sed
2351 4365 2409 4418 in
2448 4365 2636 4419 tabulis
2679 4365 2848 4419 cerdis
2889 4367 3179 4421 carnalibus
3206 4367 3432 4440 (II‘Cor.
3475 4387 3572 4436 ιιι,
3604 4369 3679 4440 5).
3709 4366 3823 4421 Post

524 4466 619 4522 illa
647 4461 1031 4531 consequentia
1053 4459 1297 4530 exempla
1321 4465 1705 4528 pr0punerent,
1728 4458 1783 4512 in
1809 4457 2007 4526 quibus
2037 4459 2118 4512 lc-
2146 4458 2196 4518 D
2225 4454 2396 4525 legem
2429 4471 2460 4510 a
2492 4455 2674 4527 Moyse
2708 4455 2928 4510 fractam
2956 4466 3012 4513 et
3044 4473 3075 4512 a
3105 4457 3228 4513 ﬁliis
3257 4460 3434 4516 Israel
3467 4454 3816 4515 hostibusde—

527 4559 691 4630 gitur,
733 4557 982 4609 innovata
1014 4555 1098 4608 lex
1126 4568 1248 4606 cum
1280 4551 1567 4607 haberetur
1596 4553 1648 4605 in
1674 4565 1824 4614 arca,
1856 4560 1912 4604 et
1944 4565 2115 4619 popu-

528 4652 612 4705 lus
625 4647 799 4703 "Israel
824 4647 875 4701 in
899 4645 1084 4715 praelio
1109 4646 1440 4699 vinceretUr.
1463 4643 1728 4711 'Lex'qute
1756 4641 1808 4693 in
1842 4649 1964 4696 arca
1988 4653 2120 4696 con-

528 4743 648 4799 silio
681 4740 1011 4812 populorum
1063 4737 1115 4792 in
1147 4736 1333 4790 hostes
1377 4735 1538 4788 allata
1581 4735 1686 4796 est,
1733 4745 1852 4800 quae
1891 4731 1959 4786 ab
1988 4731 2118 4800 ipsis

2227 4548 2492 4613 relictam,
2521 4547 2862 4604 etoﬂ‘erente
2888 4549 3095 4604 Bai-ach
3137 4551 3205 4606 ad
3233 4552 3498 4608 iloach’im
3519 4563 3737 4621 regem,
3767 4555 3822 4600 et

2227 4641 2497 4696 concisam
2541 4645 2902 4700 ct'incensam
2933 4655 3060 4701 ante
3093 4657 3341 4717 tempora
3373 4647 3700 4710 christiana,
3741 4641 3817 4696 ubi

2227 4742 2412 4802 postea
2449 4735 2640 4790 melius
2681 4731 2979 4807 scripturus
3007 4747 3143 4805 erat,
3185 4739 3372 4809 legem
3405 4739 3663 4796 indicavit
3698 4737 3822 4791 Deus

1852 4831 2212 4891 VARIORUM
2249 4833 2494 4889 NOTAE.

583 4935 716 5004 πω)
770 4931 908 4987 D‘a‘ta
934 4927 1180 4984 mercede.
1239 4923 1398 4994 Quod
1416 4925 1591 4981 scribi
1613 4935 1960 5049 congeram.

1807 5009 1960 5049 LB‘ASP

1807 5009 1981 5052 ιιτιερ.

526 5103 563 5170 ,Α
599 5093 720 5170 (δι’)
774 5091 1004 5170 ρςηὶᾳιω
1049 5090 1255 5170 Moyses
1283 5099 1399 5170 post
1439 5090 1658 5170 tabulas,
1707 5099 1816 5170 etc.
1877 5090 2067 5170 scribo
2101 5109 2114 5146 ε

527 5161 761 5236 Denique
793 5161 1356 5236 Moysespost‘ta‘bulas
1383 5179 1589 5232 sparsas
1620 5162 1743 5232 legis
1764 5172 1810 5216 et
1834 5163 2118 5236 comminu-

528 5251 606 5291 tas
634 5233 748 5291 cum
773 5233 1158 5303 nondumnari,
1184 5242 1321 5297 ctc.;
1351 5249 1470 5287 mox
1497 5249 1729 5303 quoque,
1759 5233 1968 5302 prodiit,
2003 5233 2118 5302 lege

530 5305 780 5380 prodidit.
821 5295 900 5360 Ἠ.
929 5295 1160 5359 CASAUB.

605 5423 720 5494 (49.)
761 5419 869 5494 Lea;
909 5416 1114 5494 in‘Deo
1153 5433 1278 5494 sane
1318 5415 1598 5494 fuituetc.
1657 5417 1729 5470 ita
1757 5415 2115 5494 porreximus

531 5485 651 5566 qua:
673 5485 826 5566 antea
855 5489 1167 5566 legebantur
1197 5506 1207 5537 ε
1233 5487 1344 5566 Left:
1369 5487 1422 5566 in
1453 5485 1715 5566 Deo-sana
1747 5487 1875 5566 fuit,
1896 5495 1942 5566 et
1969 5497 2111 5566 post-

532 5554 684 5636 quam
708 5563 770 5618 ab
798 5554 1136 5636 hominecttnt
1175 5555 1359 5636 tabulis
1387 5556 1602 5636 lapideis
1629 5559 1768 5626 facta
1803 5564 1876 5609 est
1909 5554 2110 5609 devotio

531 5625 630 5702 qua
661 5637 722 5690 ab
754 5635 956 5690 homine
979 5631 1272 5698 debebatur,
1302 5634 1406 5682 etc.
1461 5625 1528 5681 Μ.
1563 5628 1792 5683 Gutus.

2216 5637 2382 5689 nere?

2287 4925 2416 4997 ‘03)
2457 4929 2558 4982 Ὰαι
2606 4945 2772 5000 paena.
2825 4923 2975 4987 Alios
3003 4929 3228 4989 Codices
3261 4938 3545 5005 poteratis
3575 4933 3814 4992 scribere.

2300 5068 2412 5139 (Η)
2454 5065 2693 5146 Qttodin
2724 5074 2988 5146 prwceptis
3040 5077 3273 5142 exemplo
3319 5008 3688 5146 pomi}???
3721 5067 3820 5146 Pro

2225 5142 2490 5220 prtrccptis
2511 5143 2679 5220 _malit
2720 5143 2911 5220 aliquis
2943 5143 3078 5220 forte
3126 5142 3379 5220 prwsetiti
3408 5150 3495 5204 vel
3535 5142 3820 5220 praedendi

2224 5211 2479 5287 exentplo.
2508 5211 2613 5267 Sed
2641 5227 2739 5282 ego
2769 5211 2942 5281 potius
2973 5213 3077 5268 illis
3106 5219 3384 5272 assentior
3403 5263 3416 5284 ,
3454 5211 3547 5286 qui
3587 5223 3817 5287 praecepta

2226 5281 2432 5334 tabulas
2459 5298 2512 5346 ιι,
2547 5281 2812 5353 praecepta
2835 5287 3178 5342 continentes
3203 5329 3217 5352 ,
3245 5281 3590 5415 intutilli‘gunt.

3379 5401 3392 5412 .
3465 5377 3590 5415 ASAI

3317 5377 3392 5413 Μ.
3423 5377 3656 5416 usam.

2293 5421 2427 5504 ibid.
2456 5422 2526 5504 In
2549 5426 2837 5504 ῃνιρεεριὶδ.
2875 5419 2942 5480 'ln
2961 5421 3169 5483 tabulis
3190 5471 3202 5494 ,
3233 5441 3665 5504 qumprteeepta
3691 5443 3810 5485 con-

2219 5489 2487 5547 tinebant.
2547 5489 2774 5549 Messe.

2291 5562 2408 5688 ibi)
2435 5564 2964 5691 1:‘(étn‘i‘tglt’unitmesua.
3015 5566 3144 5635 Quis
3193 5571 3466 5627 voluisset
3523 5589 3618 5630 eos
3655 5570 3804 5638 depo-

2317 5651 2377 5689 c.
2521 5651 2550 5690 tt
2654 5676 2665 5690 .
