  <div class='ocr_page' id='page_1' title='image "/cluster/home/n/w/nwhite01/storage/ocr_20150623/11/hvd.32044096580402/568.png"; bbox 0 0 4152 6166; ppageno 0'>
   <div class='ocr_carea' id='block_1_1' title="bbox 398 221 534 280">
    <p class='ocr_par' dir='ltr' id='par_1_1' title="bbox 398 221 534 280">
     <span class='ocr_line' id='line_1_1' title="bbox 398 221 534 280; baseline 0.007 -1"><span class='ocrx_word' id='word_1_1' title='bbox 398 221 534 280; x_wconf 74' lang='grc'><strong>1101</strong></span> 
     </span>
    </p>
   </div>
   <div class='ocr_carea' id='block_1_2' title="bbox 1184 213 2946 283">
    <p class='ocr_par' dir='ltr' id='par_1_2' title="bbox 1184 213 2946 283">
     <span class='ocr_line' id='line_1_2' title="bbox 1184 213 2946 283; baseline -0.006 0"><span class='ocrx_word' id='word_1_2' title='bbox 1184 225 1272 282; x_wconf 86' lang='lat' dir='ltr'><strong>DE</strong></span> <span class='ocrx_word' id='word_1_3' title='bbox 1312 220 1694 283; x_wconf 82' lang='lat' dir='ltr'><strong>SCHISMATE</strong></span> <span class='ocrx_word' id='word_1_4' title='bbox 1735 215 2279 280; x_wconf 72' lang='lat' dir='ltr'><strong>DONATISTARUM</strong></span> <span class='ocrx_word' id='word_1_5' title='bbox 2335 216 2542 275; x_wconf 80' lang='lat' dir='ltr'><strong>LIBER</strong></span> <span class='ocrx_word' id='word_1_6' title='bbox 2582 213 2946 275; x_wconf 83' lang='lat' dir='ltr'><strong>SEPTIMUS.</strong></span> 
     </span>
    </p>
   </div>
   <div class='ocr_carea' id='block_1_3' title="bbox 3569 222 3714 282">
    <p class='ocr_par' dir='ltr' id='par_1_3' title="bbox 3569 222 3714 282">
     <span class='ocr_line' id='line_1_3' title="bbox 3569 222 3714 282; baseline 0.021 -3"><span class='ocrx_word' id='word_1_7' title='bbox 3569 222 3714 282; x_wconf 57' lang='lat' dir='ltr'><strong>H03</strong></span> 
     </span>
    </p>
   </div>
   <div class='ocr_carea' id='block_1_4' title="bbox 391 329 3709 426">
    <p class='ocr_par' dir='ltr' id='par_1_4' title="bbox 391 329 3709 426">
     <span class='ocr_line' id='line_1_4' title="bbox 391 329 3709 426; baseline 0 -28"><span class='ocrx_word' id='word_1_8' title='bbox 391 359 490 415; x_wconf 90' lang='lat' dir='ltr'><strong>per</strong></span> <span class='ocrx_word' id='word_1_9' title='bbox 521 341 852 412; x_wconf 64' lang='lat' dir='ltr'><strong>Protthelam</strong></span> <span class='ocrx_word' id='word_1_10' title='bbox 876 341 1076 398; x_wconf 86' lang='lat' dir='ltr'><strong>dicens</strong></span> <span class='ocrx_word' id='word_1_11' title='bbox 1107 360 1122 398; x_wconf 89' lang='lat'><strong>:</strong></span> <span class='ocrx_word' id='word_1_12' title='bbox 1152 342 1404 407; x_wconf 76' lang='lat' dir='ltr'><strong>Quoniam</strong></span> <span class='ocrx_word' id='word_1_13' title='bbox 1432 342 1528 396; x_wconf 78' lang='lat' dir='ltr'><strong>Itoc</strong></span> <span class='ocrx_word' id='word_1_14' title='bbox 1555 349 1624 396; x_wconf 86' lang='lat' dir='ltr'><strong>est</strong></span> <span class='ocrx_word' id='word_1_15' title='bbox 1645 329 2002 398; x_wconf 75' lang='lat' dir='ltr'><strong>testamentum</strong></span> <span class='ocrx_word' id='word_1_16' title='bbox 2019 339 2080 426; x_wconf 40' lang='grc' dir='ltr'><strong>,Α</strong></span> <span class='ocrx_word' id='word_1_17' title='bbox 2104 332 2183 426; x_wconf 62' lang='grc' dir='ltr'><strong>9)ξ</strong></span> <span class='ocrx_word' id='word_1_18' title='bbox 2233 335 2355 405; x_wconf 75' lang='lat' dir='ltr'><strong>quia</strong></span> <span class='ocrx_word' id='word_1_19' title='bbox 2380 333 2731 426; x_wconf 54' lang='lat' dir='ltr'><strong>unusquisque</strong></span> <span class='ocrx_word' id='word_1_20' title='bbox 2748 331 2926 426; x_wconf 50' lang='grc' dir='ltr'><em>Ριξζυε</em></span> <span class='ocrx_word' id='word_1_21' title='bbox 2952 332 3062 426; x_wconf 59' lang='grc' dir='ltr'><strong>έρεε</strong></span> <span class='ocrx_word' id='word_1_22' title='bbox 3086 332 3184 388; x_wconf 54' lang='lat' dir='ltr'><strong>sibi</strong></span> <span class='ocrx_word' id='word_1_23' title='bbox 3212 335 3297 389; x_wconf 68' lang='grc' dir='ltr'><strong>Ιεω</strong></span> <span class='ocrx_word' id='word_1_24' title='bbox 3334 343 3408 426; x_wconf 53' lang='grc' dir='ltr'><strong><em>οδε</em></strong></span> <span class='ocrx_word' id='word_1_25' title='bbox 3435 335 3616 408; x_wconf 72' lang='lat' dir='ltr'><strong>(Rom.</strong></span> <span class='ocrx_word' id='word_1_26' title='bbox 3646 353 3709 394; x_wconf 79' lang='lat' dir='ltr'><strong>tl.</strong></span> 
     </span>
    </p>
   </div>
   <div class='ocr_carea' id='block_1_5' title="bbox 385 433 2003 507">
    <p class='ocr_par' dir='ltr' id='par_1_5' title="bbox 385 433 2003 507">
     <span class='ocr_line' id='line_1_5' title="bbox 385 433 2003 507; baseline -0.001 -16"><span class='ocrx_word' id='word_1_27' title='bbox 385 455 581 503; x_wconf 82' lang='lat' dir='ltr'><strong>meum,</strong></span> <span class='ocrx_word' id='word_1_28' title='bbox 613 435 753 507; x_wconf 82' lang='lat' dir='ltr'><strong>quod</strong></span> <span class='ocrx_word' id='word_1_29' title='bbox 783 434 1064 506; x_wconf 81' lang='lat' dir='ltr'><strong>disponam</strong></span> <span class='ocrx_word' id='word_1_30' title='bbox 1093 437 1266 489; x_wconf 80' lang='lat' dir='ltr'><strong>domui</strong></span> <span class='ocrx_word' id='word_1_31' title='bbox 1306 433 1473 489; x_wconf 83' lang='lat' dir='ltr'><strong>Israel</strong></span> <span class='ocrx_word' id='word_1_32' title='bbox 1506 443 1552 488; x_wconf 83' lang='lat' dir='ltr'><strong>et</strong></span> <span class='ocrx_word' id='word_1_33' title='bbox 1600 434 1777 490; x_wconf 82' lang='lat' dir='ltr'><strong>domiti</strong></span> <span class='ocrx_word' id='word_1_34' title='bbox 1813 434 2003 502; x_wconf 68' lang='lat' dir='ltr'><strong>ludia,</strong></span> 
     </span>
    </p>
   </div>
   <div class='ocr_carea' id='block_1_6' title="bbox 383 526 2007 600">
    <p class='ocr_par' dir='ltr' id='par_1_6' title="bbox 383 526 2007 600">
     <span class='ocr_line' id='line_1_6' title="bbox 383 526 2007 600; baseline 0 -18"><span class='ocrx_word' id='word_1_35' title='bbox 383 537 580 600; x_wconf 81' lang='lat' dir='ltr'><strong>etpost</strong></span> <span class='ocrx_word' id='word_1_36' title='bbox 617 527 728 581; x_wconf 84' lang='lat' dir='ltr'><strong>dies</strong></span> <span class='ocrx_word' id='word_1_37' title='bbox 768 526 889 580; x_wconf 88' lang='lat' dir='ltr'><strong>illos</strong></span> <span class='ocrx_word' id='word_1_38' title='bbox 932 528 1063 580; x_wconf 89' lang='lat' dir='ltr'><strong>dicit</strong></span> <span class='ocrx_word' id='word_1_39' title='bbox 1109 527 1360 582; x_wconf 80' lang='lat' dir='ltr'><strong>Dominus</strong></span> <span class='ocrx_word' id='word_1_40' title='bbox 1390 527 1560 581; x_wconf 89' lang='lat' dir='ltr'><strong>:dans</strong></span> <span class='ocrx_word' id='word_1_41' title='bbox 1590 528 1729 599; x_wconf 83' lang='lat' dir='ltr'><strong>leges</strong></span> <span class='ocrx_word' id='word_1_42' title='bbox 1771 544 1913 582; x_wconf 85' lang='lat' dir='ltr'><strong>meas</strong></span> <span class='ocrx_word' id='word_1_43' title='bbox 1952 529 2007 582; x_wconf 83' lang='lat' dir='ltr'><strong>in</strong></span> 
     </span>
    </p>
   </div>
   <div class='ocr_carea' id='block_1_7' title="bbox 378 619 2001 692">
    <p class='ocr_par' dir='ltr' id='par_1_7' title="bbox 378 619 2001 692">
     <span class='ocr_line' id='line_1_7' title="bbox 378 619 2001 692; baseline -0.002 -15"><span class='ocrx_word' id='word_1_44' title='bbox 378 625 540 677; x_wconf 84' lang='lat' dir='ltr'><strong>corde</strong></span> <span class='ocrx_word' id='word_1_45' title='bbox 569 637 753 676; x_wconf 82' lang='lat' dir='ltr'><strong>eorum</strong></span> <span class='ocrx_word' id='word_1_46' title='bbox 773 629 820 674; x_wconf 84' lang='lat' dir='ltr'><strong>et</strong></span> <span class='ocrx_word' id='word_1_47' title='bbox 847 621 904 674; x_wconf 87' lang='lat' dir='ltr'><strong>in</strong></span> <span class='ocrx_word' id='word_1_48' title='bbox 938 621 1193 675; x_wconf 79' lang='lat' dir='ltr'><strong>utentibus</strong></span> <span class='ocrx_word' id='word_1_49' title='bbox 1213 637 1393 675; x_wconf 85' lang='lat' dir='ltr'><strong>eorum</strong></span> <span class='ocrx_word' id='word_1_50' title='bbox 1421 620 1640 675; x_wconf 86' lang='lat' dir='ltr'><strong>scribam</strong></span> <span class='ocrx_word' id='word_1_51' title='bbox 1669 637 1756 676; x_wconf 81' lang='lat' dir='ltr'><strong>eas</strong></span> <span class='ocrx_word' id='word_1_52' title='bbox 1778 619 2001 692; x_wconf 69' lang='lat' dir='ltr'><strong>(larem.</strong></span> 
     </span>
    </p>
   </div>
   <div class='ocr_carea' id='block_1_8' title="bbox 378 710 2010 782">
    <p class='ocr_par' dir='ltr' id='par_1_8' title="bbox 378 710 2010 782">
     <span class='ocr_line' id='line_1_8' title="bbox 378 710 2010 782; baseline -0.001 -13"><span class='ocrx_word' id='word_1_53' title='bbox 378 729 551 779; x_wconf 80' lang='lat' dir='ltr'><strong>xxxi,</strong></span> <span class='ocrx_word' id='word_1_54' title='bbox 588 712 706 781; x_wconf 74' lang='grc'><strong>51).</strong></span> <span class='ocrx_word' id='word_1_55' title='bbox 741 711 1000 766; x_wconf 78' lang='lat' dir='ltr'><strong>Promisit</strong></span> <span class='ocrx_word' id='word_1_56' title='bbox 1032 713 1134 766; x_wconf 89' lang='lat' dir='ltr'><strong>hoc</strong></span> <span class='ocrx_word' id='word_1_57' title='bbox 1170 710 1488 781; x_wconf 78' lang='lat' dir='ltr'><strong>jamdudum</strong></span> <span class='ocrx_word' id='word_1_58' title='bbox 1529 720 1586 766; x_wconf 91' lang='lat' dir='ltr'><strong>et</strong></span> <span class='ocrx_word' id='word_1_59' title='bbox 1615 711 1728 782; x_wconf 71' lang='grc'>(46)</span> <span class='ocrx_word' id='word_1_60' title='bbox 1759 713 2010 780; x_wconf 84' lang='lat' dir='ltr'><strong>proxime</strong></span> 
     </span>
    </p>
   </div>
   <div class='ocr_carea' id='block_1_9' title="bbox 371 803 2009 875">
    <p class='ocr_par' dir='ltr' id='par_1_9' title="bbox 371 803 2009 875">
     <span class='ocr_line' id='line_1_9' title="bbox 371 803 2009 875; baseline -0.002 -13"><span class='ocrx_word' id='word_1_61' title='bbox 371 805 627 862; x_wconf 87' lang='lat' dir='ltr'><strong>reddidit</strong></span> <span class='ocrx_word' id='word_1_62' title='bbox 677 803 1020 874; x_wconf 70' lang='lat' dir='ltr'><strong>temporibus</strong></span> <span class='ocrx_word' id='word_1_63' title='bbox 1055 803 1402 862; x_wconf 73' lang='lat' dir='ltr'><strong>Christianis.</strong></span> <span class='ocrx_word' id='word_1_64' title='bbox 1449 804 1594 875; x_wconf 89' lang='lat' dir='ltr'><strong>Ergo</strong></span> <span class='ocrx_word' id='word_1_65' title='bbox 1619 805 1728 874; x_wconf 87' lang='lat' dir='ltr'><strong>jam</strong></span> <span class='ocrx_word' id='word_1_66' title='bbox 1763 803 2009 859; x_wconf 86' lang='lat' dir='ltr'><strong>secundo</strong></span> 
     </span>
    </p>
   </div>
   <div class='ocr_carea' id='block_1_10' title="bbox 372 894 2009 960">
    <p class='ocr_par' dir='ltr' id='par_1_10' title="bbox 372 894 2009 960">
     <span class='ocr_line' id='line_1_10' title="bbox 372 894 2009 960; baseline -0.001 -9"><span class='ocrx_word' id='word_1_67' title='bbox 372 897 499 952; x_wconf 86' lang='lat' dir='ltr'><strong>loco</strong></span> <span class='ocrx_word' id='word_1_68' title='bbox 528 904 618 952; x_wconf 89' lang='lat' dir='ltr'><strong>est</strong></span> <span class='ocrx_word' id='word_1_69' title='bbox 657 895 872 960; x_wconf 89' lang='lat' dir='ltr'><strong>charta,</strong></span> <span class='ocrx_word' id='word_1_70' title='bbox 902 894 1148 952; x_wconf 81' lang='lat' dir='ltr'><strong>secundo</strong></span> <span class='ocrx_word' id='word_1_71' title='bbox 1176 895 1296 950; x_wconf 88' lang='lat' dir='ltr'><strong>luco</strong></span> <span class='ocrx_word' id='word_1_72' title='bbox 1336 895 1694 950; x_wconf 64' lang='lat' dir='ltr'><strong>membranae.</strong></span> <span class='ocrx_word' id='word_1_73' title='bbox 1743 895 1799 951; x_wconf 90' lang='lat' dir='ltr'><strong>Si</strong></span> <span class='ocrx_word' id='word_1_74' title='bbox 1829 910 1861 948; x_wconf 92' lang='lat' dir='ltr'><strong>a</strong></span> <span class='ocrx_word' id='word_1_75' title='bbox 1895 895 2009 950; x_wconf 88' lang='lat' dir='ltr'><strong>Deo</strong></span> 
     </span>
    </p>
   </div>
   <div class='ocr_carea' id='block_1_11' title="bbox 374 986 2010 1060">
    <p class='ocr_par' dir='ltr' id='par_1_11' title="bbox 374 986 2010 1060">
     <span class='ocr_line' id='line_1_11' title="bbox 374 986 2010 1060; baseline 0 -18"><span class='ocrx_word' id='word_1_76' title='bbox 374 989 460 1044; x_wconf 84' lang='lat' dir='ltr'><strong>lex</strong></span> <span class='ocrx_word' id='word_1_77' title='bbox 478 989 552 1043; x_wconf 86' lang='lat' dir='ltr'><strong>ibi</strong></span> <span class='ocrx_word' id='word_1_78' title='bbox 581 988 956 1060; x_wconf 63' lang='lat' dir='ltr'><strong>Ioascripta</strong></span> <span class='ocrx_word' id='word_1_79' title='bbox 971 995 1054 1041; x_wconf 91' lang='lat' dir='ltr'><strong>est</strong></span> <span class='ocrx_word' id='word_1_80' title='bbox 1073 986 1216 1040; x_wconf 89' lang='lat' dir='ltr'><strong>unde</strong></span> <span class='ocrx_word' id='word_1_81' title='bbox 1233 987 1370 1043; x_wconf 88' lang='lat' dir='ltr'><strong>tradi</strong></span> <span class='ocrx_word' id='word_1_82' title='bbox 1391 1001 1496 1042; x_wconf 92' lang='lat' dir='ltr'><strong>non</strong></span> <span class='ocrx_word' id='word_1_83' title='bbox 1526 989 1718 1057; x_wconf 85' lang='lat' dir='ltr'><strong>possit,</strong></span> <span class='ocrx_word' id='word_1_84' title='bbox 1734 998 1789 1042; x_wconf 90' lang='lat' dir='ltr'><strong>ut</strong></span> <span class='ocrx_word' id='word_1_85' title='bbox 1811 1001 2010 1055; x_wconf 85' lang='lat' dir='ltr'><strong>paren-</strong></span> 
     </span>
    </p>
   </div>
   <div class='ocr_carea' id='block_1_12' title="bbox 288 1069 2010 1152">
    <p class='ocr_par' dir='ltr' id='par_1_12' title="bbox 288 1069 2010 1152">
     <span class='ocr_line' id='line_1_12' title="bbox 288 1069 2010 1152; baseline 0 -16"><span class='ocrx_word' id='word_1_86' title='bbox 288 1069 292 1074; x_wconf 65' lang='grc'><em>’</em></span> <span class='ocrx_word' id='word_1_87' title='bbox 372 1090 460 1137; x_wconf 87' lang='lat' dir='ltr'><strong>tes</strong></span> <span class='ocrx_word' id='word_1_88' title='bbox 496 1081 670 1136; x_wconf 88' lang='lat' dir='ltr'><strong>vestri</strong></span> <span class='ocrx_word' id='word_1_89' title='bbox 697 1080 806 1150; x_wconf 68' lang='lat' dir='ltr'><strong>qui:</strong></span> <span class='ocrx_word' id='word_1_90' title='bbox 823 1079 934 1149; x_wconf 81' lang='lat' dir='ltr'><strong>jam</strong></span> <span class='ocrx_word' id='word_1_91' title='bbox 976 1080 1030 1134; x_wconf 90' lang='lat' dir='ltr'><strong>in</strong></span> <span class='ocrx_word' id='word_1_92' title='bbox 1066 1079 1327 1152; x_wconf 80' lang='lat' dir='ltr'><strong>Trinitate</strong></span> <span class='ocrx_word' id='word_1_93' title='bbox 1354 1080 1724 1143; x_wconf 87' lang='lat' dir='ltr'><strong>crediderant,</strong></span> <span class='ocrx_word' id='word_1_94' title='bbox 1755 1081 2010 1150; x_wconf 77' lang='lat' dir='ltr'><strong>quamvis</strong></span> 
     </span>
    </p>
   </div>
   <div class='ocr_carea' id='block_1_13' title="bbox 373 1170 2010 1246">
    <p class='ocr_par' dir='ltr' id='par_1_13' title="bbox 373 1170 2010 1246">
     <span class='ocr_line' id='line_1_13' title="bbox 373 1170 2010 1246; baseline 0.001 -20"><span class='ocrx_word' id='word_1_95' title='bbox 373 1174 544 1228; x_wconf 87' lang='lat' dir='ltr'><strong>libros</strong></span> <span class='ocrx_word' id='word_1_96' title='bbox 579 1171 944 1236; x_wconf 69' lang='lat' dir='ltr'><strong>tradiderint,</strong></span> <span class='ocrx_word' id='word_1_97' title='bbox 976 1187 1078 1226; x_wconf 90' lang='lat' dir='ltr'><strong>nec</strong></span> <span class='ocrx_word' id='word_1_98' title='bbox 1097 1171 1266 1246; x_wconf 85' lang='lat' dir='ltr'><strong>corda</strong></span> <span class='ocrx_word' id='word_1_99' title='bbox 1297 1186 1398 1226; x_wconf 89' lang='lat' dir='ltr'><strong>nec</strong></span> <span class='ocrx_word' id='word_1_100' title='bbox 1439 1182 1654 1228; x_wconf 86' lang='lat' dir='ltr'><strong>mentes</strong></span> <span class='ocrx_word' id='word_1_101' title='bbox 1685 1170 2010 1228; x_wconf 73' lang='lat' dir='ltr'><strong>tradiderint</strong></span> 
     </span>
    </p>
   </div>
   <div class='ocr_carea' id='block_1_14' title="bbox 373 1261 2011 1334">
    <p class='ocr_par' dir='ltr' id='par_1_14' title="bbox 373 1261 2011 1334">
     <span class='ocr_line' id='line_1_14' title="bbox 373 1261 2011 1334; baseline -0.002 -14"><span class='ocrx_word' id='word_1_102' title='bbox 373 1277 499 1320; x_wconf 86' lang='lat' dir='ltr'><strong>suas</strong></span> <span class='ocrx_word' id='word_1_103' title='bbox 530 1263 584 1316; x_wconf 90' lang='lat' dir='ltr'><strong>in</strong></span> <span class='ocrx_word' id='word_1_104' title='bbox 629 1261 834 1331; x_wconf 82' lang='lat' dir='ltr'><strong>quibus</strong></span> <span class='ocrx_word' id='word_1_105' title='bbox 865 1261 1009 1316; x_wconf 88' lang='lat' dir='ltr'><strong>Deus</strong></span> <span class='ocrx_word' id='word_1_106' title='bbox 1055 1263 1231 1330; x_wconf 87' lang='lat' dir='ltr'><strong>legem</strong></span> <span class='ocrx_word' id='word_1_107' title='bbox 1263 1276 1414 1316; x_wconf 89' lang='lat' dir='ltr'><strong>suam</strong></span> <span class='ocrx_word' id='word_1_108' title='bbox 1445 1264 1695 1334; x_wconf 83' lang='lat' dir='ltr'><strong>scripsit,</strong></span> <span class='ocrx_word' id='word_1_109' title='bbox 1738 1262 1900 1318; x_wconf 85' lang='lat' dir='ltr'><strong>siculi</strong></span> <span class='ocrx_word' id='word_1_110' title='bbox 1949 1277 2011 1317; x_wconf 85' lang='lat' dir='ltr'><strong>se</strong></span> 
     </span>
    </p>
   </div>
   <div class='ocr_carea' id='block_1_15' title="bbox 371 1352 2010 1424">
    <p class='ocr_par' dir='ltr' id='par_1_15' title="bbox 371 1352 2010 1424">
     <span class='ocr_line' id='line_1_15' title="bbox 371 1352 2010 1424; baseline -0.001 -15"><span class='ocrx_word' id='word_1_111' title='bbox 371 1355 712 1424; x_wconf 88' lang='lat' dir='ltr'><strong>scripturum</strong></span> <span class='ocrx_word' id='word_1_112' title='bbox 769 1366 890 1410; x_wconf 84' lang='lat' dir='ltr'><strong>esse</strong></span> <span class='ocrx_word' id='word_1_113' title='bbox 941 1353 1284 1421; x_wconf 79' lang='lat' dir='ltr'><strong>promiserat.</strong></span> <span class='ocrx_word' id='word_1_114' title='bbox 1339 1352 1438 1408; x_wconf 85' lang='lat' dir='ltr'><strong>Ubi</strong></span> <span class='ocrx_word' id='word_1_115' title='bbox 1504 1363 1594 1410; x_wconf 87' lang='lat' dir='ltr'><strong>est</strong></span> <span class='ocrx_word' id='word_1_116' title='bbox 1636 1369 1790 1422; x_wconf 80' lang='lat' dir='ltr'><strong>ergo,</strong></span> <span class='ocrx_word' id='word_1_117' title='bbox 1835 1353 2010 1407; x_wconf 82' lang='lat' dir='ltr'><strong>frater</strong></span> 
     </span>
    </p>
   </div>
   <div class='ocr_carea' id='block_1_16' title="bbox 375 1443 2011 1514">
    <p class='ocr_par' dir='ltr' id='par_1_16' title="bbox 375 1443 2011 1514">
     <span class='ocr_line' id='line_1_16' title="bbox 375 1443 2011 1514; baseline -0.001 -12"><span class='ocrx_word' id='word_1_118' title='bbox 375 1446 766 1512; x_wconf 85' lang='lat' dir='ltr'><strong>Parmeniane,</strong></span> <span class='ocrx_word' id='word_1_119' title='bbox 795 1444 938 1514; x_wconf 90' lang='lat' dir='ltr'><strong>quod</strong></span> <span class='ocrx_word' id='word_1_120' title='bbox 968 1443 1155 1499; x_wconf 77' lang='lat' dir='ltr'><strong>dixisti</strong></span> <span class='ocrx_word' id='word_1_121' title='bbox 1181 1445 1401 1514; x_wconf 86' lang='lat' dir='ltr'><strong>penitus</strong></span> <span class='ocrx_word' id='word_1_122' title='bbox 1431 1455 1687 1501; x_wconf 77' lang='lat' dir='ltr'><strong>exustam</strong></span> <span class='ocrx_word' id='word_1_123' title='bbox 1719 1461 1749 1499; x_wconf 91' lang='lat' dir='ltr'><strong>a</strong></span> <span class='ocrx_word' id='word_1_124' title='bbox 1783 1445 2011 1500; x_wconf 81' lang='lat' dir='ltr'><strong>tradito-</strong></span> 
     </span>
    </p>
   </div>
   <div class='ocr_carea' id='block_1_17' title="bbox 375 1519 2012 1606">
    <p class='ocr_par' dir='ltr' id='par_1_17' title="bbox 375 1519 2012 1606">
     <span class='ocr_line' id='line_1_17' title="bbox 375 1519 2012 1606; baseline -0.002 -12"><span class='ocrx_word' id='word_1_125' title='bbox 375 1519 522 1594; x_wconf 84' lang='lat' dir='ltr'><strong>ribus</strong></span> <span class='ocrx_word' id='word_1_126' title='bbox 541 1537 768 1606; x_wconf 74' lang='lat' dir='ltr'><strong>legem?</strong></span> <span class='ocrx_word' id='word_1_127' title='bbox 799 1550 925 1593; x_wconf 82' lang='lat' dir='ltr'><strong>ecce</strong></span> <span class='ocrx_word' id='word_1_128' title='bbox 948 1549 1050 1592; x_wconf 89' lang='lat' dir='ltr'><strong>nec</strong></span> <span class='ocrx_word' id='word_1_129' title='bbox 1075 1537 1290 1605; x_wconf 86' lang='lat' dir='ltr'><strong>penitus</strong></span> <span class='ocrx_word' id='word_1_130' title='bbox 1313 1544 1511 1590; x_wconf 86' lang='lat' dir='ltr'><strong>exusta</strong></span> <span class='ocrx_word' id='word_1_131' title='bbox 1543 1547 1652 1602; x_wconf 84' lang='lat' dir='ltr'><strong>est,</strong></span> <span class='ocrx_word' id='word_1_132' title='bbox 1678 1550 1780 1590; x_wconf 89' lang='lat' dir='ltr'><strong>nec</strong></span> <span class='ocrx_word' id='word_1_133' title='bbox 1801 1551 1867 1590; x_wconf 82' lang='lat' dir='ltr'><strong>ex</strong></span> <span class='ocrx_word' id='word_1_134' title='bbox 1897 1544 2012 1591; x_wconf 88' lang='lat' dir='ltr'><strong>toto</strong></span> 
     </span>
    </p>
   </div>
   <div class='ocr_carea' id='block_1_18' title="bbox 375 1627 2013 1696">
    <p class='ocr_par' dir='ltr' id='par_1_18' title="bbox 375 1627 2013 1696">
     <span class='ocr_line' id='line_1_18' title="bbox 375 1627 2013 1696; baseline -0.001 -10"><span class='ocrx_word' id='word_1_135' title='bbox 375 1631 604 1693; x_wconf 83' lang='lat' dir='ltr'><strong>sublata.</strong></span> <span class='ocrx_word' id='word_1_136' title='bbox 642 1628 784 1684; x_wconf 90' lang='lat' dir='ltr'><strong>dum</strong></span> <span class='ocrx_word' id='word_1_137' title='bbox 833 1637 889 1684; x_wconf 89' lang='lat' dir='ltr'><strong>et</strong></span> <span class='ocrx_word' id='word_1_138' title='bbox 928 1628 983 1683; x_wconf 90' lang='lat' dir='ltr'><strong>in</strong></span> <span class='ocrx_word' id='word_1_139' title='bbox 1026 1628 1285 1684; x_wconf 87' lang='lat' dir='ltr'><strong>cordibus</strong></span> <span class='ocrx_word' id='word_1_140' title='bbox 1315 1627 1668 1684; x_wconf 80' lang='lat' dir='ltr'><strong>credentium</strong></span> <span class='ocrx_word' id='word_1_141' title='bbox 1712 1636 1913 1690; x_wconf 84' lang='lat' dir='ltr'><strong>manet,</strong></span> <span class='ocrx_word' id='word_1_142' title='bbox 1955 1636 2013 1696; x_wconf 79' lang='lat' dir='ltr'><strong>et</strong></span> 
     </span>
    </p>
   </div>
   <div class='ocr_carea' id='block_1_19' title="bbox 2111 422 3709 497">
    <p class='ocr_par' dir='ltr' id='par_1_19' title="bbox 2111 422 3709 497">
     <span class='ocr_line' id='line_1_19' title="bbox 2111 422 3709 497; baseline 0.001 -15"><span class='ocrx_word' id='word_1_143' title='bbox 2111 425 2180 482; x_wconf 71' lang='grc'><strong>14</strong></span> <span class='ocrx_word' id='word_1_144' title='bbox 2207 435 2254 479; x_wconf 86' lang='lat' dir='ltr'><strong>et</strong></span> <span class='ocrx_word' id='word_1_145' title='bbox 2287 426 2401 496; x_wconf 83' lang='lat' dir='ltr'><strong>l5);</strong></span> <span class='ocrx_word' id='word_1_146' title='bbox 2432 435 2487 480; x_wconf 88' lang='lat' dir='ltr'><strong>et</strong></span> <span class='ocrx_word' id='word_1_147' title='bbox 2512 425 2620 479; x_wconf 90' lang='lat' dir='ltr'><strong>alio</strong></span> <span class='ocrx_word' id='word_1_148' title='bbox 2658 422 2778 478; x_wconf 86' lang='lat' dir='ltr'><strong>loco</strong></span> <span class='ocrx_word' id='word_1_149' title='bbox 2810 422 2956 478; x_wconf 89' lang='lat' dir='ltr'><strong>idem</strong></span> <span class='ocrx_word' id='word_1_150' title='bbox 2987 424 3180 480; x_wconf 81' lang='lat' dir='ltr'><strong>beatus</strong></span> <span class='ocrx_word' id='word_1_151' title='bbox 3199 425 3476 497; x_wconf 79' lang='lat' dir='ltr'><strong>apostolus</strong></span> <span class='ocrx_word' id='word_1_152' title='bbox 3509 427 3709 483; x_wconf 86' lang='lat' dir='ltr'><strong>Paulus</strong></span> 
     </span>
    </p>
   </div>
   <div class='ocr_carea' id='block_1_20' title="bbox 2110 517 3710 593">
    <p class='ocr_par' dir='ltr' id='par_1_20' title="bbox 2110 517 3710 593">
     <span class='ocr_line' id='line_1_20' title="bbox 2110 517 3710 593; baseline 0.001 -20"><span class='ocrx_word' id='word_1_153' title='bbox 2110 518 2279 574; x_wconf 86' lang='lat' dir='ltr'><strong>dicit:</strong></span> <span class='ocrx_word' id='word_1_154' title='bbox 2316 521 2438 588; x_wconf 89' lang='lat' dir='ltr'><strong>quia</strong></span> <span class='ocrx_word' id='word_1_155' title='bbox 2476 519 2559 572; x_wconf 81' lang='lat' dir='ltr'><strong>lca:</strong></span> <span class='ocrx_word' id='word_1_156' title='bbox 2601 533 2702 571; x_wconf 87' lang='lat' dir='ltr'><strong>non</strong></span> <span class='ocrx_word' id='word_1_157' title='bbox 2731 517 2858 586; x_wconf 77' lang='lat' dir='ltr'><strong>facit</strong></span> <span class='ocrx_word' id='word_1_158' title='bbox 2872 520 3069 589; x_wconf 85' lang='lat' dir='ltr'><strong>justas,</strong></span> <span class='ocrx_word' id='word_1_159' title='bbox 3101 519 3192 572; x_wconf 82' lang='lat' dir='ltr'><strong>sed</strong></span> <span class='ocrx_word' id='word_1_160' title='bbox 3219 521 3334 588; x_wconf 83' lang='lat' dir='ltr'><strong>ipsa</strong></span> <span class='ocrx_word' id='word_1_161' title='bbox 3374 529 3514 574; x_wconf 87' lang='lat' dir='ltr'><strong>amat</strong></span> <span class='ocrx_word' id='word_1_162' title='bbox 3545 522 3710 593; x_wconf 84' lang='lat' dir='ltr'><strong>justi-</strong></span> 
     </span>
    </p>
   </div>
   <div class='ocr_carea' id='block_1_21' title="bbox 2111 607 3708 679">
    <p class='ocr_par' dir='ltr' id='par_1_21' title="bbox 2111 607 3708 679">
     <span class='ocr_line' id='line_1_21' title="bbox 2111 607 3708 679; baseline 0.002 -15"><span class='ocrx_word' id='word_1_163' title='bbox 2111 612 2253 664; x_wconf 86' lang='lat' dir='ltr'><strong>tiam.</strong></span> <span class='ocrx_word' id='word_1_164' title='bbox 2285 610 2515 679; x_wconf 89' lang='lat' dir='ltr'><strong>Semper</strong></span> <span class='ocrx_word' id='word_1_165' title='bbox 2557 610 2611 663; x_wconf 89' lang='lat' dir='ltr'><strong>in</strong></span> <span class='ocrx_word' id='word_1_166' title='bbox 2643 607 2896 662; x_wconf 86' lang='lat' dir='ltr'><strong>omnibus</strong></span> <span class='ocrx_word' id='word_1_167' title='bbox 2937 609 3098 664; x_wconf 85' lang='lat' dir='ltr'><strong>rebus</strong></span> <span class='ocrx_word' id='word_1_168' title='bbox 3123 609 3487 666; x_wconf 78' lang='lat' dir='ltr'><strong>efﬁcientibus</strong></span> <span class='ocrx_word' id='word_1_169' title='bbox 3513 613 3708 667; x_wconf 74' lang='lat' dir='ltr'><strong>elfecta</strong></span> 
     </span>
    </p>
   </div>
   <div class='ocr_carea' id='block_1_22' title="bbox 2110 699 3708 771">
    <p class='ocr_par' dir='ltr' id='par_1_22' title="bbox 2110 699 3708 771">
     <span class='ocr_line' id='line_1_22' title="bbox 2110 699 3708 771; baseline 0.001 -16"><span class='ocrx_word' id='word_1_170' title='bbox 2110 713 2427 770; x_wconf 65' lang='lat' dir='ltr'><strong>quaeruntur</strong></span> <span class='ocrx_word' id='word_1_171' title='bbox 2451 718 2464 753; x_wconf 89' lang='lat'><strong>:</strong></span> <span class='ocrx_word' id='word_1_172' title='bbox 2493 708 2648 754; x_wconf 89' lang='lat' dir='ltr'><strong>vacat</strong></span> <span class='ocrx_word' id='word_1_173' title='bbox 2673 699 2760 752; x_wconf 90' lang='lat' dir='ltr'><strong>lex</strong></span> <span class='ocrx_word' id='word_1_174' title='bbox 2786 713 2907 766; x_wconf 59' lang='lat' dir='ltr'><strong>qua;</strong></span> <span class='ocrx_word' id='word_1_175' title='bbox 2926 700 3108 766; x_wconf 75' lang='lat' dir='ltr'><strong>efﬁcit,</strong></span> <span class='ocrx_word' id='word_1_176' title='bbox 3140 702 3184 756; x_wconf 88' lang='lat' dir='ltr'><strong>si</strong></span> <span class='ocrx_word' id='word_1_177' title='bbox 3213 717 3310 771; x_wconf 89' lang='lat' dir='ltr'><strong>per</strong></span> <span class='ocrx_word' id='word_1_178' title='bbox 3326 704 3708 771; x_wconf 87' lang='lat' dir='ltr'><strong>compendium</strong></span> 
     </span>
    </p>
   </div>
   <div class='ocr_carea' id='block_1_23' title="bbox 2113 789 3709 864">
    <p class='ocr_par' dir='ltr' id='par_1_23' title="bbox 2113 789 3709 864">
     <span class='ocr_line' id='line_1_23' title="bbox 2113 789 3709 864; baseline 0 -15"><span class='ocrx_word' id='word_1_179' title='bbox 2113 803 2356 863; x_wconf 82' lang='lat' dir='ltr'><strong>paratum</strong></span> <span class='ocrx_word' id='word_1_180' title='bbox 2407 804 2489 849; x_wconf 90' lang='lat' dir='ltr'><strong>est</strong></span> <span class='ocrx_word' id='word_1_181' title='bbox 2524 791 2671 862; x_wconf 91' lang='lat' dir='ltr'><strong>quod</strong></span> <span class='ocrx_word' id='word_1_182' title='bbox 2723 789 2978 846; x_wconf 76' lang='lat' dir='ltr'><strong>efﬁcitur.</strong></span> <span class='ocrx_word' id='word_1_183' title='bbox 3042 794 3282 864; x_wconf 89' lang='lat' dir='ltr'><strong>Denique</strong></span> <span class='ocrx_word' id='word_1_184' title='bbox 3309 794 3543 849; x_wconf 78' lang='lat' dir='ltr'><strong>Abraha:</strong></span> <span class='ocrx_word' id='word_1_185' title='bbox 3595 811 3709 850; x_wconf 87' lang='lat' dir='ltr'><strong>non</strong></span> 
     </span>
    </p>
   </div>
   <div class='ocr_carea' id='block_1_24' title="bbox 2111 883 3710 958">
    <p class='ocr_par' dir='ltr' id='par_1_24' title="bbox 2111 883 3710 958">
     <span class='ocr_line' id='line_1_24' title="bbox 2111 883 3710 958; baseline 0.002 -18"><span class='ocrx_word' id='word_1_186' title='bbox 2111 885 2314 940; x_wconf 87' lang='lat' dir='ltr'><strong>dictum</strong></span> <span class='ocrx_word' id='word_1_187' title='bbox 2357 895 2490 942; x_wconf 87' lang='lat' dir='ltr'><strong>est:</strong></span> <span class='ocrx_word' id='word_1_188' title='bbox 2532 886 2703 950; x_wconf 84' lang='lat' dir='ltr'><strong>crede,</strong></span> <span class='ocrx_word' id='word_1_189' title='bbox 2736 883 2834 938; x_wconf 87' lang='lat' dir='ltr'><strong>sed</strong></span> <span class='ocrx_word' id='word_1_190' title='bbox 2865 885 3004 939; x_wconf 87' lang='lat' dir='ltr'><strong>ultro</strong></span> <span class='ocrx_word' id='word_1_191' title='bbox 3054 886 3311 940; x_wconf 82' lang='lat' dir='ltr'><strong>credidit:</strong></span> <span class='ocrx_word' id='word_1_192' title='bbox 3354 887 3406 941; x_wconf 89' lang='lat' dir='ltr'><strong>in</strong></span> <span class='ocrx_word' id='word_1_193' title='bbox 3437 902 3544 958; x_wconf 90' lang='lat' dir='ltr'><strong>quo</strong></span> <span class='ocrx_word' id='word_1_194' title='bbox 3590 888 3710 944; x_wconf 89' lang='lat' dir='ltr'><strong>sine</strong></span> 
     </span>
    </p>
   </div>
   <div class='ocr_carea' id='block_1_25' title="bbox 2111 976 3704 1048">
    <p class='ocr_par' dir='ltr' id='par_1_25' title="bbox 2111 976 3704 1048">
     <span class='ocr_line' id='line_1_25' title="bbox 2111 976 3704 1048; baseline 0.003 -19"><span class='ocrx_word' id='word_1_195' title='bbox 2111 976 2250 1047; x_wconf 86' lang='lat' dir='ltr'><strong>lege,</strong></span> <span class='ocrx_word' id='word_1_196' title='bbox 2283 977 2418 1047; x_wconf 81' lang='lat' dir='ltr'><strong>legis</strong></span> <span class='ocrx_word' id='word_1_197' title='bbox 2445 977 2673 1033; x_wconf 70' lang='lat' dir='ltr'><strong>allectus</strong></span> <span class='ocrx_word' id='word_1_198' title='bbox 2695 976 2948 1046; x_wconf 69' lang='lat' dir='ltr'><strong>impletus</strong></span> <span class='ocrx_word' id='word_1_199' title='bbox 2978 986 3063 1032; x_wconf 91' lang='lat' dir='ltr'><strong>est</strong></span> <span class='ocrx_word' id='word_1_200' title='bbox 3095 994 3108 1030; x_wconf 86' lang='lat'><strong>:</strong></span> <span class='ocrx_word' id='word_1_201' title='bbox 3142 994 3250 1032; x_wconf 89' lang='lat' dir='ltr'><strong>non</strong></span> <span class='ocrx_word' id='word_1_202' title='bbox 3278 978 3510 1048; x_wconf 85' lang='lat' dir='ltr'><strong>legitur:</strong></span> <span class='ocrx_word' id='word_1_203' title='bbox 3551 980 3704 1034; x_wconf 86' lang='lat' dir='ltr'><strong>audi-</strong></span> 
     </span>
    </p>
   </div>
   <div class='ocr_carea' id='block_1_26' title="bbox 2111 1069 3709 1140">
    <p class='ocr_par' dir='ltr' id='par_1_26' title="bbox 2111 1069 3709 1140">
     <span class='ocr_line' id='line_1_26' title="bbox 2111 1069 3709 1140; baseline 0.002 -18"><span class='ocrx_word' id='word_1_204' title='bbox 2111 1069 2181 1124; x_wconf 83' lang='lat' dir='ltr'><strong>vit</strong></span> <span class='ocrx_word' id='word_1_205' title='bbox 2207 1071 2468 1124; x_wconf 73' lang='lat' dir='ltr'><strong>Abraham</strong></span> <span class='ocrx_word' id='word_1_206' title='bbox 2504 1071 2668 1140; x_wconf 82' lang='lat' dir='ltr'><strong>legent</strong></span> <span class='ocrx_word' id='word_1_207' title='bbox 2697 1078 2745 1123; x_wconf 85' lang='lat' dir='ltr'><strong>et</strong></span> <span class='ocrx_word' id='word_1_208' title='bbox 2785 1069 3021 1136; x_wconf 83' lang='lat' dir='ltr'><strong>credidit,</strong></span> <span class='ocrx_word' id='word_1_209' title='bbox 3070 1071 3165 1124; x_wconf 89' lang='lat' dir='ltr'><strong>sed</strong></span> <span class='ocrx_word' id='word_1_210' title='bbox 3194 1071 3388 1140; x_wconf 80' lang='lat' dir='ltr'><strong>legitur</strong></span> <span class='ocrx_word' id='word_1_211' title='bbox 3420 1089 3433 1124; x_wconf 88' lang='lat'>:</span> <span class='ocrx_word' id='word_1_212' title='bbox 3490 1072 3709 1125; x_wconf 81' lang='lat' dir='ltr'><strong>credidit</strong></span> 
     </span>
    </p>
   </div>
   <div class='ocr_carea' id='block_1_27' title="bbox 2111 1160 3702 1236">
    <p class='ocr_par' dir='ltr' id='par_1_27' title="bbox 2111 1160 3702 1236">
     <span class='ocr_line' id='line_1_27' title="bbox 2111 1160 3702 1236; baseline 0.005 -24"><span class='ocrx_word' id='word_1_213' title='bbox 2111 1161 2368 1216; x_wconf 80' lang='lat' dir='ltr'><strong>Abraham</strong></span> <span class='ocrx_word' id='word_1_214' title='bbox 2395 1160 2507 1216; x_wconf 88' lang='lat' dir='ltr'><strong>Deo</strong></span> <span class='ocrx_word' id='word_1_215' title='bbox 2529 1172 2576 1216; x_wconf 92' lang='lat' dir='ltr'><strong>et</strong></span> <span class='ocrx_word' id='word_1_216' title='bbox 2605 1171 2896 1231; x_wconf 82' lang='lat' dir='ltr'><strong>reputatum</strong></span> <span class='ocrx_word' id='word_1_217' title='bbox 2923 1172 2995 1217; x_wconf 84' lang='lat' dir='ltr'><strong>est</strong></span> <span class='ocrx_word' id='word_1_218' title='bbox 3027 1164 3105 1216; x_wconf 88' lang='lat' dir='ltr'><strong>illi</strong></span> <span class='ocrx_word' id='word_1_219' title='bbox 3138 1165 3206 1217; x_wconf 90' lang='lat' dir='ltr'><strong>ad</strong></span> <span class='ocrx_word' id='word_1_220' title='bbox 3220 1165 3482 1236; x_wconf 75' lang='lat' dir='ltr'><strong>justitiam</strong></span> <span class='ocrx_word' id='word_1_221' title='bbox 3512 1164 3702 1235; x_wconf 85' lang='lat' dir='ltr'><strong>(Rom.</strong></span> 
     </span>
    </p>
   </div>
   <div class='ocr_carea' id='block_1_28' title="bbox 2112 1252 3710 1325">
    <p class='ocr_par' dir='ltr' id='par_1_28' title="bbox 2112 1252 3710 1325">
     <span class='ocr_line' id='line_1_28' title="bbox 2112 1252 3710 1325; baseline 0.004 -22"><span class='ocrx_word' id='word_1_222' title='bbox 2112 1252 2289 1325; x_wconf 58' lang='grc' dir='ltr'><strong>ωδ).</strong></span> <span class='ocrx_word' id='word_1_223' title='bbox 2341 1254 2408 1308; x_wconf 89' lang='lat' dir='ltr'><strong>Et</strong></span> <span class='ocrx_word' id='word_1_224' title='bbox 2457 1254 2647 1323; x_wconf 87' lang='lat' dir='ltr'><strong>primis</strong></span> <span class='ocrx_word' id='word_1_225' title='bbox 2703 1256 3035 1324; x_wconf 86' lang='lat' dir='ltr'><strong>temporibus</strong></span> <span class='ocrx_word' id='word_1_226' title='bbox 3070 1254 3183 1310; x_wconf 85' lang='lat' dir='ltr'><strong>Noe</strong></span> <span class='ocrx_word' id='word_1_227' title='bbox 3215 1255 3528 1312; x_wconf 88' lang='lat' dir='ltr'><strong>Patriarcha</strong></span> <span class='ocrx_word' id='word_1_228' title='bbox 3572 1257 3710 1311; x_wconf 89' lang='lat' dir='ltr'><strong>nihil</strong></span> 
     </span>
    </p>
   </div>
   <div class='ocr_carea' id='block_1_29' title="bbox 2111 1346 3708 1418">
    <p class='ocr_par' dir='ltr' id='par_1_29' title="bbox 2111 1346 3708 1418">
     <span class='ocr_line' id='line_1_29' title="bbox 2111 1346 3708 1418; baseline 0.001 -18"><span class='ocrx_word' id='word_1_229' title='bbox 2111 1347 2222 1415; x_wconf 79' lang='lat' dir='ltr'><strong>egit</strong></span> <span class='ocrx_word' id='word_1_230' title='bbox 2271 1347 2415 1402; x_wconf 88' lang='lat' dir='ltr'><strong>unde</strong></span> <span class='ocrx_word' id='word_1_231' title='bbox 2455 1347 2636 1416; x_wconf 88' lang='lat' dir='ltr'><strong>justus</strong></span> <span class='ocrx_word' id='word_1_232' title='bbox 2680 1346 2852 1414; x_wconf 82' lang='lat' dir='ltr'><strong>ﬁeret,</strong></span> <span class='ocrx_word' id='word_1_233' title='bbox 2887 1357 2942 1402; x_wconf 90' lang='lat' dir='ltr'><strong>et</strong></span> <span class='ocrx_word' id='word_1_234' title='bbox 2981 1349 3161 1418; x_wconf 88' lang='lat' dir='ltr'><strong>justus</strong></span> <span class='ocrx_word' id='word_1_235' title='bbox 3208 1349 3412 1404; x_wconf 86' lang='lat' dir='ltr'><strong>electus</strong></span> <span class='ocrx_word' id='word_1_236' title='bbox 3455 1358 3559 1414; x_wconf 84' lang='lat' dir='ltr'><strong>est,</strong></span> <span class='ocrx_word' id='word_1_237' title='bbox 3613 1348 3708 1418; x_wconf 85' lang='lat' dir='ltr'><strong>qui</strong></span> 
     </span>
    </p>
   </div>
   <div class='ocr_carea' id='block_1_30' title="bbox 2112 1437 3705 1513">
    <p class='ocr_par' dir='ltr' id='par_1_30' title="bbox 2112 1437 3705 1513">
     <span class='ocr_line' id='line_1_30' title="bbox 2112 1437 3705 1513; baseline 0.004 -22"><span class='ocrx_word' id='word_1_238' title='bbox 2112 1437 2370 1496; x_wconf 81' lang='lat' dir='ltr'><strong>fabricata</strong></span> <span class='ocrx_word' id='word_1_239' title='bbox 2401 1455 2526 1497; x_wconf 84' lang='lat' dir='ltr'><strong>arca</strong></span> <span class='ocrx_word' id='word_1_240' title='bbox 2553 1440 2785 1496; x_wconf 84' lang='lat' dir='ltr'><strong>feliciter</strong></span> <span class='ocrx_word' id='word_1_241' title='bbox 2816 1444 2868 1496; x_wconf 90' lang='lat' dir='ltr'><strong>in</strong></span> <span class='ocrx_word' id='word_1_242' title='bbox 2889 1441 3094 1497; x_wconf 88' lang='lat' dir='ltr'><strong>diluvio</strong></span> <span class='ocrx_word' id='word_1_243' title='bbox 3123 1444 3418 1513; x_wconf 76' lang='lat' dir='ltr'><strong>navigaret.</strong></span> <span class='ocrx_word' id='word_1_244' title='bbox 3459 1443 3705 1513; x_wconf 88' lang='lat' dir='ltr'><strong>Longum</strong></span> 
     </span>
    </p>
   </div>
   <div class='ocr_carea' id='block_1_31' title="bbox 2111 1533 3698 1607">
    <p class='ocr_par' dir='ltr' id='par_1_31' title="bbox 2111 1533 3698 1607">
     <span class='ocr_line' id='line_1_31' title="bbox 2111 1533 3698 1607; baseline 0.003 -21"><span class='ocrx_word' id='word_1_245' title='bbox 2111 1541 2195 1586; x_wconf 88' lang='lat' dir='ltr'><strong>est</strong></span> <span class='ocrx_word' id='word_1_246' title='bbox 2225 1533 2302 1588; x_wconf 92' lang='lat' dir='ltr'><strong>ire</strong></span> <span class='ocrx_word' id='word_1_247' title='bbox 2332 1549 2426 1603; x_wconf 89' lang='lat' dir='ltr'><strong>per</strong></span> <span class='ocrx_word' id='word_1_248' title='bbox 2459 1535 2704 1606; x_wconf 84' lang='lat' dir='ltr'><strong>singulos</strong></span> <span class='ocrx_word' id='word_1_249' title='bbox 2746 1535 2836 1605; x_wconf 88' lang='lat' dir='ltr'><strong>qui</strong></span> <span class='ocrx_word' id='word_1_250' title='bbox 2867 1537 2986 1591; x_wconf 85' lang='lat' dir='ltr'><strong>sine</strong></span> <span class='ocrx_word' id='word_1_251' title='bbox 3016 1536 3133 1607; x_wconf 83' lang='lat' dir='ltr'><strong>lege</strong></span> <span class='ocrx_word' id='word_1_252' title='bbox 3161 1537 3369 1592; x_wconf 86' lang='lat' dir='ltr'><strong>inventi</strong></span> <span class='ocrx_word' id='word_1_253' title='bbox 3396 1547 3522 1592; x_wconf 86' lang='lat' dir='ltr'><strong>sunt</strong></span> <span class='ocrx_word' id='word_1_254' title='bbox 3545 1537 3698 1607; x_wconf 85' lang='lat' dir='ltr'><strong>justi.</strong></span> 
     </span>
    </p>
   </div>
   <div class='ocr_carea' id='block_1_32' title="bbox 2114 1623 3706 1699">
    <p class='ocr_par' dir='ltr' id='par_1_32' title="bbox 2114 1623 3706 1699">
     <span class='ocr_line' id='line_1_32' title="bbox 2114 1623 3706 1699; baseline 0.004 -22"><span class='ocrx_word' id='word_1_255' title='bbox 2114 1623 2239 1678; x_wconf 81' lang='lat' dir='ltr'><strong>Haec</strong></span> <span class='ocrx_word' id='word_1_256' title='bbox 2260 1625 2304 1679; x_wconf 83' lang='lat' dir='ltr'><strong>si</strong></span> <span class='ocrx_word' id='word_1_257' title='bbox 2332 1640 2360 1678; x_wconf 90' lang='lat' dir='ltr'><strong>a</strong></span> <span class='ocrx_word' id='word_1_258' title='bbox 2394 1627 2587 1680; x_wconf 83' lang='lat' dir='ltr'><strong>vestris</strong></span> <span class='ocrx_word' id='word_1_259' title='bbox 2617 1628 2932 1696; x_wconf 88' lang='lat' dir='ltr'><strong>parentibus</strong></span> <span class='ocrx_word' id='word_1_260' title='bbox 2972 1643 3072 1684; x_wconf 87' lang='lat' dir='ltr'><strong>suo</strong></span> <span class='ocrx_word' id='word_1_261' title='bbox 3103 1640 3346 1699; x_wconf 87' lang='lat' dir='ltr'><strong>tempore</strong></span> <span class='ocrx_word' id='word_1_262' title='bbox 3374 1630 3706 1694; x_wconf 82' lang='lat' dir='ltr'><strong>dicerentur,</strong></span> 
     </span>
    </p>
   </div>
   <div class='ocr_carea' id='block_1_33' title="bbox 375 1716 3709 1792">
    <p class='ocr_par' dir='ltr' id='par_1_33' title="bbox 375 1716 3709 1792">
     <span class='ocr_line' id='line_1_33' title="bbox 375 1716 3709 1792; baseline -0.001 -12"><span class='ocrx_word' id='word_1_263' title='bbox 375 1724 638 1780; x_wconf 86' lang='lat' dir='ltr'><strong>librorum</strong></span> <span class='ocrx_word' id='word_1_264' title='bbox 666 1721 842 1780; x_wconf 84' lang='lat' dir='ltr'><strong>millia</strong></span> <span class='ocrx_word' id='word_1_265' title='bbox 867 1720 1064 1790; x_wconf 86' lang='lat' dir='ltr'><strong>ubique</strong></span> <span class='ocrx_word' id='word_1_266' title='bbox 1087 1721 1387 1776; x_wconf 85' lang='lat' dir='ltr'><strong>recitantur</strong></span> <span class='ocrx_word' id='word_1_267' title='bbox 1415 1736 1430 1774; x_wconf 90' lang='lat'><strong>:</strong></span> <span class='ocrx_word' id='word_1_268' title='bbox 1456 1718 1588 1790; x_wconf 69' lang='lat'><strong>(47)</strong></span> <span class='ocrx_word' id='word_1_269' title='bbox 1618 1719 1763 1775; x_wconf 89' lang='lat' dir='ltr'><strong>unde</strong></span> <span class='ocrx_word' id='word_1_270' title='bbox 1788 1728 2013 1788; x_wconf 87' lang='lat' dir='ltr'><strong>apparet</strong></span> <span class='ocrx_word' id='word_1_271' title='bbox 2041 1721 2090 1781; x_wconf 90' lang='lat' dir='ltr'><strong>B</strong></span> <span class='ocrx_word' id='word_1_272' title='bbox 2119 1716 2237 1785; x_wconf 84' lang='lat' dir='ltr'><strong>quis</strong></span> <span class='ocrx_word' id='word_1_273' title='bbox 2265 1732 2361 1771; x_wconf 87' lang='lat' dir='ltr'><strong>eos</strong></span> <span class='ocrx_word' id='word_1_274' title='bbox 2379 1734 2409 1772; x_wconf 89' lang='lat' dir='ltr'><strong>a</strong></span> <span class='ocrx_word' id='word_1_275' title='bbox 2440 1720 2826 1775; x_wconf 89' lang='lat' dir='ltr'><strong>communione</strong></span> <span class='ocrx_word' id='word_1_276' title='bbox 2851 1736 2946 1775; x_wconf 87' lang='lat' dir='ltr'><strong>sua</strong></span> <span class='ocrx_word' id='word_1_277' title='bbox 2974 1721 3304 1792; x_wconf 81' lang='lat' dir='ltr'><strong>repelleret?</strong></span> <span class='ocrx_word' id='word_1_278' title='bbox 3333 1722 3461 1792; x_wconf 89' lang='lat' dir='ltr'><strong>quid</strong></span> <span class='ocrx_word' id='word_1_279' title='bbox 3482 1723 3530 1777; x_wconf 87' lang='lat' dir='ltr'><strong>si</strong></span> <span class='ocrx_word' id='word_1_280' title='bbox 3559 1722 3709 1778; x_wconf 88' lang='lat' dir='ltr'><strong>dice-</strong></span> 
     </span>
    </p>
   </div>
   <div class='ocr_carea' id='block_1_34' title="bbox 379 1809 2006 1886">
    <p class='ocr_par' dir='ltr' id='par_1_34' title="bbox 379 1809 2006 1886">
     <span class='ocr_line' id='line_1_34' title="bbox 379 1809 2006 1886; baseline -0.005 -14"><span class='ocrx_word' id='word_1_281' title='bbox 379 1827 432 1872; x_wconf 91' lang='lat' dir='ltr'><strong>te</strong></span> <span class='ocrx_word' id='word_1_282' title='bbox 457 1823 718 1886; x_wconf 87' lang='lat' dir='ltr'><strong>parentes</strong></span> <span class='ocrx_word' id='word_1_283' title='bbox 747 1823 886 1878; x_wconf 89' lang='lat' dir='ltr'><strong>tuos,</strong></span> <span class='ocrx_word' id='word_1_284' title='bbox 919 1813 1164 1883; x_wconf 86' lang='lat' dir='ltr'><strong>quamvis</strong></span> <span class='ocrx_word' id='word_1_285' title='bbox 1210 1828 1307 1882; x_wconf 89' lang='lat' dir='ltr'><strong>per</strong></span> <span class='ocrx_word' id='word_1_286' title='bbox 1344 1811 1750 1882; x_wconf 85' lang='lat' dir='ltr'><strong>ignorantiam,</strong></span> <span class='ocrx_word' id='word_1_287' title='bbox 1803 1809 2006 1865; x_wconf 83' lang='lat' dir='ltr'><strong>frustra</strong></span> 
     </span>
    </p>
   </div>
   <div class='ocr_carea' id='block_1_35' title="bbox 377 1903 2006 1974">
    <p class='ocr_par' dir='ltr' id='par_1_35' title="bbox 377 1903 2006 1974">
     <span class='ocr_line' id='line_1_35' title="bbox 377 1903 2006 1974; baseline -0.003 -12"><span class='ocrx_word' id='word_1_288' title='bbox 377 1921 630 1963; x_wconf 89' lang='lat' dir='ltr'><strong>accusare</strong></span> <span class='ocrx_word' id='word_1_289' title='bbox 657 1904 918 1959; x_wconf 90' lang='lat' dir='ltr'><strong>voluisse.</strong></span> <span class='ocrx_word' id='word_1_290' title='bbox 949 1903 1113 1974; x_wconf 79' lang='lat' dir='ltr'><strong>Igitur</strong></span> <span class='ocrx_word' id='word_1_291' title='bbox 1163 1905 1208 1958; x_wconf 90' lang='lat' dir='ltr'><strong>si</strong></span> <span class='ocrx_word' id='word_1_292' title='bbox 1240 1913 1510 1974; x_wconf 85' lang='lat' dir='ltr'><strong>parentes</strong></span> <span class='ocrx_word' id='word_1_293' title='bbox 1547 1904 1714 1958; x_wconf 86' lang='lat' dir='ltr'><strong>vestri</strong></span> <span class='ocrx_word' id='word_1_294' title='bbox 1759 1903 1825 1955; x_wconf 90' lang='lat' dir='ltr'><strong>ad</strong></span> <span class='ocrx_word' id='word_1_295' title='bbox 1867 1909 2006 1958; x_wconf 83' lang='lat' dir='ltr'><strong>tem-</strong></span> 
     </span>
    </p>
   </div>
   <div class='ocr_carea' id='block_1_36' title="bbox 379 1994 2008 2072">
    <p class='ocr_par' dir='ltr' id='par_1_36' title="bbox 379 1994 2008 2072">
     <span class='ocr_line' id='line_1_36' title="bbox 379 1994 2008 2072; baseline -0.002 -17"><span class='ocrx_word' id='word_1_296' title='bbox 379 2015 506 2072; x_wconf 87' lang='lat' dir='ltr'><strong>pora</strong></span> <span class='ocrx_word' id='word_1_297' title='bbox 536 1998 1144 2056; x_wconf 73' lang='lat' dir='ltr'><strong>unitatis,occurrerent</strong></span> <span class='ocrx_word' id='word_1_298' title='bbox 1187 2004 1268 2052; x_wconf 86' lang='lat' dir='ltr'><strong>tot</strong></span> <span class='ocrx_word' id='word_1_299' title='bbox 1291 1996 1575 2066; x_wconf 75' lang='lat' dir='ltr'><strong>exeniplis</strong></span> <span class='ocrx_word' id='word_1_300' title='bbox 1613 1994 2008 2051; x_wconf 83' lang='lat' dir='ltr'><strong>rationabiliter</strong></span> 
     </span>
    </p>
   </div>
   <div class='ocr_carea' id='block_1_37' title="bbox 377 2086 2009 2157">
    <p class='ocr_par' dir='ltr' id='par_1_37' title="bbox 377 2086 2009 2157">
     <span class='ocr_line' id='line_1_37' title="bbox 377 2086 2009 2157; baseline -0.002 -11"><span class='ocrx_word' id='word_1_301' title='bbox 377 2091 624 2151; x_wconf 86' lang='lat' dir='ltr'><strong>redditis.</strong></span> <span class='ocrx_word' id='word_1_302' title='bbox 656 2097 718 2143; x_wconf 86' lang='lat' dir='ltr'><strong>et</strong></span> <span class='ocrx_word' id='word_1_303' title='bbox 754 2088 852 2157; x_wconf 89' lang='lat' dir='ltr'><strong>ipsi</strong></span> <span class='ocrx_word' id='word_1_304' title='bbox 882 2104 910 2142; x_wconf 89' lang='lat' dir='ltr'><strong>a</strong></span> <span class='ocrx_word' id='word_1_305' title='bbox 951 2089 1333 2144; x_wconf 82' lang='lat' dir='ltr'><strong>communione</strong></span> <span class='ocrx_word' id='word_1_306' title='bbox 1383 2086 1591 2156; x_wconf 87' lang='lat' dir='ltr'><strong>repelli</strong></span> <span class='ocrx_word' id='word_1_307' title='bbox 1631 2101 1743 2141; x_wconf 92' lang='lat' dir='ltr'><strong>non</strong></span> <span class='ocrx_word' id='word_1_308' title='bbox 1785 2095 2009 2155; x_wconf 81' lang='lat' dir='ltr'><strong>possent</strong></span> 
     </span>
    </p>
   </div>
   <div class='ocr_carea' id='block_1_38' title="bbox 378 2177 2010 2252">
    <p class='ocr_par' dir='ltr' id='par_1_38' title="bbox 378 2177 2010 2252">
     <span class='ocr_line' id='line_1_38' title="bbox 378 2177 2010 2252; baseline -0.002 -16"><span class='ocrx_word' id='word_1_309' title='bbox 378 2181 595 2252; x_wconf 89' lang='lat' dir='ltr'><strong>quando</strong></span> <span class='ocrx_word' id='word_1_310' title='bbox 619 2196 716 2234; x_wconf 82' lang='lat' dir='ltr'><strong>vos</strong></span> <span class='ocrx_word' id='word_1_311' title='bbox 738 2195 873 2249; x_wconf 91' lang='lat' dir='ltr'><strong>quos</strong></span> <span class='ocrx_word' id='word_1_312' title='bbox 901 2189 1110 2236; x_wconf 85' lang='lat' dir='ltr'><strong>constat</strong></span> <span class='ocrx_word' id='word_1_313' title='bbox 1141 2179 1433 2236; x_wconf 87' lang='lat' dir='ltr'><strong>traditores</strong></span> <span class='ocrx_word' id='word_1_314' title='bbox 1461 2194 1577 2233; x_wconf 90' lang='lat' dir='ltr'><strong>non</strong></span> <span class='ocrx_word' id='word_1_315' title='bbox 1621 2193 1771 2243; x_wconf 86' lang='lat' dir='ltr'><strong>esse,</strong></span> <span class='ocrx_word' id='word_1_316' title='bbox 1813 2177 1907 2232; x_wconf 87' lang='lat' dir='ltr'><strong>sed</strong></span> <span class='ocrx_word' id='word_1_317' title='bbox 1946 2179 2010 2232; x_wconf 89' lang='lat' dir='ltr'><strong>ﬁ-</strong></span> 
     </span>
    </p>
   </div>
   <div class='ocr_carea' id='block_1_39' title="bbox 379 2271 2009 2342">
    <p class='ocr_par' dir='ltr' id='par_1_39' title="bbox 379 2271 2009 2342">
     <span class='ocr_line' id='line_1_39' title="bbox 379 2271 2009 2342; baseline -0.002 -14"><span class='ocrx_word' id='word_1_318' title='bbox 379 2276 478 2330; x_wconf 80' lang='lat' dir='ltr'><strong>lios</strong></span> <span class='ocrx_word' id='word_1_319' title='bbox 511 2273 848 2338; x_wconf 78' lang='lat' dir='ltr'><strong>traditurum,</strong></span> <span class='ocrx_word' id='word_1_320' title='bbox 880 2289 1005 2327; x_wconf 86' lang='lat' dir='ltr'><strong>cum</strong></span> <span class='ocrx_word' id='word_1_321' title='bbox 1041 2280 1252 2342; x_wconf 87' lang='lat' dir='ltr'><strong>patrum</strong></span> <span class='ocrx_word' id='word_1_322' title='bbox 1291 2281 1345 2327; x_wconf 89' lang='lat' dir='ltr'><strong>et</strong></span> <span class='ocrx_word' id='word_1_323' title='bbox 1392 2271 1635 2326; x_wconf 84' lang='lat' dir='ltr'><strong>ﬁliorum</strong></span> <span class='ocrx_word' id='word_1_324' title='bbox 1667 2281 1726 2326; x_wconf 91' lang='lat' dir='ltr'><strong>et</strong></span> <span class='ocrx_word' id='word_1_325' title='bbox 1764 2283 2009 2338; x_wconf 75' lang='lat' dir='ltr'><strong>persona:</strong></span> 
     </span>
    </p>
   </div>
   <div class='ocr_carea' id='block_1_40' title="bbox 374 2362 2009 2434">
    <p class='ocr_par' dir='ltr' id='par_1_40' title="bbox 374 2362 2009 2434">
     <span class='ocr_line' id='line_1_40' title="bbox 374 2362 2009 2434; baseline -0.003 -11"><span class='ocrx_word' id='word_1_326' title='bbox 374 2368 753 2423; x_wconf 82' lang='lat' dir='ltr'><strong>discernantur</strong></span> <span class='ocrx_word' id='word_1_327' title='bbox 776 2374 828 2420; x_wconf 89' lang='lat' dir='ltr'><strong>et</strong></span> <span class='ocrx_word' id='word_1_328' title='bbox 871 2367 1115 2427; x_wconf 86' lang='lat' dir='ltr'><strong>nomina,</strong></span> <span class='ocrx_word' id='word_1_329' title='bbox 1165 2364 1305 2420; x_wconf 88' lang='lat' dir='ltr'><strong>inter</strong></span> <span class='ocrx_word' id='word_1_330' title='bbox 1331 2379 1472 2434; x_wconf 89' lang='lat' dir='ltr'><strong>quas</strong></span> <span class='ocrx_word' id='word_1_331' title='bbox 1501 2377 1777 2433; x_wconf 86' lang='lat' dir='ltr'><strong>personas</strong></span> <span class='ocrx_word' id='word_1_332' title='bbox 1806 2362 1853 2416; x_wconf 88' lang='lat' dir='ltr'><strong>si</strong></span> <span class='ocrx_word' id='word_1_333' title='bbox 1902 2379 2009 2418; x_wconf 91' lang='lat' dir='ltr'><strong>non</strong></span> 
     </span>
    </p>
   </div>
   <div class='ocr_carea' id='block_1_41' title="bbox 375 2458 2008 2529">
    <p class='ocr_par' dir='ltr' id='par_1_41' title="bbox 375 2458 2008 2529">
     <span class='ocr_line' id='line_1_41' title="bbox 375 2458 2008 2529; baseline -0.004 -13"><span class='ocrx_word' id='word_1_334' title='bbox 375 2462 446 2516; x_wconf 88' lang='lat' dir='ltr'><strong>sit</strong></span> <span class='ocrx_word' id='word_1_335' title='bbox 475 2458 778 2515; x_wconf 88' lang='lat' dir='ltr'><strong>communis</strong></span> <span class='ocrx_word' id='word_1_336' title='bbox 823 2459 985 2529; x_wconf 88' lang='lat' dir='ltr'><strong>culpa</strong></span> <span class='ocrx_word' id='word_1_337' title='bbox 1016 2498 1031 2524; x_wconf 95' lang='lat'><strong>,</strong></span> <span class='ocrx_word' id='word_1_338' title='bbox 1064 2472 1172 2512; x_wconf 90' lang='lat' dir='ltr'><strong>non</strong></span> <span class='ocrx_word' id='word_1_339' title='bbox 1206 2467 1384 2526; x_wconf 86' lang='lat' dir='ltr'><strong>potest</strong></span> <span class='ocrx_word' id='word_1_340' title='bbox 1437 2472 1544 2511; x_wconf 90' lang='lat' dir='ltr'><strong>una</strong></span> <span class='ocrx_word' id='word_1_341' title='bbox 1598 2471 1735 2514; x_wconf 84' lang='lat' dir='ltr'><strong>esse</strong></span> <span class='ocrx_word' id='word_1_342' title='bbox 1790 2466 2008 2512; x_wconf 86' lang='lat' dir='ltr'><strong>senten-</strong></span> 
     </span>
    </p>
   </div>
   <div class='ocr_carea' id='block_1_42' title="bbox 378 2550 2008 2624">
    <p class='ocr_par' dir='ltr' id='par_1_42' title="bbox 378 2550 2008 2624">
     <span class='ocr_line' id='line_1_42' title="bbox 378 2550 2008 2624; baseline -0.002 -16"><span class='ocrx_word' id='word_1_343' title='bbox 378 2555 470 2608; x_wconf 85' lang='lat' dir='ltr'><strong>tia.</strong></span> <span class='ocrx_word' id='word_1_344' title='bbox 517 2553 634 2624; x_wconf 65' lang='lat'><strong>(48)</strong></span> <span class='ocrx_word' id='word_1_345' title='bbox 685 2551 1018 2623; x_wconf 80' lang='lat' dir='ltr'><strong>Quamquam</strong></span> <span class='ocrx_word' id='word_1_346' title='bbox 1074 2560 1128 2605; x_wconf 88' lang='lat' dir='ltr'><strong>et</strong></span> <span class='ocrx_word' id='word_1_347' title='bbox 1167 2551 1215 2604; x_wconf 90' lang='lat' dir='ltr'><strong>si</strong></span> <span class='ocrx_word' id='word_1_348' title='bbox 1259 2551 1477 2605; x_wconf 88' lang='lat' dir='ltr'><strong>illorum</strong></span> <span class='ocrx_word' id='word_1_349' title='bbox 1508 2552 1696 2606; x_wconf 86' lang='lat' dir='ltr'><strong>unitas</strong></span> <span class='ocrx_word' id='word_1_350' title='bbox 1726 2551 1899 2615; x_wconf 86' lang='lat' dir='ltr'><strong>ﬁeret,</strong></span> <span class='ocrx_word' id='word_1_351' title='bbox 1938 2550 2008 2604; x_wconf 90' lang='lat' dir='ltr'><strong>ad</strong></span> 
     </span>
    </p>
   </div>
   <div class='ocr_carea' id='block_1_43' title="bbox 379 2641 2008 2711">
    <p class='ocr_par' dir='ltr' id='par_1_43' title="bbox 379 2641 2008 2711">
     <span class='ocr_line' id='line_1_43' title="bbox 379 2641 2008 2711; baseline -0.002 -11"><span class='ocrx_word' id='word_1_352' title='bbox 379 2646 674 2700; x_wconf 82' lang='lat' dir='ltr'><strong>Ecclesiam</strong></span> <span class='ocrx_word' id='word_1_353' title='bbox 706 2646 1027 2699; x_wconf 84' lang='lat' dir='ltr'><strong>catholicam</strong></span> <span class='ocrx_word' id='word_1_354' title='bbox 1052 2653 1244 2711; x_wconf 82' lang='lat' dir='ltr'><strong>Sponte</strong></span> <span class='ocrx_word' id='word_1_355' title='bbox 1269 2642 1533 2696; x_wconf 88' lang='lat' dir='ltr'><strong>venirent.</strong></span> <span class='ocrx_word' id='word_1_356' title='bbox 1567 2641 1788 2700; x_wconf 70' lang='lat' dir='ltr'><strong>Caetera</strong></span> <span class='ocrx_word' id='word_1_357' title='bbox 1814 2642 2008 2698; x_wconf 84' lang='lat' dir='ltr'><strong>haben-</strong></span> 
     </span>
    </p>
   </div>
   <div class='ocr_carea' id='block_1_44' title="bbox 382 2734 2004 2807">
    <p class='ocr_par' dir='ltr' id='par_1_44' title="bbox 382 2734 2004 2807">
     <span class='ocr_line' id='line_1_44' title="bbox 382 2734 2004 2807; baseline -0.002 -13"><span class='ocrx_word' id='word_1_358' title='bbox 382 2750 463 2794; x_wconf 86' lang='lat' dir='ltr'><strong>tur</strong></span> <span class='ocrx_word' id='word_1_359' title='bbox 495 2741 550 2794; x_wconf 83' lang='lat' dir='ltr'><strong>in</strong></span> <span class='ocrx_word' id='word_1_360' title='bbox 578 2749 756 2794; x_wconf 87' lang='lat' dir='ltr'><strong>nostra</strong></span> <span class='ocrx_word' id='word_1_361' title='bbox 791 2740 1015 2793; x_wconf 88' lang='lat' dir='ltr'><strong>editione</strong></span> <span class='ocrx_word' id='word_1_362' title='bbox 1048 2736 1367 2807; x_wconf 80' lang='lat' dir='ltr'><strong>(Dupiniana</strong></span> <span class='ocrx_word' id='word_1_363' title='bbox 1397 2734 1656 2806; x_wconf 88' lang='lat' dir='ltr'><strong>scilicet),</strong></span> <span class='ocrx_word' id='word_1_364' title='bbox 1716 2753 1842 2807; x_wconf 80' lang='lat' dir='ltr'><strong>pag.</strong></span> <span class='ocrx_word' id='word_1_365' title='bbox 1881 2736 2004 2791; x_wconf 82' lang='lat'><strong>100.</strong></span> 
     </span>
    </p>
   </div>
   <div class='ocr_carea' id='block_1_45' title="bbox 459 2824 2006 2901">
    <p class='ocr_par' dir='ltr' id='par_1_45' title="bbox 459 2824 2006 2901">
     <span class='ocr_line' id='line_1_45' title="bbox 459 2824 2006 2901; baseline -0.003 -15"><span class='ocrx_word' id='word_1_366' title='bbox 459 2832 586 2886; x_wconf 86' lang='lat' dir='ltr'><strong>Post</strong></span> <span class='ocrx_word' id='word_1_367' title='bbox 617 2831 727 2888; x_wconf 75' lang='lat' dir='ltr'><strong>hwc</strong></span> <span class='ocrx_word' id='word_1_368' title='bbox 751 2830 902 2887; x_wconf 79' lang='lat' dir='ltr'><strong>uerba</strong></span> <span class='ocrx_word' id='word_1_369' title='bbox 931 2845 1053 2901; x_wconf 84' lang='lat' dir='ltr'><strong>pag.</strong></span> <span class='ocrx_word' id='word_1_370' title='bbox 1075 2827 1177 2883; x_wconf 75' lang='grc'><strong>100</strong></span> <span class='ocrx_word' id='word_1_371' title='bbox 1204 2843 1373 2881; x_wconf 83' lang='lat' dir='ltr'><strong>versus</strong></span> <span class='ocrx_word' id='word_1_372' title='bbox 1403 2824 1666 2881; x_wconf 81' lang='lat' dir='ltr'><strong>medium:</strong></span> <span class='ocrx_word' id='word_1_373' title='bbox 1696 2846 1716 2880; x_wconf 79' lang='lat' dir='ltr'><strong>t</strong></span> <span class='ocrx_word' id='word_1_374' title='bbox 1739 2827 1954 2896; x_wconf 80' lang='lat' dir='ltr'><strong>Siquid</strong></span> <span class='ocrx_word' id='word_1_375' title='bbox 1975 2843 2006 2882; x_wconf 86' lang='lat' dir='ltr'><strong>a</strong></span> 
     </span>
    </p>
   </div>
   <div class='ocr_carea' id='block_1_46' title="bbox 387 2919 2004 2994">
    <p class='ocr_par' dir='ltr' id='par_1_46' title="bbox 387 2919 2004 2994">
     <span class='ocr_line' id='line_1_46' title="bbox 387 2919 2004 2994; baseline -0.005 -12"><span class='ocrx_word' id='word_1_376' title='bbox 387 2928 516 2984; x_wconf 79' lang='lat' dir='ltr'><strong>ﬁliis</strong></span> <span class='ocrx_word' id='word_1_377' title='bbox 545 2927 775 2982; x_wconf 76' lang='lat' dir='ltr'><strong>forsitan</strong></span> <span class='ocrx_word' id='word_1_378' title='bbox 809 2925 1174 2994; x_wconf 79' lang='lat' dir='ltr'><strong>delinqustur,</strong></span> <span class='ocrx_word' id='word_1_379' title='bbox 1208 2940 1231 2972; x_wconf 74' lang='grc'><strong>‹⁴</strong></span> <span class='ocrx_word' id='word_1_380' title='bbox 1254 2920 1514 2988; x_wconf 78' lang='lat' dir='ltr'><strong>sequentia</strong></span> <span class='ocrx_word' id='word_1_381' title='bbox 1549 2919 2004 2974; x_wconf 82' lang='lat' dir='ltr'><strong>habentur:Cum</strong></span> 
     </span>
    </p>
   </div>
   <div class='ocr_carea' id='block_1_47' title="bbox 389 3010 1997 3089">
    <p class='ocr_par' dir='ltr' id='par_1_47' title="bbox 389 3010 1997 3089">
     <span class='ocr_line' id='line_1_47' title="bbox 389 3010 1997 3089; baseline -0.006 -14"><span class='ocrx_word' id='word_1_382' title='bbox 389 3031 445 3075; x_wconf 89' lang='lat' dir='ltr'><strong>et</strong></span> <span class='ocrx_word' id='word_1_383' title='bbox 474 3018 810 3089; x_wconf 88' lang='lat' dir='ltr'><strong>temporibus</strong></span> <span class='ocrx_word' id='word_1_384' title='bbox 827 3012 1130 3087; x_wconf 73' lang='lat' dir='ltr'><strong>Moysisine</strong></span> <span class='ocrx_word' id='word_1_385' title='bbox 1153 3010 1468 3080; x_wconf 72' lang='lat' dir='ltr'><strong>cujusquam</strong></span> <span class='ocrx_word' id='word_1_386' title='bbox 1491 3022 1658 3078; x_wconf 66' lang='lat' dir='ltr'><strong>pinna</strong></span> <span class='ocrx_word' id='word_1_387' title='bbox 1681 3010 1771 3065; x_wconf 87' lang='lat' dir='ltr'><strong>lex</strong></span> <span class='ocrx_word' id='word_1_388' title='bbox 1806 3011 1997 3065; x_wconf 86' lang='lat' dir='ltr'><strong>iterata</strong></span> 
     </span>
    </p>
   </div>
   <div class='ocr_carea' id='block_1_48' title="bbox 2116 1808 3710 1883">
    <p class='ocr_par' dir='ltr' id='par_1_48' title="bbox 2116 1808 3710 1883">
     <span class='ocr_line' id='line_1_48' title="bbox 2116 1808 3710 1883; baseline 0.006 -23"><span class='ocrx_word' id='word_1_389' title='bbox 2116 1817 2236 1862; x_wconf 83' lang='lat' dir='ltr'><strong>rent</strong></span> <span class='ocrx_word' id='word_1_390' title='bbox 2291 1823 2399 1864; x_wconf 90' lang='lat' dir='ltr'><strong>non</strong></span> <span class='ocrx_word' id='word_1_391' title='bbox 2431 1808 2635 1864; x_wconf 83' lang='lat' dir='ltr'><strong>debere</strong></span> <span class='ocrx_word' id='word_1_392' title='bbox 2674 1810 2892 1866; x_wconf 88' lang='lat' dir='ltr'><strong>silentio</strong></span> <span class='ocrx_word' id='word_1_393' title='bbox 2931 1813 3196 1881; x_wconf 75' lang='lat' dir='ltr'><strong>praeteriri</strong></span> <span class='ocrx_word' id='word_1_394' title='bbox 3236 1813 3380 1882; x_wconf 86' lang='lat' dir='ltr'><strong>quod</strong></span> <span class='ocrx_word' id='word_1_395' title='bbox 3413 1814 3710 1883; x_wconf 82' lang='lat' dir='ltr'><strong>Apostolus</strong></span> 
     </span>
    </p>
   </div>
   <div class='ocr_carea' id='block_1_49' title="bbox 2111 1899 3710 1975">
    <p class='ocr_par' dir='ltr' id='par_1_49' title="bbox 2111 1899 3710 1975">
     <span class='ocr_line' id='line_1_49' title="bbox 2111 1899 3710 1975; baseline 0.004 -21"><span class='ocrx_word' id='word_1_396' title='bbox 2111 1899 2182 1954; x_wconf 86' lang='lat' dir='ltr'><strong>de</strong></span> <span class='ocrx_word' id='word_1_397' title='bbox 2208 1901 2626 1972; x_wconf 80' lang='lat' dir='ltr'><strong>extralegalihus</strong></span> <span class='ocrx_word' id='word_1_398' title='bbox 2656 1904 2769 1958; x_wconf 89' lang='lat' dir='ltr'><strong>ait:</strong></span> <span class='ocrx_word' id='word_1_399' title='bbox 2805 1903 2991 1959; x_wconf 79' lang='lat' dir='ltr'><strong>Gentes</strong></span> <span class='ocrx_word' id='word_1_400' title='bbox 3018 1920 3133 1973; x_wconf 67' lang='lat' dir='ltr'><strong>quin</strong></span> <span class='ocrx_word' id='word_1_401' title='bbox 3161 1905 3324 1975; x_wconf 84' lang='lat' dir='ltr'><strong>legem</strong></span> <span class='ocrx_word' id='word_1_402' title='bbox 3362 1907 3618 1973; x_wconf 74' lang='lat' dir='ltr'><strong>nesciunt,</strong></span> <span class='ocrx_word' id='word_1_403' title='bbox 3649 1923 3710 1960; x_wconf 84' lang='lat' dir='ltr'><strong>ea</strong></span> 
     </span>
    </p>
   </div>
   <div class='ocr_carea' id='block_1_50' title="bbox 2111 1992 3710 2069">
    <p class='ocr_par' dir='ltr' id='par_1_50' title="bbox 2111 1992 3710 2069">
     <span class='ocr_line' id='line_1_50' title="bbox 2111 1992 3710 2069; baseline 0.006 -25"><span class='ocrx_word' id='word_1_404' title='bbox 2111 2007 2225 2060; x_wconf 77' lang='lat' dir='ltr'><strong>quae</strong></span> <span class='ocrx_word' id='word_1_405' title='bbox 2246 1992 2374 2062; x_wconf 82' lang='lat' dir='ltr'><strong>legis</strong></span> <span class='ocrx_word' id='word_1_406' title='bbox 2402 2003 2542 2060; x_wconf 84' lang='lat' dir='ltr'><strong>sunt,</strong></span> <span class='ocrx_word' id='word_1_407' title='bbox 2567 1995 2766 2065; x_wconf 83' lang='lat' dir='ltr'><strong>faciunt</strong></span> <span class='ocrx_word' id='word_1_408' title='bbox 2789 2013 2808 2050; x_wconf 91' lang='grc'><strong>.·</strong></span> <span class='ocrx_word' id='word_1_409' title='bbox 2831 1997 3016 2050; x_wconf 81' lang='lat' dir='ltr'><strong>habent</strong></span> <span class='ocrx_word' id='word_1_410' title='bbox 3037 1998 3172 2050; x_wconf 83' lang='lat' dir='ltr'><strong>enim</strong></span> <span class='ocrx_word' id='word_1_411' title='bbox 3197 1998 3356 2069; x_wconf 84' lang='lat' dir='ltr'><strong>legem</strong></span> <span class='ocrx_word' id='word_1_412' title='bbox 3380 2000 3627 2068; x_wconf 82' lang='lat' dir='ltr'><strong>scriptam</strong></span> <span class='ocrx_word' id='word_1_413' title='bbox 3656 2002 3710 2054; x_wconf 87' lang='lat' dir='ltr'><strong>in</strong></span> 
     </span>
    </p>
   </div>
   <div class='ocr_carea' id='block_1_51' title="bbox 2115 2085 3712 2161">
    <p class='ocr_par' dir='ltr' id='par_1_51' title="bbox 2115 2085 3712 2161">
     <span class='ocr_line' id='line_1_51' title="bbox 2115 2085 3712 2161; baseline 0.007 -24"><span class='ocrx_word' id='word_1_414' title='bbox 2115 2085 2352 2139; x_wconf 79' lang='lat' dir='ltr'><strong>cordibus</strong></span> <span class='ocrx_word' id='word_1_415' title='bbox 2398 2087 2530 2141; x_wconf 80' lang='lat' dir='ltr'><strong>suis.</strong></span> <span class='ocrx_word' id='word_1_416' title='bbox 2577 2086 2713 2142; x_wconf 87' lang='lat' dir='ltr'><strong>Nam</strong></span> <span class='ocrx_word' id='word_1_417' title='bbox 2763 2097 2818 2143; x_wconf 91' lang='lat' dir='ltr'><strong>et</strong></span> <span class='ocrx_word' id='word_1_418' title='bbox 2845 2089 3000 2142; x_wconf 89' lang='lat' dir='ltr'><strong>multi</strong></span> <span class='ocrx_word' id='word_1_419' title='bbox 3028 2089 3324 2158; x_wconf 86' lang='lat' dir='ltr'><strong>probantur</strong></span> <span class='ocrx_word' id='word_1_420' title='bbox 3352 2090 3407 2145; x_wconf 90' lang='lat' dir='ltr'><strong>in</strong></span> <span class='ocrx_word' id='word_1_421' title='bbox 3429 2092 3548 2161; x_wconf 87' lang='lat' dir='ltr'><strong>lege</strong></span> <span class='ocrx_word' id='word_1_422' title='bbox 3587 2108 3712 2161; x_wconf 87' lang='lat' dir='ltr'><strong>pec-</strong></span> 
     </span>
    </p>
   </div>
   <div class='ocr_carea' id='block_1_52' title="bbox 2114 2179 3706 2251">
    <p class='ocr_par' dir='ltr' id='par_1_52' title="bbox 2114 2179 3706 2251">
     <span class='ocr_line' id='line_1_52' title="bbox 2114 2179 3706 2251; baseline 0.003 -19"><span class='ocrx_word' id='word_1_423' title='bbox 2114 2191 2288 2242; x_wconf 82' lang='lat' dir='ltr'><strong>casse,</strong></span> <span class='ocrx_word' id='word_1_424' title='bbox 2313 2187 2369 2232; x_wconf 90' lang='lat' dir='ltr'><strong>et</strong></span> <span class='ocrx_word' id='word_1_425' title='bbox 2393 2179 2548 2233; x_wconf 90' lang='lat' dir='ltr'><strong>multi</strong></span> <span class='ocrx_word' id='word_1_426' title='bbox 2579 2179 2718 2236; x_wconf 89' lang='lat' dir='ltr'><strong>bene</strong></span> <span class='ocrx_word' id='word_1_427' title='bbox 2743 2182 2864 2236; x_wconf 88' lang='lat' dir='ltr'><strong>sine</strong></span> <span class='ocrx_word' id='word_1_428' title='bbox 2891 2181 3009 2251; x_wconf 80' lang='lat' dir='ltr'><strong>lege</strong></span> <span class='ocrx_word' id='word_1_429' title='bbox 3031 2181 3249 2237; x_wconf 78' lang='lat' dir='ltr'><strong>vixisse.</strong></span> <span class='ocrx_word' id='word_1_430' title='bbox 3282 2181 3392 2237; x_wconf 86' lang='lat' dir='ltr'><strong>Lex</strong></span> <span class='ocrx_word' id='word_1_431' title='bbox 3439 2191 3496 2238; x_wconf 89' lang='lat' dir='ltr'><strong>et</strong></span> <span class='ocrx_word' id='word_1_432' title='bbox 3540 2183 3706 2239; x_wconf 83' lang='lat' dir='ltr'><strong>homo</strong></span> 
     </span>
    </p>
   </div>
   <div class='ocr_carea' id='block_1_53' title="bbox 2114 2268 3709 2345">
    <p class='ocr_par' dir='ltr' id='par_1_53' title="bbox 2114 2268 3709 2345">
     <span class='ocr_line' id='line_1_53' title="bbox 2114 2268 3709 2345; baseline 0.007 -23"><span class='ocrx_word' id='word_1_433' title='bbox 2114 2268 2236 2323; x_wconf 77' lang='lat' dir='ltr'><strong>duae</strong></span> <span class='ocrx_word' id='word_1_434' title='bbox 2252 2285 2342 2325; x_wconf 81' lang='lat' dir='ltr'><strong>res</strong></span> <span class='ocrx_word' id='word_1_435' title='bbox 2368 2281 2513 2337; x_wconf 89' lang='lat' dir='ltr'><strong>sunt,</strong></span> <span class='ocrx_word' id='word_1_436' title='bbox 2545 2273 2641 2327; x_wconf 88' lang='lat' dir='ltr'><strong>sed</strong></span> <span class='ocrx_word' id='word_1_437' title='bbox 2671 2289 2824 2342; x_wconf 88' lang='lat' dir='ltr'><strong>pares</strong></span> <span class='ocrx_word' id='word_1_438' title='bbox 2849 2289 2971 2330; x_wconf 87' lang='lat' dir='ltr'><strong>esse</strong></span> <span class='ocrx_word' id='word_1_439' title='bbox 2995 2291 3100 2329; x_wconf 91' lang='lat' dir='ltr'><strong>non</strong></span> <span class='ocrx_word' id='word_1_440' title='bbox 3127 2287 3353 2345; x_wconf 86' lang='lat' dir='ltr'><strong>possunt</strong></span> <span class='ocrx_word' id='word_1_441' title='bbox 3385 2293 3400 2330; x_wconf 87' lang='lat'><strong>:</strong></span> <span class='ocrx_word' id='word_1_442' title='bbox 3431 2292 3538 2332; x_wconf 89' lang='lat' dir='ltr'><strong>non</strong></span> <span class='ocrx_word' id='word_1_443' title='bbox 3565 2280 3709 2333; x_wconf 87' lang='lat' dir='ltr'><strong>enim</strong></span> 
     </span>
    </p>
   </div>
   <div class='ocr_carea' id='block_1_54' title="bbox 2115 2359 3712 2436">
    <p class='ocr_par' dir='ltr' id='par_1_54' title="bbox 2115 2359 3712 2436">
     <span class='ocr_line' id='line_1_54' title="bbox 2115 2359 3712 2436; baseline 0.006 -21"><span class='ocrx_word' id='word_1_444' title='bbox 2115 2359 2278 2416; x_wconf 90' lang='lat' dir='ltr'><strong>homo</strong></span> <span class='ocrx_word' id='word_1_445' title='bbox 2316 2363 2487 2417; x_wconf 80' lang='lat' dir='ltr'><strong>factus</strong></span> <span class='ocrx_word' id='word_1_446' title='bbox 2539 2375 2624 2418; x_wconf 90' lang='lat' dir='ltr'><strong>est</strong></span> <span class='ocrx_word' id='word_1_447' title='bbox 2659 2375 2882 2434; x_wconf 82' lang='lat' dir='ltr'><strong>prepter</strong></span> <span class='ocrx_word' id='word_1_448' title='bbox 2914 2366 3127 2436; x_wconf 84' lang='lat' dir='ltr'><strong>legem,</strong></span> <span class='ocrx_word' id='word_1_449' title='bbox 3161 2368 3255 2421; x_wconf 88' lang='lat' dir='ltr'><strong>sed</strong></span> <span class='ocrx_word' id='word_1_450' title='bbox 3309 2369 3397 2422; x_wconf 82' lang='lat' dir='ltr'><strong>lex</strong></span> <span class='ocrx_word' id='word_1_451' title='bbox 3455 2369 3577 2422; x_wconf 88' lang='lat' dir='ltr'><strong>data</strong></span> <span class='ocrx_word' id='word_1_452' title='bbox 3627 2382 3712 2426; x_wconf 84' lang='lat' dir='ltr'><strong>est</strong></span> 
     </span>
    </p>
   </div>
   <div class='ocr_carea' id='block_1_55' title="bbox 2115 2455 3710 2527">
    <p class='ocr_par' dir='ltr' id='par_1_55' title="bbox 2115 2455 3710 2527">
     <span class='ocr_line' id='line_1_55' title="bbox 2115 2455 3710 2527; baseline 0.004 -19"><span class='ocrx_word' id='word_1_453' title='bbox 2115 2464 2336 2524; x_wconf 87' lang='lat' dir='ltr'><strong>propter</strong></span> <span class='ocrx_word' id='word_1_454' title='bbox 2374 2455 2642 2510; x_wconf 90' lang='lat' dir='ltr'><strong>homines.</strong></span> <span class='ocrx_word' id='word_1_455' title='bbox 2689 2456 2962 2527; x_wconf 86' lang='lat' dir='ltr'><strong>Nusquam</strong></span> <span class='ocrx_word' id='word_1_456' title='bbox 2998 2457 3158 2512; x_wconf 88' lang='lat' dir='ltr'><strong>video</strong></span> <span class='ocrx_word' id='word_1_457' title='bbox 3201 2457 3456 2513; x_wconf 84' lang='lat' dir='ltr'><strong>damnum</strong></span> <span class='ocrx_word' id='word_1_458' title='bbox 3499 2460 3710 2514; x_wconf 89' lang='lat' dir='ltr'><strong>illatum</strong></span> 
     </span>
    </p>
   </div>
   <div class='ocr_carea' id='block_1_56' title="bbox 2116 2546 3714 2622">
    <p class='ocr_par' dir='ltr' id='par_1_56' title="bbox 2116 2546 3714 2622">
     <span class='ocr_line' id='line_1_56' title="bbox 2116 2546 3714 2622; baseline 0.005 -22"><span class='ocrx_word' id='word_1_459' title='bbox 2116 2546 2247 2612; x_wconf 89' lang='lat' dir='ltr'><strong>Deo,</strong></span> <span class='ocrx_word' id='word_1_460' title='bbox 2277 2546 2406 2602; x_wconf 88' lang='lat' dir='ltr'><strong>dum</strong></span> <span class='ocrx_word' id='word_1_461' title='bbox 2447 2556 2503 2602; x_wconf 88' lang='lat' dir='ltr'><strong>et</strong></span> <span class='ocrx_word' id='word_1_462' title='bbox 2531 2548 2682 2619; x_wconf 85' lang='lat' dir='ltr'><strong>origo</strong></span> <span class='ocrx_word' id='word_1_463' title='bbox 2709 2548 2844 2618; x_wconf 86' lang='lat' dir='ltr'><strong>legis</strong></span> <span class='ocrx_word' id='word_1_464' title='bbox 2875 2549 3016 2619; x_wconf 89' lang='lat' dir='ltr'><strong>apud</strong></span> <span class='ocrx_word' id='word_1_465' title='bbox 3059 2565 3184 2606; x_wconf 91' lang='lat' dir='ltr'><strong>eum</strong></span> <span class='ocrx_word' id='word_1_466' title='bbox 3210 2560 3392 2606; x_wconf 88' lang='lat' dir='ltr'><strong>manet</strong></span> <span class='ocrx_word' id='word_1_467' title='bbox 3421 2567 3435 2604; x_wconf 88' lang='lat'><strong>:</strong></span> <span class='ocrx_word' id='word_1_468' title='bbox 3481 2560 3538 2607; x_wconf 91' lang='lat' dir='ltr'><strong>et</strong></span> <span class='ocrx_word' id='word_1_469' title='bbox 3562 2562 3714 2622; x_wconf 84' lang='lat' dir='ltr'><strong>post-</strong></span> 
     </span>
    </p>
   </div>
   <div class='ocr_carea' id='block_1_57' title="bbox 2114 2639 3708 2711">
    <p class='ocr_par' dir='ltr' id='par_1_57' title="bbox 2114 2639 3708 2711">
     <span class='ocr_line' id='line_1_57' title="bbox 2114 2639 3708 2711; baseline 0.007 -21"><span class='ocrx_word' id='word_1_470' title='bbox 2114 2654 2274 2709; x_wconf 90' lang='lat' dir='ltr'><strong>quam</strong></span> <span class='ocrx_word' id='word_1_471' title='bbox 2312 2639 2576 2708; x_wconf 88' lang='lat' dir='ltr'><strong>scriptura</strong></span> <span class='ocrx_word' id='word_1_472' title='bbox 2608 2639 2801 2694; x_wconf 85' lang='lat' dir='ltr'><strong>vestris</strong></span> <span class='ocrx_word' id='word_1_473' title='bbox 2832 2642 3143 2711; x_wconf 90' lang='lat' dir='ltr'><strong>parentibus</strong></span> <span class='ocrx_word' id='word_1_474' title='bbox 3169 2645 3373 2698; x_wconf 88' lang='lat' dir='ltr'><strong>tradita</strong></span> <span class='ocrx_word' id='word_1_475' title='bbox 3417 2658 3541 2699; x_wconf 88' lang='lat' dir='ltr'><strong>esse</strong></span> <span class='ocrx_word' id='word_1_476' title='bbox 3572 2646 3708 2701; x_wconf 86' lang='lat' dir='ltr'><strong>dici-</strong></span> 
     </span>
    </p>
   </div>
   <div class='ocr_carea' id='block_1_58' title="bbox 2117 2728 3714 2804">
    <p class='ocr_par' dir='ltr' id='par_1_58' title="bbox 2117 2728 3714 2804">
     <span class='ocr_line' id='line_1_58' title="bbox 2117 2728 3714 2804; baseline 0.006 -22"><span class='ocrx_word' id='word_1_477' title='bbox 2117 2739 2223 2795; x_wconf 90' lang='lat' dir='ltr'><strong>tur,</strong></span> <span class='ocrx_word' id='word_1_478' title='bbox 2258 2728 2390 2783; x_wconf 88' lang='lat' dir='ltr'><strong>nihil</strong></span> <span class='ocrx_word' id='word_1_479' title='bbox 2413 2729 2587 2796; x_wconf 88' lang='lat' dir='ltr'><strong>deest,</strong></span> <span class='ocrx_word' id='word_1_480' title='bbox 2615 2731 2794 2785; x_wconf 86' lang='lat' dir='ltr'><strong>omnia</strong></span> <span class='ocrx_word' id='word_1_481' title='bbox 2818 2733 3059 2787; x_wconf 89' lang='lat' dir='ltr'><strong>membra</strong></span> <span class='ocrx_word' id='word_1_482' title='bbox 3086 2733 3220 2804; x_wconf 85' lang='lat' dir='ltr'><strong>legis</strong></span> <span class='ocrx_word' id='word_1_483' title='bbox 3241 2749 3371 2790; x_wconf 90' lang='lat' dir='ltr'><strong>sana</strong></span> <span class='ocrx_word' id='word_1_484' title='bbox 3400 2745 3546 2800; x_wconf 90' lang='lat' dir='ltr'><strong>sunt,</strong></span> <span class='ocrx_word' id='word_1_485' title='bbox 3561 2739 3714 2792; x_wconf 89' lang='lat' dir='ltr'><strong>salva</strong></span> 
     </span>
    </p>
   </div>
   <div class='ocr_carea' id='block_1_59' title="bbox 2113 2822 3703 2898">
    <p class='ocr_par' dir='ltr' id='par_1_59' title="bbox 2113 2822 3703 2898">
     <span class='ocr_line' id='line_1_59' title="bbox 2113 2822 3703 2898; baseline 0.005 -21"><span class='ocrx_word' id='word_1_486' title='bbox 2113 2831 2256 2887; x_wconf 87' lang='lat' dir='ltr'><strong>sunt,</strong></span> <span class='ocrx_word' id='word_1_487' title='bbox 2294 2822 2629 2878; x_wconf 87' lang='lat' dir='ltr'><strong>recitantur:</strong></span> <span class='ocrx_word' id='word_1_488' title='bbox 2661 2822 2790 2878; x_wconf 90' lang='lat' dir='ltr'><strong>nihil</strong></span> <span class='ocrx_word' id='word_1_489' title='bbox 2816 2825 2992 2880; x_wconf 90' lang='lat' dir='ltr'><strong>minus</strong></span> <span class='ocrx_word' id='word_1_490' title='bbox 3036 2826 3216 2882; x_wconf 88' lang='lat' dir='ltr'><strong>estde</strong></span> <span class='ocrx_word' id='word_1_491' title='bbox 3244 2827 3363 2898; x_wconf 87' lang='lat' dir='ltr'><strong>lege</strong></span> <span class='ocrx_word' id='word_1_492' title='bbox 3387 2836 3443 2884; x_wconf 89' lang='lat' dir='ltr'><strong>et</strong></span> <span class='ocrx_word' id='word_1_493' title='bbox 3481 2828 3703 2898; x_wconf 89' lang='lat' dir='ltr'><strong>docere,</strong></span> 
     </span>
    </p>
   </div>
   <div class='ocr_carea' id='block_1_60' title="bbox 2112 2913 3710 2990">
    <p class='ocr_par' dir='ltr' id='par_1_60' title="bbox 2112 2913 3710 2990">
     <span class='ocr_line' id='line_1_60' title="bbox 2112 2913 3710 2990; baseline 0.008 -23"><span class='ocrx_word' id='word_1_494' title='bbox 2112 2922 2166 2968; x_wconf 89' lang='lat' dir='ltr'><strong>et</strong></span> <span class='ocrx_word' id='word_1_495' title='bbox 2191 2913 2378 2969; x_wconf 89' lang='lat' dir='ltr'><strong>doceri</strong></span> <span class='ocrx_word' id='word_1_496' title='bbox 2405 2915 2767 2984; x_wconf 88' lang='lat' dir='ltr'><strong>cupientibus.</strong></span> <span class='ocrx_word' id='word_1_497' title='bbox 2809 2915 2892 2971; x_wconf 80' lang='lat' dir='ltr'><strong>An</strong></span> <span class='ocrx_word' id='word_1_498' title='bbox 2916 2918 3049 2973; x_wconf 87' lang='lat' dir='ltr'><strong>illttd</strong></span> <span class='ocrx_word' id='word_1_499' title='bbox 3078 2927 3198 2974; x_wconf 84' lang='lat' dir='ltr'><strong>erat</strong></span> <span class='ocrx_word' id='word_1_500' title='bbox 3237 2921 3408 2990; x_wconf 76' lang='lat' dir='ltr'><strong>magis</strong></span> <span class='ocrx_word' id='word_1_501' title='bbox 3453 2937 3710 2979; x_wconf 76' lang='lat' dir='ltr'><strong>necessa-</strong></span> 
     </span>
    </p>
   </div>
   <div class='ocr_carea' id='block_1_61' title="bbox 2114 3006 3718 3086">
    <p class='ocr_par' dir='ltr' id='par_1_61' title="bbox 2114 3006 3718 3086">
     <span class='ocr_line' id='line_1_61' title="bbox 2114 3006 3718 3086; baseline 0.009 -28"><span class='ocrx_word' id='word_1_502' title='bbox 2114 3006 2252 3059; x_wconf 91' lang='lat' dir='ltr'><strong>rium</strong></span> <span class='ocrx_word' id='word_1_503' title='bbox 2281 3013 2338 3060; x_wconf 88' lang='lat' dir='ltr'><strong>ut</strong></span> <span class='ocrx_word' id='word_1_504' title='bbox 2358 3006 2697 3062; x_wconf 85' lang='lat' dir='ltr'><strong>occideretur</strong></span> <span class='ocrx_word' id='word_1_505' title='bbox 2726 3009 2909 3074; x_wconf 90' lang='lat' dir='ltr'><strong>homo,</strong></span> <span class='ocrx_word' id='word_1_506' title='bbox 2934 3023 3002 3064; x_wconf 85' lang='lat' dir='ltr'><strong>ne</strong></span> <span class='ocrx_word' id='word_1_507' title='bbox 3031 3009 3299 3082; x_wconf 80' lang='lat' dir='ltr'><strong>scriptura</strong></span> <span class='ocrx_word' id='word_1_508' title='bbox 3330 3013 3508 3086; x_wconf 80' lang='lat' dir='ltr'><strong>aliqua</strong></span> <span class='ocrx_word' id='word_1_509' title='bbox 3536 3016 3718 3072; x_wconf 65' lang='lat' dir='ltr'><strong>trade~</strong></span> 
     </span>
    </p>
   </div>
   <div class='ocr_carea' id='block_1_62' title="bbox 392 3097 3713 3180">
    <p class='ocr_par' dir='ltr' id='par_1_62' title="bbox 392 3097 3713 3180">
     <span class='ocr_line' id='line_1_62' title="bbox 392 3097 3713 3180; baseline -0.001 -11"><span class='ocrx_word' id='word_1_510' title='bbox 392 3115 549 3180; x_wconf 85' lang='lat' dir='ltr'><strong>sit,et</strong></span> <span class='ocrx_word' id='word_1_511' title='bbox 573 3128 697 3169; x_wconf 88' lang='lat' dir='ltr'><strong>arca</strong></span> <span class='ocrx_word' id='word_1_512' title='bbox 726 3109 1062 3167; x_wconf 87' lang='lat' dir='ltr'><strong>Testamenti</strong></span> <span class='ocrx_word' id='word_1_513' title='bbox 1088 3107 1154 3161; x_wconf 91' lang='lat' dir='ltr'><strong>ab</strong></span> <span class='ocrx_word' id='word_1_514' title='bbox 1181 3105 1427 3160; x_wconf 87' lang='lat' dir='ltr'><strong>hostibus</strong></span> <span class='ocrx_word' id='word_1_515' title='bbox 1448 3105 1592 3158; x_wconf 86' lang='lat' dir='ltr'><strong>ultro</strong></span> <span class='ocrx_word' id='word_1_516' title='bbox 1607 3106 1676 3160; x_wconf 85' lang='lat' dir='ltr'><strong>sit</strong></span> <span class='ocrx_word' id='word_1_517' title='bbox 1699 3105 2006 3171; x_wconf 89' lang='lat' dir='ltr'><strong>reddita,et</strong></span> <span class='ocrx_word' id='word_1_518' title='bbox 2033 3099 2079 3165; x_wconf 89' lang='lat' dir='ltr'>C</span> <span class='ocrx_word' id='word_1_519' title='bbox 2113 3097 2305 3154; x_wconf 70' lang='lat' dir='ltr'><strong>relul‘?</strong></span> <span class='ocrx_word' id='word_1_520' title='bbox 2335 3098 2463 3169; x_wconf 72' lang='grc' dir='ltr'><strong>(ιυῙά</strong></span> <span class='ocrx_word' id='word_1_521' title='bbox 2491 3099 2634 3171; x_wconf 74' lang='grc' dir='ltr'><strong>(ιυοά</strong></span> <span class='ocrx_word' id='word_1_522' title='bbox 2668 3116 2768 3156; x_wconf 73' lang='lat' dir='ltr'><strong>nec</strong></span> <span class='ocrx_word' id='word_1_523' title='bbox 2805 3100 3054 3158; x_wconf 65' lang='lat' dir='ltr'><strong>homines</strong></span> <span class='ocrx_word' id='word_1_524' title='bbox 3081 3104 3246 3160; x_wconf 84' lang='lat' dir='ltr'><strong>occisi</strong></span> <span class='ocrx_word' id='word_1_525' title='bbox 3269 3117 3415 3175; x_wconf 86' lang='lat' dir='ltr'><strong>sunt,</strong></span> <span class='ocrx_word' id='word_1_526' title='bbox 3435 3118 3491 3163; x_wconf 88' lang='lat' dir='ltr'><strong>et</strong></span> <span class='ocrx_word' id='word_1_527' title='bbox 3520 3124 3713 3165; x_wconf 89' lang='lat' dir='ltr'><strong>omnes</strong></span> 
     </span>
    </p>
   </div>
   <div class='ocr_carea' id='block_1_63' title="bbox 394 3197 2001 3273">
    <p class='ocr_par' dir='ltr' id='par_1_63' title="bbox 394 3197 2001 3273">
     <span class='ocr_line' id='line_1_63' title="bbox 394 3197 2001 3273; baseline -0.003 -12"><span class='ocrx_word' id='word_1_528' title='bbox 394 3208 464 3263; x_wconf 79' lang='lat' dir='ltr'><strong>ab</strong></span> <span class='ocrx_word' id='word_1_529' title='bbox 488 3207 724 3263; x_wconf 83' lang='lat' dir='ltr'><strong>Jeremia</strong></span> <span class='ocrx_word' id='word_1_530' title='bbox 753 3207 864 3260; x_wconf 91' lang='lat' dir='ltr'><strong>Deo</strong></span> <span class='ocrx_word' id='word_1_531' title='bbox 891 3202 1243 3273; x_wconf 61' lang='lat' dir='ltr'><strong>praecipiente</strong></span> <span class='ocrx_word' id='word_1_532' title='bbox 1271 3200 1457 3254; x_wconf 86' lang='lat' dir='ltr'><strong>charta</strong></span> <span class='ocrx_word' id='word_1_533' title='bbox 1488 3197 1747 3253; x_wconf 87' lang='lat' dir='ltr'><strong>sitaltera</strong></span> <span class='ocrx_word' id='word_1_534' title='bbox 1777 3200 2001 3267; x_wconf 84' lang='lat' dir='ltr'><strong>scripta:</strong></span> 
     </span>
    </p>
   </div>
   <div class='ocr_carea' id='block_1_64' title="bbox 397 3288 2005 3367">
    <p class='ocr_par' dir='ltr' id='par_1_64' title="bbox 397 3288 2005 3367">
     <span class='ocr_line' id='line_1_64' title="bbox 397 3288 2005 3367; baseline -0.004 -16"><span class='ocrx_word' id='word_1_535' title='bbox 397 3315 564 3366; x_wconf 86' lang='lat' dir='ltr'><strong>quare</strong></span> <span class='ocrx_word' id='word_1_536' title='bbox 595 3305 816 3367; x_wconf 86' lang='lat' dir='ltr'><strong>putatur</strong></span> <span class='ocrx_word' id='word_1_537' title='bbox 868 3291 1008 3362; x_wconf 87' lang='lat' dir='ltr'><strong>apud</strong></span> <span class='ocrx_word' id='word_1_538' title='bbox 1060 3291 1293 3359; x_wconf 86' lang='lat' dir='ltr'><strong>majores</strong></span> <span class='ocrx_word' id='word_1_539' title='bbox 1333 3296 1543 3343; x_wconf 79' lang='lat' dir='ltr'><strong>vestros</strong></span> <span class='ocrx_word' id='word_1_540' title='bbox 1585 3288 1733 3342; x_wconf 86' lang='lat' dir='ltr'><strong>solos</strong></span> <span class='ocrx_word' id='word_1_541' title='bbox 1773 3290 2005 3358; x_wconf 84' lang='lat' dir='ltr'><strong>capitale</strong></span> 
     </span>
    </p>
   </div>
   <div class='ocr_carea' id='block_1_65' title="bbox 399 3376 2004 3459">
    <p class='ocr_par' dir='ltr' id='par_1_65' title="bbox 399 3376 2004 3459">
     <span class='ocr_line' id='line_1_65' title="bbox 399 3376 2004 3459; baseline -0.006 -16"><span class='ocrx_word' id='word_1_542' title='bbox 399 3390 564 3444; x_wconf 72' lang='lat' dir='ltr'><strong>fuisse</strong></span> <span class='ocrx_word' id='word_1_543' title='bbox 597 3394 906 3459; x_wconf 90' lang='lat' dir='ltr'><strong>peccatum,</strong></span> <span class='ocrx_word' id='word_1_544' title='bbox 938 3383 988 3436; x_wconf 90' lang='lat' dir='ltr'><strong>in</strong></span> <span class='ocrx_word' id='word_1_545' title='bbox 1020 3397 1128 3452; x_wconf 89' lang='lat' dir='ltr'><strong>quo</strong></span> <span class='ocrx_word' id='word_1_546' title='bbox 1160 3396 1253 3450; x_wconf 87' lang='lat' dir='ltr'><strong>per</strong></span> <span class='ocrx_word' id='word_1_547' title='bbox 1281 3387 1358 3433; x_wconf 87' lang='lat' dir='ltr'><strong>tot</strong></span> <span class='ocrx_word' id='word_1_548' title='bbox 1383 3377 1631 3446; x_wconf 77' lang='lat' dir='ltr'><strong>exempla</strong></span> <span class='ocrx_word' id='word_1_549' title='bbox 1663 3393 1821 3432; x_wconf 89' lang='lat' dir='ltr'><strong>nemo</strong></span> <span class='ocrx_word' id='word_1_550' title='bbox 1849 3376 2004 3433; x_wconf 91' lang='lat' dir='ltr'><strong>dam-</strong></span> 
     </span>
    </p>
   </div>
   <div class='ocr_carea' id='block_1_66' title="bbox 401 3469 2006 3536">
    <p class='ocr_par' dir='ltr' id='par_1_66' title="bbox 401 3469 2006 3536">
     <span class='ocr_line' id='line_1_66' title="bbox 401 3469 2006 3536; baseline -0.006 -2"><span class='ocrx_word' id='word_1_551' title='bbox 401 3491 559 3536; x_wconf 86' lang='lat' dir='ltr'><strong>natus</strong></span> <span class='ocrx_word' id='word_1_552' title='bbox 571 3480 690 3536; x_wconf 79' lang='lat' dir='ltr'><strong>est?</strong></span> <span class='ocrx_word' id='word_1_553' title='bbox 716 3477 855 3533; x_wconf 85' lang='lat' dir='ltr'><strong>Nam</strong></span> <span class='ocrx_word' id='word_1_554' title='bbox 874 3474 920 3530; x_wconf 91' lang='lat' dir='ltr'><strong>si</strong></span> <span class='ocrx_word' id='word_1_555' title='bbox 947 3474 1031 3528; x_wconf 87' lang='lat' dir='ltr'><strong>lex</strong></span> <span class='ocrx_word' id='word_1_556' title='bbox 1062 3471 1188 3528; x_wconf 87' lang='lat' dir='ltr'><strong>ideo</strong></span> <span class='ocrx_word' id='word_1_557' title='bbox 1213 3471 1336 3527; x_wconf 87' lang='lat' dir='ltr'><strong>data</strong></span> <span class='ocrx_word' id='word_1_558' title='bbox 1363 3481 1470 3535; x_wconf 91' lang='lat' dir='ltr'><strong>est,</strong></span> <span class='ocrx_word' id='word_1_559' title='bbox 1497 3470 1822 3525; x_wconf 85' lang='lat' dir='ltr'><strong>utboutines</strong></span> <span class='ocrx_word' id='word_1_560' title='bbox 1843 3469 2006 3526; x_wconf 85' lang='lat' dir='ltr'><strong>doce-</strong></span> 
     </span>
    </p>
   </div>
   <div class='ocr_carea' id='block_1_67' title="bbox 399 3562 2000 3636">
    <p class='ocr_par' dir='ltr' id='par_1_67' title="bbox 399 3562 2000 3636">
     <span class='ocr_line' id='line_1_67' title="bbox 399 3562 2000 3636; baseline -0.007 -8"><span class='ocrx_word' id='word_1_561' title='bbox 399 3583 608 3636; x_wconf 87' lang='lat' dir='ltr'><strong>rentur,</strong></span> <span class='ocrx_word' id='word_1_562' title='bbox 634 3585 744 3626; x_wconf 87' lang='lat' dir='ltr'><strong>non</strong></span> <span class='ocrx_word' id='word_1_563' title='bbox 767 3577 826 3623; x_wconf 86' lang='lat' dir='ltr'><strong>ut</strong></span> <span class='ocrx_word' id='word_1_564' title='bbox 853 3571 967 3636; x_wconf 86' lang='lat' dir='ltr'><strong>ipsa</strong></span> <span class='ocrx_word' id='word_1_565' title='bbox 998 3567 1081 3619; x_wconf 85' lang='lat' dir='ltr'><strong>lex</strong></span> <span class='ocrx_word' id='word_1_566' title='bbox 1105 3564 1254 3634; x_wconf 88' lang='lat' dir='ltr'><strong>quasi</strong></span> <span class='ocrx_word' id='word_1_567' title='bbox 1288 3579 1386 3633; x_wconf 90' lang='lat' dir='ltr'><strong>pro</strong></span> <span class='ocrx_word' id='word_1_568' title='bbox 1417 3563 1527 3616; x_wconf 87' lang='lat' dir='ltr'><strong>Deo</strong></span> <span class='ocrx_word' id='word_1_569' title='bbox 1547 3562 1840 3624; x_wconf 89' lang='lat' dir='ltr'><strong>coleretur,</strong></span> <span class='ocrx_word' id='word_1_570' title='bbox 1875 3571 2000 3631; x_wconf 89' lang='lat' dir='ltr'><strong>post</strong></span> 
     </span>
    </p>
   </div>
   <div class='ocr_carea' id='block_1_68' title="bbox 400 3654 2006 3732">
    <p class='ocr_par' dir='ltr' id='par_1_68' title="bbox 400 3654 2006 3732">
     <span class='ocr_line' id='line_1_68' title="bbox 400 3654 2006 3732; baseline -0.007 -14"><span class='ocrx_word' id='word_1_571' title='bbox 400 3665 600 3720; x_wconf 79' lang='lat' dir='ltr'><strong>factum</strong></span> <span class='ocrx_word' id='word_1_572' title='bbox 625 3672 841 3732; x_wconf 86' lang='lat' dir='ltr'><strong>patrum</strong></span> <span class='ocrx_word' id='word_1_573' title='bbox 868 3668 1172 3711; x_wconf 87' lang='lat' dir='ltr'><strong>vestrorum</strong></span> <span class='ocrx_word' id='word_1_574' title='bbox 1211 3655 1418 3708; x_wconf 89' lang='lat' dir='ltr'><strong>nullum</strong></span> <span class='ocrx_word' id='word_1_575' title='bbox 1449 3654 1703 3707; x_wconf 85' lang='lat' dir='ltr'><strong>damnum</strong></span> <span class='ocrx_word' id='word_1_576' title='bbox 1734 3666 1892 3720; x_wconf 87' lang='lat' dir='ltr'><strong>passa</strong></span> <span class='ocrx_word' id='word_1_577' title='bbox 1922 3661 2006 3706; x_wconf 86' lang='lat' dir='ltr'><strong>est</strong></span> 
     </span>
    </p>
   </div>
   <div class='ocr_carea' id='block_1_69' title="bbox 403 3744 2002 3817">
    <p class='ocr_par' dir='ltr' id='par_1_69' title="bbox 403 3744 2002 3817">
     <span class='ocr_line' id='line_1_69' title="bbox 403 3744 2002 3817; baseline -0.008 -5"><span class='ocrx_word' id='word_1_578' title='bbox 403 3758 556 3812; x_wconf 89' lang='lat' dir='ltr'><strong>turba</strong></span> <span class='ocrx_word' id='word_1_579' title='bbox 604 3752 980 3814; x_wconf 84' lang='lat' dir='ltr'><strong>credentium;</strong></span> <span class='ocrx_word' id='word_1_580' title='bbox 1033 3747 1402 3817; x_wconf 85' lang='lat' dir='ltr'><strong>unusquisque</strong></span> <span class='ocrx_word' id='word_1_581' title='bbox 1458 3760 1649 3802; x_wconf 87' lang='lat' dir='ltr'><strong>eorum</strong></span> <span class='ocrx_word' id='word_1_582' title='bbox 1697 3744 1799 3798; x_wconf 89' lang='lat' dir='ltr'><strong>sub</strong></span> <span class='ocrx_word' id='word_1_583' title='bbox 1855 3754 2002 3800; x_wconf 87' lang='lat' dir='ltr'><strong>metu</strong></span> 
     </span>
    </p>
   </div>
   <div class='ocr_carea' id='block_1_70' title="bbox 399 3833 2003 3913">
    <p class='ocr_par' dir='ltr' id='par_1_70' title="bbox 399 3833 2003 3913">
     <span class='ocr_line' id='line_1_70' title="bbox 399 3833 2003 3913; baseline -0.008 -10"><span class='ocrx_word' id='word_1_584' title='bbox 399 3848 616 3904; x_wconf 88' lang='lat' dir='ltr'><strong>codices</strong></span> <span class='ocrx_word' id='word_1_585' title='bbox 645 3859 776 3900; x_wconf 83' lang='lat' dir='ltr'><strong>suos</strong></span> <span class='ocrx_word' id='word_1_586' title='bbox 799 3839 1052 3913; x_wconf 87' lang='lat' dir='ltr'><strong>perdidit.</strong></span> <span class='ocrx_word' id='word_1_587' title='bbox 1083 3837 1214 3893; x_wconf 84' lang='lat' dir='ltr'><strong>Nam</strong></span> <span class='ocrx_word' id='word_1_588' title='bbox 1249 3837 1330 3894; x_wconf 82' lang='lat' dir='ltr'><strong>lex</strong></span> <span class='ocrx_word' id='word_1_589' title='bbox 1379 3854 1498 3907; x_wconf 63' lang='lat' dir='ltr'><strong>quae</strong></span> <span class='ocrx_word' id='word_1_590' title='bbox 1549 3837 1856 3891; x_wconf 86' lang='lat' dir='ltr'><strong>necessaria</strong></span> <span class='ocrx_word' id='word_1_591' title='bbox 1887 3833 2003 3890; x_wconf 81' lang='lat' dir='ltr'><strong>l&#39;ue-</strong></span> 
     </span>
    </p>
   </div>
   <div class='ocr_carea' id='block_1_71' title="bbox 405 3929 1999 4006">
    <p class='ocr_par' dir='ltr' id='par_1_71' title="bbox 405 3929 1999 4006">
     <span class='ocr_line' id='line_1_71' title="bbox 405 3929 1999 4006; baseline -0.008 -11"><span class='ocrx_word' id='word_1_592' title='bbox 405 3951 512 4006; x_wconf 88' lang='lat' dir='ltr'><strong>rat,</strong></span> <span class='ocrx_word' id='word_1_593' title='bbox 541 3940 684 3994; x_wconf 88' lang='lat' dir='ltr'><strong>valet</strong></span> <span class='ocrx_word' id='word_1_594' title='bbox 707 3935 848 4006; x_wconf 89' lang='lat' dir='ltr'><strong>apud</strong></span> <span class='ocrx_word' id='word_1_595' title='bbox 876 3934 1130 3989; x_wconf 81' lang='lat' dir='ltr'><strong>doctores</strong></span> <span class='ocrx_word' id='word_1_596' title='bbox 1158 3933 1479 4003; x_wconf 83' lang='lat' dir='ltr'><strong>pepulurmn</strong></span> <span class='ocrx_word' id='word_1_597' title='bbox 1531 3939 1584 3983; x_wconf 85' lang='lat' dir='ltr'><strong>et</strong></span> <span class='ocrx_word' id='word_1_598' title='bbox 1619 3931 1859 3984; x_wconf 89' lang='lat' dir='ltr'><strong>cultores</strong></span> <span class='ocrx_word' id='word_1_599' title='bbox 1885 3929 1999 3984; x_wconf 88' lang='lat' dir='ltr'><strong>Dei.</strong></span> 
     </span>
    </p>
   </div>
   <div class='ocr_carea' id='block_1_72' title="bbox 402 4022 1998 4091">
    <p class='ocr_par' dir='ltr' id='par_1_72' title="bbox 402 4022 1998 4091">
     <span class='ocr_line' id='line_1_72' title="bbox 402 4022 1998 4091; baseline -0.008 -3"><span class='ocrx_word' id='word_1_600' title='bbox 402 4033 754 4088; x_wconf 60' lang='lat' dir='ltr'><strong>Bibliotheca</strong></span> <span class='ocrx_word' id='word_1_601' title='bbox 777 4028 992 4084; x_wconf 67' lang='lat' dir='ltr'><strong>refertas</strong></span> <span class='ocrx_word' id='word_1_602' title='bbox 1019 4036 1147 4080; x_wconf 88' lang='lat' dir='ltr'><strong>sunt</strong></span> <span class='ocrx_word' id='word_1_603' title='bbox 1177 4026 1350 4091; x_wconf 87' lang='lat' dir='ltr'><strong>libris;</strong></span> <span class='ocrx_word' id='word_1_604' title='bbox 1373 4026 1506 4080; x_wconf 85' lang='lat' dir='ltr'><strong>nihil</strong></span> <span class='ocrx_word' id='word_1_605' title='bbox 1529 4024 1684 4079; x_wconf 82' lang='lat' dir='ltr'><strong>deest</strong></span> <span class='ocrx_word' id='word_1_606' title='bbox 1711 4022 1998 4088; x_wconf 70' lang='lat' dir='ltr'><strong>Ecclesiae;</strong></span> 
     </span>
    </p>
   </div>
   <div class='ocr_carea' id='block_1_73' title="bbox 404 4117 1996 4195">
    <p class='ocr_par' dir='ltr' id='par_1_73' title="bbox 404 4117 1996 4195">
     <span class='ocr_line' id='line_1_73' title="bbox 404 4117 1996 4195; baseline -0.007 -16"><span class='ocrx_word' id='word_1_607' title='bbox 404 4125 640 4195; x_wconf 82' lang='lat' dir='ltr'><strong>perloca</strong></span> <span class='ocrx_word' id='word_1_608' title='bbox 678 4121 893 4192; x_wconf 80' lang='lat' dir='ltr'><strong>singula</strong></span> <span class='ocrx_word' id='word_1_609' title='bbox 929 4119 1165 4174; x_wconf 82' lang='lat' dir='ltr'><strong>divinum</strong></span> <span class='ocrx_word' id='word_1_610' title='bbox 1202 4127 1360 4173; x_wconf 84' lang='lat' dir='ltr'><strong>sonat</strong></span> <span class='ocrx_word' id='word_1_611' title='bbox 1386 4120 1581 4187; x_wconf 78' lang='lat' dir='ltr'><strong>ubique</strong></span> <span class='ocrx_word' id='word_1_612' title='bbox 1628 4117 1996 4186; x_wconf 70' lang='lat' dir='ltr'><strong>prmconium;</strong></span> 
     </span>
    </p>
   </div>
   <div class='ocr_carea' id='block_1_74' title="bbox 404 4208 2004 4276">
    <p class='ocr_par' dir='ltr' id='par_1_74' title="bbox 404 4208 2004 4276">
     <span class='ocr_line' id='line_1_74' title="bbox 404 4208 2004 4276; baseline -0.005 -5"><span class='ocrx_word' id='word_1_613' title='bbox 404 4233 516 4273; x_wconf 82' lang='lat' dir='ltr'><strong>non</strong></span> <span class='ocrx_word' id='word_1_614' title='bbox 552 4217 714 4272; x_wconf 78' lang='lat' dir='ltr'><strong>silent</strong></span> <span class='ocrx_word' id='word_1_615' title='bbox 743 4228 838 4268; x_wconf 84' lang='lat' dir='ltr'><strong>ora</strong></span> <span class='ocrx_word' id='word_1_616' title='bbox 873 4215 1161 4276; x_wconf 83' lang='lat' dir='ltr'><strong>lectorum;</strong></span> <span class='ocrx_word' id='word_1_617' title='bbox 1193 4225 1386 4265; x_wconf 84' lang='lat' dir='ltr'><strong>manus</strong></span> <span class='ocrx_word' id='word_1_618' title='bbox 1429 4210 1672 4264; x_wconf 81' lang='lat' dir='ltr'><strong>omnium</strong></span> <span class='ocrx_word' id='word_1_619' title='bbox 1722 4208 2004 4264; x_wconf 83' lang='lat' dir='ltr'><strong>codicibus</strong></span> 
     </span>
    </p>
   </div>
   <div class='ocr_carea' id='block_1_75' title="bbox 406 4301 1999 4379">
    <p class='ocr_par' dir='ltr' id='par_1_75' title="bbox 406 4301 1999 4379">
     <span class='ocr_line' id='line_1_75' title="bbox 406 4301 1999 4379; baseline -0.006 -15"><span class='ocrx_word' id='word_1_620' title='bbox 406 4312 581 4379; x_wconf 64' lang='lat' dir='ltr'><strong>plena</strong></span> <span class='ocrx_word' id='word_1_621' title='bbox 607 4319 767 4373; x_wconf 83' lang='lat' dir='ltr'><strong>sunt;</strong></span> <span class='ocrx_word' id='word_1_622' title='bbox 802 4306 934 4361; x_wconf 88' lang='lat' dir='ltr'><strong>nihil</strong></span> <span class='ocrx_word' id='word_1_623' title='bbox 969 4305 1125 4360; x_wconf 85' lang='lat' dir='ltr'><strong>deest</strong></span> <span class='ocrx_word' id='word_1_624' title='bbox 1172 4302 1382 4374; x_wconf 84' lang='lat' dir='ltr'><strong>populis</strong></span> <span class='ocrx_word' id='word_1_625' title='bbox 1411 4302 1594 4357; x_wconf 88' lang='lat' dir='ltr'><strong>doceri</strong></span> <span class='ocrx_word' id='word_1_626' title='bbox 1633 4301 1999 4368; x_wconf 86' lang='lat' dir='ltr'><strong>cupientibus,</strong></span> 
     </span>
    </p>
   </div>
   <div class='ocr_carea' id='block_1_76' title="bbox 403 4391 2000 4473">
    <p class='ocr_par' dir='ltr' id='par_1_76' title="bbox 403 4391 2000 4473">
     <span class='ocr_line' id='line_1_76' title="bbox 403 4391 2000 4473; baseline -0.006 -15"><span class='ocrx_word' id='word_1_627' title='bbox 403 4403 649 4473; x_wconf 78' lang='lat' dir='ltr'><strong>quamvis</strong></span> <span class='ocrx_word' id='word_1_628' title='bbox 677 4401 767 4456; x_wconf 82' lang='lat' dir='ltr'><strong>lex</strong></span> <span class='ocrx_word' id='word_1_629' title='bbox 791 4415 898 4453; x_wconf 87' lang='lat' dir='ltr'><strong>non</strong></span> <span class='ocrx_word' id='word_1_630' title='bbox 921 4396 1094 4468; x_wconf 86' lang='lat' dir='ltr'><strong>magis</strong></span> <span class='ocrx_word' id='word_1_631' title='bbox 1113 4411 1210 4466; x_wconf 90' lang='lat' dir='ltr'><strong>pro</strong></span> <span class='ocrx_word' id='word_1_632' title='bbox 1231 4394 1479 4449; x_wconf 88' lang='lat' dir='ltr'><strong>doctrina</strong></span> <span class='ocrx_word' id='word_1_633' title='bbox 1504 4407 1663 4463; x_wconf 85' lang='lat' dir='ltr'><strong>quam</strong></span> <span class='ocrx_word' id='word_1_634' title='bbox 1691 4407 1790 4462; x_wconf 88' lang='lat' dir='ltr'><strong>pro</strong></span> <span class='ocrx_word' id='word_1_635' title='bbox 1820 4391 2000 4448; x_wconf 70' lang='lat' dir='ltr'><strong>futuro</strong></span> 
     </span>
    </p>
   </div>
   <div class='ocr_carea' id='block_1_77' title="bbox 2113 3192 3712 3261">
    <p class='ocr_par' dir='ltr' id='par_1_77' title="bbox 2113 3192 3712 3261">
     <span class='ocr_line' id='line_1_77' title="bbox 2113 3192 3712 3261; baseline 0.01 -17"><span class='ocrx_word' id='word_1_636' title='bbox 2113 3192 2396 3261; x_wconf 73' lang='lat' dir='ltr'><strong>scriptura:</strong></span> <span class='ocrx_word' id='word_1_637' title='bbox 2424 3208 2530 3247; x_wconf 90' lang='lat' dir='ltr'><strong>non</strong></span> <span class='ocrx_word' id='word_1_638' title='bbox 2557 3194 2788 3249; x_wconf 86' lang='lat' dir='ltr'><strong>desunt?</strong></span> <span class='ocrx_word' id='word_1_639' title='bbox 2819 3212 2924 3250; x_wconf 90' lang='lat' dir='ltr'><strong>non</strong></span> <span class='ocrx_word' id='word_1_640' title='bbox 2955 3206 3041 3252; x_wconf 86' lang='lat' dir='ltr'><strong>est</strong></span> <span class='ocrx_word' id='word_1_641' title='bbox 3065 3213 3225 3254; x_wconf 84' lang='lat' dir='ltr'><strong>unum</strong></span> <span class='ocrx_word' id='word_1_642' title='bbox 3258 3199 3343 3256; x_wconf 89' lang='lat' dir='ltr'><strong>lex</strong></span> <span class='ocrx_word' id='word_1_643' title='bbox 3375 3210 3430 3256; x_wconf 93' lang='lat' dir='ltr'><strong>et</strong></span> <span class='ocrx_word' id='word_1_644' title='bbox 3462 3202 3626 3259; x_wconf 85' lang='lat' dir='ltr'><strong>Deus.</strong></span> <span class='ocrx_word' id='word_1_645' title='bbox 3654 3203 3712 3259; x_wconf 88' lang='lat' dir='ltr'><strong>Si</strong></span> 
     </span>
    </p>
   </div>
   <div class='ocr_carea' id='block_1_78' title="bbox 2112 3283 3716 3358">
    <p class='ocr_par' dir='ltr' id='par_1_78' title="bbox 2112 3283 3716 3358">
     <span class='ocr_line' id='line_1_78' title="bbox 2112 3283 3716 3358; baseline 0.008 -22"><span class='ocrx_word' id='word_1_646' title='bbox 2112 3295 2210 3352; x_wconf 89' lang='lat' dir='ltr'><strong>pro</strong></span> <span class='ocrx_word' id='word_1_647' title='bbox 2236 3283 2349 3338; x_wconf 91' lang='lat' dir='ltr'><strong>Deo</strong></span> <span class='ocrx_word' id='word_1_648' title='bbox 2379 3285 2716 3340; x_wconf 84' lang='lat' dir='ltr'><strong>moriendum</strong></span> <span class='ocrx_word' id='word_1_649' title='bbox 2764 3284 2959 3354; x_wconf 79' lang='lat' dir='ltr'><strong>fuerat,</strong></span> <span class='ocrx_word' id='word_1_650' title='bbox 2989 3285 3080 3358; x_wconf 89' lang='lat' dir='ltr'><strong>qui</strong></span> <span class='ocrx_word' id='word_1_651' title='bbox 3109 3297 3166 3344; x_wconf 87' lang='lat' dir='ltr'><strong>et</strong></span> <span class='ocrx_word' id='word_1_652' title='bbox 3192 3292 3519 3347; x_wconf 75' lang='lat' dir='ltr'><strong>reSuscitare</strong></span> <span class='ocrx_word' id='word_1_653' title='bbox 3560 3307 3716 3349; x_wconf 79' lang='lat' dir='ltr'><strong>mor-</strong></span> 
     </span>
    </p>
   </div>
   <div class='ocr_carea' id='block_1_79' title="bbox 2113 3375 3709 3451">
    <p class='ocr_par' dir='ltr' id='par_1_79' title="bbox 2113 3375 3709 3451">
     <span class='ocr_line' id='line_1_79' title="bbox 2113 3375 3709 3451; baseline 0.008 -21"><span class='ocrx_word' id='word_1_654' title='bbox 2113 3386 2255 3440; x_wconf 81' lang='lat' dir='ltr'><strong>tuos,</strong></span> <span class='ocrx_word' id='word_1_655' title='bbox 2297 3385 2352 3432; x_wconf 91' lang='lat' dir='ltr'><strong>et</strong></span> <span class='ocrx_word' id='word_1_656' title='bbox 2379 3375 2607 3434; x_wconf 88' lang='lat' dir='ltr'><strong>reddere</strong></span> <span class='ocrx_word' id='word_1_657' title='bbox 2637 3381 2915 3449; x_wconf 82' lang='lat' dir='ltr'><strong>praemium</strong></span> <span class='ocrx_word' id='word_1_658' title='bbox 2948 3389 3146 3451; x_wconf 86' lang='lat' dir='ltr'><strong>potest,</strong></span> <span class='ocrx_word' id='word_1_659' title='bbox 3178 3381 3312 3438; x_wconf 89' lang='lat' dir='ltr'><strong>liber</strong></span> <span class='ocrx_word' id='word_1_660' title='bbox 3340 3400 3446 3440; x_wconf 90' lang='lat' dir='ltr'><strong>non</strong></span> <span class='ocrx_word' id='word_1_661' title='bbox 3478 3385 3709 3443; x_wconf 81' lang='lat' dir='ltr'><strong>traditus</strong></span> 
     </span>
    </p>
   </div>
   <div class='ocr_carea' id='block_1_80' title="bbox 2108 3461 3708 3551">
    <p class='ocr_par' dir='ltr' id='par_1_80' title="bbox 2108 3461 3708 3551">
     <span class='ocr_line' id='line_1_80' title="bbox 2108 3461 3708 3551; baseline 0.008 -28"><span class='ocrx_word' id='word_1_662' title='bbox 2108 3461 2175 3524; x_wconf 78' lang='lat' dir='ltr'><strong>de</strong></span> <span class='ocrx_word' id='word_1_663' title='bbox 2201 3469 2414 3526; x_wconf 87' lang='lat' dir='ltr'><strong>duobus</strong></span> <span class='ocrx_word' id='word_1_664' title='bbox 2439 3471 2524 3526; x_wconf 89' lang='lat' dir='ltr'><strong>his</strong></span> <span class='ocrx_word' id='word_1_665' title='bbox 2550 3487 2650 3527; x_wconf 91' lang='lat' dir='ltr'><strong>nec</strong></span> <span class='ocrx_word' id='word_1_666' title='bbox 2670 3474 2897 3528; x_wconf 87' lang='lat' dir='ltr'><strong>alterum</strong></span> <span class='ocrx_word' id='word_1_667' title='bbox 2926 3483 3122 3543; x_wconf 89' lang='lat' dir='ltr'><strong>potest.</strong></span> <span class='ocrx_word' id='word_1_668' title='bbox 3150 3477 3267 3547; x_wconf 64' lang='lat' dir='ltr'><strong>(b9)</strong></span> <span class='ocrx_word' id='word_1_669' title='bbox 3284 3477 3512 3549; x_wconf 85' lang='lat' dir='ltr'><strong>Impedit</strong></span> <span class='ocrx_word' id='word_1_670' title='bbox 3539 3481 3708 3551; x_wconf 88' lang='lat' dir='ltr'><strong>igitur</strong></span> 
     </span>
    </p>
   </div>
   <div class='ocr_carea' id='block_1_81' title="bbox 2111 3569 3702 3647">
    <p class='ocr_par' dir='ltr' id='par_1_81' title="bbox 2111 3569 3702 3647">
     <span class='ocr_line' id='line_1_81' title="bbox 2111 3569 3702 3647; baseline 0.007 -25"><span class='ocrx_word' id='word_1_671' title='bbox 2111 3569 2410 3624; x_wconf 75' lang='lat' dir='ltr'><strong>necessitas</strong></span> <span class='ocrx_word' id='word_1_672' title='bbox 2437 3570 2576 3625; x_wconf 87' lang='lat' dir='ltr'><strong>vires</strong></span> <span class='ocrx_word' id='word_1_673' title='bbox 2616 3585 2760 3626; x_wconf 86' lang='lat' dir='ltr'><strong>suas.</strong></span> <span class='ocrx_word' id='word_1_674' title='bbox 2790 3570 2906 3625; x_wconf 86' lang='lat' dir='ltr'><strong>Non</strong></span> <span class='ocrx_word' id='word_1_675' title='bbox 2932 3572 3108 3626; x_wconf 84' lang='lat' dir='ltr'><strong>minus</strong></span> <span class='ocrx_word' id='word_1_676' title='bbox 3137 3572 3385 3629; x_wconf 84' lang='lat' dir='ltr'><strong>videmus</strong></span> <span class='ocrx_word' id='word_1_677' title='bbox 3416 3577 3702 3647; x_wconf 80' lang='lat' dir='ltr'><strong>negligen-</strong></span> 
     </span>
    </p>
   </div>
   <div class='ocr_carea' id='block_1_82' title="bbox 2113 3660 3703 3736">
    <p class='ocr_par' dir='ltr' id='par_1_82' title="bbox 2113 3660 3703 3736">
     <span class='ocr_line' id='line_1_82' title="bbox 2113 3660 3703 3736; baseline 0.006 -22"><span class='ocrx_word' id='word_1_678' title='bbox 2113 3660 2242 3715; x_wconf 87' lang='lat' dir='ltr'><strong>tiam</strong></span> <span class='ocrx_word' id='word_1_679' title='bbox 2267 3661 2575 3731; x_wconf 75' lang='lat' dir='ltr'><strong>l‘requenter</strong></span> <span class='ocrx_word' id='word_1_680' title='bbox 2595 3665 2833 3732; x_wconf 84' lang='lat' dir='ltr'><strong>operari,</strong></span> <span class='ocrx_word' id='word_1_681' title='bbox 2857 3681 3018 3732; x_wconf 88' lang='lat' dir='ltr'><strong>quam</strong></span> <span class='ocrx_word' id='word_1_682' title='bbox 3041 3667 3342 3721; x_wconf 81' lang='lat' dir='ltr'><strong>necessitas</strong></span> <span class='ocrx_word' id='word_1_683' title='bbox 3361 3679 3581 3736; x_wconf 83' lang='lat' dir='ltr'><strong>operata</strong></span> <span class='ocrx_word' id='word_1_684' title='bbox 3599 3680 3703 3726; x_wconf 84' lang='lat' dir='ltr'><strong>est.</strong></span> 
     </span>
    </p>
   </div>
   <div class='ocr_carea' id='block_1_83' title="bbox 2110 3751 3707 3832">
    <p class='ocr_par' dir='ltr' id='par_1_83' title="bbox 2110 3751 3707 3832">
     <span class='ocr_line' id='line_1_83' title="bbox 2110 3751 3707 3832; baseline 0.007 -26"><span class='ocrx_word' id='word_1_685' title='bbox 2110 3751 2246 3806; x_wconf 86' lang='lat' dir='ltr'><strong>Nam</strong></span> <span class='ocrx_word' id='word_1_686' title='bbox 2295 3754 2338 3807; x_wconf 90' lang='lat' dir='ltr'><strong>si</strong></span> <span class='ocrx_word' id='word_1_687' title='bbox 2372 3757 2702 3809; x_wconf 69' lang='lat' dir='ltr'><strong>membratim</strong></span> <span class='ocrx_word' id='word_1_688' title='bbox 2733 3763 2827 3810; x_wconf 88' lang='lat' dir='ltr'><strong>aut</strong></span> <span class='ocrx_word' id='word_1_689' title='bbox 2867 3755 3015 3822; x_wconf 88' lang='lat' dir='ltr'><strong>libri,</strong></span> <span class='ocrx_word' id='word_1_690' title='bbox 3041 3757 3238 3826; x_wconf 88' lang='lat' dir='ltr'><strong>quibus</strong></span> <span class='ocrx_word' id='word_1_691' title='bbox 3278 3759 3548 3829; x_wconf 81' lang='lat' dir='ltr'><strong>scriptura</strong></span> <span class='ocrx_word' id='word_1_692' title='bbox 3577 3763 3707 3832; x_wconf 90' lang='lat' dir='ltr'><strong>legi-</strong></span> 
     </span>
    </p>
   </div>
   <div class='ocr_carea' id='block_1_84' title="bbox 2112 3843 3703 3921">
    <p class='ocr_par' dir='ltr' id='par_1_84' title="bbox 2112 3843 3703 3921">
     <span class='ocr_line' id='line_1_84' title="bbox 2112 3843 3703 3921; baseline 0.009 -24"><span class='ocrx_word' id='word_1_693' title='bbox 2112 3843 2240 3898; x_wconf 88' lang='lat' dir='ltr'><strong>tima</strong></span> <span class='ocrx_word' id='word_1_694' title='bbox 2284 3847 2616 3913; x_wconf 88' lang='lat' dir='ltr'><strong>continetur,</strong></span> <span class='ocrx_word' id='word_1_695' title='bbox 2667 3847 2719 3901; x_wconf 90' lang='lat' dir='ltr'><strong>in</strong></span> <span class='ocrx_word' id='word_1_696' title='bbox 2776 3855 2942 3902; x_wconf 90' lang='lat' dir='ltr'><strong>tottnn</strong></span> <span class='ocrx_word' id='word_1_697' title='bbox 2999 3846 3198 3904; x_wconf 90' lang='lat' dir='ltr'><strong>debent</strong></span> <span class='ocrx_word' id='word_1_698' title='bbox 3251 3849 3418 3907; x_wconf 64' lang='lat' dir='ltr'><strong>illaesa</strong></span> <span class='ocrx_word' id='word_1_699' title='bbox 3474 3860 3703 3921; x_wconf 88' lang='lat' dir='ltr'><strong>servari,</strong></span> 
     </span>
    </p>
   </div>
   <div class='ocr_carea' id='block_1_85' title="bbox 2109 3937 3703 4012">
    <p class='ocr_par' dir='ltr' id='par_1_85' title="bbox 2109 3937 3703 4012">
     <span class='ocr_line' id='line_1_85' title="bbox 2109 3937 3703 4012; baseline 0.009 -25"><span class='ocrx_word' id='word_1_700' title='bbox 2109 3937 2263 4005; x_wconf 81' lang='lat' dir='ltr'><strong>quasi</strong></span> <span class='ocrx_word' id='word_1_701' title='bbox 2305 3951 2410 3989; x_wconf 87' lang='lat' dir='ltr'><strong>non</strong></span> <span class='ocrx_word' id='word_1_702' title='bbox 2467 3937 2790 3993; x_wconf 86' lang='lat' dir='ltr'><strong>damnantur</strong></span> <span class='ocrx_word' id='word_1_703' title='bbox 2843 3940 3006 4007; x_wconf 89' lang='lat' dir='ltr'><strong>aliqui</strong></span> <span class='ocrx_word' id='word_1_704' title='bbox 3060 3942 3423 4012; x_wconf 85' lang='lat' dir='ltr'><strong>negligentes;</strong></span> <span class='ocrx_word' id='word_1_705' title='bbox 3458 3961 3564 4002; x_wconf 89' lang='lat' dir='ltr'><strong>non</strong></span> <span class='ocrx_word' id='word_1_706' title='bbox 3620 3958 3703 4002; x_wconf 89' lang='lat' dir='ltr'><strong>est</strong></span> 
     </span>
    </p>
   </div>
   <div class='ocr_carea' id='block_1_86' title="bbox 2110 4027 3706 4100">
    <p class='ocr_par' dir='ltr' id='par_1_86' title="bbox 2110 4027 3706 4100">
     <span class='ocr_line' id='line_1_86' title="bbox 2110 4027 3706 4100; baseline 0.01 -21"><span class='ocrx_word' id='word_1_707' title='bbox 2110 4027 2269 4098; x_wconf 85' lang='lat' dir='ltr'><strong>longe</strong></span> <span class='ocrx_word' id='word_1_708' title='bbox 2293 4029 2508 4084; x_wconf 81' lang='lat' dir='ltr'><strong>tradere</strong></span> <span class='ocrx_word' id='word_1_709' title='bbox 2539 4046 2569 4086; x_wconf 85' lang='lat' dir='ltr'><strong>a</strong></span> <span class='ocrx_word' id='word_1_710' title='bbox 2602 4032 2741 4086; x_wconf 90' lang='lat' dir='ltr'><strong>male</strong></span> <span class='ocrx_word' id='word_1_711' title='bbox 2774 4046 2999 4100; x_wconf 85' lang='lat' dir='ltr'><strong>ponere,</strong></span> <span class='ocrx_word' id='word_1_712' title='bbox 3043 4044 3135 4088; x_wconf 87' lang='lat' dir='ltr'><strong>aut</strong></span> <span class='ocrx_word' id='word_1_713' title='bbox 3187 4036 3330 4091; x_wconf 81' lang='lat' dir='ltr'><strong>male</strong></span> <span class='ocrx_word' id='word_1_714' title='bbox 3359 4036 3538 4094; x_wconf 83' lang='lat' dir='ltr'><strong>ferre:</strong></span> <span class='ocrx_word' id='word_1_715' title='bbox 3567 4041 3706 4095; x_wconf 81' lang='lat' dir='ltr'><strong>alter</strong></span> 
     </span>
    </p>
   </div>
   <div class='ocr_carea' id='block_1_87' title="bbox 2110 4119 3704 4195">
    <p class='ocr_par' dir='ltr' id='par_1_87' title="bbox 2110 4119 3704 4195">
     <span class='ocr_line' id='line_1_87' title="bbox 2110 4119 3704 4195; baseline 0.011 -22"><span class='ocrx_word' id='word_1_716' title='bbox 2110 4119 2166 4188; x_wconf 75' lang='lat' dir='ltr'><strong>in</strong></span> <span class='ocrx_word' id='word_1_717' title='bbox 2194 4120 2358 4175; x_wconf 86' lang='lat' dir='ltr'><strong>domo</strong></span> <span class='ocrx_word' id='word_1_718' title='bbox 2382 4121 2576 4177; x_wconf 86' lang='lat' dir='ltr'><strong>librum</strong></span> <span class='ocrx_word' id='word_1_719' title='bbox 2603 4125 2805 4193; x_wconf 89' lang='lat' dir='ltr'><strong>posuit,</strong></span> <span class='ocrx_word' id='word_1_720' title='bbox 2835 4140 2958 4195; x_wconf 70' lang='lat' dir='ltr'><strong>qua:</strong></span> <span class='ocrx_word' id='word_1_721' title='bbox 2993 4127 3188 4182; x_wconf 89' lang='lat' dir='ltr'><strong>domus</strong></span> <span class='ocrx_word' id='word_1_722' title='bbox 3215 4130 3464 4185; x_wconf 83' lang='lat' dir='ltr'><strong>incendio</strong></span> <span class='ocrx_word' id='word_1_723' title='bbox 3485 4145 3704 4189; x_wconf 81' lang='lat' dir='ltr'><strong>concrc-</strong></span> 
     </span>
    </p>
   </div>
   <div class='ocr_carea' id='block_1_88' title="bbox 2110 4217 3706 4291">
    <p class='ocr_par' dir='ltr' id='par_1_88' title="bbox 2110 4217 3706 4291">
     <span class='ocr_line' id='line_1_88' title="bbox 2110 4217 3706 4291; baseline 0.008 -23"><span class='ocrx_word' id='word_1_724' title='bbox 2110 4225 2253 4269; x_wconf 87' lang='lat' dir='ltr'><strong>mata</strong></span> <span class='ocrx_word' id='word_1_725' title='bbox 2284 4225 2372 4269; x_wconf 86' lang='lat' dir='ltr'><strong>est</strong></span> <span class='ocrx_word' id='word_1_726' title='bbox 2395 4234 2412 4270; x_wconf 72' lang='grc' dir='ltr'><em>ε</em></span> <span class='ocrx_word' id='word_1_727' title='bbox 2437 4217 2722 4273; x_wconf 80' lang='lat' dir='ltr'><strong>damnetur</strong></span> <span class='ocrx_word' id='word_1_728' title='bbox 2756 4221 2847 4288; x_wconf 89' lang='lat' dir='ltr'><strong>qui</strong></span> <span class='ocrx_word' id='word_1_729' title='bbox 2881 4221 3219 4291; x_wconf 84' lang='lat' dir='ltr'><strong>negligenter</strong></span> <span class='ocrx_word' id='word_1_730' title='bbox 3261 4225 3456 4291; x_wconf 81' lang='lat' dir='ltr'><strong>posuit,</strong></span> <span class='ocrx_word' id='word_1_731' title='bbox 3483 4228 3528 4280; x_wconf 88' lang='lat' dir='ltr'><strong>si</strong></span> <span class='ocrx_word' id='word_1_732' title='bbox 3555 4228 3706 4282; x_wconf 83' lang='lat' dir='ltr'><strong>dam-</strong></span> 
     </span>
    </p>
   </div>
   <div class='ocr_carea' id='block_1_89' title="bbox 2111 4306 3807 4380">
    <p class='ocr_par' dir='ltr' id='par_1_89' title="bbox 2111 4306 3807 4380">
     <span class='ocr_line' id='line_1_89' title="bbox 2111 4306 3807 4380; baseline 0.009 -22"><span class='ocrx_word' id='word_1_733' title='bbox 2111 4306 2321 4360; x_wconf 82' lang='lat' dir='ltr'><strong>nandus</strong></span> <span class='ocrx_word' id='word_1_734' title='bbox 2350 4317 2436 4361; x_wconf 87' lang='lat' dir='ltr'><strong>est</strong></span> <span class='ocrx_word' id='word_1_735' title='bbox 2485 4311 2573 4377; x_wconf 88' lang='lat' dir='ltr'><strong>qui</strong></span> <span class='ocrx_word' id='word_1_736' title='bbox 2607 4309 2994 4380; x_wconf 81' lang='lat' dir='ltr'><strong>postulandum</strong></span> <span class='ocrx_word' id='word_1_737' title='bbox 3030 4311 3224 4366; x_wconf 86' lang='lat' dir='ltr'><strong>librum</strong></span> <span class='ocrx_word' id='word_1_738' title='bbox 3255 4315 3475 4369; x_wconf 88' lang='lat' dir='ltr'><strong>territus</strong></span> <span class='ocrx_word' id='word_1_739' title='bbox 3504 4316 3653 4372; x_wconf 86' lang='lat' dir='ltr'><strong>dedit</strong></span> <span class='ocrx_word' id='word_1_740' title='bbox 3689 4335 3702 4372; x_wconf 74' lang='grc' dir='ltr'><strong>ε</strong></span> <span class='ocrx_word' id='word_1_741' title='bbox 3801 4354 3807 4364; x_wconf 69' lang='grc' dir='ltr'><em>ι</em></span> 
     </span>
    </p>
   </div>
   <div class='ocr_carea' id='block_1_90' title="bbox 2111 4394 3708 4473">
    <p class='ocr_par' dir='ltr' id='par_1_90' title="bbox 2111 4394 3708 4473">
     <span class='ocr_line' id='line_1_90' title="bbox 2111 4394 3708 4473; baseline 0.009 -23"><span class='ocrx_word' id='word_1_742' title='bbox 2111 4394 2438 4452; x_wconf 80' lang='lat' dir='ltr'><strong>damnentur</strong></span> <span class='ocrx_word' id='word_1_743' title='bbox 2466 4401 2632 4454; x_wconf 86' lang='lat' dir='ltr'><strong>etiam</strong></span> <span class='ocrx_word' id='word_1_744' title='bbox 2661 4401 2735 4454; x_wconf 89' lang='lat' dir='ltr'><strong>illi</strong></span> <span class='ocrx_word' id='word_1_745' title='bbox 2793 4402 2884 4470; x_wconf 87' lang='lat' dir='ltr'><strong>qui</strong></span> <span class='ocrx_word' id='word_1_746' title='bbox 2935 4402 3210 4473; x_wconf 85' lang='lat' dir='ltr'><strong>neglectas</strong></span> <span class='ocrx_word' id='word_1_747' title='bbox 3243 4405 3583 4463; x_wconf 81' lang='lat' dir='ltr'><strong>membranas</strong></span> <span class='ocrx_word' id='word_1_748' title='bbox 3614 4418 3708 4465; x_wconf 80' lang='lat' dir='ltr'><strong>ant</strong></span> 
     </span>
    </p>
   </div>
   <div class='ocr_carea' id='block_1_91' title="bbox 397 4481 3703 4565">
    <p class='ocr_par' dir='ltr' id='par_1_91' title="bbox 397 4481 3703 4565">
     <span class='ocr_line' id='line_1_91' title="bbox 397 4481 3703 4565; baseline 0.002 -16"><span class='ocrx_word' id='word_1_749' title='bbox 397 4494 606 4565; x_wconf 84' lang='lat' dir='ltr'><strong>judicio</strong></span> <span class='ocrx_word' id='word_1_750' title='bbox 633 4494 833 4561; x_wconf 81' lang='lat' dir='ltr'><strong>scripta</strong></span> <span class='ocrx_word' id='word_1_751' title='bbox 869 4505 992 4546; x_wconf 85' lang='lat' dir='ltr'><strong>esse</strong></span> <span class='ocrx_word' id='word_1_752' title='bbox 1015 4488 1285 4552; x_wconf 87' lang='lat' dir='ltr'><strong>videatur,</strong></span> <span class='ocrx_word' id='word_1_753' title='bbox 1316 4496 1376 4542; x_wconf 89' lang='lat' dir='ltr'><strong>ut</strong></span> <span class='ocrx_word' id='word_1_754' title='bbox 1404 4485 1541 4541; x_wconf 80' lang='lat' dir='ltr'><strong>sciat</strong></span> <span class='ocrx_word' id='word_1_755' title='bbox 1572 4499 1840 4554; x_wconf 86' lang='lat' dir='ltr'><strong>peccator,</strong></span> <span class='ocrx_word' id='word_1_756' title='bbox 1871 4484 2000 4551; x_wconf 86' lang='lat' dir='ltr'><strong>quid</strong></span> <span class='ocrx_word' id='word_1_757' title='bbox 2029 4481 2084 4544; x_wconf 91' lang='lat' dir='ltr'><strong>D</strong></span> <span class='ocrx_word' id='word_1_758' title='bbox 2109 4490 2276 4544; x_wconf 88' lang='lat' dir='ltr'><strong>libros</strong></span> <span class='ocrx_word' id='word_1_759' title='bbox 2299 4488 2371 4544; x_wconf 87' lang='lat' dir='ltr'><strong>ita</strong></span> <span class='ocrx_word' id='word_1_760' title='bbox 2403 4503 2720 4560; x_wconf 90' lang='lat' dir='ltr'><strong>posuerunt,</strong></span> <span class='ocrx_word' id='word_1_761' title='bbox 2747 4501 2808 4547; x_wconf 91' lang='lat' dir='ltr'><strong>ut</strong></span> <span class='ocrx_word' id='word_1_762' title='bbox 2831 4509 2926 4548; x_wconf 88' lang='lat' dir='ltr'><strong>eos</strong></span> <span class='ocrx_word' id='word_1_763' title='bbox 2952 4494 3268 4551; x_wconf 57' lang='lat' dir='ltr'><strong>domesticae</strong></span> <span class='ocrx_word' id='word_1_764' title='bbox 3300 4497 3564 4565; x_wconf 81' lang='lat' dir='ltr'><strong>bestiolae,</strong></span> <span class='ocrx_word' id='word_1_765' title='bbox 3599 4501 3703 4556; x_wconf 88' lang='lat' dir='ltr'><strong>hoc</strong></span> 
     </span>
    </p>
   </div>
   <div class='ocr_carea' id='block_1_92' title="bbox 404 4576 2000 4657">
    <p class='ocr_par' dir='ltr' id='par_1_92' title="bbox 404 4576 2000 4657">
     <span class='ocr_line' id='line_1_92' title="bbox 404 4576 2000 4657; baseline -0.004 -18"><span class='ocrx_word' id='word_1_766' title='bbox 404 4587 514 4657; x_wconf 88' lang='lat' dir='ltr'><strong>pati</strong></span> <span class='ocrx_word' id='word_1_767' title='bbox 540 4586 726 4654; x_wconf 87' lang='lat' dir='ltr'><strong>possit,</strong></span> <span class='ocrx_word' id='word_1_768' title='bbox 759 4584 804 4638; x_wconf 90' lang='lat' dir='ltr'><strong>si</strong></span> <span class='ocrx_word' id='word_1_769' title='bbox 837 4583 1016 4636; x_wconf 87' lang='lat' dir='ltr'><strong>minus</strong></span> <span class='ocrx_word' id='word_1_770' title='bbox 1035 4581 1180 4650; x_wconf 86' lang='lat' dir='ltr'><strong>justc</strong></span> <span class='ocrx_word' id='word_1_771' title='bbox 1209 4579 1423 4633; x_wconf 81' lang='lat' dir='ltr'><strong>vixerit.</strong></span> <span class='ocrx_word' id='word_1_772' title='bbox 1461 4578 1706 4647; x_wconf 88' lang='lat' dir='ltr'><strong>Denique</strong></span> <span class='ocrx_word' id='word_1_773' title='bbox 1736 4576 2000 4645; x_wconf 85' lang='lat' dir='ltr'><strong>scriptum</strong></span> 
     </span>
    </p>
   </div>
   <div class='ocr_carea' id='block_1_93' title="bbox 405 4669 2003 4748">
    <p class='ocr_par' dir='ltr' id='par_1_93' title="bbox 405 4669 2003 4748">
     <span class='ocr_line' id='line_1_93' title="bbox 405 4669 2003 4748; baseline -0.006 -15"><span class='ocrx_word' id='word_1_774' title='bbox 405 4689 490 4733; x_wconf 88' lang='lat' dir='ltr'><strong>est</strong></span> <span class='ocrx_word' id='word_1_775' title='bbox 518 4689 569 4733; x_wconf 89' lang='lat' dir='ltr'><strong>et</strong></span> <span class='ocrx_word' id='word_1_776' title='bbox 593 4677 788 4748; x_wconf 86' lang='lat' dir='ltr'><strong>legitur</strong></span> <span class='ocrx_word' id='word_1_777' title='bbox 813 4694 826 4731; x_wconf 88' lang='lat'><strong>:</strong></span> <span class='ocrx_word' id='word_1_778' title='bbox 856 4675 993 4746; x_wconf 86' lang='lat' dir='ltr'><strong>quod</strong></span> <span class='ocrx_word' id='word_1_779' title='bbox 1019 4675 1171 4741; x_wconf 76' lang='lat' dir='ltr'><strong>iustis</strong></span> <span class='ocrx_word' id='word_1_780' title='bbox 1200 4673 1282 4727; x_wconf 79' lang='lat' dir='ltr'><strong>lex</strong></span> <span class='ocrx_word' id='word_1_781' title='bbox 1303 4672 1425 4726; x_wconf 90' lang='lat' dir='ltr'><strong>data</strong></span> <span class='ocrx_word' id='word_1_782' title='bbox 1451 4687 1553 4725; x_wconf 92' lang='lat' dir='ltr'><strong>non</strong></span> <span class='ocrx_word' id='word_1_783' title='bbox 1584 4671 1648 4724; x_wconf 84' lang='lat' dir='ltr'><strong>sit</strong></span> <span class='ocrx_word' id='word_1_784' title='bbox 1676 4669 1750 4742; x_wconf 88' lang='grc' dir='ltr'><strong>(Ι.</strong></span> <span class='ocrx_word' id='word_1_785' title='bbox 1786 4669 1926 4722; x_wconf 81' lang='lat' dir='ltr'><strong>Tim.</strong></span> <span class='ocrx_word' id='word_1_786' title='bbox 1965 4687 2003 4737; x_wconf 85' lang='grc' dir='ltr'><strong>ι,</strong></span> 
     </span>
    </p>
   </div>
   <div class='ocr_carea' id='block_1_94' title="bbox 2114 4583 3704 4658">
    <p class='ocr_par' dir='ltr' id='par_1_94' title="bbox 2114 4583 3704 4658">
     <span class='ocr_line' id='line_1_94' title="bbox 2114 4583 3704 4658; baseline 0.006 -22"><span class='ocrx_word' id='word_1_787' title='bbox 2114 4589 2217 4650; x_wconf 88' lang='lat' dir='ltr'><strong>est,</strong></span> <span class='ocrx_word' id='word_1_788' title='bbox 2250 4595 2433 4637; x_wconf 85' lang='lat' dir='ltr'><strong>mures</strong></span> <span class='ocrx_word' id='word_1_789' title='bbox 2459 4583 2527 4638; x_wconf 80' lang='lat' dir='ltr'><strong>ita</strong></span> <span class='ocrx_word' id='word_1_790' title='bbox 2558 4586 2908 4650; x_wconf 87' lang='lat' dir='ltr'><strong>corroserint,</strong></span> <span class='ocrx_word' id='word_1_791' title='bbox 2935 4588 3116 4655; x_wconf 81' lang='lat' dir='ltr'><strong>uttegi</strong></span> <span class='ocrx_word' id='word_1_792' title='bbox 3141 4603 3248 4642; x_wconf 88' lang='lat' dir='ltr'><strong>non</strong></span> <span class='ocrx_word' id='word_1_793' title='bbox 3279 4593 3522 4658; x_wconf 82' lang='lat' dir='ltr'><strong>possint:</strong></span> <span class='ocrx_word' id='word_1_794' title='bbox 3550 4591 3704 4645; x_wconf 81' lang='lat' dir='ltr'><strong>dam-</strong></span> 
     </span>
    </p>
   </div>
   <div class='ocr_carea' id='block_1_95' title="bbox 2115 4672 3706 4751">
    <p class='ocr_par' dir='ltr' id='par_1_95' title="bbox 2115 4672 3706 4751">
     <span class='ocr_line' id='line_1_95' title="bbox 2115 4672 3706 4751; baseline 0.006 -25"><span class='ocrx_word' id='word_1_795' title='bbox 2115 4682 2272 4728; x_wconf 90' lang='lat' dir='ltr'><strong>netur</strong></span> <span class='ocrx_word' id='word_1_796' title='bbox 2297 4681 2352 4728; x_wconf 89' lang='lat' dir='ltr'><strong>et</strong></span> <span class='ocrx_word' id='word_1_797' title='bbox 2379 4672 2470 4729; x_wconf 87' lang='lat' dir='ltr'><strong>ille</strong></span> <span class='ocrx_word' id='word_1_798' title='bbox 2501 4675 2593 4746; x_wconf 84' lang='lat' dir='ltr'><strong>qui</strong></span> <span class='ocrx_word' id='word_1_799' title='bbox 2616 4677 2685 4731; x_wconf 87' lang='lat' dir='ltr'><strong>ita</strong></span> <span class='ocrx_word' id='word_1_800' title='bbox 2720 4676 2772 4730; x_wconf 88' lang='lat' dir='ltr'><strong>in</strong></span> <span class='ocrx_word' id='word_1_801' title='bbox 2799 4674 2964 4730; x_wconf 88' lang='lat' dir='ltr'><strong>domo</strong></span> <span class='ocrx_word' id='word_1_802' title='bbox 2991 4678 3170 4747; x_wconf 87' lang='lat' dir='ltr'><strong>posuit</strong></span> <span class='ocrx_word' id='word_1_803' title='bbox 3200 4689 3258 4733; x_wconf 90' lang='lat' dir='ltr'><strong>ut</strong></span> <span class='ocrx_word' id='word_1_804' title='bbox 3288 4679 3567 4736; x_wconf 77' lang='lat' dir='ltr'><strong>nimietate</strong></span> <span class='ocrx_word' id='word_1_805' title='bbox 3590 4682 3706 4751; x_wconf 81' lang='lat' dir='ltr'><strong>plu-</strong></span> 
     </span>
    </p>
   </div>
   <div class='ocr_carea' id='block_1_96' title="bbox 1786 4805 2414 4867">
    <p class='ocr_par' dir='ltr' id='par_1_96' title="bbox 1786 4805 2414 4867">
     <span class='ocr_line' id='line_1_96' title="bbox 1786 4805 2414 4867; baseline 0.006 -7"><span class='ocrx_word' id='word_1_806' title='bbox 1786 4805 2146 4864; x_wconf 78' lang='lat' dir='ltr'><strong>VARIORUM</strong></span> <span class='ocrx_word' id='word_1_807' title='bbox 2183 4809 2414 4867; x_wconf 63' lang='lat' dir='ltr'><strong>NOTAE.</strong></span> 
     </span>
    </p>
   </div>
   <div class='ocr_carea' id='block_1_97' title="bbox 481 4903 2000 4981">
    <p class='ocr_par' dir='ltr' id='par_1_97' title="bbox 481 4903 2000 4981">
     <span class='ocr_line' id='line_1_97' title="bbox 481 4903 2000 4981; baseline -0.008 -16"><span class='ocrx_word' id='word_1_808' title='bbox 481 4909 598 4981; x_wconf 73' lang='grc'>(46)</span> <span class='ocrx_word' id='word_1_809' title='bbox 651 4910 898 4965; x_wconf 78' lang='lat' dir='ltr'><strong>Proxime</strong></span> <span class='ocrx_word' id='word_1_810' title='bbox 940 4905 1185 4981; x_wconf 69' lang='lat' dir='ltr'><strong>reddidit.</strong></span> <span class='ocrx_word' id='word_1_811' title='bbox 1224 4903 1372 4981; x_wconf 67' lang='lat' dir='ltr'><strong>llaec</strong></span> <span class='ocrx_word' id='word_1_812' title='bbox 1424 4909 1480 4956; x_wconf 89' lang='lat' dir='ltr'><strong>et</strong></span> <span class='ocrx_word' id='word_1_813' title='bbox 1531 4916 1650 4971; x_wconf 60' lang='lat' dir='ltr'><strong>quas</strong></span> <span class='ocrx_word' id='word_1_814' title='bbox 1696 4909 2000 4981; x_wconf 72' lang='lat' dir='ltr'><strong>sequuntur</strong></span> 
     </span>
    </p>
   </div>
   <div class='ocr_carea' id='block_1_98' title="bbox 407 4970 1999 5044">
    <p class='ocr_par' dir='ltr' id='par_1_98' title="bbox 407 4970 1999 5044">
     <span class='ocr_line' id='line_1_98' title="bbox 407 4970 1999 5044; baseline -0.008 -8"><span class='ocrx_word' id='word_1_815' title='bbox 407 4970 634 5039; x_wconf 72' lang='lat' dir='ltr'><strong>innuero</strong></span> <span class='ocrx_word' id='word_1_816' title='bbox 658 4981 932 5038; x_wconf 84' lang='lat' dir='ltr'><strong>videnlur,</strong></span> <span class='ocrx_word' id='word_1_817' title='bbox 972 4981 1091 5033; x_wconf 85' lang='lat' dir='ltr'><strong>sie</strong></span> <span class='ocrx_word' id='word_1_818' title='bbox 1120 4977 1397 5042; x_wconf 85' lang='lat' dir='ltr'><strong>Scriptura</strong></span> <span class='ocrx_word' id='word_1_819' title='bbox 1416 5016 1430 5037; x_wconf 90' lang='lat'><strong>,</strong></span> <span class='ocrx_word' id='word_1_820' title='bbox 1458 4970 1578 5044; x_wconf 77' lang='lat' dir='ltr'><strong>quae</strong></span> <span class='ocrx_word' id='word_1_821' title='bbox 1621 4973 1776 5026; x_wconf 86' lang='lat' dir='ltr'><strong>nobis</strong></span> <span class='ocrx_word' id='word_1_822' title='bbox 1803 4970 1999 5025; x_wconf 80' lang='lat' dir='ltr'><strong>tradita</strong></span> 
     </span>
    </p>
   </div>
   <div class='ocr_carea' id='block_1_99' title="bbox 406 5045 1786 5125">
    <p class='ocr_par' dir='ltr' id='par_1_99' title="bbox 406 5045 1786 5125">
     <span class='ocr_line' id='line_1_99' title="bbox 406 5045 1786 5125; baseline -0.002 -16"><span class='ocrx_word' id='word_1_823' title='bbox 406 5053 840 5125; x_wconf 71' lang='lat' dir='ltr'><strong>sunt,sul’licere</strong></span> <span class='ocrx_word' id='word_1_824' title='bbox 866 5065 1045 5119; x_wconf 86' lang='lat' dir='ltr'><strong>posse.</strong></span> <span class='ocrx_word' id='word_1_825' title='bbox 1110 5045 1336 5100; x_wconf 70' lang='lat' dir='ltr'><strong>ALBASP.</strong></span> <span class='ocrx_word' id='word_1_826' title='bbox 1389 5124 1392 5125; x_wconf 13' lang='grc' dir='ltr'><em>ν</em></span> <span class='ocrx_word' id='word_1_827' title='bbox 1576 5124 1580 5125; x_wconf 10' lang='grc' dir='ltr'>ί</span> <span class='ocrx_word' id='word_1_828' title='bbox 1681 5113 1739 5125; x_wconf 46' lang='grc' dir='ltr'><strong><em>η</em></strong></span> <span class='ocrx_word' id='word_1_829' title='bbox 1777 5114 1786 5125; x_wconf 33' lang='grc' dir='ltr'>θ</span> 
     </span>
    </p>
   </div>
   <div class='ocr_carea' id='block_1_100' title="bbox 483 5112 2007 5191">
    <p class='ocr_par' dir='ltr' id='par_1_100' title="bbox 483 5112 2007 5191">
     <span class='ocr_line' id='line_1_100' title="bbox 483 5112 2007 5191; baseline -0.008 -13"><span class='ocrx_word' id='word_1_830' title='bbox 483 5124 599 5191; x_wconf 72' lang='grc'>(47)</span> <span class='ocrx_word' id='word_1_831' title='bbox 641 5124 787 5178; x_wconf 89' lang='lat' dir='ltr'><strong>Unde</strong></span> <span class='ocrx_word' id='word_1_832' title='bbox 815 5112 1025 5190; x_wconf 67' lang='lat' dir='ltr'><strong>apparet</strong></span> <span class='ocrx_word' id='word_1_833' title='bbox 1053 5128 1098 5172; x_wconf 89' lang='lat' dir='ltr'><strong>te</strong></span> <span class='ocrx_word' id='word_1_834' title='bbox 1123 5126 1354 5191; x_wconf 76' lang='lat' dir='ltr'><strong>parentes</strong></span> <span class='ocrx_word' id='word_1_835' title='bbox 1377 5124 1512 5191; x_wconf 75' lang='lat' dir='ltr'><strong>tuos,</strong></span> <span class='ocrx_word' id='word_1_836' title='bbox 1534 5124 1641 5191; x_wconf 75' lang='lat' dir='ltr'><strong>etc.</strong></span> <span class='ocrx_word' id='word_1_837' title='bbox 1679 5113 1788 5167; x_wconf 86' lang='lat' dir='ltr'><strong>Nisi</strong></span> <span class='ocrx_word' id='word_1_838' title='bbox 1842 5112 2007 5182; x_wconf 83' lang='lat' dir='ltr'><strong>Opta-</strong></span> 
     </span>
    </p>
   </div>
   <div class='ocr_carea' id='block_1_101' title="bbox 413 5187 2002 5259">
    <p class='ocr_par' dir='ltr' id='par_1_101' title="bbox 413 5187 2002 5259">
     <span class='ocr_line' id='line_1_101' title="bbox 413 5187 2002 5259; baseline -0.008 -9"><span class='ocrx_word' id='word_1_839' title='bbox 413 5187 525 5250; x_wconf 83' lang='lat' dir='ltr'><strong>tum</strong></span> <span class='ocrx_word' id='word_1_840' title='bbox 559 5187 824 5250; x_wconf 85' lang='lat' dir='ltr'><strong>interdum</strong></span> <span class='ocrx_word' id='word_1_841' title='bbox 852 5187 1238 5259; x_wconf 71' lang='lat' dir='ltr'><strong>parum-caute</strong></span> <span class='ocrx_word' id='word_1_842' title='bbox 1267 5187 1419 5259; x_wconf 75' lang='lat' dir='ltr'><strong>loqui</strong></span> <span class='ocrx_word' id='word_1_843' title='bbox 1441 5196 1496 5240; x_wconf 88' lang='lat' dir='ltr'><strong>et</strong></span> <span class='ocrx_word' id='word_1_844' title='bbox 1524 5187 1630 5259; x_wconf 74' lang='lat' dir='ltr'><strong>alia</strong></span> <span class='ocrx_word' id='word_1_845' title='bbox 1655 5193 2002 5259; x_wconf 70' lang='lat' dir='ltr'><strong>testarentur,</strong></span> 
     </span>
    </p>
   </div>
   <div class='ocr_carea' id='block_1_102' title="bbox 412 5253 2006 5336">
    <p class='ocr_par' dir='ltr' id='par_1_102' title="bbox 412 5253 2006 5336">
     <span class='ocr_line' id='line_1_102' title="bbox 412 5253 2006 5336; baseline -0.008 -16"><span class='ocrx_word' id='word_1_846' title='bbox 412 5268 492 5321; x_wconf 88' lang='lat' dir='ltr'><strong>vel</strong></span> <span class='ocrx_word' id='word_1_847' title='bbox 522 5281 586 5320; x_wconf 83' lang='lat' dir='ltr'><strong>eo</strong></span> <span class='ocrx_word' id='word_1_848' title='bbox 622 5253 969 5336; x_wconf 81' lang='lat' dir='ltr'><strong>potissimum</strong></span> <span class='ocrx_word' id='word_1_849' title='bbox 996 5261 1214 5336; x_wconf 74' lang='lat' dir='ltr'><strong>nomine</strong></span> <span class='ocrx_word' id='word_1_850' title='bbox 1243 5253 1658 5336; x_wconf 68' lang='lat' dir='ltr'><strong>abiudicandum</strong></span> <span class='ocrx_word' id='word_1_851' title='bbox 1689 5255 1756 5336; x_wconf 75' lang='lat' dir='ltr'><strong>ab</strong></span> <span class='ocrx_word' id='word_1_852' title='bbox 1789 5253 2006 5336; x_wconf 49' lang='lat' dir='ltr'><strong>illo-pil-</strong></span> 
     </span>
    </p>
   </div>
   <div class='ocr_carea' id='block_1_103' title="bbox 409 5325 1992 5405">
    <p class='ocr_par' dir='ltr' id='par_1_103' title="bbox 409 5325 1992 5405">
     <span class='ocr_line' id='line_1_103' title="bbox 409 5325 1992 5405; baseline -0.008 -15"><span class='ocrx_word' id='word_1_853' title='bbox 409 5338 567 5390; x_wconf 87' lang='lat' dir='ltr'><strong>tarim</strong></span> <span class='ocrx_word' id='word_1_854' title='bbox 615 5325 899 5405; x_wconf 80' lang='lat' dir='ltr'><strong>septimum</strong></span> <span class='ocrx_word' id='word_1_855' title='bbox 959 5331 1100 5405; x_wconf 84' lang='lat' dir='ltr'><strong>hunc</strong></span> <span class='ocrx_word' id='word_1_856' title='bbox 1150 5330 1361 5405; x_wconf 79' lang='lat' dir='ltr'><strong>librum.</strong></span> <span class='ocrx_word' id='word_1_857' title='bbox 1400 5328 1592 5405; x_wconf 80' lang='lat' dir='ltr'><strong>Parum</strong></span> <span class='ocrx_word' id='word_1_858' title='bbox 1637 5326 1780 5405; x_wconf 82' lang='lat' dir='ltr'><strong>enim</strong></span> <span class='ocrx_word' id='word_1_859' title='bbox 1823 5325 1992 5405; x_wconf 74' lang='lat' dir='ltr'><strong>solida</strong></span> 
     </span>
    </p>
   </div>
   <div class='ocr_carea' id='block_1_104' title="bbox 411 5396 1994 5468">
    <p class='ocr_par' dir='ltr' id='par_1_104' title="bbox 411 5396 1994 5468">
     <span class='ocr_line' id='line_1_104' title="bbox 411 5396 1994 5468; baseline -0.008 -7"><span class='ocrx_word' id='word_1_860' title='bbox 411 5416 495 5461; x_wconf 63' lang='lat' dir='ltr'><strong>est</strong></span> <span class='ocrx_word' id='word_1_861' title='bbox 525 5416 633 5462; x_wconf 84' lang='lat' dir='ltr'><strong>tota</strong></span> <span class='ocrx_word' id='word_1_862' title='bbox 679 5396 802 5458; x_wconf 63' lang='lat' dir='ltr'><strong>inec</strong></span> <span class='ocrx_word' id='word_1_863' title='bbox 851 5401 1158 5468; x_wconf 76' lang='lat' dir='ltr'><strong>disputatio,</strong></span> <span class='ocrx_word' id='word_1_864' title='bbox 1197 5399 1299 5454; x_wconf 87' lang='lat' dir='ltr'><strong>nisi</strong></span> <span class='ocrx_word' id='word_1_865' title='bbox 1340 5397 1626 5452; x_wconf 86' lang='lat' dir='ltr'><strong>commoda</strong></span> <span class='ocrx_word' id='word_1_866' title='bbox 1671 5403 1724 5449; x_wconf 86' lang='lat' dir='ltr'><strong>cl</strong></span> <span class='ocrx_word' id='word_1_867' title='bbox 1767 5396 1994 5464; x_wconf 86' lang='lat' dir='ltr'><strong>benigna</strong></span> 
     </span>
    </p>
   </div>
   <div class='ocr_carea' id='block_1_105' title="bbox 411 5467 1995 5550">
    <p class='ocr_par' dir='ltr' id='par_1_105' title="bbox 411 5467 1995 5550">
     <span class='ocr_line' id='line_1_105' title="bbox 411 5467 1995 5550; baseline -0.011 -19"><span class='ocrx_word' id='word_1_868' title='bbox 411 5476 859 5550; x_wconf 69' lang='lat' dir='ltr'><strong>interpretatione</strong></span> <span class='ocrx_word' id='word_1_869' title='bbox 891 5471 1140 5550; x_wconf 55' lang='lat' dir='ltr'><strong>leniatur.</strong></span> <span class='ocrx_word' id='word_1_870' title='bbox 1169 5469 1237 5524; x_wconf 82' lang='grc' dir='ltr'><strong>Μ.</strong></span> <span class='ocrx_word' id='word_1_871' title='bbox 1270 5467 1512 5550; x_wconf 41' lang='grc' dir='ltr'><strong>ΟΔεΑυβ..</strong></span> <span class='ocrx_word' id='word_1_872' title='bbox 1646 5537 1657 5549; x_wconf 36' lang='grc'><strong><em>⁸</em></strong></span> <span class='ocrx_word' id='word_1_873' title='bbox 1850 5549 1855 5550; x_wconf 11' lang='lat'><em>7</em></span> <span class='ocrx_word' id='word_1_874' title='bbox 1930 5546 1942 5550; x_wconf 24' lang='grc' dir='ltr'><strong><em>Α</em></strong></span> <span class='ocrx_word' id='word_1_875' title='bbox 1982 5538 1995 5550; x_wconf 64' lang='lat'>_</span> 
     </span>
    </p>
   </div>
   <div class='ocr_carea' id='block_1_106' title="bbox 488 5539 1998 5620">
    <p class='ocr_par' dir='ltr' id='par_1_106' title="bbox 488 5539 1998 5620">
     <span class='ocr_line' id='line_1_106' title="bbox 488 5539 1998 5620; baseline -0.006 -20"><span class='ocrx_word' id='word_1_876' title='bbox 488 5545 602 5620; x_wconf 77' lang='grc'>(48)</span> <span class='ocrx_word' id='word_1_877' title='bbox 635 5547 974 5620; x_wconf 77' lang='lat' dir='ltr'><strong>Quamquam.</strong></span> <span class='ocrx_word' id='word_1_878' title='bbox 1011 5543 1214 5598; x_wconf 83' lang='lat' dir='ltr'><strong>Sensus</strong></span> <span class='ocrx_word' id='word_1_879' title='bbox 1265 5549 1382 5594; x_wconf 87' lang='lat' dir='ltr'><strong>est:</strong></span> <span class='ocrx_word' id='word_1_880' title='bbox 1415 5539 1514 5620; x_wconf 77' lang='lat' dir='ltr'><strong>etsi</strong></span> <span class='ocrx_word' id='word_1_881' title='bbox 1553 5539 1796 5620; x_wconf 62' lang='lat' dir='ltr'><strong>majores</strong></span> <span class='ocrx_word' id='word_1_882' title='bbox 1832 5539 1998 5620; x_wconf 67' lang='lat' dir='ltr'><strong>vestri</strong></span> 
     </span>
    </p>
   </div>
   <div class='ocr_carea' id='block_1_107' title="bbox 414 5607 2002 5690">
    <p class='ocr_par' dir='ltr' id='par_1_107' title="bbox 414 5607 2002 5690">
     <span class='ocr_line' id='line_1_107' title="bbox 414 5607 2002 5690; baseline -0.006 -18"><span class='ocrx_word' id='word_1_883' title='bbox 414 5607 782 5690; x_wconf 25' lang='lat' dir='ltr'><strong>pnipterw‘has</strong></span> <span class='ocrx_word' id='word_1_884' title='bbox 815 5607 1062 5690; x_wconf 76' lang='lat' dir='ltr'><strong>rationes</strong></span> <span class='ocrx_word' id='word_1_885' title='bbox 1097 5629 1130 5666; x_wconf 85' lang='lat' dir='ltr'><strong>a</strong></span> <span class='ocrx_word' id='word_1_886' title='bbox 1182 5611 1561 5690; x_wconf 78' lang='lat' dir='ltr'><strong>communione</strong></span> <span class='ocrx_word' id='word_1_887' title='bbox 1611 5622 1716 5664; x_wconf 88' lang='lat' dir='ltr'><strong>non</strong></span> <span class='ocrx_word' id='word_1_888' title='bbox 1771 5607 2002 5662; x_wconf 85' lang='lat' dir='ltr'><strong>fuissent</strong></span> 
     </span>
    </p>
   </div>
   <div class='ocr_carea' id='block_1_108' title="bbox 413 5685 2002 5756">
    <p class='ocr_par' dir='ltr' id='par_1_108' title="bbox 413 5685 2002 5756">
     <span class='ocr_line' id='line_1_108' title="bbox 413 5685 2002 5756; baseline -0.005 -12"><span class='ocrx_word' id='word_1_889' title='bbox 413 5685 728 5747; x_wconf 73' lang='lat' dir='ltr'><strong>revecaudi.</strong></span> <span class='ocrx_word' id='word_1_890' title='bbox 759 5694 935 5740; x_wconf 88' lang='lat' dir='ltr'><strong>tamen</strong></span> <span class='ocrx_word' id='word_1_891' title='bbox 965 5685 1086 5756; x_wconf 82' lang='lat' dir='ltr'><strong>quia</strong></span> <span class='ocrx_word' id='word_1_892' title='bbox 1135 5688 1444 5752; x_wconf 78' lang='lat' dir='ltr'><strong>peccaram.</strong></span> <span class='ocrx_word' id='word_1_893' title='bbox 1483 5695 1600 5736; x_wconf 90' lang='lat' dir='ltr'><strong>eam</strong></span> <span class='ocrx_word' id='word_1_894' title='bbox 1658 5694 1900 5750; x_wconf 74' lang='lat' dir='ltr'><strong>quaerere</strong></span> <span class='ocrx_word' id='word_1_895' title='bbox 1946 5690 2002 5736; x_wconf 82' lang='lat' dir='ltr'><strong>et</strong></span> 
     </span>
    </p>
   </div>
   <div class='ocr_carea' id='block_1_109' title="bbox 2105 4901 3704 4983">
    <p class='ocr_par' dir='ltr' id='par_1_109' title="bbox 2105 4901 3704 4983">
     <span class='ocr_line' id='line_1_109' title="bbox 2105 4901 3704 4983; baseline 0.012 -31"><span class='ocrx_word' id='word_1_896' title='bbox 2105 4901 2650 4983; x_wconf 58' lang='lat' dir='ltr'><strong>ﬂagitaredebebant</strong></span> <span class='ocrx_word' id='word_1_897' title='bbox 2669 4923 2810 4983; x_wconf 85' lang='lat' dir='ltr'><strong>;__vos</strong></span> <span class='ocrx_word' id='word_1_898' title='bbox 2838 4923 2969 4983; x_wconf 83' lang='lat' dir='ltr'><strong>vero</strong></span> <span class='ocrx_word' id='word_1_899' title='bbox 2998 4909 3144 4983; x_wconf 78' lang='lat' dir='ltr'><strong>ultro</strong></span> <span class='ocrx_word' id='word_1_900' title='bbox 3185 4910 3251 4964; x_wconf 71' lang='lat' dir='ltr'><strong>ad</strong></span> <span class='ocrx_word' id='word_1_901' title='bbox 3283 4909 3541 4968; x_wconf 81' lang='lat' dir='ltr'><strong>unitatem</strong></span> <span class='ocrx_word' id='word_1_902' title='bbox 3571 4916 3704 4971; x_wconf 89' lang='lat' dir='ltr'><strong>estis</strong></span> 
     </span>
    </p>
   </div>
   <div class='ocr_carea' id='block_1_110' title="bbox 2104 4973 3289 5048">
    <p class='ocr_par' dir='ltr' id='par_1_110' title="bbox 2104 4973 3289 5048">
     <span class='ocr_line' id='line_1_110' title="bbox 2104 4973 3289 5048; baseline 0.008 -23"><span class='ocrx_word' id='word_1_903' title='bbox 2104 4973 2390 5048; x_wconf 76' lang='lat' dir='ltr'><strong>invitandi,</strong></span> <span class='ocrx_word' id='word_1_904' title='bbox 2425 4979 2548 5044; x_wconf 86' lang='lat' dir='ltr'><strong>quia</strong></span> <span class='ocrx_word' id='word_1_905' title='bbox 2581 4973 2713 5033; x_wconf 86' lang='lat' dir='ltr'><strong>nihil</strong></span> <span class='ocrx_word' id='word_1_906' title='bbox 2744 4981 3022 5048; x_wconf 87' lang='lat' dir='ltr'><strong>peccastis.</strong></span> <span class='ocrx_word' id='word_1_907' title='bbox 3058 4979 3289 5035; x_wconf 66' lang='lat' dir='ltr'><strong>ALBASP.</strong></span> 
     </span>
    </p>
   </div>
   <div class='ocr_carea' id='block_1_111' title="bbox 2181 5044 3704 5118">
    <p class='ocr_par' dir='ltr' id='par_1_111' title="bbox 2181 5044 3704 5118">
     <span class='ocr_line' id='line_1_111' title="bbox 2181 5044 3704 5118; baseline 0.009 -21"><span class='ocrx_word' id='word_1_908' title='bbox 2181 5044 2312 5118; x_wconf 85' lang='lat' dir='ltr'><strong>Ibid.</strong></span> <span class='ocrx_word' id='word_1_909' title='bbox 2347 5045 2671 5116; x_wconf 80' lang='lat' dir='ltr'><strong>Quamquam</strong></span> <span class='ocrx_word' id='word_1_910' title='bbox 2689 5044 2781 5103; x_wconf 80' lang='lat' dir='ltr'><strong>etsi</strong></span> <span class='ocrx_word' id='word_1_911' title='bbox 2809 5051 3021 5103; x_wconf 88' lang='lat' dir='ltr'><strong>illorum</strong></span> <span class='ocrx_word' id='word_1_912' title='bbox 3050 5053 3220 5103; x_wconf 86' lang='lat' dir='ltr'><strong>unitas</strong></span> <span class='ocrx_word' id='word_1_913' title='bbox 3243 5053 3404 5118; x_wconf 78' lang='lat' dir='ltr'><strong>ﬁeret,</strong></span> <span class='ocrx_word' id='word_1_914' title='bbox 3434 5061 3537 5107; x_wconf 89' lang='lat' dir='ltr'><strong>etc.</strong></span> <span class='ocrx_word' id='word_1_915' title='bbox 3557 5056 3704 5111; x_wconf 89' lang='lat' dir='ltr'><strong>Scri-</strong></span> 
     </span>
    </p>
   </div>
   <div class='ocr_carea' id='block_1_112' title="bbox 2107 5114 3700 5190">
    <p class='ocr_par' dir='ltr' id='par_1_112' title="bbox 2107 5114 3700 5190">
     <span class='ocr_line' id='line_1_112' title="bbox 2107 5114 3700 5190; baseline 0.008 -21"><span class='ocrx_word' id='word_1_916' title='bbox 2107 5114 2218 5190; x_wconf 29' lang='lat' dir='ltr'><strong>b‘o:</strong></span> <span class='ocrx_word' id='word_1_917' title='bbox 2254 5114 2578 5190; x_wconf 75' lang='lat' dir='ltr'><strong>Quamquam</strong></span> <span class='ocrx_word' id='word_1_918' title='bbox 2608 5122 2701 5172; x_wconf 84' lang='lat' dir='ltr'><strong>etsi</strong></span> <span class='ocrx_word' id='word_1_919' title='bbox 2726 5122 2930 5173; x_wconf 85' lang='lat' dir='ltr'><strong>illorum</strong></span> <span class='ocrx_word' id='word_1_920' title='bbox 2963 5121 3133 5173; x_wconf 82' lang='lat' dir='ltr'><strong>unitas</strong></span> <span class='ocrx_word' id='word_1_921' title='bbox 3160 5114 3322 5190; x_wconf 74' lang='lat' dir='ltr'><strong>ﬁeret,</strong></span> <span class='ocrx_word' id='word_1_922' title='bbox 3348 5114 3488 5177; x_wconf 67' lang='lat' dir='ltr'><strong>etnd</strong></span> <span class='ocrx_word' id='word_1_923' title='bbox 3520 5125 3700 5182; x_wconf 82' lang='lat' dir='ltr'><strong>Eccle-</strong></span> 
     </span>
    </p>
   </div>
   <div class='ocr_carea' id='block_1_113' title="bbox 2107 5185 3554 5254">
    <p class='ocr_par' dir='ltr' id='par_1_113' title="bbox 2107 5185 3554 5254">
     <span class='ocr_line' id='line_1_113' title="bbox 2107 5185 3554 5254; baseline 0.007 -16"><span class='ocrx_word' id='word_1_924' title='bbox 2107 5186 2238 5238; x_wconf 83' lang='lat' dir='ltr'><strong>siam</strong></span> <span class='ocrx_word' id='word_1_925' title='bbox 2266 5185 2584 5240; x_wconf 79' lang='lat' dir='ltr'><strong>Catholicam</strong></span> <span class='ocrx_word' id='word_1_926' title='bbox 2611 5201 2790 5254; x_wconf 78' lang='lat' dir='ltr'><strong>sponte</strong></span> <span class='ocrx_word' id='word_1_927' title='bbox 2817 5190 3059 5253; x_wconf 80' lang='lat' dir='ltr'><strong>venirent,</strong></span> <span class='ocrx_word' id='word_1_928' title='bbox 3091 5185 3193 5244; x_wconf 74' lang='lat' dir='ltr'><strong>etc.</strong></span> <span class='ocrx_word' id='word_1_929' title='bbox 3226 5185 3554 5248; x_wconf 42' lang='lat' dir='ltr'><strong>MfCaswn.</strong></span> 
     </span>
    </p>
   </div>
   <div class='ocr_carea' id='block_1_114' title="bbox 2185 5257 3696 5328">
    <p class='ocr_par' dir='ltr' id='par_1_114' title="bbox 2185 5257 3696 5328">
     <span class='ocr_line' id='line_1_114' title="bbox 2185 5257 3696 5328; baseline 0.008 -20"><span class='ocrx_word' id='word_1_930' title='bbox 2185 5257 2300 5328; x_wconf 68' lang='lat' dir='ltr'><strong>(i9)</strong></span> <span class='ocrx_word' id='word_1_931' title='bbox 2333 5257 2562 5322; x_wconf 78' lang='lat' dir='ltr'><strong>Impedit</strong></span> <span class='ocrx_word' id='word_1_932' title='bbox 2601 5260 2759 5328; x_wconf 83' lang='lat' dir='ltr'><strong>igitur</strong></span> <span class='ocrx_word' id='word_1_933' title='bbox 2802 5262 3070 5314; x_wconf 81' lang='lat' dir='ltr'><strong>necessitas</strong></span> <span class='ocrx_word' id='word_1_934' title='bbox 3117 5265 3244 5316; x_wconf 82' lang='lat' dir='ltr'><strong>vires</strong></span> <span class='ocrx_word' id='word_1_935' title='bbox 3293 5281 3431 5318; x_wconf 84' lang='lat' dir='ltr'><strong>suas.</strong></span> <span class='ocrx_word' id='word_1_936' title='bbox 3466 5265 3696 5320; x_wconf 85' lang='lat' dir='ltr'><strong>Scribe:</strong></span> 
     </span>
    </p>
   </div>
   <div class='ocr_carea' id='block_1_115' title="bbox 2104 5324 3697 5404">
    <p class='ocr_par' dir='ltr' id='par_1_115' title="bbox 2104 5324 3697 5404">
     <span class='ocr_line' id='line_1_115' title="bbox 2104 5324 3697 5404; baseline 0.008 -26"><span class='ocrx_word' id='word_1_937' title='bbox 2104 5324 2361 5404; x_wconf 77' lang='lat' dir='ltr'><strong>Impendit</strong></span> <span class='ocrx_word' id='word_1_938' title='bbox 2390 5327 2568 5396; x_wconf 87' lang='lat' dir='ltr'><strong>igitur,</strong></span> <span class='ocrx_word' id='word_1_939' title='bbox 2617 5324 2746 5394; x_wconf 69' lang='lat' dir='ltr'><strong>etc,</strong></span> <span class='ocrx_word' id='word_1_940' title='bbox 2772 5331 2823 5384; x_wconf 87' lang='lat' dir='ltr'><strong>id</strong></span> <span class='ocrx_word' id='word_1_941' title='bbox 2853 5340 2954 5404; x_wconf 80' lang='lat' dir='ltr'><strong>est,</strong></span> <span class='ocrx_word' id='word_1_942' title='bbox 2987 5332 3127 5400; x_wconf 89' lang='lat' dir='ltr'><strong>quod</strong></span> <span class='ocrx_word' id='word_1_943' title='bbox 3176 5343 3230 5387; x_wconf 88' lang='lat' dir='ltr'><strong>et</strong></span> <span class='ocrx_word' id='word_1_944' title='bbox 3259 5350 3381 5389; x_wconf 88' lang='lat' dir='ltr'><strong>mox</strong></span> <span class='ocrx_word' id='word_1_945' title='bbox 3434 5343 3697 5404; x_wconf 89' lang='lat' dir='ltr'><strong>sequitur,</strong></span> 
     </span>
    </p>
   </div>
   <div class='ocr_carea' id='block_1_116' title="bbox 2101 5402 3702 5472">
    <p class='ocr_par' dir='ltr' id='par_1_116' title="bbox 2101 5402 3702 5472">
     <span class='ocr_line' id='line_1_116' title="bbox 2101 5402 3702 5472; baseline 0.005 -22"><span class='ocrx_word' id='word_1_946' title='bbox 2101 5402 2616 5472; x_wconf 78' lang='lat' dir='ltr'><strong>necessitasoperata</strong></span> <span class='ocrx_word' id='word_1_947' title='bbox 2645 5410 2740 5462; x_wconf 87' lang='lat' dir='ltr'><strong>est,</strong></span> <span class='ocrx_word' id='word_1_948' title='bbox 2769 5402 3033 5470; x_wconf 87' lang='lat' dir='ltr'><strong>sequitur,</strong></span> <span class='ocrx_word' id='word_1_949' title='bbox 3062 5406 3207 5472; x_wconf 78' lang='lat' dir='ltr'><strong>quasi</strong></span> <span class='ocrx_word' id='word_1_950' title='bbox 3253 5421 3357 5457; x_wconf 79' lang='lat' dir='ltr'><strong>non</strong></span> <span class='ocrx_word' id='word_1_951' title='bbox 3389 5402 3702 5460; x_wconf 81' lang='lat' dir='ltr'><strong>damnantur</strong></span> 
     </span>
    </p>
   </div>
   <div class='ocr_carea' id='block_1_117' title="bbox 2101 5469 3699 5544">
    <p class='ocr_par' dir='ltr' id='par_1_117' title="bbox 2101 5469 3699 5544">
     <span class='ocr_line' id='line_1_117' title="bbox 2101 5469 3699 5544; baseline 0.004 -24"><span class='ocrx_word' id='word_1_952' title='bbox 2101 5469 2260 5544; x_wconf 68' lang='lat' dir='ltr'><strong>aliqui</strong></span> <span class='ocrx_word' id='word_1_953' title='bbox 2284 5471 2611 5544; x_wconf 79' lang='lat' dir='ltr'><strong>negligentes.</strong></span> <span class='ocrx_word' id='word_1_954' title='bbox 2645 5469 2859 5544; x_wconf 71' lang='lat' dir='ltr'><strong>Scribe,</strong></span> <span class='ocrx_word' id='word_1_955' title='bbox 2879 5489 3036 5542; x_wconf 83' lang='lat' dir='ltr'><strong>quare</strong></span> <span class='ocrx_word' id='word_1_956' title='bbox 3065 5469 3167 5544; x_wconf 83' lang='lat' dir='ltr'><strong>non</strong></span> <span class='ocrx_word' id='word_1_957' title='bbox 3203 5475 3514 5544; x_wconf 82' lang='lat' dir='ltr'><strong>damnantur</strong></span> <span class='ocrx_word' id='word_1_958' title='bbox 3539 5476 3699 5544; x_wconf 88' lang='lat' dir='ltr'><strong>aliqui</strong></span> 
     </span>
    </p>
   </div>
   <div class='ocr_carea' id='block_1_118' title="bbox 2103 5539 3694 5614">
    <p class='ocr_par' dir='ltr' id='par_1_118' title="bbox 2103 5539 3694 5614">
     <span class='ocr_line' id='line_1_118' title="bbox 2103 5539 3694 5614; baseline 0.004 -22"><span class='ocrx_word' id='word_1_959' title='bbox 2103 5539 2450 5611; x_wconf 74' lang='lat' dir='ltr'><strong>negligentes?</strong></span> <span class='ocrx_word' id='word_1_960' title='bbox 2488 5557 2600 5614; x_wconf 81' lang='lat' dir='ltr'><strong>non</strong></span> <span class='ocrx_word' id='word_1_961' title='bbox 2646 5552 2717 5596; x_wconf 83' lang='lat' dir='ltr'><strong>est</strong></span> <span class='ocrx_word' id='word_1_962' title='bbox 2762 5539 2931 5614; x_wconf 78' lang='lat' dir='ltr'><strong>longe,</strong></span> <span class='ocrx_word' id='word_1_963' title='bbox 2980 5552 3084 5598; x_wconf 85' lang='lat' dir='ltr'><strong>etc.</strong></span> <span class='ocrx_word' id='word_1_964' title='bbox 3134 5543 3242 5598; x_wconf 89' lang='lat' dir='ltr'><strong>Sed</strong></span> <span class='ocrx_word' id='word_1_965' title='bbox 3291 5545 3552 5613; x_wconf 77' lang='lat' dir='ltr'><strong>ejuswodi</strong></span> <span class='ocrx_word' id='word_1_966' title='bbox 3589 5539 3694 5598; x_wconf 80' lang='lat' dir='ltr'><strong>non</strong></span> 
     </span>
    </p>
   </div>
   <div class='ocr_carea' id='block_1_119' title="bbox 2103 5611 3696 5683">
    <p class='ocr_par' dir='ltr' id='par_1_119' title="bbox 2103 5611 3696 5683">
     <span class='ocr_line' id='line_1_119' title="bbox 2103 5611 3696 5683; baseline 0.003 -19"><span class='ocrx_word' id='word_1_967' title='bbox 2103 5623 2270 5683; x_wconf 81' lang='lat' dir='ltr'><strong>pauca</strong></span> <span class='ocrx_word' id='word_1_968' title='bbox 2317 5611 2702 5681; x_wconf 88' lang='lat' dir='ltr'><strong>sequebantur,</strong></span> <span class='ocrx_word' id='word_1_969' title='bbox 2734 5611 2866 5683; x_wconf 72' lang='lat' dir='ltr'><strong>quae</strong></span> <span class='ocrx_word' id='word_1_970' title='bbox 2902 5629 2967 5668; x_wconf 85' lang='lat' dir='ltr'><strong>ne</strong></span> <span class='ocrx_word' id='word_1_971' title='bbox 3007 5611 3613 5683; x_wconf 57' lang='lat' dir='ltr'><strong>putidiores&#39;essemus,</strong></span> <span class='ocrx_word' id='word_1_972' title='bbox 3642 5615 3696 5669; x_wconf 88' lang='lat' dir='ltr'><strong>in</strong></span> 
     </span>
    </p>
   </div>
   <div class='ocr_carea' id='block_1_120' title="bbox 2105 5681 3132 5750">
    <p class='ocr_par' dir='ltr' id='par_1_120' title="bbox 2105 5681 3132 5750">
     <span class='ocr_line' id='line_1_120' title="bbox 2105 5681 3132 5750; baseline 0.005 -16"><span class='ocrx_word' id='word_1_973' title='bbox 2105 5681 2224 5750; x_wconf 87' lang='lat' dir='ltr'><strong>ipso</strong></span> <span class='ocrx_word' id='word_1_974' title='bbox 2254 5691 2403 5741; x_wconf 85' lang='lat' dir='ltr'><strong>textu</strong></span> <span class='ocrx_word' id='word_1_975' title='bbox 2425 5681 2781 5741; x_wconf 71' lang='lat' dir='ltr'><strong>correximus.</strong></span> <span class='ocrx_word' id='word_1_976' title='bbox 2811 5685 2878 5741; x_wconf 75' lang='lat' dir='ltr'><strong>Il.</strong></span> <span class='ocrx_word' id='word_1_977' title='bbox 2904 5681 3132 5740; x_wconf 58' lang='lat' dir='ltr'><strong>Cissus.</strong></span> 
     </span>
    </p>
   </div>
  </div>
