4152 6166
521 217 661 275 1105

1732 201 2241 264 ΡΒΛΕῈΑΤΙΟΝΕΞ
2278 199 2603 262 BALDUINI

3620 195 3759 256 ῖιιθι

515 329 723 384 viarum
750 328 909 400 uo
935 325 1013 382 sic
1041 333 1174 382 tecta
1208 323 1387 393 aliqua
1432 321 1706 378 stillicidia
1747 321 2108 392 deliquarent,
2139 325 2191 384 Α
2217 335 2540 390 quemquam
2595 316 2842 374 Judaeum
2891 324 2975 373 est
3019 314 3124 370 ulla
3155 313 3299 370 dicta
3342 312 3616 378 sententia,
3660 316 3762 382 quia

519 430 581 476 ut
605 420 787 474 omnia
835 420 1060 472 humore
1098 417 1384 471 obliterata
1409 415 1516 485 legi
1547 430 1653 470 non
1688 414 1930 485 possint:
1963 413 2116 467 dam-

516 519 715 567 nentur
739 519 792 564 et
840 509 914 562 illi
955 508 1045 578 qui
1095 506 1334 562 ferentes
1365 505 1530 561 libros
1561 506 1696 576 legis
1732 502 2008 560 temerarii
2058 517 2118 558 se

518 604 803 675 rapacibus
855 600 1016 656 undis
1071 600 1352 655 ﬂuminqu
1385 599 1754 662 crediderunt,
1789 607 1844 652 et
1893 611 1953 651 se
1982 595 2118 650 libe-

519 697 627 753 rari
667 694 950 764 cupientes
999 693 1298 764 scripturas
1347 693 1402 746 in
1460 691 1617 746 undis
1649 691 1818 746 esuis
1872 688 2117 743 manibus

518 787 857 843 dimiserunt.
892 785 1038 856 Ergo
1088 787 1132 839 si
1178 785 1442 853 scriptura
1469 799 1571 838 una
1629 792 1732 850 est,
1763 791 1819 837 et
1850 781 1988 834 hanc
2025 779 2118 849 qui

514 895 733 936 servare
763 895 876 934 non
899 879 1076 949 potuit
1107 893 1234 933 reus
1254 886 1359 943 est;
1386 877 1523 931 alter
1545 876 1703 930 undis
1719 873 1956 939 tradidit,
1980 874 2120 928 alter

511 973 795 1028 rosoribus
826 971 1014 1027 bestiis
1037 971 1345 1040 dereliquit,
1378 971 1517 1024 alius
1559 968 1836 1024 stillicidio
1863 983 2117 1022 corrum-

511 1063 689 1133 penda
720 1063 992 1132 neglexit,
1017 1062 1155 1117 alter
1180 1069 1325 1116 metu
1373 1060 1563 1114 mortis
1588 1059 1810 1114 territus
1832 1058 1994 1112 homo
2022 1057 2119 1112 ho.

516 1157 650 1210 mini
675 1155 824 1210 dedit
855 1173 869 1208 :
902 1155 946 1209 si
981 1171 1144 1209 unum
1191 1163 1293 1219 est,
1325 1152 1466 1220 quod
1504 1153 1573 1207 ab
1599 1152 1850 1207 omnibus
1878 1149 2118 1205 admitti-

515 1256 627 1313 tur,
655 1265 823 1320 quare
870 1249 1106 1319 eligitur,
1141 1249 1232 1317 qui
1255 1247 1567 1312 damnetur,
1595 1261 1717 1299 cum
1765 1243 1934 1298 levior
1963 1243 2118 1312 culpa

516 1340 590 1395 sit
621 1339 896 1395 traditoris
935 1354 1093 1406 quam
1123 1339 1443 1410 negligentis
1473 1355 1487 1393 :
1519 1337 1612 1408 qui
1642 1346 1767 1392 ante
1806 1351 1988 1391 mures
2014 1350 2116 1405 po-

523 1433 634 1488 suit
661 1443 756 1487 aut
795 1432 896 1487 sub
926 1432 1202 1486 stillicidio
1233 1431 1484 1502 reliquit,
1512 1431 1790 1484 voluntate
1842 1429 2117 1498 negligens

512 1527 636 1592 fuit;
661 1534 717 1581 et
747 1527 836 1597 qui
861 1527 915 1580 in
943 1525 1106 1581 ﬂuvio
1131 1525 1387 1595 perdidit,
1419 1524 1489 1580 de
1513 1525 1822 1578 temeritate
1853 1521 2116 1591 peccavit;

511 1621 601 1688 qui
631 1629 776 1674 metu
801 1623 991 1673 mortis
1019 1617 1223 1688 aliquid
1247 1615 1489 1682 tradidit,
1518 1616 1679 1670 homo
1707 1614 1908 1668 homini
1943 1613 2110 1676 dedit;

512 1715 782 1782 integrum
805 1721 924 1768 erat
949 1711 1088 1781 apud
1121 1710 1362 1773 dantem,
1389 1709 1655 1778 integrum
1676 1706 1816 1775 apud
1839 1705 2112 1774 accipien-
2143 1708 2191 1767 B
2219 1716 2538 1776 peccaverat
2592 1707 2909 1773 necessitas,
2963 1722 3070 1761 non
3123 1706 3378 1761 voluntas
3420 1723 3434 1759 :

512 1812 645 1859 tem.
678 1805 736 1859 Si
761 1804 851 1873 qui
874 1803 1090 1874 accipit,
1119 1801 1350 1856 ﬂammis
1377 1799 1620 1865 tradidit,
1641 1809 1919 1868 peccatum
1948 1795 2118 1866 magis

515 1895 862 1950 accendentis
886 1904 970 1949 est
1025 1909 1131 1948 non
1163 1892 1440 1947 tradentis.
1475 1891 1602 1945 Haec
1648 1890 1694 1944 si
1736 1905 1766 1943 a
1817 1888 2117 1957 majoribus

510 1989 711 2042 vestris
755 1987 1090 2051 dicerentur,
1135 1984 1351 2054 quando
1383 1984 1504 2037 illos
1555 1982 1818 2052 repellere
1848 1996 1876 2033 a
1930 1990 2113 2034 n05tra

514 2080 899 2134 communione
923 2078 1243 2149 possemus?
1267 2077 1323 2133 Si
1349 2077 1511 2131 etiam
1532 2074 1782 2130 Antiochi
1813 2074 1956 2144 regis
1979 2083 2114 2128 tem-

514 2184 652 2242 pora
683 2185 1115 2226 commemorare
1139 2169 1460 2232 voluissent,
1494 2168 1688 2237 quibus
1728 2181 1915 2230 omnes
1939 2164 2111 2220 Judaei

520 2265 693 2320 coacti
720 2273 847 2319 sunt
876 2273 934 2318 ut
959 2264 1125 2319 libros
1146 2263 1200 2341 in
1231 2261 1539 2316 incendium
1567 2260 1780 2324 darent,
1809 2266 1866 2314 et
1894 2258 1966 2312 ita
1992 2257 2112 2311 uni-

521 2372 677 2413 versa
705 2360 972 2428 scriptura
1003 2357 1126 2411 data
1161 2365 1260 2419 est,
1294 2363 1353 2410 ut
1378 2369 1514 2425 apex
1541 2369 1678 2409 unus
1702 2355 1753 2407 in
1777 2353 2112 2423 aliquolibro

515 2451 744 2507 minime
790 2451 1162 2506 remansisset.
1205 2449 1282 2504 De
1311 2448 1513 2503 Iudaeis
1543 2447 1634 2502 illo
1670 2455 1911 2515 tempore
1950 2460 2111 2500 nemo

512 2540 799 2598 damnatus
853 2552 961 2609 est,
996 2557 1094 2597 nec
1137 2557 1171 2601 β
1204 2541 1316 2596 Deo
1361 2539 1447 2595 vel
1490 2540 1558 2594 ab
1602 2541 1782 2610 aliquo
1813 2539 2019 2610 Angelo
2054 2540 2110 2594 in

2221 423 2501 485 peccatum
2546 413 2718 468 fuerat
2741 410 3058 481 imperantis
3101 419 3156 464 et
3185 407 3458 471 minantis,
3490 423 3588 462 non
3615 410 3771 477 pepuli

2221 521 2344 561 cum
2373 516 2612 561 tremore
2634 513 2688 560 et
2717 504 2907 559 dolore
2930 502 3215 557 tradentis.
3252 500 3370 572 (50)
3397 499 3492 567 Qui
3513 499 3771 554 Antiochus

2222 614 2290 654 ne
2310 598 2509 668 aliquid
2539 598 2814 667 primitivo
2858 597 3056 666 papulo
3083 595 3335 651 nocuisse
3361 594 3640 660 videretur,
3684 604 3776 648 sta-

2221 691 2316 744 tim
2341 689 2781 761 providitLDeus,
2813 699 2870 744 ut
2912 705 3008 760 per
3033 704 3200 743 unum
3246 687 3514 742 hominem
3563 687 3776 756 Esdram,

2222 785 2314 854 qui
2340 783 2512 839 lector
2558 783 2749 840 eodem
2799 792 3047 854 tempore
3087 782 3390 849 dicebatur,
3416 789 3522 836 tota
3551 780 3633 835 lex
3667 782 3785 836 sicut

2222 887 2381 934 antea
2412 877 2586 934 fuerat
2612 879 2677 932 ad
2709 861 2936 946 apicem.
2961 877 3277 932 dictaretur.
3300 876 3392 932 Sic
3423 884 3669 947 tyrannus
3690 877 3784 932 An-

2223 969 2437 1024 tiochus
2455 969 2685 1024 fructum
2718 969 3066 1040 malignitatis
3096 983 3209 1024 sum
3259 967 3455 1023 habere
3482 982 3585 1023 non
3614 969 3785 1038 potuit,

2221 1060 2349 1116 dum
2371 1074 2568 1132 praeter
2581 1070 2786 1132 septem
2819 1064 3012 1117 lratres
3038 1071 3094 1117 et
3123 1077 3284 1116 unum
3310 1061 3574 1117 seniorem
3594 1075 3786 1117 carnem

2221 1153 2434 1208 suillam
2454 1152 2780 1208 manducare
2797 1152 3220 1219 detrectanctes,
3237 1152 3443 1207 nullum
3457 1150 3687 1207 Judaeum
3713 1165 3791 1206 oc-

2221 1244 2387 1310 cidit,
2413 1255 2468 1301 et
2500 1245 2584 1300 lex
2605 1245 2786 1315 perire
2819 1259 2924 1299 non
2949 1246 3140 1313 potuit.
3171 1244 3260 1300 Sic
3299 1252 3354 1300 et
3385 1251 3633 1314 parentes
3649 1243 3790 1299 vestri

2221 1348 2468 1410 tempore
2489 1354 2588 1394 suo
2612 1353 2712 1395 nec
2743 1339 2845 1408 ipsi
2874 1339 3041 1394 occisi
3077 1347 3225 1403 sunt,
3255 1349 3309 1393 et
3324 1336 3449 1392 libri
3475 1337 3604 1408 legis
3633 1335 3792 1391 Domi-

2219 1432 2358 1486 nicae
2403 1432 2500 1486 toti
2556 1431 2752 1498 ubique
2797 1430 3109 1485 recitantur.
3152 1427 3210 1484 Si
3241 1438 3489 1498 parentes
3528 1428 3681 1482 vestri
3716 1427 3795 1499 (ut

2221 1537 2380 1592 supra
2401 1523 2512 1578 dixi
2540 1524 2558 1593 )
2583 1524 2698 1579 haec
2725 1523 2992 1589 dicerent,
3016 1522 3134 1591 quis
3159 1522 3284 1576 illos
3311 1519 3366 1574 in
3395 1535 3550 1576 suam
3575 1533 3792 1574 commu-

2220 1616 2435 1670 nionem
2469 1631 2574 1669 non
2601 1614 2872 1685 intrepide
2900 1615 3219 1685 accepisset,
3252 1613 3364 1677 ubi,
3390 1622 3448 1668 ut
3473 1611 3666 1668 dictum
3691 1617 3790 1674 est,

3489 1703 3795 1774 temporibus

2229 1799 2449 1853 unitatis
2474 1798 2756 1868 Principes
2781 1798 2972 1864 vestri,
2997 1807 3181 1854 cetera
3210 1807 3286 1865 ut,
3314 1814 3437 1873 pag.
3461 1797 3563 1853 100
3584 1795 3796 1851 editionis

2226 1901 2416 1945 nostra:
2443 1887 2809 1961 (aninianm)
2822 1930 2836 1944 .
3059 1957 3064 1964 _
3181 1895 3185 1900 '

2297 1981 2429 2036 Post
2454 1982 2563 2036 hwc
2587 1983 2758 2050 verba,
2783 1983 2961 2037 eadem
2983 1984 3193 2054 pagina,
3227 1983 3388 2053 paulo
3417 1992 3529 2054 post
3556 1983 3798 2036 modium:

2227 2093 2246 2127 ι
2289 2076 2396 2132 Sed
2442 2075 2726 2147 Principes
2765 2077 2952 2144 vestri,
2993 2096 3013 2130 ι
3057 2079 3323 2146 sequentia
3357 2076 3649 2130 habentur:
3683 2074 3798 2129 Nam

2221 2179 2475 2240 peccator
2505 2171 2628 2224 talis
2657 2170 2843 2240 quales
2863 2169 3267 2224 fueruntvestri
3292 2169 3551 2239 majores,
3572 2168 3614 2222 si
3631 2165 3690 2220 ad
3712 2165 3798 2219 Ec-

2221 2263 2442 2318 clesiam
2482 2264 2662 2320 veniat
2689 2273 2744 2320 et
2785 2264 3123 2320 necessitatis
3172 2278 3286 2319 sua:
3329 2264 3596 2318 rationem
3639 2269 3800 2316 osten—

2220 2355 2335 2424 dat,
2353 2356 2467 2429 (51)
2493 2359 2667 2428 primo
2697 2358 3038 2429 recipiendus
3064 2357 3386 2421 est,deinde
3417 2355 3537 2430 (52)
3559 2355 3800 2412 sustinen-

2221 2448 2324 2503 dus
2354 2450 2443 2518 pio
2469 2451 2590 2504 sinu
2614 2450 2802 2505 matris
2827 2451 3103 2506 Ecclesiae.
3135 2450 3244 2506 Nec
3274 2452 3436 2521 quasi
3458 2467 3528 2507 ex
3555 2459 3663 2504 toto
3698 2462 3802 2502 san-

2220 2550 2362 2608 ctus,
2382 2552 2566 2597 cratera
2584 2553 2637 2596 ut
2661 2544 2713 2597 in
2736 2553 2910 2598 nostra
2927 2543 3147 2598 editione
3175 2542 3550 2614 (Dupiniana),
3565 2559 3675 2613 pag.
3696 2537 3802 2596 100.

1822 2653 2187 2710 VARIORUM
2224 2655 2458 2725 NUTIE.

581 2753 698 2826 (50)
732 2751 831 2820 Qui
847 2750 1129 2826 Antiochus
1152 2768 1214 2805 ne
1231 2751 1428 2820 aliquid
1457 2749 1737 2826 primitiae,
1752 2755 1856 2804 etc.
1889 2747 1972 2802 An
2006 2749 2114 2818 pri-

510 2824 902 2899 mitivopopulo
933 2833 1087 2899 vocat
1129 2825 1699 2899 robghapxaiougtan
1753 2835 1931 2899 quem_
1959 2835 2110 2899 sacra

510 2897 736 2950 historia
784 2891 1180 2962 primogenitum
1227 2891 1557 2963 aliquoties?
1589 2891 1694 2947 Sed
1734 2900 1801 2963 et
1849 2891 2110 2963 primitina

509 2982 610 3036 pro
637 2961 991 3036 primogenitis
1021 2965 1146 3019 alibi
1169 2961 1380 3036 quoque
1408 2961 1906 3036 usurpatvulgatns
1931 2961 2107 3016 Inter-

517 3032 669 3118 pres.
693 3032 974 3118 _Ca:terum
1004 3052 1162 3118 quam
1191 3032 1360 3115 multa
1409 3035 1462 3116 in
1497 3033 1680 3102 paucis
1727 3032 1862 3118 citra
1889 3046 2107 3118 ormnem

512 3103 756 3162 historiae
781 3107 939 3162 tidem
969 3103 1103 3160 miro
1150 3105 1512 3174 incrgitantia:
1543 3103 1790 3172 exemplo
1815 3103 2107 3174 abOptato

508 3187 699 3233 nostro
727 3177 814 3231 hic
837 3179 1100 3237 dicantur.
1137 3173 1296 3229 nemo
1330 3184 1435 3228 tam
1470 3177 1707 3228 oscitans
1751 3183 1843 3228 aut
1892 3173 2108 3243 ignarus

508 3257 574 3304 ut
601 3264 707 3302 non
737 3247 923 3302 statim
952 3247 1364 3301 animadvertat.
1417 3245 1488 3298 Ea
1524 3245 1784 3314 pluribus
1812 3245 2110 3314 exagitare,

509 3334 687 3388 neque
731 3318 902 3372 nostri
946 3316 1110 3372 ofﬁcii
1166 3331 1338 3384 neque
1369 3315 1492 3388 boni
1525 3313 1759 3370 fortasse
1789 3313 2110 3388 moris_fue-

507 3384 758 3444 ritIlllud
789 3387 978 3441 saltem
1014 3389 1289 3451 lectorem,
1323 3397 1382 3440 ut
1411 3387 1661 3440 observet
1691 3401 1912 3439 monere
1932 3384 2106 3438 visum

510 3469 636 3522 est,
691 3457 830 3527 quod
878 3457 919 3510 ll
966 3458 1204 3512 Maccab.
1255 3472 1368 3520 vni,
1408 3456 1499 3517 25,
1542 3457 1596 3527 in
1650 3455 1856 3527 Latina_
1883 3455 2109 3523 Vulgata

508 3525 720 3584 Esdras‘
745 3528 951 3597 legatur
980 3541 1077 3597 pro
1119 3527 1360 3592 Eleazar,
1413 3526 1555 3595 quod
1596 3535 1678 3582 est
1717 3527 1770 3579 in
1819 3525 2010 3580 GI‘EIBCO
2055 3536 2111 3579 ct

520 3659 3098 3684 .————~———-—-—-——-————————_—-———————_-

2225 2766 2350 2805 cum
2391 2751 2738 2822 sequentibus
2776 2753 2957 2808 verbis
2986 2793 3001 2818 ,
3032 2767 3189 2808 secus
3210 2767 3382 2822 quam
3427 2752 3482 2806 in
3529 2749 3721 2822 Graecis
3765 2753 3811 2822 et

2226 2822 2343 2889 ipsa
2367 2816 2505 2876 ratio
2534 2823 2744 2887 suadet,
2776 2816 3154 2892 coniungatur.
3205 2816 3327 2878 Non
3360 2823 3414 2878 id
3439 2823 3600 2877 hodie
3627 2831 3676 2875 et
3709 2816 3809 2892 heri

2223 2888 2475 2960 c’mpisse,
2507 2903 2598 2947 aut
2639 2888 3006 2948 recentiorum
3053 2894 3411 2950 librariorum
3464 2893 3660 2948 incuria
3689 2888 3813 2960 acci-

2223 2959 2388 3035 disSe,
2434 2973 2493 3017 ut
2531 2965 2734 3032 opinati
2769 2972 2896 3019 sunt
2925 2965 3025 3019 viri
3073 2965 3248 3029 docti;
3291 2966 3392 3021 sed
3437 2965 3549 3035 jam
3589 2959 3814 3035 olim_ita

2222 3033 2418 3105 lectum
2449 3029 2653 3090 esse—et
2685 3035 3095 3105 antiquissima},
3124 3045 3183 3089 ut
3215 3037 3290 3089 ita
3317 3029 3524 3102 dicam,
3552 3029 3810 3105 antiquita-

2221 3103 2288 3158 tis
2317 3120 2559 3160 errorem
2592 3121 2717 3160 eum
2746 3100 2886 3160 esse.
2936 3105 3053 3160 Non
3083 3100 3238 3160 enim
3291 3100 3524 3162 dubium
3563 3100 3817 3174 quinjhuic

2217 3185 2404 3248 nostro
2432 3185 2541 3248 tot
2574 3177 3094 3248 hallucinationum,
3124 3178 3209 3248 _in
3263 3193 3411 3248 quas
3453 3169 3634 3248 paucis
3681 3169 3817 3226 lineis

2219 3246 2487 3314 impingit.
2519 3245 2639 3301 fons
2667 3247 2816 3301 illinc
2845 3256 2901 3302 et
2932 3247 3086 3315 origo
3117 3245 3308 3302 fuerit}
3343 3249 3418 3303 M.
3453 3245 3681 3303 Caseus.

2289 3311 2371 3388 (51
2387 3311 2413 3385 )⁷
2431 3315 2608 3370 Primo
2638 3318 2982 3388 recipiendus.
3004 3311 3184 3372 Primo
3215 3334 3333 3375 non
3365 3328 3453 3375 est
3476 3311 3820 3374 excommuni-

2216 3387 2445 3442 candus.
2471 3387 2700 3442 ALBASP.
2746 3387 2751 3388 ⁷
3599 3415 3610 3425 ο

2288 3457 2406 3530 (52)
2452 3457 2817 3515 Sustinendus.
2876 3459 3007 3530 Ejus
3071 3460 3412 3530 poenitentia
3491 3456 3818 3529 expeCtanda.

3379 3533 3616 3587 ALBASP.

3119 3658 3801 3688 ῌ

624 3757 779 3825 111
863 3758 1008 3828 DE
1073 3754 1825 3842 SEQUENTIBUS
1894 3754 2872 3832 ANNOTATIONIBUS
2937 3760 3507 3836 MONITUM.

585 3995 700 4050 Etsi
729 4004 841 4066 post
865 3995 1211 4051 restitutiones
1251 4013 1284 4049 a
1311 3996 1480 4062 nobis,
1513 4011 1609 4063 ope
1639 3994 2108 4065 manuscriptorum

511 4090 768 4156 codicum,
798 4075 962 4159 factas
986 4091 1041 4143 in
1064 4088 1238 4160 Optati
1266 4088 1429 4156 libris,
1458 4089 1853 4158 quamplurima:
1875 4085 2110 4158 difﬁcul-

513 4192 642 4237 tates
679 4183 862 4250 quibus
892 4182 1174 4237 enodandis
1202 4181 1504 4236 insudarant
1534 4184 1630 4236 viri
1665 4182 1983 4247 doctissimi,
2015 4197 2108 4251 pe-

509 4273 648 4328 nitus
675 4272 890 4328 sublata:
917 4274 1057 4336 sint;
1088 4282 1282 4328 cauet-az
1312 4290 1428 4328 vero
1470 4275 1881 4328 annotationibus
1920 4273 2109 4327 nostris

505 4367 637 4420 satis
664 4376 714 4420 et
757 4367 960 4421 abunde
994 4368 1246 4435 expedita:
1275 4383 1379 4420 esse
1407 4368 1676 4422 videantur
1720 4387 1734 4422 :
1779 4366 2110 4420 nihilominus

511 4465 683 4512 tamen
720 4473 836 4512 cum
875 4460 928 4511 in
970 4459 1192 4513 aliorum
1219 4462 1634 4516 annotationibus
1657 4477 1759 4516 non
1789 4477 1955 4531 pauca
1982 4461 2106 4526 sint,

507 4567 625 4617 qua:
649 4550 1039 4607 Donatistarum
1064 4552 1332 4608 historiam
1359 4564 1404 4607 et
1433 4556 1698 4624 antiquam
1723 4553 1970 4608 Ecclesiae
1997 4553 2110 4606 dis-

506 4644 754 4714 ciplinam
775 4645 1055 4712 illustrem,
1085 4663 1146 4700 ac
1176 4648 1359 4702 miram
1390 4665 1560 4702 rerum
1588 4649 1657 4701 ad
1679 4663 1880 4701 sacram
1910 4657 1956 4702 et
1983 4662 2107 4716 pro-

2217 3999 2396 4066 fanam
2419 4001 2757 4056 eruditionem
2788 4005 3126 4075 spectantium
3151 4006 3474 4062 varietatem
3508 4006 3784 4062 contineant
3809 4013 3824 4051 ε

2217 4107 2280 4144 ne
2304 4091 2427 4161 quid
2456 4092 2576 4146 huic
2603 4093 2816 4148 editioni
2839 4095 3030 4150 deesset
3050 4097 3188 4167 quod
3211 4100 3272 4151 in
3300 4100 3432 4154 aliis
3454 4099 3739 4157 haberetur,
3767 4090 3826 4143 ad

2217 4183 2371 4251 ﬁnem
2391 4183 2474 4238 hic
2493 4185 2725 4260 adjicere
2747 4187 2912 4242 nisum
2935 4198 3008 4243 est
3029 4190 3271 4260 prolixus
3298 4191 3566 4248 Balduini
3591 4201 3638 4246 et
3666 4187 3830 4243 Albus.

2217 4275 2373 4344 pinwi
2402 4275 2797 4346 obseruationes,
2848 4289 2955 4334 tum
2995 4283 3147 4335 etiam
3199 4287 3528 4340 earumdem
3558 4301 3618 4338 ac
3666 4275 3828 4334 Ηεϊὶά

2135 4405 2188 4466 D
2217 4363 2504 4466 Casauboni
2537 4368 2862 4441 aliorumque
2900 4373 3148 4428 breviores
3189 4378 3615 4443 annotationes,
3667 4370 3829 4447 prasi-

2211 4460 2381 4528 gnatis
2408 4462 2633 4531 paginis,
2677 4463 2733 4516 in
2774 4463 2958 4534 quibus
2998 4481 3058 4520 ea
3095 4471 3344 4537 reperire
3391 4479 3470 4526 est
3509 4469 3581 4523 ad
3607 4481 3717 4538 qua
3737 4463 3830 4518 siu-

2211 4554 2336 4623 gula
2356 4558 2667 4626 referuntur.
2822 4548 2837 4560 ’

504 4773 3819 4809 mw

675 4887 2111 5024 PREFATIONES

2268 4895 2543 5023 FB.
2680 4898 3679 5035 BALDUINI

1165 5111 1324 5192 AD
1401 5111 1878 5196 PRIMAM
1951 5113 2109 5196 ΕΙ)

2216 5114 2440 5198 ῚΟΝ
2447 5108 2621 5198 ΕΜ
2695 5117 3165 5202 ΟΡΤΑΤΙ.

509 5399 598 5440 FB.
633 5396 922 5440 BALDUINUS
942 5396 1257 5439 REVERENDO
1278 5398 1400 5440 νικο
1422 5402 1474 5441 D.
1502 5400 1685 5440 JOANNI
1710 5403 2098 5456 LBNTALLERIO,

898 5490 1168 5532 ANTISTITI
1196 5492 1502 5541 AQUISCINCT
1510 5495 1646 5543 ENSI,
1669 5493 1716 5534 S.

574 5569 710 5624 Cum
743 5567 890 5624 hisce
915 5567 1105 5623 diebus
1133 5569 1188 5622 in
1218 5568 1319 5623 hac
1354 5569 1487 5624 urbe
1529 5571 1787 5638 lrenaeus,
1828 5570 2002 5639 qualis
2031 5571 2100 5627 ab

505 5658 736 5718 Erasmo
758 5661 988 5733 primum
1020 5659 1197 5717 editus
1225 5658 1346 5728 fuit,
1377 5675 1597 5719 rccusus
1622 5672 1786 5731 esset,
1819 5662 1966 5720 dolui
1988 5679 2095 5720 non

2207 5389 2583 5458 praemunitum
2616 5390 2784 5446 fuisse
2822 5392 3151 5460 Librarium,
3189 5407 3254 5454 ut
3311 5401 3466 5458 bona
3516 5404 3610 5458 illa
3659 5395 3825 5455 [renati

2205 5479 2382 5538 Graeci
2412 5498 2557 5552 pars,
2589 5500 2711 5553 qua:
2755 5484 2809 5540 in
2850 5485 3004 5542 libris
3032 5487 3344 5558 Epiphanii
3379 5496 3598 5570 integra
3645 5499 3818 5552 exstat.

2204 5575 2363 5630 simul
2392 5576 2662 5633 ederetur.
2690 5577 2781 5634 Sic
2799 5579 2946 5635 enim
2977 5579 3154 5636 multo
3191 5587 3408 5642 melior
3429 5589 3817 5662 antiquissimus

2205 5665 2291 5724 hic
2317 5669 2569 5726 Ecclesia:
2591 5671 2910 5729 Christianae
2942 5671 3199 5744 Scriptor
3236 5678 3294 5735 in
3321 5678 3617 5741 hominum
3647 5688 3812 5738 manus
