4152 6166
433 265 579 324 1105

1537 262 1629 319 AD
1677 262 1943 320 PRIMAM
1995 260 2375 320 EDITIONEM
2412 259 2689 318 OPTATI.

3625 274 3771 335 “06

431 382 692 446 venisset,
727 380 934 436 tametsi
959 378 1174 446 reliqua
1199 392 1326 448 pars
1348 377 1591 448 ejusdem
1614 381 1829 448 generis
1851 377 2044 432 etiam—
2068 386 2123 445 Α
2149 387 2204 433 et
2231 378 2567 447 Augustinus
2594 379 2647 432 in
2678 377 2832 433 libris
2855 386 3047 434 contra
3077 377 3528 452 Parmenianum,
3561 397 3622 443 ut
3653 407 3768 450 me-

434 487 564 527 num
601 470 1012 527 desideraretur.
1045 467 1176 523 Jam
1218 477 1400 522 autem
1443 469 1524 539 (ut
1555 469 1659 526 hoc
1693 481 1935 540 tempore
1973 471 2041 526 ad

443 566 732 620 lectionem
752 573 910 635 atque
929 561 1364 632 recognitionem
1387 563 1656 632 religiosa:
1699 563 2039 633 antiquitatis

430 657 836 714 Ecclesiasticze
867 659 1161 712 multorum
1184 657 1362 710 studia
1394 666 1742 724 revocantur,
1771 671 1856 723 ac,
1881 657 1926 711 si
1953 671 2041 711 sa-

429 761 623 822 perent
668 751 846 816 multi,
884 752 1066 822 plures
1095 749 1506 820 revocarentur)
1537 765 1662 804 cum
1699 759 1951 820 ageretur
1973 749 2040 805 de

426 845 753 902 recudendo
783 859 994 916 quoque
1032 844 1231 914 Optato
1261 844 1412 910 Afro,
1445 845 1536 915 qui
1579 847 1708 900 olim
1739 845 2039 900 mendosis-

422 940 599 994 simns
631 941 686 996 in
709 938 998 994 Germania
1025 938 1203 994 editus
1231 937 1350 1002 fuit,
1383 939 1482 993 etsi
1515 953 1607 993 me
1638 939 1916 994 Librarius
1945 953 2038 1007 ap-

419 1030 664 1100 pellarit,
723 1029 816 1100 qui
863 1029 1235 1100 suspicabatur
1281 1043 1367 1082 me
1413 1028 1668 1083 lubenter
1710 1029 1842 1083 dare
1891 1029 2038 1084 hisce

411 1121 806 1193 Scriptoribus
860 1121 1256 1178 Ecclesiasticis
1301 1119 1860 1191 quantulumcumque
1901 1129 2038 1175 tem-

399 1213 563 1281 poris
594 1229 827 1284 possum
856 1213 1103 1268 civilibus
1141 1213 1318 1284 legum
1349 1211 1544 1267 studiis
1590 1212 1911 1276 detrahere;
1959 1221 2040 1265 ta-

399 1320 534 1366 men
566 1309 754 1378 magis
786 1305 1094 1370 festinabat,
1123 1320 1284 1376 quam
1315 1313 1372 1358 ut
1413 1305 1665 1374 conquiri
1715 1303 1896 1368 omnia
1939 1317 2038 1356 au-

399 1399 545 1454 xilia
571 1410 832 1471 possent,
861 1415 983 1470 quae
1001 1399 1254 1470 Optatum
1287 1399 1339 1454 in
1361 1400 1634 1468 integrum
1662 1398 2031 1453 restituerent.

397 1487 599 1562 itaque
643 1490 938 1561 respondi,
981 1491 1122 1545 hunc
1150 1489 1481 1560 Scriptorem
1508 1489 1730 1560 quidem
1779 1488 2035 1559 dignissi-

409 1598 563 1640 mum
595 1597 741 1648 esse,
790 1582 877 1652 qui
907 1581 1221 1652 diligentius
1268 1592 1775 1653 recognosceretur,
1807 1580 1902 1635 sed
1943 1595 2034 1636 me

418 1676 522 1730 hoc
552 1685 804 1744 tempore
843 1682 1049 1728 tantum
1096 1673 1349 1729 conferre
1380 1688 1538 1741 posse
1563 1679 1946 1729 sexcentarum
1978 1672 2032 1728 in

2148 471 2309 526 minit
2345 473 2517 526 nostri
2570 470 2774 543 Optati,
2832 474 2910 526 sic
2954 480 3010 527 et
3057 472 3282 528 alterius
3331 476 3636 547 cujusdam,
3669 487 3766 555 qui

2149 563 2417 618 Donatum
2452 564 2782 635 sequebatur
2813 581 2826 618 :
2859 573 3024 633 utque
3053 563 3107 618 in
3153 563 3442 634 Bagaiensi
3488 584 3762 630 conventu

2147 654 2575 723 Donatistarum,
2610 657 2751 711 inter
2777 671 2965 710 eorum
2997 657 3270 714 antistites
3299 663 3615 720 nominatur
3635 669 3760 738 qui-

2145 747 2271 803 dam
2300 745 2533 818 Optatos
2566 768 2579 803 :
2612 749 2690 803 sic
2721 749 2774 802 in
2820 746 3059 804 Cirtensi
3110 750 3320 820 synodo
3349 751 3756 814 Catholicorum

2144 855 2270 895 cum
2303 840 2421 908 ipso
2447 855 2665 911 quoque
2695 839 2998 908 Augustino
3025 840 3338 896 celebratur
3362 844 3504 900 alius
3530 845 3758 918 Optatos

2141 933 2414 987 bonarum
2467 934 2698 1002 partium
2749 942 3025 1002 patronus.
3058 934 3127 987 Et
3157 949 3287 989 vero
3317 937 3655 1008 Augustinus
3689 942 3758 995 li-

2142 1023 2302 1079 brum
2324 1023 2393 1078 de
2406 1025 2622 1081 Unitate
2638 1026 2918 1080 Trinitatis
2937 1036 3122 1081 contra
3145 1025 3481 1086 Felicianum
3495 1033 3756 1089 Arianum

2144 1117 2370 1187 scripsit
2397 1119 2464 1173 ad
2496 1120 2778 1190 Optatum,
2812 1134 2970 1190 quem
2999 1119 3161 1174 etiam
3193 1131 3352 1177 vocat
3376 1123 3550 1180 ﬁlium
3591 1126 3760 1182 dilec—

2143 1209 2437 1264 tissimum.

2213 1396 2374 1452 Alius
2393 1412 2524 1469 ergo
2549 1398 2650 1453 fuit
2673 1397 2866 1453 Noster
2883 1441 2897 1464 ,
2923 1407 2978 1455 et
3004 1399 3175 1455 multo
3198 1401 3400 1457 senior.
3435 1402 3546 1459 Sed
3570 1419 3748 1475 neque

2138 1488 2435 1560 quidquam
2467 1490 2658 1545 habuit
2697 1505 2986 1546 commune
3025 1507 3148 1546 cum
3201 1491 3294 1546 illo
3336 1492 3538 1563 Optato
3565 1493 3750 1549 Gildo-

2137 1585 2329 1651 niano,
2372 1586 2528 1656 cujus
2558 1586 2872 1655 frequenter
2900 1588 3146 1642 meminit
3190 1587 3544 1658 Augustinus.
3578 1589 3657 1642 Ac
3683 1603 3753 1643 ne

2135 1677 2359 1746 quidem
2390 1679 2640 1733 eumdem
2670 1677 2837 1732 fuisse
2868 1679 3016 1732 illum
3043 1689 3196 1749 puto,
3231 1695 3391 1749 quem
3424 1679 3754 1733 Athanasius

418 1783 486 1824 eo
506 1769 752 1822 locorum
782 1767 1213 1823 emendationem
1249 1785 1260 1821 :
1295 1768 1450 1837 cujus
1480 1769 1696 1838 quidem
1742 1767 2029 1823 maximam
2063 1773 2110 1832 Β
2139 1769 2347 1837 laudat,
2377 1781 2430 1825 et
2472 1770 2525 1824 in
2573 1771 2733 1841 Tyrio
2765 1771 2975 1840 synodo
3015 1771 3356 1825 defensorem
3385 1786 3544 1824 suum
3580 1771 3751 1824 fuisse

418 1871 622 1932 partem
655 1860 851 1930 repetii
877 1875 941 1914 ex
971 1861 1342 1930 manuscripto
1368 1861 1692 1929 exemplari,
1724 1859 1867 1928 quod
1896 1861 2026 1916 mihi

416 1952 674 2008 utendum
723 1951 1016 2022 aliquando
1067 1952 1222 2007 dedit
1246 1953 1328 2006 vir
1369 1952 1725 2007 doctissimus
1772 1951 2028 2008 Claudius

417 2047 749 2117 Espencatus
797 2045 1077 2116 theologus
1131 2047 1476 2102 Parisiensis.
1527 2047 1644 2102 Etsi
1692 2053 1872 2100 autem
1920 2063 2028 2103 non

417 2140 688 2195 nescirem
740 2153 846 2193 non
879 2139 1048 2194 multo
1077 2140 1368 2209 pauciores
1415 2153 1709 2209 superesse
1741 2137 1910 2202 locos,
1937 2139 2028 2208 qui

415 2245 609 2301 magna
639 2228 822 2284 mendi
853 2229 1162 2299 suspicione
1192 2230 1478 2293 laborant,
1533 2229 1632 2284 sed
1683 2228 1862 2282 sanari
1913 2230 2028 2286 sine

413 2322 617 2376 auxilio
643 2322 842 2376 veteris
874 2322 1026 2386 libri,
1061 2323 1145 2378 vix
1169 2339 1233 2378 ac
1265 2339 1336 2380 ne
1363 2324 1452 2378 vix
1485 2323 1708 2393 quidem
1756 2333 1980 2392 possent
2012 2341 2024 2378 :

415 2423 469 2470 et
488 2424 767 2485 propterea
796 2413 1048 2486 Optatum
1073 2417 1333 2487 optimum
1361 2417 1665 2471 maximum
1696 2416 1844 2480 dare,
1871 2417 2029 2473 sicuti

413 2506 687 2576 optabam,
743 2521 846 2561 non
881 2523 1132 2577 possem:
1165 2518 1344 2563 tamen
1375 2509 1588 2563 interea
1626 2527 1738 2566 non
1787 2515 2028 2569 recusavi

412 2599 582 2654 multo
626 2598 928 2665 meliorem,
976 2615 1136 2671 quam
1188 2601 1453 2656 hactenus
1496 2599 1620 2667 fuit,
1681 2601 1803 2670 edi,
1848 2606 2028 2674 potius

412 2705 592 2761 quam,
626 2692 799 2760 qualis
845 2701 998 2748 antea
1053 2693 1212 2762 plane
1261 2694 1572 2762 inquinatus
1624 2696 1836 2766 fuerat,
1882 2698 2027 2753 idem

413 2783 778 2839 recuderetur.
828 2783 1178 2855 Speraveram
1227 2785 1446 2857 quidem
1472 2797 1629 2844 certe
1679 2807 2025 2847 accessurum

413 2879 641 2934 alterum
673 2880 1064 2936 emendationis
1109 2881 1423 2951 praesidium
1454 2897 1518 2936 ex
1554 2887 1758 2941 codice
1804 2885 2027 2941 Joannis

415 2971 536 3026 Titii
559 2973 796 3043 episcopi
821 2971 1128 3028 Briocensis
1150 2983 1209 3027 ut
1235 2984 1480 3028 veterum
1505 2973 1802 3044 librorum,
1829 2977 1906 3033 sic
1929 2993 2027 3032 an-

417 3065 721 3133 tiquitatum
762 3064 1262 3122 Ecclesiasticarum
1295 3065 1714 3125 studiosissimi.
1743 3072 1848 3127 Sed
1880 3071 2025 3142 quod

2132 1861 2437 1931 significat;
2468 1877 2592 1915 nam
2617 1861 2933 1932 AEgyptium
2959 1863 3273 1931 episcOpum
3300 1861 3469 1916 fuisse
3500 1861 3595 1915 ait.
3629 1860 3751 1927 Quo

2133 1962 2382 2024 tempore
2410 1965 2600 2009 noster
2624 1954 2888 2021 floruerit,
2929 1954 3118 2025 liquet,
3177 1970 3299 2009 cum
3339 1953 3596 2011 Siricium
3636 1953 3753 2021 epi-

2133 2061 2359 2114 scopum
2378 2047 2678 2100 Romanum
2696 2047 2929 2116 appellat
2953 2062 3111 2101 suum
3135 2046 3364 2100 socium.
3381 2045 3750 2113 Hieronymus

2136 2139 2288 2193 testis
2315 2149 2399 2194 est
2423 2140 2523 2194 hos
2553 2154 2676 2194 eum
2708 2139 2878 2194 libros
2895 2141 3184 2209 scripsisse
3213 2137 3610 2210 imperantibus
3641 2135 3750 2190 Va-

2133 2229 2278 2284 lente
2308 2241 2363 2285 et
2395 2231 2798 2285 Valentiniano.
2853 2231 3125 2286 Potuisset
3153 2230 3358 2298 dicere,
3388 2227 3704 2284 Theodosio
3732 2247 3745 2280 :

2134 2323 2363 2378 multum
2394 2333 2578 2378 autem
2609 2325 2838 2378 interest
2865 2324 3029 2390 scire,
3060 2339 3167 2393 quo
3199 2324 3320 2392 quis
3370 2331 3622 2392 tempore
3650 2321 3749 2375 ali-

2133 2413 2260 2484 quid
2289 2416 2590 2486 scripserit,
2625 2415 2929 2485 praesertim
2959 2415 3047 2470 ubi
3069 2416 3137 2471 de
3157 2415 3545 2471 controversiis
3566 2413 3748 2468 eccle-

2131 2507 2367 2563 siasticis
2409 2509 2687 2579 quaeritur.
2742 2508 3202 2574 Parmenianum,
3254 2525 3415 2580 quem
3473 2515 3748 2578 oppugnat

2132 2600 2384 2670 Oplatns,
2420 2603 2586 2656 fuisse
2616 2616 3020 2668 successorem,
3077 2619 3184 2656 non
3217 2601 3364 2656 illius
3411 2600 3601 2655 Donati
3643 2599 3746 2654 Ca-

2133 2695 2330 2760 sensis,
2362 2697 2452 2766 qni
2493 2694 2848 2749 Caecilianum
2881 2711 3087 2750 vexare
3135 2696 3323 2766 erepit,
3382 2695 3477 2750 scd
3519 2693 3746 2749 alterius

2133 2801 2244 2842 non
2269 2791 2448 2844 minus
2474 2789 2651 2844 insani
2677 2789 2872 2843 Donati
2905 2787 3375 2860 Carthaginensis,
3405 2789 3493 2858 qui
3526 2802 3746 2843 succes-

2131 2891 2281 2936 serat
2308 2882 2380 2936 illi
2406 2882 2694 2950 Majorino,
2739 2897 2899 2952 quem
2929 2885 3078 2952 prior
3108 2883 3370 2948 Donatus,
3401 2894 3460 2936 ut
3486 2879 3738 2937 Ct-cilia-

2131 2995 2260 3034 num
2295 2981 2638 3050 percellerct,
2665 2980 3011 3035 ordinaverat
3036 2980 3349 3050 episcopum
3377 2979 3742 3050 Cathaginen-

2129 3087 2269 3137 sem,
2328 3091 2392 3131 ex
2444 3073 2748 3144 Augustino
2788 3071 3099 3126 didicimus.
3152 3072 3494 3128 Parmenioni
3548 3083 3736 3129 autem

414 3156 523 3227 jam
551 3167 774 3227 propter
803 3157 1102 3213 absentiam
1133 3159 1436 3213 doctissimi
1467 3159 1750 3217 Antistitis
1781 3164 2023 3233 prasstari
2051 3159 2096 3222 C
2129 3166 2438 3234 epistolam,
2471 3167 2559 3221 cui
2592 3163 2888 3234 respondet
2908 3162 3162 3232 Optatus,
3188 3165 3445 3234 scriptam
3477 3165 3646 3222 fuisse
3674 3166 3742 3221 ad

419 3261 525 3302 non
557 3248 751 3317 potuit,
782 3249 953 3304 altera
983 3249 1123 3306 forte
1153 3249 1320 3305 editio
1345 3257 1529 3318 postea
1555 3255 1855 3318 praestabit.

493 3339 750 3408 Equidem
798 3339 1141 3397 dissimulare
1167 3357 1268 3396 nec
1300 3355 1517 3410 possum
1561 3357 1663 3397 nec
1692 3347 1818 3401 volo
1838 3349 2022 3419 singu-

423 3429 519 3485 lari
545 3431 774 3501 quadam
804 3431 1142 3487 observantia
1168 3449 1255 3486 me
1283 3431 1426 3486 affici
1459 3447 1584 3502 erga
1617 3434 1903 3495 Africanos
1928 3455 2024 3495 ve-

427 3524 558 3578 teris
585 3524 841 3581 Ecclesia:
861 3525 1278 3595 doctores,quos
1304 3526 1373 3581 de
1399 3540 1462 3580 ea
1487 3535 1596 3580 tam
1625 3532 1888 3597 praeclare
1916 3549 2026 3590 me-

422 3615 554 3672 ritos
575 3659 590 3683 ,
615 3625 669 3671 et
707 3617 948 3687 quidem,
980 3619 1102 3672 aliis
1125 3618 1291 3673 veluti
1323 3617 1702 3674 deﬁcientibus
1733 3622 2026 3694 Scriptori.

423 3706 522 3761 bus
551 3707 777 3774 Latinis,
828 3717 934 3762 tam
984 3709 1062 3763 illi
1093 3708 1325 3763 lideliter
1369 3707 1692 3779 fortiterque
1739 3727 2028 3770 succentu-

426 3799 594 3855 riatos
624 3815 745 3856 esse
785 3801 980 3856 sentio.
1022 3801 1240 3856 Memini
1286 3816 1407 3854 cum
1447 3811 1576 3854 ante
1611 3802 1814 3871 aliquot
1853 3822 2025 3866 annos

426 3892 712 3948 Minucium
742 3893 982 3959 ederem,
1011 3911 1172 3965 quem
1195 3909 1317 3948 cum
1341 3892 1697 3962 Tertulliano,
1727 3897 2022 3970 Cypriano,

427 3987 668 4043 Arnobio
694 3991 1061 4056 conferebam,
1092 3991 1343 4047 laudasse
1374 4005 1459 4046 me
1491 3999 1799 4061 propterea,
1835 3997 2024 4053 fecun-

429 4079 554 4134 dam
604 4080 749 4134 illam
780 4081 1099 4152 feliccmquc
1127 4083 1386 4146 Africam,
1435 4096 1553 4152 qua:
1600 4092 1656 4136 ut
1685 4099 1900 4156 semper
1925 4091 2026 4160 (sic

425 4172 572 4228 enim
601 4187 666 4226 eo
696 4183 938 4242 tempore
966 4173 1181 4245 scripsi)
1216 4174 1416 4243 aliquid
1447 4175 1567 4228 novi
1599 4177 1754 4246 112
1783 4179 2027 4245 proferre

427 4265 558 4319 olim
605 4265 905 4330 dicebatur,
940 4267 1021 4321 sic
1045 4266 1206 4320 etiam
1253 4265 1529 4335 religionis
1562 4277 1763 4320 nostra:
1787 4271 2026 4328 vindices

426 4365 482 4409 et
509 4364 759 4424 patronos
793 4357 1140 4411 doctissimos
1173 4357 1575 4427 acerrimosquc
1615 4360 1858 4427 protulit.
1890 4363 2025 4420 Nam

427 4457 482 4502 et
509 4463 573 4501 ex
599 4463 659 4500 ea
691 4449 973 4517 prodibant
1006 4449 1190 4504 hostes
1235 4448 1454 4502 minimc
1483 4449 1680 4518 ignavi.
1725 4451 1894 4518 Quale
1926 4455 2028 4510 Ec-

2130 3258 2416 3314 Ticonium
2443 3259 2722 3314 hominem
2751 3256 3021 3311 eruditum
3052 3257 3488 3326 eteloquentem,
3521 3257 3610 3328 qui
3634 3275 3742 3315 non

2131 3353 2262 3408 satis
2275 3353 2473 3423 alioqui
2496 3350 2772 3406 Donatista
2789 3363 2910 3403 esse
2927 3348 3230 3412 videbatur,
3248 3349 3390 3404 idem
3407 3351 3742 3421 Augustinus

2130 3445 2396 3516 significat
2417 3467 2430 3500 :
2455 3445 2548 3516 qui
2573 3457 2627 3499 et
2646 3453 2831 3514 postea
2855 3441 3115 3496 adversus
3133 3457 3250 3497 eam
3267 3442 3607 3498 Parmenioni
3624 3445 3740 3517 epi-

2130 3537 2323 3589 stolam
2341 3535 2512 3590 libros
2528 3545 2641 3587 tres
2655 3528 3158 3600 scripsit.0ptatum
3182 3545 3313 3585 vero
3338 3540 3579 3585 nostrum
3605 3533 3741 3586 scri-

2131 3626 2304 3695 psisse
2334 3626 2504 3680 libros
2546 3640 2643 3677 sex
2677 3623 2752 3675 ait
2802 3621 3163 3690 Hieronymus
3195 3637 3207 3674 :
3240 3621 3356 3676 scio
3395 3621 3736 3677 circumferri

2129 3717 2416 3786 quemdam
2459 3716 2790 3784 septimum;
2823 3711 2915 3766 sed
2949 3713 3063 3781 ipse
3088 3710 3311 3780 Optatos
3350 3727 3455 3767 non
3504 3713 3738 3770 obscure

2131 3809 2413 3877 profitetur
2435 3823 2540 3862 non
2568 3805 2672 3860 nisi
2696 3819 2788 3857 sex
2811 3802 2907 3857 abs
2931 3818 2988 3857 se
3009 3818 3130 3858 esse
3151 3804 3386 3874 scriptos
3408 3822 3422 3857 :
3443 3805 3532 3859 ubi
3553 3816 3604 3859 et
3623 3805 3736 3860 sin-

2127 3893 2375 3968 gulorum
2417 3905 2794 3968 argumentum
2828 3911 2933 3948 non
2963 3895 3296 3967 ineleganter
3327 3905 3728 3966 praemonstrat.

2128 3993 2419 4049 Pollicctur
2448 4007 2570 4048 sese
2609 3990 2940 4060 adjecutrum
2969 3991 3211 4058 quaedam
3244 3988 3394 4055 acia;
3446 3991 3541 4046 sed
3592 3990 3734 4044 hanc

2129 4086 2484 4156 appendicem
2524 4100 2633 4138 non
2663 4082 2899 4134 invenio.
2936 4079 3079 4132 Libri
3115 4080 3269 4147 primi
3303 4081 3573 4148 praecipua
3595 4093 3730 4147 quo-

2129 4195 2235 4249 que
2265 4181 2439 4248 capita
2475 4174 2805 4246 Augustinus
2829 4171 3142 4240 perstrinxit
3165 4172 3304 4225 libro
3332 4172 3505 4238 primo
3532 4179 3726 4224 contra

2132 4269 2567 4324 Parmenianum.
2621 4263 2826 4331 Legant
2865 4262 2952 4329 qni
2984 4262 3170 4314 volunt
3200 4259 3420 4332 (inquit)
3445 4276 3565 4330 qua:
3594 4275 3718 4313 nar-

2129 4371 2235 4425 rat,
2281 4371 2333 4415 et
2373 4360 2569 4428 quibus
2607 4353 2946 4408 documentis
2977 4367 3133 4422 quam
3166 4352 3333 4406 multa
3379 4350 3728 4422 persuadeat,

2130 4451 2452 4506 venerabilis
2474 4446 2753 4503 memorial
2771 4445 3112 4500 Milevitanus
3131 4445 3418 4514 episcopus
3434 4443 3730 4500 Catholica:

428 4541 610 4595 clesia:
639 4542 835 4596 bellum
861 4543 1135 4607 indixerit,
1167 4551 1533 4611 quantumque
1582 4543 1888 4600 incendium
1935 4563 2026 4603 ac-
2056 4535 2105 4596 D
2131 4542 2526 4599 communionis
2548 4538 2778 4609 Optatos
2821 4537 2933 4591 sive
2963 4537 3030 4590 de
3055 4537 3254 4590 anilla
3280 4535 3730 4604 pecnniosissima

427 4633 672 4688 cenderit
724 4649 862 4688 unus
891 4634 1131 4689 Donatus
1154 4632 1404 4699 Numida,
1447 4640 1614 4688 testes
1639 4643 1766 4688 sunt
1794 4634 2024 4692 flammae

426 4724 677 4779 factionis
733 4726 1064 4781 Donatianze.
1111 4725 1250 4792 Quid
1300 4723 1539 4780 futurum
1580 4736 1718 4792 erat,
1747 4728 1790 4781 si
1824 4728 1889 4782 ad
1933 4745 2026 4786 eas

427 4816 854 4888 exstinguendos
883 4816 1072 4873 eadem
1107 4817 1256 4888 regio
1287 4830 1392 4871 non
1432 4818 1703 4872 emisisset
1748 4819 1833 4874 vel
1860 4818 2026 4889 Opta-

431 4920 542 4965 tum
569 4921 808 4965 nostrum
865 4911 917 4964 in
959 4909 1203 4965 Numidia
1250 4909 1614 4966 Milevitanum
1674 4911 2023 4983 Episcopum,

429 5002 516 5056 vel
550 5003 722 5072 ipsum
754 5002 912 5072 paulo
939 5011 1060 5072 post
1096 5001 1453 5072 Augnsdnum
1489 5020 1500 5054 :
1537 5003 1626 5056 illa
1657 5003 1780 5058 dico
1805 5003 1914 5058 duo
1942 5003 2024 5057 luo

427 5096 574 5148 mina
604 5077 886 5160 Ecclesiae,
915 5103 970 5148 et
1009 5093 1274 5148 adversus
1326 5093 1512 5148 hostes
1540 5095 1756 5163 pietatis
1792 5096 1901 5150 duo
1927 5095 2030 5149 ful-

430 5188 573 5243 mina
605 5186 928 5243 sanctissimi
969 5185 1129 5240 belli?
1170 5185 1416 5256 Magnum
1468 5187 1713 5255 profecto
1745 5187 2027 5257 religionis

429 5281 738 5352 przrsidium
767 5281 866 5334 fuit
894 5280 1262 5336 Milevitanum
1287 5279 1609 5342 Concilium,
1632 5281 1717 5334 cui
1744 5289 1799 5334 et
1822 5282 2029 5351 Angus-

430 5374 576 5428 tinus
608 5374 864 5428 interfuit.
896 5373 1001 5428 Sed
1044 5373 1206 5442 paulo
1264 5382 1392 5428 ante
1443 5373 1687 5428 Ecclesia
1722 5374 2026 5431 Milevitana

427 5465 660 5522 dederat
690 5465 950 5520 Ecclesia:
971 5465 1266 5520 Catholicae
1289 5481 1538 5536 magnum
1569 5468 1886 5533 subsidium,
1903 5485 2024 5524 cum

425 5557 690 5614 adversus
717 5558 826 5611 vim
876 5567 931 5613 et
975 5558 1198 5612 insidias
1229 5557 1628 5612 Donatistarum
1677 5575 1830 5614 suum
1863 5558 2025 5630 Opta-

428 5663 544 5708 tum
568 5649 732 5704 dedit.
760 5653 834 5704 Ac
857 5652 1056 5704 multos
1078 5649 1296 5718 quidem
1323 5649 1388 5702 iis
1412 5653 1741 5719 temporibus
1767 5652 1819 5706 in
1847 5651 2026 5716 Africa

429 5735 597 5798 fuisse
617 5741 845 5812 Optatos
873 5742 1125 5811 legimus,
1149 5739 1308 5796 valde
1334 5741 1533 5809 alioqui
1555 5743 1865 5801 dissimiles.
1892 5743 2026 5800 Nam

2135 4645 2262 4691 tunc
2300 4647 2354 4690 et
2387 4632 2764 4688 factiosissima
2815 4629 3057 4692 ftemina,
3111 4643 3270 4696 quam
3321 4643 3420 4696 pro
3471 4627 3730 4683 Ecclesia:

2132 4728 2418 4798 disciplina
2470 4727 2528 4782 S.
2578 4723 2900 4779 Caecilianus
2947 4720 3126 4775 adhuc
3153 4719 3416 4774 diaconus
3467 4719 3726 4774 laeserat:

2131 4821 2214 4874 vel
2244 4822 2312 4876 de
2332 4819 2542 4875 caeteris
2570 4817 2818 4872 faetionis
2848 4817 2966 4884 ejus
2992 4811 3355 4878 consortibus,
3388 4811 3501 4866 sive
3524 4809 3735 4867 furibus

2133 4911 2488 4966 ecclesiastici
2513 4907 2740 4978 argenti;
2771 4907 2887 4962 sive
2911 4907 2977 4961 ad
2999 4906 3368 4974 episcopatum
3396 4919 3454 4958 se
3477 4917 3584 4956 non
3610 4918 3731 4970 per—

2134 5005 2347 5059 venisse
2377 5002 2705 5064 dolentibus,
2737 5010 2790 5056 et
2815 5001 2914 5054 sibi
2949 4999 3228 5068 prmlatttm
3274 4995 3621 5052 Caecilianum
3646 4995 3729 5050 in-

2134 5096 2307 5160 sidiis,
2337 5093 2532 5164 quibus
2561 5101 2832 5163 poterant,
2865 5089 3282 5154 insectantibns;
3307 5088 3421 5143 sive
3449 5087 3516 5142 de
3535 5087 3727 5142 Numi-

2135 5187 2218 5241 dis
2242 5186 2536 5256 episcopis,
2563 5198 2699 5253 quos
2728 5184 2826 5238 ista
2849 5183 3010 5238 factio
3033 5189 3422 5236 convocaverat
3447 5179 3513 5234 ad
3544 5179 3725 5248 perni-

2132 5279 2270 5333 ciem
2294 5277 2588 5343 Cacciliani,
2616 5285 2755 5330 uteo
2776 5274 3024 5344 deposito
3049 5274 3184 5328 alter
3210 5273 3570 5327 ordinaretur.
3600 5270 3728 5325 Haec

2133 5371 2246 5427 ille.
2278 5371 2408 5440 Qnrc
2438 5378 2584 5424 tanto
2627 5369 2900 5423 lubentius
2949 5381 3092 5422 nunc
3132 5367 3371 5430 recitavi,
3405 5365 3530 5432 quia
3573 5365 3627 5418 in
3661 5363 3726 5416 iis

2135 5465 2346 5520 dicatur
2368 5472 2553 5518 noster
2574 5462 2802 5531 Optatos
2824 5459 3214 5516 communionis
3232 5457 3546 5514 Catholicae.
3582 5456 3724 5525 Ergo

2132 5558 2258 5612 licet
2311 5556 2378 5610 ad
2434 5554 2688 5626 Cypriani
2743 5565 2797 5608 et
2851 5570 3063 5616 eorum,
3105 5553 3192 5622 qni
3224 5551 3297 5604 illi
3325 5547 3595 5613 suﬂ'ragati
3624 5546 3724 5601 ali-

2135 5652 2350 5721 quando
2379 5658 2502 5704 snnt
2525 5689 2540 5715 ,
2587 5650 2906 5704 sententiam
2953 5647 3020 5701 de
3049 5643 3312 5713 baptismo
3344 5639 3722 5724 hmreticorum

2139 5743 2385 5799 videatur
2416 5743 2733 5804 accessisse,
2765 5741 2922 5809 quam
2947 5739 3126 5808 postea
3152 5733 3478 5801 Augustinus
3498 5740 3554 5787 et
3577 5733 3727 5788 dam-
