4152 6166
536 337 674 393 Ηῦτ

1746 321 2253 382 PREFATIONES
2293 318 2611 381 BALDDINI

3652 317 3763 374 {lilii

535 447 706 510 navit,
738 454 792 499 et
819 443 1175 498 damnandam
1209 453 1333 494 esse
1357 437 1597 494 ostendit
1628 455 1642 492 :
1672 446 1851 492 tamen
1877 452 2127 506 perman-
2155 437 2208 502 Α
2231 435 2333 492 hac
2383 441 2701 503 tempestate
2740 430 3005 500 imprimis
3040 438 3226 498 optare
3255 427 3537 483 debeamus
3562 442 3588 483 a
3615 432 3763 488 multis

534 538 608 596 sit
636 540 688 592 in
708 536 1009 599 Catholica,
1055 535 1108 588 in
1136 549 1238 603 qua
1271 541 1325 587 et
1353 530 1678 604 Cyprianus,
1711 530 1976 585 Ecclesia.
2009 530 2126 586 Non

535 631 680 707 enim
701 628 928 683 Veteres
955 637 1048 682 aut
1076 627 1266 681 leviter
1289 633 1384 680 aut
1411 624 1569 678 facile
1597 623 1764 695 (quod
1796 637 1940 678 nunc
1967 622 2128 678 nimis

536 732 742 777 temere
761 725 819 772 et
837 731 1060 772 morose
1081 727 1242 787 atque
1253 715 1464 780 odiose,
1487 728 1556 769 ne
1577 713 1753 769 dicam
1773 712 2126 780 calumniose,

534 811 854 882 plerumque
880 806 963 876 fit)
984 807 1144 862 alicui
1173 814 1267 862 aut
1291 805 1581 861 inurebant
1599 845 1614 870 ,
1652 812 1745 859 aut
1771 803 2131 873 aspergebant

535 904 814 958 hareseos
838 910 1011 956 atram
1038 911 1093 956 et
1119 914 1339 971 gravem
1370 908 1578 963 notam,
1608 904 1668 952 ut
1690 895 1924 966 aliquem
1947 895 2128 952 statim

533 995 849 1052 abdicarent
877 993 1134 1048 Ecclesiae
1157 990 1562 1046 communione.

606 1087 723 1142 Non
774 1086 952 1141 dicam
1007 1084 1260 1153 Optatum
1309 1082 1460 1136 locus
1505 1095 1676 1136 sacrae
1718 1078 2015 1148 Scriptum
2039 1086 2133 1134 aut

537 1180 693 1235 valde
719 1178 968 1248 apposite
993 1191 1207 1245 semper
1228 1174 1480 1243 allegare,
1509 1181 1600 1228 aut
1626 1187 1918 1240 numquam
1940 1171 2128 1227 inﬂec-

534 1276 648 1324 tere
676 1268 760 1323 vel
784 1269 1132 1336 detorquere.
1165 1265 1396 1320 Fatebor
1416 1264 1596 1334 potius
1623 1264 1686 1318 iis
1709 1277 1952 1332 persaepe
1982 1262 2132 1318 abuti

534 1360 806 1429 imperite.
839 1358 1002 1412 Vetus
1028 1366 1112 1411 est
1138 1357 1271 1410 illud
1301 1373 1315 1408 :
1351 1355 1490 1410 bene
1531 1353 1682 1418 dicit,
1724 1353 1820 1408 sed
1851 1368 1956 1407 non
1993 1353 2132 1406 bene

537 1452 750 1522 probat.
796 1450 888 1508 Sic
917 1451 1183 1508 sententia
1215 1463 1336 1504 vera
1379 1447 1640 1512 manebit,
1672 1447 1891 1504 tametsi
1919 1445 1984 1500 ad
2010 1459 2130 1502 eam

534 1541 961 1600 confirmandam
1014 1540 1147 1596 falsa
1194 1539 1463 1597 interdum
1510 1538 1833 1596 adhibeatur
1863 1535 2131 1606 probatio.

532 1633 679 1692 Nihil
706 1642 799 1692 aut
819 1633 1060 1704 putidius
1079 1641 1173 1688 aut
1195 1632 1430 1702 ineptius
1449 1631 1555 1687 dici
1582 1630 1774 1701 potuit,
1800 1644 1959 1702 quam
1989 1628 2133 1698 quod

532 1727 926 1784 Parmenianus
953 1725 1024 1781 ad
1066 1721 1471 1794 reprobandum
1501 1720 1900 1782 Catholicorum
1929 1718 2134 1789 baptis-

2233 527 2336 596 legi
2358 535 2518 594 atque
2539 523 2694 596 113
2721 521 2994 593 cognosci.
3011 521 3127 577 haec
3149 519 3383 590 profecto
3397 535 3496 576 una
3515 530 3610 588 est,
3626 523 3766 593 inqua

2233 633 2287 679 et
2309 623 2468 692 hujus
2490 621 2750 690 temporis
2772 619 3146 689 intemperiem
3161 632 3325 688 prope
3338 616 3611 690 depictam,
3639 630 3768 679 eteo-

2235 730 2358 770 rum
2390 714 2771 774 certaminum,
2829 710 3022 780 quibus
3076 709 3228 765 orbis
3277 719 3454 765 noster
3499 712 3773 777 concutitur,

2234 808 2468 876 efﬁgiem
2498 804 2641 861 vivis
2665 804 2938 860 coloribus
2961 816 3275 872 expressam
3299 815 3420 861 esse,
3446 801 3646 858 dixeris.
3668 802 3780 860 Nolo

2235 915 2380 956 nunc
2404 897 2866 967 comparationem
2890 905 3178 966 pertexere
3212 912 3226 949 :
3261 893 3400 964 quod
3425 907 3526 950 non
3547 894 3689 953 modo
3714 896 3779 954 fa-

2234 1007 2362 1048 cere
2392 1006 2497 1048 non
2529 1004 2743 1060 possem
2772 989 2891 1045 sine
2921 988 3106 1046 odiosa
3138 986 3359 1051 invidia,
3391 987 3483 1044 sed
3505 1002 3570 1046 ne
3592 988 3781 1056 quidem

2235 1084 2356 1140 sine
2387 1083 2742 1139 acerbissimo
2769 1081 2983 1137 dolore.
3026 1080 3093 1136 Et
3138 1067 3367 1140 fortasse
3394 1078 3606 1138 interest
3644 1082 3786 1136 nomi-

2235 1181 2320 1233 nis
2365 1175 2649 1232 christiani
2681 1174 2824 1231 foeda
2876 1174 2966 1229 illa
2998 1171 3312 1241 Opprobria,
3341 1171 3514 1239 qualia
3555 1170 3659 1226 haec
3681 1181 3788 1227 tetas

2235 1270 2402 1334 videt,
2435 1269 2761 1337 sempiterna
2791 1265 3068 1324 oblivione
3117 1264 3294 1331 potius
3323 1263 3538 1331 sepeliri
3565 1279 3706 1332 quam
3730 1263 3787 1317 ad

2237 1359 2571 1430 posteritatis
2601 1358 2917 1418 memoriam
2941 1355 3258 1414 transmitti.
3291 1353 3401 1414 Sed
3426 1353 3512 1412 illa
3535 1354 3651 1416 licet
3674 1369 3793 1414 nunc

2235 1451 2658 1521 supprimantur,
2674 1457 2855 1508 tamen
2873 1448 3058 1506 nescio
3069 1445 3342 1516 quomodo
3356 1453 3409 1502 et
3428 1456 3630 1512 exstare
3639 1455 3688 1506 et
3707 1445 3791 1514 legi

2234 1542 2487 1600 videntur
2517 1540 2572 1596 in
2598 1540 2734 1596 actis
2762 1538 3193 1604 Donatistarum,
3219 1545 3438 1606 tutaque
3455 1550 3632 1598 eorum
3659 1538 3792 1596 terri-

2236 1636 2330 1693 bili
2362 1633 2640 1704 tragoedia,
2660 1648 2781 1703 quae
2808 1632 2906 1692 abs
2927 1630 3166 1689 scintilla
3193 1629 3279 1686 vel
3302 1628 3447 1690 fumo
3474 1629 3645 1686 nescio
3667 1628 3795 1697 cujus

2236 1725 2538 1783 ambitiosae
2563 1721 2950 1786 contentionis,
2983 1722 3039 1778 in
3063 1737 3156 1778 eas
3187 1719 3432 1776 flammas
3459 1718 3672 1782 exarsit,
3697 1732 3795 1788 qua:

533 1834 681 1876 mum
729 1819 1003 1888 allegabat
1047 1817 1179 1877 illud
1219 1817 1434 1874 Davidis
1468 1834 1481 1870 :
1511 1819 1683 1872 oleum
1718 1814 2001 1886 peccatoris
2032 1830 2134 1872 non
2163 1813 2211 1874 Β
2240 1833 2347 1874 non
2375 1816 2534 1874 modo
2566 1815 2802 1872 Africam
2833 1814 3139 1869 universam
3171 1820 3542 1879 pervaserunt,
3565 1819 3616 1873 et
3642 1811 3792 1870 funes-

534 1921 688 1984 unget
709 1921 864 1982 caput
893 1927 1082 1968 meum.
1108 1909 1252 1965 Nihil
1283 1916 1400 1966 erat
1434 1907 1664 1974 facilius,
1695 1923 1854 1976 quam
1896 1907 2015 1962 loco
2045 1907 2131 1962 in-

533 2011 719 2072 specto
747 2011 802 2058 et
828 2002 1034 2069 prolata
1083 2000 1528 2069 interpretatione
1557 2013 1684 2056 vera
1721 2008 1828 2054 tam
1871 1996 2133 2054 insulsam

537 2092 1035 2162 indoctinugatoris
1055 2091 1354 2147 fatuitatem
1371 2089 1648 2148 irridendo
1671 2089 1944 2146 refellere.
1971 2087 2134 2155 Quasi

540 2193 719 2242 tamen
769 2183 838 2240 ad
890 2197 1003 2246 rem
1056 2181 1257 2252 aliquid
1289 2181 1540 2247 dixisset,
1590 2181 1748 2238 sudat
1787 2179 2032 2249 Optatos,
2081 2190 2135 2236 et

536 2274 736 2332 frustra
760 2288 822 2330 se
865 2281 1110 2344 torquet,
1144 2283 1204 2328 ut
1244 2273 1475 2328 excudat
1519 2271 1736 2342 aliquod
1767 2285 2086 2341 reSponsum
2119 2287 2132 2324 ;

538 2366 702 2434 idque
723 2365 814 2422 dat
845 2364 992 2434 quod
1017 2373 1071 2420 et
1092 2379 1197 2421 non
1223 2363 1400 2420 minus
1422 2364 1519 2420 abs
1547 2363 1745 2418 Davide
1767 2371 1850 2418 est
1873 2362 2133 2420 alienum.

539 2456 727 2512 Fuerit
755 2472 886 2513 sane
913 2457 1004 2512 illa
1033 2456 1330 2514 infelicium
1362 2465 1665 2526 temporum
1694 2456 1892 2516 misera
1918 2454 2091 2524 caligo
2120 2472 2134 2509 ;

541 2557 597 2604 et
630 2557 833 2606 nostrae
862 2549 1030 2614 aetati,
1082 2549 1127 2606 si
1157 2549 1276 2619 plus
1306 2548 1385 2604 illi
1426 2545 1698 2608 aﬂulserit
1728 2547 1880 2611 lucis,
1903 2548 2139 2618 gratule-

540 2656 681 2698 mur.
707 2640 914 2702 lnterea
944 2649 1149 2706 tamen,
1177 2641 1270 2710 qui
1302 2639 1433 2698 recti
1456 2639 1642 2710 judicii
1672 2648 1821 2706 sunt,
1845 2653 2140 2712 agnoscere

534 2731 590 2788 in
621 2733 724 2790 hoc
740 2733 1007 2802 scriptore
1035 2740 1282 2806 possunt,
1303 2731 1445 2802 quod
1474 2742 1531 2789 et
1555 2729 1612 2790 in
1636 2731 1756 2791 aliis
1782 2729 1928 2786 Afris
1958 2730 2141 2802 Scrip-

540 2823 747 2880 torihus
776 2822 1131 2889 admiramur,
1164 2822 1480 2887 vehemens,
1513 2836 1658 2890 aere,
1686 2821 1912 2882 densum
1934 2830 1989 2879 et
2016 2837 2140 2879 ner-

539 2929 728 2970 vosum
761 2915 877 2972 sive
899 2914 1114 2974 dicendi
1141 2914 1254 2972 sive
1277 2915 1586 2984 disputandi
1611 2930 1803 2986 genus,
1840 2919 2138 2986 praesertim

540 3008 583 3061 si
630 3007 683 3066 in
746 3021 1035 3080 personam
1088 3007 1354 3079 agendum
1405 3007 1494 3064 sit.
1541 3007 1875 3080 Scriptorem
1921 3007 2136 3076 quidem

538 3106 688 3156 certe
717 3097 858 3156 hunc
887 3106 1103 3168 oportet
1149 3108 1369 3170 propter
1414 3097 1568 3156 homo
1597 3107 1649 3154 et
1676 3097 1902 3159 sincerae
1927 3099 1976 3152 in
2006 3113 2134 3160 nar-

2241 1911 2452 1970 tissimo
2469 1910 2762 1966 schismate
2791 1907 3248 1978 permiscuerunt,
3262 1905 3355 1960 sed
3382 1913 3437 1959 et
3452 1904 3630 1964 urbem
3648 1903 3796 1958 chris-

2239 2002 2452 2060 tianum
2496 2000 2747 2058 incendio
2776 1997 2991 2068 longius
3015 2007 3295 2068 grassante
3333 1995 3799 2066 implicueruntan-

2241 2095 2327 2150 nis
2351 2094 2635 2164 plusquam
2661 2093 2920 2150 trecentis
2946 2107 2958 2144 :
2994 2105 3119 2148 nam
3149 2097 3205 2146 et
3231 2087 3561 2158 temporibus
3588 2085 3802 2155 Gregorii

2243 2185 2512 2256 pontificis
2560 2185 2788 2242 Romani
2841 2182 3162 2254 perdurasse
3187 2181 3562 2253 cognoscimus
3590 2182 3655 2236 ex
3685 2178 3804 2238 illius

2244 2277 2510 2346 epistolis.
2548 2276 2647 2333 Vix
2675 2283 2855 2334 autem
2902 2275 2955 2332 in
2997 2273 3175 2332 Africa
3225 2281 3521 2342 utcumque
3561 2271 3805 2341 quieverat

2246 2371 2652 2434 Donatistarum
2705 2368 2886 2424 rabies
2930 2385 2942 2423 :
2989 2375 3046 2422 et
3097 2381 3227 2424 ecce
3272 2365 3448 2420 altera
3479 2362 3804 2420 Vandalorum

2245 2462 2572 2520 Arianorum
2615 2458 2916 2523 inundavit,
2939 2457 3160 2527 qualem
3200 2455 3494 2530 descripsit
3519 2453 3687 2514 Victor
3712 2451 3807 2520 Uli-

2246 2553 2444 2610 censis.
2491 2550 2610 2606 Non
2653 2549 2808 2612 fuero
2837 2559 3008 2618 vates,
3037 2548 3084 2606 si
3113 2563 3232 2618 quae
3261 2549 3468 2604 nostris
3512 2543 3810 2615 temporibus

2248 2642 2624 2715 impendeant,
2670 2641 2877 2701 dixero.
2910 2639 3028 2699 Jam
3058 2639 3204 2698 enim
3232 2649 3284 2696 et
3319 2639 3494 2696 oculis
3523 2644 3808 2700 cernuntur,

2248 2746 2303 2792 et
2331 2734 2580 2798 manibus
2612 2741 2884 2791 tenentur.
2920 2731 3028 2788 Sed
3061 2731 3188 2800 quid
3220 2731 3468 2803 ingratus
3495 2728 3636 2794 orbis
3665 2736 3809 2782 terra-

2247 2842 2368 2886 rum
2394 2827 2557 2882 etiatn
2585 2832 2878 2892 mereatur,
2905 2838 3010 2880 non
3036 2823 3272 2894 ignoras.
3296 2821 3486 2892 itaque
3512 2829 3566 2876 et
3591 2827 3660 2883 te,
3682 2815 3812 2888 cujus

2248 2918 2366 2988 pios
2392 2917 2624 2990 gemitus
2652 2931 2829 2987 nuper
2857 2913 3057 2986 audivi,
3087 2915 3139 2968 itt
3172 2912 3272 2972 hac
3299 2915 3549 2976 editione
3576 2910 3816 2984 appellare

2246 3009 2414 3075 volui,
2438 3017 2494 3062 et
2519 3007 2585 3062 ad
2611 3019 2662 3061 te
2685 3006 2888 3064 referre
2933 3005 3035 3062 hoc
3067 3003 3448 3064 testimOnium
3481 3017 3610 3066 metu
3638 3014 3749 3072 erga
3773 3008 3815 3053 te

2245 3098 2628 3164 observantiae.
2676 3096 2894 3156 Memini
2921 3096 3088 3160 enim.
3116 3108 3215 3152 nec
3245 3109 3508 3166 umquam
3539 3092 3817 3156 obliviscar,

539 3191 847 3254 rationibus
886 3190 1008 3252 fidei
1037 3191 1368 3261 opinionem,
1419 3206 1630 3262 magna:
1663 3191 1995 3254 auctoritatis
2024 3200 2136 3250 sta-
2167 3193 2213 3256 C
2246 3211 2372 3256 cum
2421 3191 2788 3262 superioribus
2820 3188 3032 3253 diebus,
3086 3198 3311 3246 auctore
3369 3198 3450 3258 te,
3495 3187 3736 3248 dixissem
3761 3182 3819 3236 tle

544 3283 640 3342 tim
671 3284 862 3350 fuisse,
900 3299 1022 3340 cum
1053 3284 1217 3340 etiam
1267 3284 1370 3356 ipsi
1420 3283 1732 3350 Donatistae,
1772 3298 1908 3356 quos
1938 3283 2140 3356 alioqui

542 3375 805 3430 acerrime
830 3376 1145 3439 insectatur,
1174 3377 1368 3432 vicisse
1386 3389 1444 3430 se
1477 3383 1743 3448 putarent,
1779 3376 1824 3435 si
1851 3376 1967 3446 ejus
1991 3377 2139 3438 testi-

543 3465 725 3518 monio
756 3464 832 3518 uti
883 3464 1170 3534 aliquando
1221 3476 1461 3534 possent.
1506 3465 1596 3520 Sic
1627 3467 1770 3520 enim
1798 3465 1939 3534 quod
1973 3465 2143 3537 finge-

542 3555 675 3618 bant
700 3563 864 3628 atque
893 3554 1270 3614 fabulabantur
1309 3555 1377 3612 de
1419 3569 1518 3612 suo
1563 3556 1769 3614 Donato
1810 3555 2061 3620 absoluto
2088 3567 2142 3612 et

542 3647 832 3706 Caaciliano
857 3647 1130 3714 damnato,
1164 3647 1343 3708 conati
1371 3657 1495 3704 sunt
1519 3647 1757 3719 (tametsi
1801 3647 1856 3710 id
1899 3647 2144 3706 facerent

542 3755 651 3796 non
680 3739 859 3804 minus
914 3740 1237 3814 impudenti,
1288 3754 1448 3811 quam
1507 3739 1793 3811 perlidiosa
1849 3739 2141 3814 calumnia)

546 3831 724 3900 Optati
751 3833 920 3888 nostri
949 3834 1130 3893 verbis
1154 3834 1396 3903 captiose
1420 3834 1764 3890 confirmare.
1815 3833 1997 3904 Itaque
2029 3835 2141 3907 (in-

546 3923 666 3993 quit
693 3920 1026 3994 Augustinus
1052 3925 1105 3978 in
1138 3924 1416 3982 breviculo
1437 3926 1786 3986 collationum
1819 3942 1942 3984 cum
1965 3926 2144 3984 Dona-

549 4010 716 4084 tistis)
747 4013 890 4070 velut
910 4013 1110 4086 aliquid
1137 4013 1529 4072 validissimum
1563 4018 1842 4086 prolaturi,
1874 4017 2147 4090 petierunt

551 4104 802 4176 Optatum
826 4106 928 4178 legi
957 4123 970 4160 :
1003 4106 1146 4178 quod
1175 4115 1230 4164 et
1260 4116 1416 4164 antea
1441 4109 1709 4180 petierant
1739 4126 1753 4162 :
1791 4119 1846 4170 et
1866 4110 2035 4168 lectus
2064 4119 2147 4170 est

551 4196 704 4254 locus
730 4195 928 4269 Optati,
965 4213 1122 4270 quem
1150 4198 1444 4260 Donatista:
1467 4202 1856 4270 prietexebant.
1912 4203 1986 4262 De
2028 4204 2146 4276 ejus

549 4288 818 4351 sententia
839 4289 1066 4358 qurestio
1087 4287 1204 4344 fuit.
1237 4289 1497 4348 Catholici
1527 4304 1637 4348 non
1662 4300 1769 4352 tam
1793 4291 2144 4361 admirantes,

549 4392 709 4448 quam
740 4378 1028 4440 irridentes
1075 4380 1338 4436 insaniam
1367 4381 1826 4451 adversariorum,
1883 4394 2149 4456 rogarunt

550 4476 610 4524 ut
641 4469 848 4541 integer
873 4467 1098 4539 Optatus
1127 4472 1417 4542 legeretur,
1449 4475 1538 4546 qui
1573 4489 1713 4534 unus
1744 4475 2144 4536 Donatistarum

2240 3286 2364 3355 jure
2394 3283 2547 3344 civili
2590 3284 2641 3340 in
2692 3297 2830 3338 nova
2866 3279 3063 3340 Scitula
3096 3280 3335 3359 Belgica,
3361 3293 3679 3344 conversum
3705 3276 3824 3330 inter

2247 3393 2348 3434 nos
2375 3391 2496 3434 esse
2526 3389 2832 3430 sermonem
2871 3373 2938 3428 ad
2970 3371 3410 3430 recordationem
3451 3372 3645 3434 veteris
3682 3369 3824 3424 histo-

2246 3471 2342 3524 rite
2399 3467 2814 3533 Ecclesiasticte,
2873 3465 3048 3540 deque
3103 3465 3251 3520 hisce
3304 3465 3508 3530 litteris
3553 3461 3827 3526 studiisque

2248 3560 2392 3622 idem
2423 3560 2541 3624 tibi.
2594 3557 2737 3634 quod
2767 3559 2920 3626 mihi,
2960 3557 3130 3616 visum
3171 3558 3366 3618 fuisse.
3404 3558 3556 3616 Fecit
3604 3557 3698 3610 hoc
3727 3565 3827 3624 pro-

2247 3655 2388 3712 fectu
2431 3669 2537 3712 non
2568 3662 2678 3710 tam
2725 3655 2807 3708 vel
2856 3653 3048 3724 patria,
3079 3654 3161 3710 vel
3195 3652 3480 3724 educatio,
3513 3650 3597 3710 vel
3627 3645 3831 3704 amicitia

2246 3745 2572 3809 communis,
2604 3759 2766 3818 quam
2817 3743 3011 3800 similis
3053 3743 3304 3814 quantam
3351 3757 3488 3802 cura
3528 3736 3826 3812 reipublictc.

2253 3835 2404 3890 Vale.

2323 3925 2554 3992 Lutetiae,
2590 3923 2848 3985 Kalendis
2871 3923 3212 3998 Septembris.

2799 4057 2988 4114 10mm
3029 4072 3281 4113 LUCANIO.

2851 4170 2928 4224 In.
2973 4169 3233 4225 CALVINO.

2330 4280 2462 4341 Cum
2483 4285 2594 4341 .bos
2624 4283 2804 4356 Optati
2831 4283 3130 4353 librosjam
3162 4283 3484 4340 emissurus
3505 4289 3647 4337 esset
3677 4275 3842 4331 Libra-

2251 4381 2394 4448 rius,
2433 4377 2829 4438 admonuerunt
2871 4390 2957 4429 me
2987 4374 3145 4428 amici
3188 4384 3244 4429 et
3295 4373 3605 4429 familiares
3649 4365 3842 4440 quidam

2251 4473 2357 4530 mei
2389 4487 2498 4528 non
2524 4484 2682 4546 posse
2716 4482 2802 4524 me
2835 4465 2952 4522 sine
2983 4465 3427 4536 reprehensione
3457 4461 3845 4537 prmiermittere

551 4559 833 4618 mendacia
888 4562 1231 4632 apertissime
1287 4563 1535 4622 refellere
1566 4575 1799 4636 poterat.
1853 4566 1944 4624 Sic
1984 4567 2147 4638 hujus
2173 4570 2228 4634 1)
2251 4566 2395 4639 quod
2432 4566 2607 4621 obiter
2631 4564 2684 4617 in
2714 4560 2946 4617 secunda
2995 4575 3119 4615 mea
3162 4560 3230 4614 ad
3259 4569 3318 4616 le
3345 4560 3705 4631 responsione
3725 4560 3847 4606 anno

554 4652 712 4708 unius
737 4651 1026 4724 Scriptoris
1050 4656 1359 4712 testimonio
1381 4657 1600 4716 definita
1630 4658 1696 4712 lis
1719 4658 1807 4718 illa
1833 4659 1949 4716 fuit.
1974 4660 2146 4730 Opor-

555 4751 629 4797 tet
655 4742 873 4815 (iterum
900 4743 1044 4818 dico)
1074 4761 1324 4816 magnum
1348 4756 1403 4801 et
1424 4748 1671 4802 maxima:
1701 4749 2039 4812 auctoritatis
2060 4749 2147 4806 di-

553 4835 880 4905 gnitatisque
905 4845 1097 4894 testem
1128 4837 1320 4903 fuisse,
1347 4852 1509 4907 quem
1549 4838 1839 4904 Donatistae
1871 4837 1985 4912 (qui
2013 4841 2148 4897 nihil

555 4940 660 4984 non
686 4926 887 4998 alioqui
933 4925 1227 4997 audebant)
1258 4943 1367 4982 non
1399 4927 1510 4986 ausi
1540 4939 1668 4984 sunt
1715 4944 1995 5000 recusare,
2020 4947 2146 4988 cum

554 5029 734 5074 tamen
766 5019 835 5074 ab
863 5033 928 5076 eo
953 5018 1184 5089 jngulari
1214 5035 1273 5075 se
1301 5020 1564 5076 sentirent
1589 5038 1602 5073 :
1635 5022 1742 5080 imo
1784 5038 1914 5080 vero
1942 5025 2147 5080 calum-

557 5111 662 5166 niae
693 5119 748 5168 et
776 5110 895 5165 falsi
934 5110 1176 5180 damnari
1207 5112 1536 5182 maluerunt,
1581 5128 1740 5190 quam
1767 5114 1815 5174 ei
1848 5114 2008 5168 fidem
2039 5131 2146 5172 non

552 5202 757 5260 habere
783 5201 974 5258 videri.
1018 5201 1281 5276 Equidem
1316 5219 1419 5272 non
1455 5205 1675 5259 instituo
1709 5204 1950 5274 pluribus
1972 5207 2150 5263 verbis

553 5308 828 5362 exponere
857 5301 1114 5363 quantum
1143 5294 1388 5350 utilitatis
1413 5311 1480 5352 ex
1519 5295 1668 5360 hisce
1689 5295 1868 5370 Optati
1902 5297 2053 5353 libris
2080 5300 2149 5354 ad

555 5387 850 5442 Ecclesiam
897 5387 1077 5445 redire
1108 5390 1295 5457 possit.
1352 5390 1456 5446 Sed
1506 5391 1633 5450 illud
1665 5375 2015 5450 mododico:
2063 5402 2146 5447 ta-

559 5478 716 5540 metsi
747 5479 862 5534 sola
907 5479 957 5534 in
988 5481 1052 5534 iis
1079 5478 1304 5540 historia
1334 5483 1603 5554 surgentis
1630 5492 1791 5551 atque
1817 5481 2150 5540 invalescen-

561 5572 626 5628 tis
656 5571 966 5628 Donatianoe
997 5581 1160 5628 sectae
1191 5569 1548 5644 factionisque
1587 5582 1846 5642 exstaret,
1873 5573 2030 5629 valde
2055 5589 2151 5632 eos

562 5677 666 5726 non
697 5661 856 5718 modo
883 5665 1011 5720 olim
1042 5661 1231 5729 fuisse,
1257 5661 1351 5718 sed
1380 5663 1675 5732 etiamnum
1700 5679 1820 5720 esse
1860 5665 2020 5720 utiles
2049 5667 2155 5723 rei-

563 5751 788 5836 publicae
809 5754 1145 5814 christiana).
1180 5754 1248 5814 Et
1273 5770 1404 5839 vero
1425 5757 1469 5811 si
1493 5771 1598 5828 qua
1620 5766 1702 5813 est
1723 5757 1970 5841 historia,
1995 5775 2156 5841 quam

2253 4656 2520 4730 superiori
2564 4652 2831 4732 pollicitus
2863 4665 2984 4706 esse
3011 4651 3219 4718 videor,
3258 4651 3546 4706 dicturum
3577 4649 3707 4701 alias
3744 4653 3848 4696 esse

2255 4765 2364 4815 me,
2389 4765 2496 4806 non
2522 4762 2679 4818 posse
2705 4761 2770 4800 ex
2805 4743 3032 4804 historia
3068 4743 3290 4815 judicii,
3317 4760 3434 4817 quo
3467 4742 3780 4798 Cmcilianus
3804 4741 3849 4788 ei

2255 4843 2494 4898 Donatus
2520 4835 2814 4896 conﬂictati
2841 4844 2988 4903 sunt,
3014 4835 3145 4890 illud
3171 4835 3328 4900 elici,
3358 4835 3510 4908 quod
3544 4844 3599 4888 tu
3623 4835 3742 4904 (qut
3760 4840 3850 4881 nou

2254 4933 2455 5005 Optima
2496 4931 2599 4988 ﬁde
2633 4945 2748 4985 rem
2779 4936 2977 4984 tantam
3010 4929 3246 4984 recitare
3278 4928 3497 4994 videris
3524 4929 3542 5000 )
3574 4935 3716 4982 tanta
3742 4934 3853 4977 con-

2256 5023 2475 5086 fidentia
2503 5022 2711 5094 colligis
2737 5062 2750 5086 ,
2781 5029 2834 5074 et
2858 5034 2958 5091 ego
2999 5019 3302 5094 aliquando
3352 5028 3637 5076 errantem
3681 5016 3850 5070 ducem

2256 5117 2449 5192 puerili
2482 5115 2713 5187 quadam
2751 5114 3071 5178 credulitate
3102 5125 3337 5168 secutus
3371 5114 3428 5168 in
3458 5128 3614 5169 meos
3638 5110 3703 5168 de
3729 5104 3852 5161 Con-

2257 5209 2495 5270 stantino
2540 5205 2965 5264 commentarios
2997 5205 3178 5259 retuli.
3206 5202 3385 5262 Certe
3420 5221 3549 5260 cum
3581 5216 3747 5266 error,
3778 5193 3852 5264 qui

2257 5305 2407 5371 latet,
2436 5301 2644 5372 longius
2667 5309 2847 5370 serpat
2883 5307 2941 5354 et
2972 5299 3244 5353 increscat
3275 5315 3288 5351 :
3319 5298 3559 5356 nimium
3593 5289 3853 5370 perﬁdiosa

2258 5397 2327 5449 sit
2357 5393 2719 5456 dissimulatio
2742 5431 2757 5458 ,
2789 5404 2910 5462 qua:
2941 5404 3064 5444 eum
3094 5388 3178 5443 vel
3219 5390 3321 5444 alit
3348 5390 3439 5445 vel
3466 5389 3620 5460 tegit,
3647 5395 3854 5458 praeser-

2254 5489 2350 5544 tim
2401 5489 2452 5542 in
2483 5484 2878 5552 quaestionibus
2922 5481 3363 5542 Ecclesiasticis.
3397 5483 3494 5541 Sic
3533 5478 3746 5541 memini
3771 5474 3854 5530 Pe.

2258 5590 2397 5640 trum
2429 5586 2745 5651 martyrem,
2792 5577 3062 5640 hominem
3099 5584 3154 5629 et
3190 5576 3432 5632 doctum
3463 5577 3848 5656 etdiligentem,

2257 5672 2380 5745 quia
2411 5670 2717 5726 admonitus
2747 5684 2852 5725 non
2894 5667 3014 5737 fuit,
3051 5667 3253 5725 eodem
3302 5679 3402 5726 tuo
3435 5685 3629 5730 errore
3680 5658 3848 5738 impul-

2267 5779 2407 5836 sum,
2439 5778 2501 5819 ex
2534 5762 2641 5840 illa,
2668 5763 2736 5821 de
2765 5778 2870 5844 qua
2901 5765 3108 5846 loquor,
3144 5762 3417 5844 historia,
3446 5766 3634 5826 dicere
3661 5763 3848 5840 prouer-
