4152 6166
552 294 682 350 ΜΗ

1750 293 2260 354 ΡΒᾸΞΡΛΤΙΟΝΕδ
2293 295 2614 355 BALDUINI

3662 303 3780 361 11ιῖ

545 413 669 468 bene
686 415 924 487 judicem
951 425 1137 470 temere
1159 415 1455 487 appellasti.
1491 414 1599 471 Sed
1622 414 1670 470 si
1687 414 1868 470 dicere
1891 429 1996 470 non
2022 428 2137 484 pos-
2163 420 2219 480 Α
2242 429 2344 470 nus
2383 415 2452 469 ab
2483 415 2549 470 iis
2576 429 2761 470 rursus
2790 413 3069 470 absolutus
3113 413 3296 481 fuerit,
3325 428 3432 470 non
3459 421 3626 472 tamen
3651 420 3782 488 quieo

550 523 739 564 sumus
793 517 917 563 tunc
965 508 1373 564 Constantinum
1402 506 1472 563 de
1505 507 1605 563 hac
1650 507 2015 579 appellatione
2051 521 2144 562 co-

551 601 982 672 gnovissejatque
1005 601 1276 672 iudicasse
1298 645 1312 670 ,
1345 617 1603 674 quorsum
1630 603 1678 658 ei
1707 601 2144 658 adscriberemus

552 694 836 749 formulam
867 698 1174 764 sententiae,
1223 711 1327 766 qua
1369 696 1732 765 pronuntiarit
1784 697 1982 765 injuste
2019 710 2144 751 esse

552 787 920 857 appellatum?
961 791 1120 845 Certe
1168 799 1289 844 cum
1339 799 1525 860 postea
1569 790 1782 845 tandem
1811 797 2034 844 coactus
2061 799 2145 844 est

548 879 812 948 judicare.
841 881 1000 952 longe
1035 883 1155 936 aliis
1183 897 1305 937 eum
1334 882 1513 937 verbis
1540 896 1697 936 usum
1729 896 1851 936 esse
1882 881 2143 952 Augusti-

555 986 656 1025 nus
685 973 838 1026 testis
867 981 972 1026 est.
1015 972 1246 1042 Optatus
1287 974 1505 1042 quidem
1558 989 1664 1028 non
1720 973 1967 1028 meminit
2011 974 2148 1028 alio-

555 1077 674 1116 rum
735 1061 978 1131 judicum
1040 1063 1236 1118 iterum
1300 1064 1585 1129 datorum;
1637 1064 1732 1118 sed
1793 1063 2147 1120 nihilominus

556 1153 811 1220 exsultas,
845 1155 968 1224 quia
1013 1155 1110 1226 (ut
1139 1155 1255 1226 ais)
1280 1155 1991 1226 ConstantinnsjArelatensi
2033 1155 2149 1225 epi-

553 1262 720 1317 scopo
785 1247 1133 1303 demandavit
1195 1249 1452 1318 judicium
1527 1248 1686 1319 hujus
1745 1248 2143 1318 appellationis.

555 1339 708 1396 Itane
735 1340 904 1396 vero?
943 1343 1101 1411 Atqui
1136 1342 1223 1397 hic
1252 1342 1585 1397 Arelatensis
1626 1343 1738 1411 jam
1778 1349 1935 1395 antea
1982 1341 2148 1410 judex

557 1430 732 1485 fuerat
773 1447 895 1486 cum
946 1433 1226 1489 Miltiade?
1257 1449 1324 1488 an
1368 1435 1436 1488 ab
1489 1434 1679 1490 eodem
1727 1434 1869 1488 idem
1909 1433 2149 1503 appella-

557 1526 684 1580 tur?
712 1541 780 1581 au
817 1528 909 1597 qui
939 1528 1224 1596 judicavit,
1259 1530 1455 1584 iterum
1487 1532 1592 1586 erit
1621 1529 1784 1599 judex
1832 1529 2150 1600 appellatio-

555 1617 678 1672 nis?
704 1617 843 1684 Quid
874 1629 1090 1674 nostras
1114 1621 1264 1691 leges
1291 1623 1602 1692 opponam?
1631 1623 1744 1691 ipse
1783 1636 1976 1677 sensus
2002 1637 2151 1676 com-

554 1710 734 1765 munis
781 1712 888 1766 tale
935 1721 1246 1783 portentum
1298 1715 1514 1770 refellit.
1547 1715 1617 1769 At
1661 1715 2020 1784 Augustinum
2071 1722 2152 1770 te-

2246 509 2392 564 visse
2433 509 2770 573 Donatistas,
2819 509 2911 580 qui
2958 523 3063 564 non
3115 508 3279 563 alium
3323 523 3483 580 quam
3523 506 3789 568 Constanti-

2247 615 2376 654 num
2431 599 2679 670 accipere
2722 599 2960 670 judicem
3001 598 3255 655 volebant
3289 600 3398 655 :ita
3455 599 3694 670 quidem,
3744 613 3793 658 ut

2247 693 2658 755 Constantinus.
2687 694 2780 764 qui
2807 693 3072 750 hactenus
3100 693 3204 748 hoc
3229 691 3487 762 judicium
3523 693 3613 750 abs
3637 708 3692 751 se
3715 711 3792 752 re-

2242 782 2451 853 jecerat
2506 783 2572 838 ad
2620 783 2939 854 episcopos,
2987 783 3202 838 tandem
3255 783 3304 837 id
3355 783 3658 853 susceperit.
3702 785 3796 841 Sed

2249 874 2735 930 extraordinarium
2760 875 2862 929 hoc
2884 874 3191 945 exemplum
3220 873 3380 929 fuisse
3406 916 3421 939 ,
3453 873 3588 944 quod
3613 879 3693 944 (ut
3716 891 3798 930 no-

2249 968 2349 1022 stri
2389 968 2722 1040 loquuntur)
2751 968 2818 1023 ad
2855 971 3297 1039 consequentiam
3326 967 3462 1022 trahi
3492 983 3593 1023 non
3631 970 3799 1039 possit,

2251 1076 2453 1128 negare
2491 1077 2596 1116 non
2642 1076 2830 1132 posses
2866 1080 2880 1116 :
2916 1077 3090 1132 neque
3135 1061 3387 1117 ferendus
3431 1063 3518 1127 sit,
3573 1063 3656 1134 qui
3695 1077 3801 1132 pro-

2251 1163 2434 1223 pterea
2468 1155 2674 1210 diceret
2700 1155 3112 1210 Constantinum
3159 1155 3211 1208 in
3252 1155 3427 1210 causis
3455 1155 3804 1212 ecclesiasticis

2251 1246 2586 1314 superiorem
2621 1245 2788 1302 fuisse
2813 1256 2866 1302 et
2890 1247 3162 1316 episcopis
3190 1256 3246 1303 et
3271 1247 3532 1303 conciliis.
3561 1247 3668 1304 lmo
3693 1263 3803 1304 vero

2254 1337 2372 1406 ipse
2399 1337 2630 1408 ingenue
2661 1347 2991 1408 protestatus
3021 1348 3106 1394 est
3144 1353 3268 1394 sese
3309 1340 3359 1394 in
3409 1340 3473 1394 iis
3525 1340 3683 1394 multo
3701 1354 3806 1396 esse

2254 1428 2592 1494 inferiorem,
2625 1441 2679 1484 et
2708 1431 2847 1486 hanc
2891 1447 2920 1484 a
2971 1432 3237 1502 principio
3265 1431 3561 1486 detestatus
3610 1440 3688 1486 est
3729 1447 3808 1501 ap-

2254 1523 2642 1593 pellationem,
2685 1533 2740 1579 et
2789 1524 2993 1581 interea
3050 1527 3096 1580 si
3146 1527 3507 1597 cognitionem
3565 1525 3810 1595 suscipere

2253 1618 2470 1672 tandem
2506 1627 2727 1674 coactus
2753 1627 2856 1685 est,
2890 1621 2961 1673 ita
2997 1620 3258 1690 suscepit,
3287 1630 3344 1674 ut
3373 1627 3554 1689 postea
3578 1634 3608 1673 a
3636 1619 3811 1674 sanctis

2253 1710 2587 1765 antistitibus
2612 1710 2822 1766 veniam
2851 1711 3139 1782 petiturus,
3183 1712 3337 1767 sicuti
3384 1711 3700 1782 Augustinus
3730 1712 3811 1765 ait.

557 1814 694 1861 stem
744 1805 899 1861 citas.
945 1807 1204 1876 Accipio:
1235 1807 1364 1876 quid
1412 1807 1546 1862 ille?
1573 1807 1627 1860 in
1671 1807 1762 1862 illa
1807 1807 1944 1878 ipsa.
1989 1821 2148 1874 quam
2182 1805 2227 1864 Β
2256 1799 2439 1871 Neque
2481 1812 2656 1858 tamen
2709 1818 2906 1858 novum
2955 1803 3166 1870 fuisset,
3195 1803 3239 1860 si
3268 1820 3373 1859 non
3415 1810 3710 1858 recusasset
3739 1814 3814 1855 co-

556 1897 765 1964 laudas,
805 1898 1068 1966 epistola,
1110 1907 1318 1953 tantum
1358 1899 1432 1952 ait
1485 1896 1896 1953 Constantinum
1924 1911 2150 1953 curasse

557 1996 699 2066 apud
730 1997 1008 2052 Arelatum
1057 1997 1305 2052 eamdem
1347 2011 1564 2052 causam
1615 1995 2029 2051 examinandam
2070 2004 2151 2049 at-

557 2103 662 2158 que
696 2088 1130 2144 terminandam:
1167 2099 1224 2145 et
1264 2089 1482 2144 dedisse
1527 2089 1643 2158 (sic
1688 2090 1831 2143 enim
1874 2088 2149 2160 loquitur)

559 2180 704 2234 aliud
751 2180 1013 2251 judicium
1068 2181 1408 2248 Arelatense,
1455 2180 1688 2236 aliorum
1730 2181 2146 2250 episcoporum:

558 2288 664 2326 non
696 2273 818 2340 quia
843 2272 955 2342 jam
988 2286 1212 2327 necesse
1253 2280 1371 2328 erat
1394 2313 1409 2339 ,
1443 2272 1539 2327 sed
1587 2273 1985 2326 Donatistarum
2030 2287 2152 2341 per-

559 2365 908 2421 vcrsitatibns
959 2365 1271 2431 cedentem;
1337 2374 1394 2421 et
1457 2364 1772 2420 omnimodo
1843 2365 2151 2434 cupientem

559 2467 760 2512 tantam
805 2458 1194 2529 impudentiam
1233 2459 1510 2515 cohibere.
1539 2459 1621 2515 Ex
1671 2459 1758 2515 his
1790 2469 1942 2516 certe
1969 2460 2154 2515 verbis

561 2551 843 2622 Augustini
880 2551 1120 2622 intelligo
1167 2552 1586 2607 Constantinum
1627 2551 2018 2621 importunitati
2049 2551 2155 2606 Do-

557 2645 876 2701 natistarum
917 2654 1068 2700 extra
1113 2646 1362 2703 ordinem
1403 2647 1772 2713 concessisse,
1820 2646 1964 2716 quod
2013 2645 2155 2717 juris

557 2739 820 2794 ordinarii
869 2737 1037 2794 fuisse
1065 2738 1239 2794 videri
1272 2739 1398 2793 vis:
1439 2747 1494 2794 et
1533 2747 1712 2793 tamen
1753 2752 1876 2794 cum
1920 2738 2154 2793 aliorum

541 2834 931 2903 episcoporum
955 2831 1216 2901 judicium
1247 2847 1371 2888 esse
1411 2831 1588 2896 audis,
1644 2831 1775 2886 illud
1833 2847 1940 2886 non
1987 2831 2154 2886 fuisse

556 2925 794 2996 episcopi
850 2924 1189 2980 Arelatensis
1229 2924 1486 2994 colligere
1522 2922 1808 2978 debueras.
1861 2922 2000 2991 Quid
2056 2922 2154 2993 igi-

557 3017 1045 3071 turiconvenerat
1091 3016 1297 3072 Arelati
1347 3015 1583 3087 synodus
1625 3014 1986 3085 complurium
2034 3015 2152 3084 epi-

558 3123 848 3180 scaporum
868 3151 883 3175 ,
917 3119 976 3164 ut
1003 3108 1072 3164 de
1099 3109 1285 3163 multis
1325 3109 1502 3163 causis
1530 3107 1915 3164 ecclesiasticis
1938 3107 2150 3176 judica-

2255 1907 2518 1962 gnoscere
2564 1893 2634 1949 de
2670 1910 2732 1950 ea
2779 1895 2971 1952 saltem
3014 1897 3312 1966 qumstione
3359 1895 3506 1962 facti,
3536 1909 3652 1964 qute
3687 1895 3735 1948 in
3763 1906 3815 1948 ea

2256 2000 2471 2057 quoque
2516 2003 2676 2042 causa
2722 1990 2964 2044 suberat.
3011 1989 3146 2046 Nam
3193 1999 3247 2046 et
3275 2006 3436 2060 quam
3482 1989 3691 2045 Atiliano
3714 2002 3819 2059 pro-

2256 2079 2465 2132 consuli
2495 2080 2790 2149 mandavit,
2811 2082 2932 2151 jure
2957 2097 3056 2137 suo
3085 2093 3296 2153 poterat
3322 2084 3618 2154 suscipere.
3634 2081 3820 2151 Quaere-

2258 2169 2414 2224 batur
2460 2185 2527 2224 an
2578 2169 2762 2237 Felix,
2808 2175 2896 2243 qui
2946 2174 3296 2230 ordinaverat
3346 2175 3718 2239 Caecilianum,
3751 2172 3820 2227 vel

2258 2258 2373 2329 ipse
2403 2275 2618 2333 quoque
2647 2263 2988 2328 Caecilianus,
3019 2267 3210 2323 luisset
3247 2268 3504 2334 traditor,
3529 2279 3584 2322 ut
3611 2278 3726 2322 tunc
3757 2265 3822 2320 lo-

2257 2352 2518 2422 quebatur
2544 2370 2557 2407 :
2590 2354 2693 2411 hoc
2721 2365 2824 2422 est,
2860 2371 2928 2412 an
2956 2356 3274 2415 Diocletiani
3294 2363 3426 2432 ,‘qui
3454 2361 3690 2417 edixerat
3713 2358 3824 2412 abo-

2258 2440 2444 2498 lendas
2471 2459 2594 2500 esse
2621 2460 2804 2502 sacras
2846 2447 3058 2505 litteras
3104 2448 3541 2508 Christianorum
3566 2495 3580 2516 ,
3607 2449 3825 2507 satelliti-

2257 2533 2360 2590 bus
2399 2545 2562 2608 atque
2603 2539 3020 2610 inquisitoribus
3059 2544 3375 2602 tradidisset
3422 2561 3610 2601 earum
3640 2543 3831 2599 codices

2257 2639 2656 2685 sacrosanctos.
2707 2631 3044 2702 Quicumque
3104 2635 3320 2692 tandem
3393 2637 3468 2692 sit
3527 2636 3686 2707 judcx
3729 2635 3828 2704 ejus

2257 2723 2597 2790 qumstionis,
2624 2725 2757 2780 nihil
2781 2726 3020 2783 detrahit
3041 2729 3417 2799 jurisdictioni
3445 2730 3826 2788 ecclesiasticae.

2328 2812 2465 2880 Quia
2515 2815 2796 2872 historiam
2837 2834 2942 2874 non
2996 2819 3180 2876 scribo
3204 2862 3220 2887 ,
3251 2821 3350 2878 sed
3381 2823 3623 2879 breviter
3651 2829 3827 2877 tantum

2259 2907 2392 2963 illud
2425 2909 2640 2976 indico,
2664 2911 2807 2982 quod
2842 2928 2949 2969 non
2981 2914 3114 2970 satis
3149 2915 3430 2973 videbaris
3457 2917 3760 2973 observasse
3785 2913 3830 2967 in

2257 2997 2361 3052 hac
2391 2998 2654 3068 historia,
2689 3017 2833 3058 nunc
2875 3018 2982 3059 non
3030 3007 3308 3062 immorer.
3367 3007 3508 3063 Nam
3555 3015 3609 3062 et
3652 3004 3714 3060 de
3752 3016 3832 3072 ap-

2259 3091 2636 3160 pellationibus
2693 3097 3120 3165 ecclesiasticis,
3185 3114 3252 3154 an
3314 3100 3468 3172 quod
3526 3097 3833 3158 Sardicensis

558 3211 662 3258 ret.
698 3202 843 3258 Inter
871 3216 1007 3270 quos
1035 3201 1279 3272 plerique
1305 3202 1464 3256 etiam
1494 3209 1651 3256 erant
1671 3241 1685 3266 ,
1714 3200 1806 3272 qui
1833 3209 1990 3256 antea
2028 3214 2146 3255 cum

2259 3185 2512 3256 Synodus
2561 3187 2829 3253 decrevit.
2862 3189 3166 3246 decreverit
3194 3201 3357 3248 antea
3399 3208 3619 3264 quoque
3645 3190 3832 3246 Nicena

556 3291 796 3348 Miltiade
848 3292 1038 3348 Romae
1093 3293 1402 3362 judicarant
1458 3291 1526 3346 de
1591 3291 1822 3346 Donato.
1882 3290 2154 3347 Constan-

557 3384 705 3438 tinus
746 3386 846 3439 hac
892 3384 1181 3440 occasione
1232 3399 1384 3448 usus,
1433 3391 1496 3437 ut
1544 3382 1682 3438 nihil
1723 3397 1827 3437 non
1857 3381 2065 3438 faceret
2083 3383 2152 3438 ad

562 3474 1000 3530 contundendam
1045 3475 1443 3529 Donatistarum
1475 3474 1832 3544 pervicaciam
1857 3517 1872 3540 ,
1913 3489 2022 3529 non
2065 3491 2153 3531 re-

554 3565 766 3620 cusavit
791 3578 886 3619 cos
915 3563 1108 3618 iterum
1141 3563 1313 3618 audiri
1338 3565 1390 3616 in
1419 3565 1510 3618 tali
1541 3563 1780 3634 Synodo.
1829 3564 1940 3619 Cur
1989 3565 2152 3621 mira-

558 3658 636 3713 ris
669 3656 966 3713 Miltiadem
993 3657 1094 3712 hoc
1123 3672 1229 3711 non
1275 3654 1462 3711 nolle?
1490 3656 1600 3710 imo
1631 3671 1760 3712 vero
1788 3671 1889 3712 cur
1913 3657 2151 3714 aliirmas

554 3747 867 3818 episcopum
909 3748 1280 3804 Arelatensem
1303 3789 1318 3813 ,
1347 3747 1435 3817 qui
1459 3747 1569 3816 jam
1596 3745 1666 3802 de
1685 3763 1746 3802 ea
1769 3762 1935 3803 causa
1965 3748 2151 3805 Romae

550 3840 864 3910 judicarat,
913 3855 1036 3896 esse
1087 3841 1326 3910 judicem
1398 3841 1810 3910 appellationis?
1876 3857 1974 3897 cur
2042 3859 2149 3898 non

557 3931 740 4000 potius
784 3932 1030 4000 agnoscis
1087 3933 1250 3986 talem
1293 3931 1661 4000 cognitionem
1712 3934 1957 3989 relictam
2030 3937 2151 3991 aliis

555 4021 826 4092 episcopis
853 4021 1044 4087 fuisse,
1075 4023 1166 4093 qui
1196 4023 1388 4077 Romae
1422 4037 1544 4078 cum
1591 4023 1828 4079 Miltiade
1855 4035 2010 4079 antea
2042 4042 2149 4081 non

555 4113 895 4184 judicarant,
928 4113 1088 4169 sicuti
1115 4123 1332 4169 constat
1383 4115 1645 4183 plurimos
1687 4116 1822 4170 alios
1869 4115 2148 4172 Arelatum

553 4205 881 4260 convenisse
910 4208 962 4260 ἐκ
990 4205 1236 4283 διαφόρων
1257 4209 1343 4260 καὶ
1371 4207 1642 4278 ἀμυθήτων
1671 4207 1861 4276 τόπων,
1891 4219 1948 4262 ut
1977 4209 2152 4279 inquit

553 4297 672 4366 ipse
703 4294 1090 4351 Constantinus
1127 4300 1179 4352 in
1207 4312 1302 4351 sna
1335 4297 1562 4366 epistola
1604 4298 1670 4352 ad
1713 4297 2000 4354 Chrestum
2034 4301 2151 4371 epi-

551 4404 778 4459 scopum
809 4389 1206 4460 Syracusanum
1228 4431 1242 4456 ,
1272 4405 1382 4461 qua
1409 4406 1532 4446 eum
1563 4407 1630 4446 ex
1658 4391 1842 4448 Sicilia
1868 4403 2060 4450 evocat
2079 4393 2147 4450 ad

553 4483 699 4536 hunc
729 4491 1078 4537 conventum.
1109 4483 1224 4538 Mea
1253 4482 1470 4554 quidem
1498 4495 1668 4552 certe,
1709 4494 1768 4540 ut
1801 4486 1928 4552 scis,
1966 4489 2148 4558 priva-

2258 3277 2432 3349 (quod
2491 3279 2620 3334 olim
2669 3282 2968 3338 dubitatum
3016 3283 3071 3338 in
3129 3283 3313 3340 Africa
3363 3285 3511 3352 fuit,
3557 3295 3612 3342 et
3660 3295 3711 3340 tu
3751 3296 3836 3338 ne-

2255 3385 2370 3441 gas,
2393 3371 2726 3430 Athanasius
2748 3391 2880 3433 vero
2915 3377 3195 3452 afﬁrmat),
3225 3385 3279 3430 et
3309 3396 3568 3453 quasnam
3599 3388 3836 3436 transmao

2256 3465 2390 3520 rina:
2444 3469 2862 3535 provocationes
2931 3471 3240 3526 Milevitano
3318 3473 3563 3528 concilio
3623 3465 3838 3525 inhibita

2255 3556 2398 3624 sint,
2429 3572 2738 3628 qumremus
2777 3561 2932 3627 alias,
2964 3576 3086 3617 cum
3117 3563 3292 3620 voles.
3341 3565 3492 3621 Sunt
3538 3563 3679 3618 enim
3721 3557 3837 3612 tales

2255 3649 2582 3716 quaestiones
2637 3650 2911 3707 historica:
2939 3663 2996 3709 et
3034 3669 3141 3709 non
3169 3655 3409 3724 odiosm,
3442 3665 3500 3712 et
3528 3654 3626 3710 abs
3642 3655 3756 3722 jure
3775 3647 3838 3704 ci-

2254 3738 2346 3793 vili
2375 3753 2480 3794 non
2513 3741 2829 3810 abhorrent,
2857 3759 2962 3798 non
3011 3759 3169 3801 secus
3198 3756 3370 3818 atque
3394 3744 3738 3803 sidicendum
3759 3740 3834 3801 sit,

2255 3828 2382 3885 olim
2413 3831 2630 3903 quidem
2663 3849 2727 3888 ex
2771 3835 2950 3890 Alt-ica
3001 3837 3053 3891 in
3094 3840 3278 3894 causis
3323 3840 3585 3895 civilibus
3628 3831 3840 3906 appella-

2257 3935 2368 3981 tum
2430 3927 2741 3998 pra-fectum
2799 3933 3052 4000 przetorio
3096 3931 3265 3987 Italia:
3334 3933 3513 3990 fuisse
3557 3951 3570 3986 :
3620 3938 3837 3986 nostrum

2256 4035 2386 4075 vero
2405 4020 2763 4077 Iustinianum
2795 4023 3035 4081 Africam
3073 4026 3142 4082 ab
3181 4026 3285 4083 hac
3318 4029 3647 4099 prmfectura
3676 4033 3842 4098 prmio-

2255 4110 2404 4164 riana
2457 4111 2623 4167 Italia:
2672 4116 2974 4182 exemisse,
3029 4118 3190 4187 eique
3232 4120 3523 4189 propriam
3581 4115 3838 4189 pra-fectu-

2254 4217 2370 4257 ram
2412 4203 2648 4268 dedisse,
2681 4206 2781 4260 sub
2819 4208 2972 4278 cujus
3017 4209 3386 4280 dispositione
3427 4211 3532 4267 fuit
3573 4213 3729 4268 etiam
3756 4204 3842 4260 Nu-

2255 4297 2418 4351 midia
2475 4299 2631 4372 115
2681 4308 2736 4354 et
2775 4300 3061 4372 Byzacium
3092 4319 3105 4356 :
3142 4301 3443 4374 Byzacium
3472 4305 3615 4368 dico,
3641 4298 3772 4372 quod
3795 4305 3840 4350 et

2254 4385 2460 4443 Plinius
2487 4389 2541 4442 iu
2573 4389 2768 4445 Africa:
2791 4392 3102 4460 regionibus
3124 4405 3406 4465 numerat,
3434 4406 3492 4453 et
3510 4413 3541 4452 a
3577 4389 3842 4451 Donatistis

2253 4479 2591 4550 inquinatum
2641 4483 2804 4539 fuisse
2853 4485 3055 4540 iudicat
3101 4488 3489 4558 Augustinus,
3518 4489 3612 4559 qui
3644 4481 3840 4541 Donati-

551 4572 645 4627 tim
693 4572 828 4628 nihil
878 4573 1128 4638 interest,
1161 4574 1439 4630 Romanus
1468 4574 1815 4641 Arelatensi,
1855 4593 1922 4631 an
1953 4557 2147 4635 Arcla-
2170 4557 2228 4620 Β
2252 4582 2456 4628 statum
2495 4575 2892 4647 Byzacenorutn
2934 4557 3279 4635 meminitiin
3322 4581 3425 4637 lib.
3456 4557 3712 4638 de-Unit.
3755 4575 3843 4632 Ec-

550 4667 721 4723 tcnsis
753 4667 998 4724 Romano
1025 4668 1199 4739 major
1227 4669 1324 4734 sit,
1361 4670 1446 4724 vel
1471 4671 1601 4724 olim
1634 4668 1814 4724 fuerit.
1845 4669 2043 4726 Verum
2077 4689 2145 4729 ne

549 4761 802 4830 profanas
836 4763 1052 4832 quidem
1086 4761 1339 4818 historias
1370 4764 1608 4832 aspersis
1637 4763 1933 4818 mendaciis
1964 4765 2144 4836 inqui-

548 4855 665 4908 nari
703 4853 866 4909 homo
897 4857 1162 4924 ingenuus
1191 4870 1346 4924 aequo
1376 4855 1560 4909 animo
1603 4853 1760 4910 lerat.
1808 4855 2014 4911 Saltem
2065 4859 2143 4914 le-

547 4944 754 5014 gisses,
785 4961 904 5015 qua:
957 4960 1128 5015 nuper
1175 4956 1368 5000 nactus
1415 4959 1558 5011 sum,
1600 4954 1717 5000 acta
1762 4945 1906 5002 illius
1935 4948 2140 5021 Synodi

547 5036 902 5092 Arelatensis.
932 5036 1062 5092 Nam
1094 5038 1148 5094 in
1179 5037 1245 5092 iis
1276 5038 1503 5108 legisses
1525 5039 1901 5108 episcoporum
1933 5043 2138 5112 episto-

546 5129 655 5184 lam
677 5129 742 5183 ad
771 5129 1110 5201 Sylveslrum
1136 5132 1392 5188 Miltiadis
1421 5133 1626 5190 interea
1653 5133 1892 5190 defunc1i
1923 5150 2143 5193 succes-

545 5234 726 5276 sorem
757 5238 770 5275 :
795 5235 862 5276 ex
888 5222 1170 5292 quafacile
1198 5225 1580 5294 intellexisses,
1603 5240 1761 5295 quam
1788 5226 1864 5281 illi
1889 5241 2011 5284 sese
2033 5243 2138 5284 non

543 5314 801 5370 efferrent
828 5330 994 5386 supra
1019 5319 1314 5374 antistitem
1355 5319 1504 5376 urbis
1531 5337 1545 5373 :
1574 5321 1684 5375 imo
1711 5335 1840 5376 vero
1864 5337 2024 5392 quam
2053 5323 2139 5378 ni-

542 5405 618 5462 hil
650 5422 754 5462 non
788 5407 868 5462 illi
893 5407 1172 5464 deferrent
1220 5427 1234 5463 :
1273 5411 1632 5467 simul-etiam
1668 5427 1830 5483 quam
1857 5413 2013 5469 valde
2038 5429 2136 5469 vo-

539 5498 812 5566 luissent,
847 5499 936 5554 ille
965 5508 1023 5554 ut
1049 5499 1117 5554 iis
1163 5501 1370 5556 Arelati
1417 5503 1710 5571 prasidere
1752 5503 2036 5571 potuisset,
2088 5505 2135 5558 si

538 5589 712 5644 Roma
737 5589 1018 5646 discedere
1045 5607 1111 5646 eo
1133 5601 1380 5662 tempore
1399 5593 1679 5660 potuisset.
1711 5591 1952 5659 Denique
1973 5593 2134 5650 intel-

529 5681 758 5739 lexisses
794 5685 916 5740 illos
951 5683 1274 5739 convenisse
1323 5697 1431 5736 non
1473 5691 1694 5753 propter
1742 5699 1906 5738 unum
1954 5683 2129 5740 Dona-

539 5782 671 5830 tum.
714 5777 903 5834 Mirum
950 5787 1129 5836 autem
1159 5793 1172 5844 ;
1203 5785 1254 5833 te
1286 5785 1391 5833 non
1423 5774 1718 5842 addidisse;
1752 5777 1851 5834 etsi
1879 5775 2125 5835 Caecilia-

2253 4663 2386 4720 cles.
2418 4674 2474 4721 et
2502 4665 2870 4737 Epiphanius:
2897 4685 3222 4740 quamquam
3269 4674 3424 4744 apud
3456 4673 3603 4728 hunc
3629 4685 3726 4726 vox
3765 4666 3841 4721 illa

2251 4765 2506 4826 corrupta
2531 4759 2601 4813 sit
2634 4775 2648 4811 :
2684 4765 2744 4813 ut
2765 4766 2822 4814 et
2850 4775 3023 4829 nuper
3043 4759 3334 4818 Librarius
3365 4762 3596 4836 quidam
3638 4771 3754 4818 tuus
3785 4771 3841 4814 ex

2251 4846 2357 4903 isto
2386 4849 2618 4922 Byzacio
2645 4850 2822 4907 eﬂecit
2850 4851 3190 4923 Byzantium.

2322 4949 2436 5006 Non
2467 4952 2803 5008 institueram
2835 4953 2990 5024 plura
3018 4995 3034 5020 ,
3065 4969 3166 5011 nec
3187 4965 3306 5012 tam
3366 4959 3543 5015 multa
3597 4955 3798 5030 quidem
3825 4995 3838 5020 ν

2249 5057 2394 5098 nunc
2418 5043 2485 5098 ad
2514 5053 2565 5099 te
2599 5045 2858 5111 scribere,
2891 5047 2976 5101 vir
3000 5046 3363 5116 doctissime;
3419 5051 3522 5107 sed
3559 5061 3664 5106 tam
3684 5063 3740 5105 es
3759 5061 3842 5102 nu-

2244 5151 2342 5206 per
2366 5136 2436 5192 de
2461 5151 2548 5192 me
2573 5137 2799 5195 meritus
2827 5139 2985 5206 bene,
3017 5148 3076 5194 ut
3101 5156 3208 5196 non
3245 5146 3468 5213 possim
3502 5160 3610 5201 non
3633 5144 3844 5212 aliquam

2243 5227 2472 5298 gratiam
2502 5226 2740 5284 referre:
2774 5244 2950 5300 neque
2979 5240 3156 5287 tamen
3192 5232 3372 5290 aliam
3425 5251 3574 5292 nunc
3608 5246 3840 5306 possunt,

2243 5337 2406 5389 quam
2433 5323 2481 5376 si
2504 5323 2632 5392 quid
2657 5322 2793 5378 tales
2822 5321 3080 5380 historias
3109 5327 3375 5398 relegens
3421 5341 3685 5400 prteterea
3725 5326 3843 5384 forte

2240 5414 2575 5471 observarim
2608 5415 2752 5486 qttod
2799 5431 2905 5471 non
2935 5419 3178 5485 nescire,
3214 5429 3313 5475 tua
3349 5422 3598 5486 intersit,
3627 5424 3676 5476 id
3709 5417 3841 5475 fami-

2242 5505 2450 5563 liariter
2477 5506 2543 5561 ad
2571 5515 2622 5562 te
2651 5506 2904 5564 referam.
2929 5508 3043 5566 Nec
3073 5509 3234 5582 longe
3258 5513 3482 5570 abiero.
3519 5516 3636 5573 Etsi
3663 5508 3838 5571 Νίσωηί

2240 5601 2456 5656 concilii
2486 5600 2653 5672 magis
2683 5617 2845 5672 quam
2875 5601 3023 5659 illius
3046 5606 3402 5662 Arelatensis
3433 5619 3558 5665 acta
3586 5609 3768 5680 legisse
3791 5613 3832 5656 ιο

2239 5693 2438 5758 sciam;
2471 5701 2648 5747 tamen
2679 5695 2848 5749 miror
2876 5703 3028 5750 tanto
3053 5696 3226 5768 magis
3273 5708 3331 5755 te
3356 5701 3613 5759 scribere
3641 5745 3656 5769 ,
3698 5698 3830 5768 idque

2237 5781 2288 5841 iu
2320 5789 2406 5841 tua
2432 5784 2728 5845 etiamnum
2754 5786 3114 5858 institutione,
3143 5787 3530 5852 Athanasium
3558 5796 3612 5852 in
3631 5805 3693 5852 eo
3713 5799 3824 5846 eon-
