  <div class='ocr_page' id='page_1' title='image "/cluster/home/n/w/nwhite01/storage/ocr_20150623/11/hvd.32044096580402/574.png"; bbox 0 0 4152 6166; ppageno 0'>
   <div class='ocr_carea' id='block_1_1' title="bbox 287 273 417 329">
    <p class='ocr_par' dir='ltr' id='par_1_1' title="bbox 287 273 417 329">
     <span class='ocr_line' id='line_1_1' title="bbox 287 273 417 329; baseline -0.015 0"><span class='ocrx_word' id='word_1_1' title='bbox 287 273 417 329; x_wconf 65' lang='lat' dir='ltr'><strong>HIS</strong></span> 
     </span>
    </p>
   </div>
   <div class='ocr_carea' id='block_1_2' title="bbox 1372 223 2493 324">
    <p class='ocr_par' dir='ltr' id='par_1_2' title="bbox 1372 223 2493 324">
     <span class='ocr_line' id='line_1_2' title="bbox 1372 223 2493 324; baseline 0 -2"><span class='ocrx_word' id='word_1_2' title='bbox 1372 265 1468 322; x_wconf 84' lang='lat' dir='ltr'><strong>AD</strong></span> <span class='ocrx_word' id='word_1_3' title='bbox 1495 261 1763 321; x_wconf 72' lang='lat' dir='ltr'><strong>rntMAtt</strong></span> <span class='ocrx_word' id='word_1_4' title='bbox 1788 260 2170 322; x_wconf 82' lang='lat' dir='ltr'><strong>EDITIONEM</strong></span> <span class='ocrx_word' id='word_1_5' title='bbox 2201 223 2493 324; x_wconf 65' lang='lat' dir='ltr'><strong>carm.</strong></span> 
     </span>
    </p>
   </div>
   <div class='ocr_carea' id='block_1_3' title="bbox 3496 279 3638 340">
    <p class='ocr_par' dir='ltr' id='par_1_3' title="bbox 3496 279 3638 340">
     <span class='ocr_line' id='line_1_3' title="bbox 3496 279 3638 340; baseline 0.042 -6"><span class='ocrx_word' id='word_1_6' title='bbox 3496 279 3638 340; x_wconf 74' lang='lat' dir='ltr'><strong>HM</strong></span> 
     </span>
    </p>
   </div>
   <div class='ocr_carea' id='block_1_4' title="bbox 285 379 3638 463">
    <p class='ocr_par' dir='ltr' id='par_1_4' title="bbox 285 379 3638 463">
     <span class='ocr_line' id='line_1_4' title="bbox 285 379 3638 463; baseline 0.003 -22"><span class='ocrx_word' id='word_1_7' title='bbox 285 388 403 442; x_wconf 84' lang='lat' dir='ltr'><strong>cilio</strong></span> <span class='ocrx_word' id='word_1_8' title='bbox 434 385 783 455; x_wconf 79' lang='lat' dir='ltr'><strong>praesedisse,</strong></span> <span class='ocrx_word' id='word_1_9' title='bbox 815 393 979 456; x_wconf 90' lang='lat' dir='ltr'><strong>teque</strong></span> <span class='ocrx_word' id='word_1_10' title='bbox 1004 393 1323 456; x_wconf 71' lang='lat' dir='ltr'><strong>promet-ea,</strong></span> <span class='ocrx_word' id='word_1_11' title='bbox 1370 382 1542 436; x_wconf 89' lang='lat' dir='ltr'><strong>etiam</strong></span> <span class='ocrx_word' id='word_1_12' title='bbox 1600 393 1787 434; x_wconf 87' lang='lat' dir='ltr'><strong>rursus</strong></span> <span class='ocrx_word' id='word_1_13' title='bbox 1816 379 1901 432; x_wconf 88' lang='lat' dir='ltr'><strong>in-</strong></span> <span class='ocrx_word' id='word_1_14' title='bbox 1927 380 1978 439; x_wconf 84' lang='grc' dir='ltr'>Λ</span> <span class='ocrx_word' id='word_1_15' title='bbox 2005 379 2190 434; x_wconf 81' lang='lat' dir='ltr'><strong>cilium</strong></span> <span class='ocrx_word' id='word_1_16' title='bbox 2221 379 2528 439; x_wconf 81' lang='lat' dir='ltr'><strong>Nicacnum.</strong></span> <span class='ocrx_word' id='word_1_17' title='bbox 2552 383 2746 441; x_wconf 89' lang='lat' dir='ltr'><strong>Testes</strong></span> <span class='ocrx_word' id='word_1_18' title='bbox 2777 387 2954 455; x_wconf 82' lang='lat' dir='ltr'><strong>magni</strong></span> <span class='ocrx_word' id='word_1_19' title='bbox 2985 397 3119 442; x_wconf 90' lang='lat' dir='ltr'><strong>sunt</strong></span> <span class='ocrx_word' id='word_1_20' title='bbox 3155 386 3518 463; x_wconf 77' lang='lat' dir='ltr'><strong>Athanasius,</strong></span> <span class='ocrx_word' id='word_1_21' title='bbox 3545 395 3638 453; x_wconf 55' lang='lat' dir='ltr'><strong>lli-</strong></span> 
     </span>
    </p>
   </div>
   <div class='ocr_carea' id='block_1_5' title="bbox 289 471 1900 549">
    <p class='ocr_par' dir='ltr' id='par_1_5' title="bbox 289 471 1900 549">
     <span class='ocr_line' id='line_1_5' title="bbox 289 471 1900 549; baseline -0.006 -14"><span class='ocrx_word' id='word_1_22' title='bbox 289 479 487 536; x_wconf 89' lang='lat' dir='ltr'><strong>sultare</strong></span> <span class='ocrx_word' id='word_1_23' title='bbox 515 477 782 549; x_wconf 88' lang='lat' dir='ltr'><strong>episcopo</strong></span> <span class='ocrx_word' id='word_1_24' title='bbox 805 478 1078 534; x_wconf 84' lang='lat' dir='ltr'><strong>Romano.</strong></span> <span class='ocrx_word' id='word_1_25' title='bbox 1108 477 1229 534; x_wconf 93' lang='lat' dir='ltr'><strong>Scis</strong></span> <span class='ocrx_word' id='word_1_26' title='bbox 1272 488 1400 531; x_wconf 90' lang='lat' dir='ltr'><strong>mea</strong></span> <span class='ocrx_word' id='word_1_27' title='bbox 1432 487 1545 527; x_wconf 90' lang='lat' dir='ltr'><strong>non</strong></span> <span class='ocrx_word' id='word_1_28' title='bbox 1583 471 1852 526; x_wconf 86' lang='lat' dir='ltr'><strong>interesse</strong></span> <span class='ocrx_word' id='word_1_29' title='bbox 1885 512 1900 536; x_wconf 95' lang='lat'><strong>,</strong></span> 
     </span>
    </p>
   </div>
   <div class='ocr_carea' id='block_1_6' title="bbox 286 561 1900 640">
    <p class='ocr_par' dir='ltr' id='par_1_6' title="bbox 286 561 1900 640">
     <span class='ocr_line' id='line_1_6' title="bbox 286 561 1900 640; baseline -0.007 -13"><span class='ocrx_word' id='word_1_30' title='bbox 286 584 462 629; x_wconf 88' lang='lat' dir='ltr'><strong>verum</strong></span> <span class='ocrx_word' id='word_1_31' title='bbox 501 569 572 624; x_wconf 92' lang='lat' dir='ltr'><strong>sit</strong></span> <span class='ocrx_word' id='word_1_32' title='bbox 615 577 716 624; x_wconf 90' lang='lat' dir='ltr'><strong>aut</strong></span> <span class='ocrx_word' id='word_1_33' title='bbox 743 583 849 625; x_wconf 93' lang='lat' dir='ltr'><strong>non</strong></span> <span class='ocrx_word' id='word_1_34' title='bbox 891 569 963 626; x_wconf 87' lang='lat' dir='ltr'><strong>sit</strong></span> <span class='ocrx_word' id='word_1_35' title='bbox 983 568 1128 640; x_wconf 87' lang='lat' dir='ltr'><strong>quod</strong></span> <span class='ocrx_word' id='word_1_36' title='bbox 1158 581 1368 624; x_wconf 89' lang='lat' dir='ltr'><strong>narras.</strong></span> <span class='ocrx_word' id='word_1_37' title='bbox 1398 562 1512 619; x_wconf 86' lang='lat' dir='ltr'><strong>Sed</strong></span> <span class='ocrx_word' id='word_1_38' title='bbox 1538 561 1900 618; x_wconf 84' lang='lat' dir='ltr'><strong>Athanasium</strong></span> 
     </span>
    </p>
   </div>
   <div class='ocr_carea' id='block_1_7' title="bbox 291 654 1901 718">
    <p class='ocr_par' dir='ltr' id='par_1_7' title="bbox 291 654 1901 718">
     <span class='ocr_line' id='line_1_7' title="bbox 291 654 1901 718; baseline -0.007 0"><span class='ocrx_word' id='word_1_39' title='bbox 291 671 405 718; x_wconf 89' lang='lat' dir='ltr'><strong>tunc</strong></span> <span class='ocrx_word' id='word_1_40' title='bbox 433 659 591 715; x_wconf 83' lang='lat' dir='ltr'><strong>valde</strong></span> <span class='ocrx_word' id='word_1_41' title='bbox 621 660 1029 718; x_wconf 81' lang='lat' dir='ltr'><strong>adolescentem</strong></span> <span class='ocrx_word' id='word_1_42' title='bbox 1061 671 1117 717; x_wconf 90' lang='lat' dir='ltr'><strong>et</strong></span> <span class='ocrx_word' id='word_1_43' title='bbox 1145 669 1346 715; x_wconf 91' lang='lat' dir='ltr'><strong>tantum</strong></span> <span class='ocrx_word' id='word_1_44' title='bbox 1393 654 1569 711; x_wconf 88' lang='lat' dir='ltr'><strong>fuisse</strong></span> <span class='ocrx_word' id='word_1_45' title='bbox 1607 655 1901 710; x_wconf 89' lang='lat' dir='ltr'><strong>diaconum</strong></span> 
     </span>
    </p>
   </div>
   <div class='ocr_carea' id='block_1_8' title="bbox 290 748 1900 822">
    <p class='ocr_par' dir='ltr' id='par_1_8' title="bbox 290 748 1900 822">
     <span class='ocr_line' id='line_1_8' title="bbox 290 748 1900 822; baseline -0.009 -9"><span class='ocrx_word' id='word_1_46' title='bbox 290 769 471 813; x_wconf 88' lang='lat' dir='ltr'><strong>omnes</strong></span> <span class='ocrx_word' id='word_1_47' title='bbox 496 754 749 809; x_wconf 71' lang='lat' dir='ltr'><strong>historiae</strong></span> <span class='ocrx_word' id='word_1_48' title='bbox 772 765 1011 810; x_wconf 89' lang='lat' dir='ltr'><strong>narrant.</strong></span> <span class='ocrx_word' id='word_1_49' title='bbox 1041 754 1207 822; x_wconf 80' lang='lat' dir='ltr'><strong>Quale</strong></span> <span class='ocrx_word' id='word_1_50' title='bbox 1247 765 1381 807; x_wconf 89' lang='lat' dir='ltr'><strong>vero</strong></span> <span class='ocrx_word' id='word_1_51' title='bbox 1430 748 1652 802; x_wconf 85' lang='lat' dir='ltr'><strong>tandem</strong></span> <span class='ocrx_word' id='word_1_52' title='bbox 1711 757 1767 802; x_wconf 94' lang='lat' dir='ltr'><strong>tu</strong></span> <span class='ocrx_word' id='word_1_53' title='bbox 1800 761 1900 800; x_wconf 85' lang='lat' dir='ltr'><strong>no-</strong></span> 
     </span>
    </p>
   </div>
   <div class='ocr_carea' id='block_1_9' title="bbox 292 839 1901 916">
    <p class='ocr_par' dir='ltr' id='par_1_9' title="bbox 292 839 1901 916">
     <span class='ocr_line' id='line_1_9' title="bbox 292 839 1901 916; baseline -0.007 -13"><span class='ocrx_word' id='word_1_54' title='bbox 292 847 370 904; x_wconf 90' lang='lat' dir='ltr'><strong>bis</strong></span> <span class='ocrx_word' id='word_1_55' title='bbox 389 845 679 902; x_wconf 85' lang='lat' dir='ltr'><strong>concilium</strong></span> <span class='ocrx_word' id='word_1_56' title='bbox 702 847 1004 916; x_wconf 92' lang='lat' dir='ltr'><strong>componis,</strong></span> <span class='ocrx_word' id='word_1_57' title='bbox 1038 850 1092 901; x_wconf 93' lang='lat' dir='ltr'><strong>in</strong></span> <span class='ocrx_word' id='word_1_58' title='bbox 1127 861 1234 916; x_wconf 92' lang='lat' dir='ltr'><strong>quo</strong></span> <span class='ocrx_word' id='word_1_59' title='bbox 1283 851 1415 899; x_wconf 91' lang='lat' dir='ltr'><strong>ante</strong></span> <span class='ocrx_word' id='word_1_60' title='bbox 1455 854 1654 895; x_wconf 91' lang='lat' dir='ltr'><strong>omnes</strong></span> <span class='ocrx_word' id='word_1_61' title='bbox 1684 839 1901 908; x_wconf 87' lang='lat' dir='ltr'><strong>episco-</strong></span> 
     </span>
    </p>
   </div>
   <div class='ocr_carea' id='block_1_10' title="bbox 297 929 1904 1011">
    <p class='ocr_par' dir='ltr' id='par_1_10' title="bbox 297 929 1904 1011">
     <span class='ocr_line' id='line_1_10' title="bbox 297 929 1904 1011; baseline -0.006 -18"><span class='ocrx_word' id='word_1_62' title='bbox 297 955 391 1011; x_wconf 87' lang='lat' dir='ltr'><strong>pos</strong></span> <span class='ocrx_word' id='word_1_63' title='bbox 416 947 471 994; x_wconf 92' lang='lat' dir='ltr'><strong>et</strong></span> <span class='ocrx_word' id='word_1_64' title='bbox 493 935 941 1009; x_wconf 87' lang='lat' dir='ltr'><strong>arcltiepiscopos</strong></span> <span class='ocrx_word' id='word_1_65' title='bbox 961 937 1174 1003; x_wconf 85' lang='lat' dir='ltr'><strong>sedeat,</strong></span> <span class='ocrx_word' id='word_1_66' title='bbox 1192 938 1389 1006; x_wconf 86' lang='lat' dir='ltr'><strong>cuique</strong></span> <span class='ocrx_word' id='word_1_67' title='bbox 1411 933 1578 988; x_wconf 90' lang='lat' dir='ltr'><strong>etiam</strong></span> <span class='ocrx_word' id='word_1_68' title='bbox 1607 929 1904 999; x_wconf 79' lang='lat' dir='ltr'><strong>praesideat</strong></span> 
     </span>
    </p>
   </div>
   <div class='ocr_carea' id='block_1_11' title="bbox 301 1021 1905 1099">
    <p class='ocr_par' dir='ltr' id='par_1_11' title="bbox 301 1021 1905 1099">
     <span class='ocr_line' id='line_1_11' title="bbox 301 1021 1905 1099; baseline -0.006 -13"><span class='ocrx_word' id='word_1_69' title='bbox 301 1030 614 1087; x_wconf 78' lang='lat' dir='ltr'><strong>adolescens</strong></span> <span class='ocrx_word' id='word_1_70' title='bbox 645 1029 948 1085; x_wconf 85' lang='lat' dir='ltr'><strong>diaconus?</strong></span> <span class='ocrx_word' id='word_1_71' title='bbox 981 1040 1038 1086; x_wconf 89' lang='lat' dir='ltr'><strong>et</strong></span> <span class='ocrx_word' id='word_1_72' title='bbox 1085 1045 1180 1085; x_wconf 92' lang='lat' dir='ltr'><strong>cur</strong></span> <span class='ocrx_word' id='word_1_73' title='bbox 1208 1043 1329 1084; x_wconf 91' lang='lat' dir='ltr'><strong>eum</strong></span> <span class='ocrx_word' id='word_1_74' title='bbox 1355 1021 1642 1099; x_wconf 83' lang='lat' dir='ltr'><strong>praeponis</strong></span> <span class='ocrx_word' id='word_1_75' title='bbox 1659 1037 1760 1078; x_wconf 90' lang='lat' dir='ltr'><strong>suo</strong></span> <span class='ocrx_word' id='word_1_76' title='bbox 1787 1023 1905 1092; x_wconf 92' lang='lat' dir='ltr'><strong>epi-</strong></span> 
     </span>
    </p>
   </div>
   <div class='ocr_carea' id='block_1_12' title="bbox 297 1112 1900 1195">
    <p class='ocr_par' dir='ltr' id='par_1_12' title="bbox 297 1112 1900 1195">
     <span class='ocr_line' id='line_1_12' title="bbox 297 1112 1900 1195; baseline -0.008 -14"><span class='ocrx_word' id='word_1_77' title='bbox 297 1140 456 1195; x_wconf 88' lang='lat' dir='ltr'><strong>sc0po</strong></span> <span class='ocrx_word' id='word_1_78' title='bbox 485 1123 1050 1180; x_wconf 75' lang='lat' dir='ltr'><strong>Alexandrino‘lNon</strong></span> <span class='ocrx_word' id='word_1_79' title='bbox 1093 1123 1272 1177; x_wconf 90' lang='lat' dir='ltr'><strong>minus</strong></span> <span class='ocrx_word' id='word_1_80' title='bbox 1297 1117 1542 1174; x_wconf 89' lang='lat' dir='ltr'><strong>insolens</strong></span> <span class='ocrx_word' id='word_1_81' title='bbox 1593 1121 1708 1180; x_wconf 80' lang='lat' dir='ltr'><strong>est,</strong></span> <span class='ocrx_word' id='word_1_82' title='bbox 1756 1112 1900 1184; x_wconf 91' lang='lat' dir='ltr'><strong>quod</strong></span> 
     </span>
    </p>
   </div>
   <div class='ocr_carea' id='block_1_13' title="bbox 296 1204 1897 1284">
    <p class='ocr_par' dir='ltr' id='par_1_13' title="bbox 296 1204 1897 1284">
     <span class='ocr_line' id='line_1_13' title="bbox 296 1204 1897 1284; baseline -0.011 -10"><span class='ocrx_word' id='word_1_83' title='bbox 296 1217 482 1274; x_wconf 87' lang='lat' dir='ltr'><strong>eodem</strong></span> <span class='ocrx_word' id='word_1_84' title='bbox 504 1216 626 1270; x_wconf 90' lang='lat' dir='ltr'><strong>loco</strong></span> <span class='ocrx_word' id='word_1_85' title='bbox 657 1231 852 1272; x_wconf 89' lang='lat' dir='ltr'><strong>narras</strong></span> <span class='ocrx_word' id='word_1_86' title='bbox 880 1256 896 1281; x_wconf 95' lang='lat'><strong>,</strong></span> <span class='ocrx_word' id='word_1_87' title='bbox 939 1215 1058 1284; x_wconf 87' lang='lat' dir='ltr'><strong>ejus</strong></span> <span class='ocrx_word' id='word_1_88' title='bbox 1106 1212 1320 1284; x_wconf 86' lang='lat' dir='ltr'><strong>quidem</strong></span> <span class='ocrx_word' id='word_1_89' title='bbox 1365 1204 1586 1266; x_wconf 90' lang='lat' dir='ltr'><strong>concilii</strong></span> <span class='ocrx_word' id='word_1_90' title='bbox 1632 1204 1897 1273; x_wconf 90' lang='lat' dir='ltr'><strong>decreto,</strong></span> 
     </span>
    </p>
   </div>
   <div class='ocr_carea' id='block_1_14' title="bbox 297 1295 1899 1380">
    <p class='ocr_par' dir='ltr' id='par_1_14' title="bbox 297 1295 1899 1380">
     <span class='ocr_line' id='line_1_14' title="bbox 297 1295 1899 1380; baseline -0.01 -16"><span class='ocrx_word' id='word_1_91' title='bbox 297 1308 518 1380; x_wconf 88' lang='lat' dir='ltr'><strong>primum</strong></span> <span class='ocrx_word' id='word_1_92' title='bbox 544 1307 698 1362; x_wconf 87' lang='lat' dir='ltr'><strong>inter</strong></span> <span class='ocrx_word' id='word_1_93' title='bbox 727 1304 1066 1377; x_wconf 83' lang='lat' dir='ltr'><strong>patriarchas</strong></span> <span class='ocrx_word' id='word_1_94' title='bbox 1121 1304 1298 1358; x_wconf 89' lang='lat' dir='ltr'><strong>locum</strong></span> <span class='ocrx_word' id='word_1_95' title='bbox 1342 1299 1598 1371; x_wconf 85' lang='lat' dir='ltr'><strong>episeopo</strong></span> <span class='ocrx_word' id='word_1_96' title='bbox 1649 1295 1899 1351; x_wconf 82' lang='lat' dir='ltr'><strong>Romano</strong></span> 
     </span>
    </p>
   </div>
   <div class='ocr_carea' id='block_1_15' title="bbox 297 1390 1896 1467">
    <p class='ocr_par' dir='ltr' id='par_1_15' title="bbox 297 1390 1896 1467">
     <span class='ocr_line' id='line_1_15' title="bbox 297 1390 1896 1467; baseline -0.009 -12"><span class='ocrx_word' id='word_1_97' title='bbox 297 1401 547 1456; x_wconf 90' lang='lat' dir='ltr'><strong>tributum</strong></span> <span class='ocrx_word' id='word_1_98' title='bbox 576 1412 711 1454; x_wconf 88' lang='lat' dir='ltr'><strong>esse</strong></span> <span class='ocrx_word' id='word_1_99' title='bbox 748 1439 763 1464; x_wconf 96' lang='lat'><strong>,</strong></span> <span class='ocrx_word' id='word_1_100' title='bbox 793 1397 888 1453; x_wconf 91' lang='lat' dir='ltr'><strong>sed</strong></span> <span class='ocrx_word' id='word_1_101' title='bbox 928 1396 1050 1467; x_wconf 87' lang='lat' dir='ltr'><strong>ejus</strong></span> <span class='ocrx_word' id='word_1_102' title='bbox 1075 1405 1256 1450; x_wconf 92' lang='lat' dir='ltr'><strong>tamen</strong></span> <span class='ocrx_word' id='word_1_103' title='bbox 1285 1394 1490 1462; x_wconf 77' lang='lat' dir='ltr'><strong>legatos</strong></span> <span class='ocrx_word' id='word_1_104' title='bbox 1532 1390 1587 1444; x_wconf 92' lang='lat' dir='ltr'><strong>in</strong></span> <span class='ocrx_word' id='word_1_105' title='bbox 1634 1401 1896 1443; x_wconf 88' lang='lat' dir='ltr'><strong>consessu</strong></span> 
     </span>
    </p>
   </div>
   <div class='ocr_carea' id='block_1_16' title="bbox 294 1480 1896 1561">
    <p class='ocr_par' dir='ltr' id='par_1_16' title="bbox 294 1480 1896 1561">
     <span class='ocr_line' id='line_1_16' title="bbox 294 1480 1896 1561; baseline -0.008 -13"><span class='ocrx_word' id='word_1_106' title='bbox 294 1506 411 1548; x_wconf 88' lang='lat' dir='ltr'><strong>esse</strong></span> <span class='ocrx_word' id='word_1_107' title='bbox 431 1490 674 1561; x_wconf 83' lang='lat' dir='ltr'><strong>rejectos</strong></span> <span class='ocrx_word' id='word_1_108' title='bbox 703 1491 754 1544; x_wconf 92' lang='lat' dir='ltr'><strong>in</strong></span> <span class='ocrx_word' id='word_1_109' title='bbox 772 1501 1019 1560; x_wconf 89' lang='lat' dir='ltr'><strong>quartum</strong></span> <span class='ocrx_word' id='word_1_110' title='bbox 1063 1489 1260 1542; x_wconf 90' lang='lat' dir='ltr'><strong>locum.</strong></span> <span class='ocrx_word' id='word_1_111' title='bbox 1287 1485 1392 1542; x_wconf 88' lang='lat' dir='ltr'><strong>Sed</strong></span> <span class='ocrx_word' id='word_1_112' title='bbox 1421 1494 1476 1539; x_wconf 90' lang='lat' dir='ltr'><strong>et</strong></span> <span class='ocrx_word' id='word_1_113' title='bbox 1521 1495 1722 1536; x_wconf 88' lang='lat' dir='ltr'><strong>novum</strong></span> <span class='ocrx_word' id='word_1_114' title='bbox 1765 1480 1896 1535; x_wconf 92' lang='lat' dir='ltr'><strong>illud</strong></span> 
     </span>
    </p>
   </div>
   <div class='ocr_carea' id='block_1_17' title="bbox 293 1570 1898 1656">
    <p class='ocr_par' dir='ltr' id='par_1_17' title="bbox 293 1570 1898 1656">
     <span class='ocr_line' id='line_1_17' title="bbox 293 1570 1898 1656; baseline -0.006 -18"><span class='ocrx_word' id='word_1_115' title='bbox 293 1593 394 1648; x_wconf 91' lang='lat' dir='ltr'><strong>est,</strong></span> <span class='ocrx_word' id='word_1_116' title='bbox 447 1581 592 1654; x_wconf 89' lang='lat' dir='ltr'><strong>quod</strong></span> <span class='ocrx_word' id='word_1_117' title='bbox 628 1583 746 1652; x_wconf 90' lang='lat' dir='ltr'><strong>ipsa</strong></span> <span class='ocrx_word' id='word_1_118' title='bbox 774 1580 1024 1653; x_wconf 84' lang='lat' dir='ltr'><strong>Synodus</strong></span> <span class='ocrx_word' id='word_1_119' title='bbox 1053 1581 1128 1634; x_wconf 88' lang='lat' dir='ltr'><strong>ait</strong></span> <span class='ocrx_word' id='word_1_120' title='bbox 1168 1578 1335 1634; x_wconf 85' lang='lat' dir='ltr'><strong>fuisse</strong></span> <span class='ocrx_word' id='word_1_121' title='bbox 1379 1579 1604 1656; x_wconf 78' lang='grc' dir='ltr'><strong>ἀρχαῖον</strong></span> <span class='ocrx_word' id='word_1_122' title='bbox 1649 1570 1761 1633; x_wconf 76' lang='grc' dir='ltr'><strong>ἔθος</strong></span> <span class='ocrx_word' id='word_1_123' title='bbox 1811 1578 1898 1629; x_wconf 83' lang='grc' dir='ltr'><strong>καὶ</strong></span> 
     </span>
    </p>
   </div>
   <div class='ocr_carea' id='block_1_18' title="bbox 296 1670 1893 1739">
    <p class='ocr_par' dir='ltr' id='par_1_18' title="bbox 296 1670 1893 1739">
     <span class='ocr_line' id='line_1_18' title="bbox 296 1670 1893 1739; baseline -0.006 -9"><span class='ocrx_word' id='word_1_124' title='bbox 296 1675 526 1739; x_wconf 74' lang='grc' dir='ltr'><strong>συνηθὲς,</strong></span> <span class='ocrx_word' id='word_1_125' title='bbox 583 1673 686 1727; x_wconf 88' lang='lat' dir='ltr'><strong>abs</strong></span> <span class='ocrx_word' id='word_1_126' title='bbox 716 1681 768 1728; x_wconf 89' lang='lat' dir='ltr'><strong>te</strong></span> <span class='ocrx_word' id='word_1_127' title='bbox 793 1673 898 1727; x_wconf 92' lang='lat' dir='ltr'><strong>dici</strong></span> <span class='ocrx_word' id='word_1_128' title='bbox 933 1713 948 1737; x_wconf 94' lang='lat'><strong>,</strong></span> <span class='ocrx_word' id='word_1_129' title='bbox 998 1672 1214 1727; x_wconf 91' lang='lat' dir='ltr'><strong>nonnisi</strong></span> <span class='ocrx_word' id='word_1_130' title='bbox 1247 1670 1314 1725; x_wconf 89' lang='lat' dir='ltr'><strong>ab</strong></span> <span class='ocrx_word' id='word_1_131' title='bbox 1342 1684 1405 1725; x_wconf 90' lang='lat' dir='ltr'><strong>ea</strong></span> <span class='ocrx_word' id='word_1_132' title='bbox 1439 1670 1719 1724; x_wconf 89' lang='lat' dir='ltr'><strong>decretum</strong></span> <span class='ocrx_word' id='word_1_133' title='bbox 1751 1679 1893 1720; x_wconf 90' lang='lat' dir='ltr'><strong>esse.</strong></span> 
     </span>
    </p>
   </div>
   <div class='ocr_carea' id='block_1_19' title="bbox 2007 471 3641 550">
    <p class='ocr_par' dir='ltr' id='par_1_19' title="bbox 2007 471 3641 550">
     <span class='ocr_line' id='line_1_19' title="bbox 2007 471 3641 550; baseline 0.013 -24"><span class='ocrx_word' id='word_1_134' title='bbox 2007 471 2197 538; x_wconf 90' lang='lat' dir='ltr'><strong>larius,</strong></span> <span class='ocrx_word' id='word_1_135' title='bbox 2223 471 2587 545; x_wconf 85' lang='lat' dir='ltr'><strong>Epiphanius,</strong></span> <span class='ocrx_word' id='word_1_136' title='bbox 2608 478 3008 548; x_wconf 79' lang='lat' dir='ltr'><strong>Nazianzenus,</strong></span> <span class='ocrx_word' id='word_1_137' title='bbox 3037 481 3300 550; x_wconf 87' lang='lat' dir='ltr'><strong>Basilius,</strong></span> <span class='ocrx_word' id='word_1_138' title='bbox 3330 485 3641 548; x_wconf 85' lang='lat' dir='ltr'><strong>Theodori-</strong></span> 
     </span>
    </p>
   </div>
   <div class='ocr_carea' id='block_1_20' title="bbox 2007 566 3643 645">
    <p class='ocr_par' dir='ltr' id='par_1_20' title="bbox 2007 566 3643 645">
     <span class='ocr_line' id='line_1_20' title="bbox 2007 566 3643 645; baseline 0.014 -24"><span class='ocrx_word' id='word_1_139' title='bbox 2007 574 2118 634; x_wconf 91' lang='lat' dir='ltr'><strong>tus,</strong></span> <span class='ocrx_word' id='word_1_140' title='bbox 2141 566 2399 626; x_wconf 89' lang='lat' dir='ltr'><strong>Socrates</strong></span> <span class='ocrx_word' id='word_1_141' title='bbox 2435 612 2451 638; x_wconf 98' lang='lat'><strong>,</strong></span> <span class='ocrx_word' id='word_1_142' title='bbox 2490 573 2583 644; x_wconf 90' lang='lat' dir='ltr'><strong>qui</strong></span> <span class='ocrx_word' id='word_1_143' title='bbox 2635 573 2868 629; x_wconf 90' lang='lat' dir='ltr'><strong>recitant</strong></span> <span class='ocrx_word' id='word_1_144' title='bbox 2907 573 3054 631; x_wconf 87' lang='lat' dir='ltr'><strong>hanc</strong></span> <span class='ocrx_word' id='word_1_145' title='bbox 3091 575 3385 634; x_wconf 79' lang='lat' dir='ltr'><strong>formulam</strong></span> <span class='ocrx_word' id='word_1_146' title='bbox 3438 597 3504 638; x_wconf 80' lang='lat' dir='ltr'><strong>ex</strong></span> <span class='ocrx_word' id='word_1_147' title='bbox 3546 585 3643 645; x_wconf 90' lang='lat' dir='ltr'><strong>illo</strong></span> 
     </span>
    </p>
   </div>
   <div class='ocr_carea' id='block_1_21' title="bbox 2006 660 3640 735">
    <p class='ocr_par' dir='ltr' id='par_1_21' title="bbox 2006 660 3640 735">
     <span class='ocr_line' id='line_1_21' title="bbox 2006 660 3640 735; baseline 0.014 -23"><span class='ocrx_word' id='word_1_148' title='bbox 2006 660 2276 714; x_wconf 88' lang='lat' dir='ltr'><strong>concilio:</strong></span> <span class='ocrx_word' id='word_1_149' title='bbox 2304 662 2503 733; x_wconf 90' lang='lat' dir='ltr'><strong>quibus</strong></span> <span class='ocrx_word' id='word_1_150' title='bbox 2523 679 2623 719; x_wconf 93' lang='lat' dir='ltr'><strong>cur</strong></span> <span class='ocrx_word' id='word_1_151' title='bbox 2644 679 2753 720; x_wconf 92' lang='lat' dir='ltr'><strong>non</strong></span> <span class='ocrx_word' id='word_1_152' title='bbox 2785 665 3001 733; x_wconf 89' lang='lat' dir='ltr'><strong>credas,</strong></span> <span class='ocrx_word' id='word_1_153' title='bbox 3054 670 3266 725; x_wconf 91' lang='lat' dir='ltr'><strong>nescio.</strong></span> <span class='ocrx_word' id='word_1_154' title='bbox 3325 672 3517 732; x_wconf 88' lang='lat' dir='ltr'><strong>Dicere</strong></span> <span class='ocrx_word' id='word_1_155' title='bbox 3541 693 3640 735; x_wconf 90' lang='lat' dir='ltr'><strong>au-</strong></span> 
     </span>
    </p>
   </div>
   <div class='ocr_carea' id='block_1_22' title="bbox 2009 753 3637 840">
    <p class='ocr_par' dir='ltr' id='par_1_22' title="bbox 2009 753 3637 840">
     <span class='ocr_line' id='line_1_22' title="bbox 2009 753 3637 840; baseline 0.012 -33"><span class='ocrx_word' id='word_1_156' title='bbox 2009 762 2121 810; x_wconf 91' lang='lat' dir='ltr'><strong>tem</strong></span> <span class='ocrx_word' id='word_1_157' title='bbox 2148 753 2527 825; x_wconf 87' lang='lat' dir='ltr'><strong>battologicam</strong></span> <span class='ocrx_word' id='word_1_158' title='bbox 2552 772 2678 812; x_wconf 91' lang='lat' dir='ltr'><strong>esse</strong></span> <span class='ocrx_word' id='word_1_159' title='bbox 2708 765 2764 812; x_wconf 91' lang='lat' dir='ltr'><strong>et</strong></span> <span class='ocrx_word' id='word_1_160' title='bbox 2794 757 3061 815; x_wconf 90' lang='lat' dir='ltr'><strong>ludicram</strong></span> <span class='ocrx_word' id='word_1_161' title='bbox 3091 762 3444 834; x_wconf 88' lang='lat' dir='ltr'><strong>cantilenam,</strong></span> <span class='ocrx_word' id='word_1_162' title='bbox 3476 785 3637 840; x_wconf 88' lang='lat' dir='ltr'><strong>quam</strong></span> 
     </span>
    </p>
   </div>
   <div class='ocr_carea' id='block_1_23' title="bbox 2007 846 3634 924">
    <p class='ocr_par' dir='ltr' id='par_1_23' title="bbox 2007 846 3634 924">
     <span class='ocr_line' id='line_1_23' title="bbox 2007 846 3634 924; baseline 0.012 -23"><span class='ocrx_word' id='word_1_163' title='bbox 2007 846 2262 917; x_wconf 86' lang='lat' dir='ltr'><strong>religiosa</strong></span> <span class='ocrx_word' id='word_1_164' title='bbox 2291 848 2378 902; x_wconf 91' lang='lat' dir='ltr'><strong>illa</strong></span> <span class='ocrx_word' id='word_1_165' title='bbox 2405 850 2706 920; x_wconf 89' lang='lat' dir='ltr'><strong>antiquitas</strong></span> <span class='ocrx_word' id='word_1_166' title='bbox 2731 849 2995 919; x_wconf 88' lang='lat' dir='ltr'><strong>judicavit</strong></span> <span class='ocrx_word' id='word_1_167' title='bbox 3045 869 3271 924; x_wconf 79' lang='lat' dir='ltr'><strong>gravem</strong></span> <span class='ocrx_word' id='word_1_168' title='bbox 3299 867 3355 914; x_wconf 91' lang='lat' dir='ltr'><strong>et</strong></span> <span class='ocrx_word' id='word_1_169' title='bbox 3393 859 3634 922; x_wconf 84' lang='lat' dir='ltr'><strong>divinam</strong></span> 
     </span>
    </p>
   </div>
   <div class='ocr_carea' id='block_1_24' title="bbox 2005 941 3636 1022">
    <p class='ocr_par' dir='ltr' id='par_1_24' title="bbox 2005 941 3636 1022">
     <span class='ocr_line' id='line_1_24' title="bbox 2005 941 3636 1022; baseline 0.012 -26"><span class='ocrx_word' id='word_1_170' title='bbox 2005 955 2133 996; x_wconf 91' lang='lat' dir='ltr'><strong>esse</strong></span> <span class='ocrx_word' id='word_1_171' title='bbox 2162 941 2452 998; x_wconf 78' lang='lat' dir='ltr'><strong>formulam</strong></span> <span class='ocrx_word' id='word_1_172' title='bbox 2484 943 2554 998; x_wconf 94' lang='lat' dir='ltr'><strong>de</strong></span> <span class='ocrx_word' id='word_1_173' title='bbox 2580 951 2732 997; x_wconf 89' lang='lat' dir='ltr'><strong>tanto</strong></span> <span class='ocrx_word' id='word_1_174' title='bbox 2760 947 3027 1016; x_wconf 84' lang='lat' dir='ltr'><strong>mysterio</strong></span> <span class='ocrx_word' id='word_1_175' title='bbox 3049 989 3064 1013; x_wconf 96' lang='lat'><strong>,</strong></span> <span class='ocrx_word' id='word_1_176' title='bbox 3096 962 3168 1003; x_wconf 91' lang='lat' dir='ltr'><strong>an</strong></span> <span class='ocrx_word' id='word_1_177' title='bbox 3192 964 3302 1006; x_wconf 92' lang='lat' dir='ltr'><strong>non</strong></span> <span class='ocrx_word' id='word_1_178' title='bbox 3325 951 3469 1022; x_wconf 88' lang='lat' dir='ltr'><strong>ipse,</strong></span> <span class='ocrx_word' id='word_1_179' title='bbox 3497 957 3544 1012; x_wconf 91' lang='lat' dir='ltr'><strong>si</strong></span> <span class='ocrx_word' id='word_1_180' title='bbox 3567 959 3636 1016; x_wconf 85' lang='lat' dir='ltr'><strong>de</strong></span> 
     </span>
    </p>
   </div>
   <div class='ocr_carea' id='block_1_25' title="bbox 2004 1033 3635 1110">
    <p class='ocr_par' dir='ltr' id='par_1_25' title="bbox 2004 1033 3635 1110">
     <span class='ocr_line' id='line_1_25' title="bbox 2004 1033 3635 1110; baseline 0.012 -22"><span class='ocrx_word' id='word_1_181' title='bbox 2004 1033 2115 1088; x_wconf 91' lang='lat' dir='ltr'><strong>alio</strong></span> <span class='ocrx_word' id='word_1_182' title='bbox 2133 1033 2432 1104; x_wconf 89' lang='lat' dir='ltr'><strong>judicares,</strong></span> <span class='ocrx_word' id='word_1_183' title='bbox 2474 1035 2691 1090; x_wconf 88' lang='lat' dir='ltr'><strong>diceres</strong></span> <span class='ocrx_word' id='word_1_184' title='bbox 2718 1051 2837 1092; x_wconf 85' lang='lat' dir='ltr'><strong>esse</strong></span> <span class='ocrx_word' id='word_1_185' title='bbox 2867 1039 3320 1110; x_wconf 83' lang='lat' dir='ltr'><strong>blasphemiam?</strong></span> <span class='ocrx_word' id='word_1_186' title='bbox 3368 1047 3512 1105; x_wconf 87' lang='lat' dir='ltr'><strong>Bene</strong></span> <span class='ocrx_word' id='word_1_187' title='bbox 3534 1051 3635 1107; x_wconf 85' lang='lat' dir='ltr'><strong>ha-</strong></span> 
     </span>
    </p>
   </div>
   <div class='ocr_carea' id='block_1_26' title="bbox 2004 1127 3634 1218">
    <p class='ocr_par' dir='ltr' id='par_1_26' title="bbox 2004 1127 3634 1218">
     <span class='ocr_line' id='line_1_26' title="bbox 2004 1127 3634 1218; baseline 0.012 -35"><span class='ocrx_word' id='word_1_188' title='bbox 2004 1127 2118 1183; x_wconf 90' lang='lat' dir='ltr'><strong>bet.</strong></span> <span class='ocrx_word' id='word_1_189' title='bbox 2151 1128 2310 1184; x_wconf 87' lang='lat' dir='ltr'><strong>Edita</strong></span> <span class='ocrx_word' id='word_1_190' title='bbox 2337 1130 2459 1186; x_wconf 92' lang='lat' dir='ltr'><strong>istic</strong></span> <span class='ocrx_word' id='word_1_191' title='bbox 2489 1144 2599 1183; x_wconf 89' lang='lat' dir='ltr'><strong>non</strong></span> <span class='ocrx_word' id='word_1_192' title='bbox 2626 1129 2747 1186; x_wconf 91' lang='lat' dir='ltr'><strong>sine</strong></span> <span class='ocrx_word' id='word_1_193' title='bbox 2777 1140 2866 1187; x_wconf 91' lang='lat' dir='ltr'><strong>tuo</strong></span> <span class='ocrx_word' id='word_1_194' title='bbox 2920 1135 3008 1205; x_wconf 94' lang='lat' dir='ltr'><strong>(ut</strong></span> <span class='ocrx_word' id='word_1_195' title='bbox 3037 1137 3300 1210; x_wconf 86' lang='lat' dir='ltr'><strong>arbitror)</strong></span> <span class='ocrx_word' id='word_1_196' title='bbox 3348 1144 3634 1218; x_wconf 68' lang='lat' dir='ltr'><strong>privilegio</strong></span> 
     </span>
    </p>
   </div>
   <div class='ocr_carea' id='block_1_27' title="bbox 1999 1219 3628 1306">
    <p class='ocr_par' dir='ltr' id='par_1_27' title="bbox 1999 1219 3628 1306">
     <span class='ocr_line' id='line_1_27' title="bbox 1999 1219 3628 1306; baseline 0.013 -32"><span class='ocrx_word' id='word_1_197' title='bbox 1999 1219 2112 1291; x_wconf 89' lang='lat' dir='ltr'><strong>jam</strong></span> <span class='ocrx_word' id='word_1_198' title='bbox 2141 1224 2342 1292; x_wconf 66' lang='lat' dir='ltr'><strong>smpius</strong></span> <span class='ocrx_word' id='word_1_199' title='bbox 2371 1231 2458 1278; x_wconf 89' lang='lat' dir='ltr'><strong>est</strong></span> <span class='ocrx_word' id='word_1_200' title='bbox 2479 1221 2672 1276; x_wconf 90' lang='lat' dir='ltr'><strong>nescio</strong></span> <span class='ocrx_word' id='word_1_201' title='bbox 2694 1238 2813 1293; x_wconf 64' lang='lat' dir='ltr'><strong>quae</strong></span> <span class='ocrx_word' id='word_1_202' title='bbox 2834 1223 3056 1298; x_wconf 76' lang='lat' dir='ltr'><strong>farrago</strong></span> <span class='ocrx_word' id='word_1_203' title='bbox 3080 1228 3154 1283; x_wconf 89' lang='lat' dir='ltr'><strong>de</strong></span> <span class='ocrx_word' id='word_1_204' title='bbox 3173 1239 3316 1288; x_wconf 90' lang='lat' dir='ltr'><strong>statu</strong></span> <span class='ocrx_word' id='word_1_205' title='bbox 3345 1233 3628 1306; x_wconf 69' lang='lat' dir='ltr'><strong>Ecclesiae,</strong></span> 
     </span>
    </p>
   </div>
   <div class='ocr_carea' id='block_1_28' title="bbox 2001 1311 3631 1396">
    <p class='ocr_par' dir='ltr' id='par_1_28' title="bbox 2001 1311 3631 1396">
     <span class='ocr_line' id='line_1_28' title="bbox 2001 1311 3631 1396; baseline 0.012 -30"><span class='ocrx_word' id='word_1_206' title='bbox 2001 1327 2164 1382; x_wconf 90' lang='lat' dir='ltr'><strong>quam</strong></span> <span class='ocrx_word' id='word_1_207' title='bbox 2190 1321 2310 1368; x_wconf 92' lang='lat' dir='ltr'><strong>tuus</strong></span> <span class='ocrx_word' id='word_1_208' title='bbox 2338 1311 2595 1369; x_wconf 85' lang='lat' dir='ltr'><strong>librarius</strong></span> <span class='ocrx_word' id='word_1_209' title='bbox 2626 1313 2855 1371; x_wconf 81' lang='lat' dir='ltr'><strong>mirifice</strong></span> <span class='ocrx_word' id='word_1_210' title='bbox 2902 1318 3196 1388; x_wconf 73' lang='lat' dir='ltr'><strong>prmdicat,</strong></span> <span class='ocrx_word' id='word_1_211' title='bbox 3229 1338 3400 1396; x_wconf 87' lang='lat' dir='ltr'><strong>prope</strong></span> <span class='ocrx_word' id='word_1_212' title='bbox 3426 1337 3482 1384; x_wconf 93' lang='lat' dir='ltr'><strong>ut</strong></span> <span class='ocrx_word' id='word_1_213' title='bbox 3528 1331 3631 1386; x_wconf 82' lang='lat' dir='ltr'><strong>llo-</strong></span> 
     </span>
    </p>
   </div>
   <div class='ocr_carea' id='block_1_29' title="bbox 1999 1404 3627 1493">
    <p class='ocr_par' dir='ltr' id='par_1_29' title="bbox 1999 1404 3627 1493">
     <span class='ocr_line' id='line_1_29' title="bbox 1999 1404 3627 1493; baseline 0.013 -35"><span class='ocrx_word' id='word_1_214' title='bbox 1999 1419 2116 1459; x_wconf 88' lang='lat' dir='ltr'><strong>rem</strong></span> <span class='ocrx_word' id='word_1_215' title='bbox 2143 1404 2548 1462; x_wconf 74' lang='lat' dir='ltr'><strong>Ecclesiasticte</strong></span> <span class='ocrx_word' id='word_1_216' title='bbox 2573 1404 2837 1462; x_wconf 69' lang='lat' dir='ltr'><strong>hismrize.</strong></span> <span class='ocrx_word' id='word_1_217' title='bbox 2883 1408 3003 1464; x_wconf 88' lang='lat' dir='ltr'><strong>Etsi</strong></span> <span class='ocrx_word' id='word_1_218' title='bbox 3061 1424 3292 1470; x_wconf 90' lang='lat' dir='ltr'><strong>consuta</strong></span> <span class='ocrx_word' id='word_1_219' title='bbox 3324 1418 3398 1473; x_wconf 93' lang='lat' dir='ltr'><strong>sit</strong></span> <span class='ocrx_word' id='word_1_220' title='bbox 3423 1421 3627 1493; x_wconf 89' lang='lat' dir='ltr'><strong>alioqui</strong></span> 
     </span>
    </p>
   </div>
   <div class='ocr_carea' id='block_1_30' title="bbox 2000 1494 3621 1569">
    <p class='ocr_par' dir='ltr' id='par_1_30' title="bbox 2000 1494 3621 1569">
     <span class='ocr_line' id='line_1_30' title="bbox 2000 1494 3621 1569; baseline 0.012 -19"><span class='ocrx_word' id='word_1_221' title='bbox 2000 1510 2069 1550; x_wconf 91' lang='lat' dir='ltr'><strong>ex</strong></span> <span class='ocrx_word' id='word_1_222' title='bbox 2097 1497 2298 1566; x_wconf 84' lang='lat' dir='ltr'><strong>putidis</strong></span> <span class='ocrx_word' id='word_1_223' title='bbox 2319 1494 2523 1552; x_wconf 89' lang='lat' dir='ltr'><strong>fabulis</strong></span> <span class='ocrx_word' id='word_1_224' title='bbox 2543 1505 2602 1550; x_wconf 90' lang='lat' dir='ltr'><strong>et</strong></span> <span class='ocrx_word' id='word_1_225' title='bbox 2631 1497 2824 1568; x_wconf 89' lang='lat' dir='ltr'><strong>nugis:</strong></span> <span class='ocrx_word' id='word_1_226' title='bbox 2862 1507 3052 1557; x_wconf 87' lang='lat' dir='ltr'><strong>tamen</strong></span> <span class='ocrx_word' id='word_1_227' title='bbox 3096 1502 3231 1560; x_wconf 91' lang='lat' dir='ltr'><strong>illud</strong></span> <span class='ocrx_word' id='word_1_228' title='bbox 3259 1507 3398 1564; x_wconf 89' lang='lat' dir='ltr'><strong>bona</strong></span> <span class='ocrx_word' id='word_1_229' title='bbox 3427 1511 3621 1569; x_wconf 87' lang='lat' dir='ltr'><strong>saltem</strong></span> 
     </span>
    </p>
   </div>
   <div class='ocr_carea' id='block_1_31' title="bbox 1999 1577 3627 1665">
    <p class='ocr_par' dir='ltr' id='par_1_31' title="bbox 1999 1577 3627 1665">
     <span class='ocr_line' id='line_1_31' title="bbox 1999 1577 3627 1665; baseline 0.012 -22"><span class='ocrx_word' id='word_1_230' title='bbox 1999 1577 2285 1659; x_wconf 43' lang='lat' dir='ltr'><strong>fide&#39;facit,</strong></span> <span class='ocrx_word' id='word_1_231' title='bbox 2319 1586 2470 1658; x_wconf 91' lang='lat' dir='ltr'><strong>quod</strong></span> <span class='ocrx_word' id='word_1_232' title='bbox 2496 1588 2808 1656; x_wconf 80' lang='lat' dir='ltr'><strong>formulam,</strong></span> <span class='ocrx_word' id='word_1_233' title='bbox 2832 1609 2996 1663; x_wconf 90' lang='lat' dir='ltr'><strong>quam</strong></span> <span class='ocrx_word' id='word_1_234' title='bbox 3050 1595 3208 1665; x_wconf 88' lang='lat' dir='ltr'><strong>dixi,</strong></span> <span class='ocrx_word' id='word_1_235' title='bbox 3250 1600 3454 1658; x_wconf 82' lang='lat' dir='ltr'><strong>referat</strong></span> <span class='ocrx_word' id='word_1_236' title='bbox 3483 1606 3627 1662; x_wconf 85' lang='lat' dir='ltr'><strong>inter</strong></span> 
     </span>
    </p>
   </div>
   <div class='ocr_carea' id='block_1_32' title="bbox 1999 1681 3628 1764">
    <p class='ocr_par' dir='ltr' id='par_1_32' title="bbox 1999 1681 3628 1764">
     <span class='ocr_line' id='line_1_32' title="bbox 1999 1681 3628 1764; baseline 0.012 -29"><span class='ocrx_word' id='word_1_237' title='bbox 1999 1690 2118 1735; x_wconf 89' lang='lat' dir='ltr'><strong>acta</strong></span> <span class='ocrx_word' id='word_1_238' title='bbox 2147 1681 2357 1736; x_wconf 76' lang='lat' dir='ltr'><strong>Nieaeni</strong></span> <span class='ocrx_word' id='word_1_239' title='bbox 2386 1682 2626 1737; x_wconf 88' lang='lat' dir='ltr'><strong>concilii.</strong></span> <span class='ocrx_word' id='word_1_240' title='bbox 2678 1681 2880 1740; x_wconf 74' lang='lat' dir='ltr'><strong>Verum</strong></span> <span class='ocrx_word' id='word_1_241' title='bbox 2912 1687 3078 1743; x_wconf 89' lang='lat' dir='ltr'><strong>talem</strong></span> <span class='ocrx_word' id='word_1_242' title='bbox 3111 1691 3314 1764; x_wconf 88' lang='lat' dir='ltr'><strong>alioqui</strong></span> <span class='ocrx_word' id='word_1_243' title='bbox 3365 1698 3628 1754; x_wconf 87' lang='lat' dir='ltr'><strong>admiscet</strong></span> 
     </span>
    </p>
   </div>
   <div class='ocr_carea' id='block_1_33' title="bbox 295 1757 1899 1848">
    <p class='ocr_par' dir='ltr' id='par_1_33' title="bbox 295 1757 1892 1834">
     <span class='ocr_line' id='line_1_33' title="bbox 295 1757 1892 1834; baseline -0.006 -15"><span class='ocrx_word' id='word_1_244' title='bbox 295 1765 566 1820; x_wconf 69' lang='lat' dir='ltr'><strong>Praetereo</strong></span> <span class='ocrx_word' id='word_1_245' title='bbox 587 1761 738 1834; x_wconf 87' lang='lat' dir='ltr'><strong>quod</strong></span> <span class='ocrx_word' id='word_1_246' title='bbox 765 1777 870 1817; x_wconf 92' lang='lat' dir='ltr'><strong>non</strong></span> <span class='ocrx_word' id='word_1_247' title='bbox 895 1763 1105 1817; x_wconf 88' lang='lat' dir='ltr'><strong>meliori</strong></span> <span class='ocrx_word' id='word_1_248' title='bbox 1133 1761 1244 1816; x_wconf 76' lang='lat' dir='ltr'><strong>fide</strong></span> <span class='ocrx_word' id='word_1_249' title='bbox 1289 1774 1480 1816; x_wconf 88' lang='lat' dir='ltr'><strong>narras</strong></span> <span class='ocrx_word' id='word_1_250' title='bbox 1526 1757 1807 1812; x_wconf 89' lang='lat' dir='ltr'><strong>decretum</strong></span> <span class='ocrx_word' id='word_1_251' title='bbox 1840 1757 1892 1810; x_wconf 91' lang='lat' dir='ltr'><strong>in</strong></span> 
     </span>
    </p>
   </div>
   <div class='ocr_carea' id='block_1_34' title="bbox 2001 1757 3622 1848">
    <p class='ocr_par' dir='ltr' id='par_1_34' title="bbox 2001 1757 3622 1848">
     <span class='ocr_line' id='line_1_34' title="bbox 2001 1757 3622 1848; baseline 0.012 -22"><span class='ocrx_word' id='word_1_252' title='bbox 2001 1771 2170 1828; x_wconf 92' lang='lat' dir='ltr'><strong>fecem</strong></span> <span class='ocrx_word' id='word_1_253' title='bbox 2200 1771 2625 1829; x_wconf 89' lang='lat' dir='ltr'><strong>mendaciorum</strong></span> <span class='ocrx_word' id='word_1_254' title='bbox 2655 1790 2722 1830; x_wconf 82' lang='lat' dir='ltr'><strong>ex</strong></span> <span class='ocrx_word' id='word_1_255' title='bbox 2753 1776 2936 1832; x_wconf 89' lang='lat' dir='ltr'><strong>nescio</strong></span> <span class='ocrx_word' id='word_1_256' title='bbox 2976 1780 3178 1848; x_wconf 89' lang='lat' dir='ltr'><strong>quibus</strong></span> <span class='ocrx_word' id='word_1_257' title='bbox 3220 1757 3429 1842; x_wconf 77' lang='lat' dir='ltr'><strong>lacunis</strong></span> <span class='ocrx_word' id='word_1_258' title='bbox 3456 1788 3622 1846; x_wconf 88' lang='lat' dir='ltr'><strong>haus-</strong></span> 
     </span>
    </p>
   </div>
   <div class='ocr_carea' id='block_1_35' title="bbox 293 1847 1893 1924">
    <p class='ocr_par' dir='ltr' id='par_1_35' title="bbox 293 1847 1893 1924">
     <span class='ocr_line' id='line_1_35' title="bbox 293 1847 1893 1924; baseline -0.004 -13"><span class='ocrx_word' id='word_1_259' title='bbox 293 1869 359 1912; x_wconf 90' lang='lat' dir='ltr'><strong>ea</strong></span> <span class='ocrx_word' id='word_1_260' title='bbox 380 1855 547 1911; x_wconf 83' lang='lat' dir='ltr'><strong>fuisse</strong></span> <span class='ocrx_word' id='word_1_261' title='bbox 565 1870 635 1911; x_wconf 90' lang='lat' dir='ltr'><strong>ex</strong></span> <span class='ocrx_word' id='word_1_262' title='bbox 659 1855 928 1910; x_wconf 88' lang='lat' dir='ltr'><strong>sententia</strong></span> <span class='ocrx_word' id='word_1_263' title='bbox 959 1853 1246 1924; x_wconf 89' lang='lat' dir='ltr'><strong>Paphnutii</strong></span> <span class='ocrx_word' id='word_1_264' title='bbox 1281 1852 1350 1908; x_wconf 92' lang='lat' dir='ltr'><strong>de</strong></span> <span class='ocrx_word' id='word_1_265' title='bbox 1385 1848 1639 1919; x_wconf 86' lang='lat' dir='ltr'><strong>conjugio</strong></span> <span class='ocrx_word' id='word_1_266' title='bbox 1669 1847 1753 1902; x_wconf 87' lang='lat' dir='ltr'><strong>vel</strong></span> <span class='ocrx_word' id='word_1_267' title='bbox 1781 1863 1893 1904; x_wconf 76' lang='lat' dir='ltr'><strong>cte-</strong></span> 
     </span>
    </p>
   </div>
   <div class='ocr_carea' id='block_1_36' title="bbox 293 1947 1889 2011">
    <p class='ocr_par' dir='ltr' id='par_1_36' title="bbox 293 1947 1889 2011">
     <span class='ocr_line' id='line_1_36' title="bbox 293 1947 1889 2011; baseline -0.006 -6"><span class='ocrx_word' id='word_1_268' title='bbox 293 1949 460 2005; x_wconf 90' lang='lat' dir='ltr'><strong>libatu</strong></span> <span class='ocrx_word' id='word_1_269' title='bbox 492 1948 886 2004; x_wconf 88' lang='lat' dir='ltr'><strong>ministrorum.</strong></span> <span class='ocrx_word' id='word_1_270' title='bbox 921 1948 1026 2003; x_wconf 92' lang='lat' dir='ltr'><strong>Sed</strong></span> <span class='ocrx_word' id='word_1_271' title='bbox 1075 1947 1423 2003; x_wconf 88' lang='lat' dir='ltr'><strong>dissimulare</strong></span> <span class='ocrx_word' id='word_1_272' title='bbox 1464 1959 1572 1999; x_wconf 92' lang='lat' dir='ltr'><strong>non</strong></span> <span class='ocrx_word' id='word_1_273' title='bbox 1620 1955 1838 2011; x_wconf 89' lang='lat' dir='ltr'><strong>possum</strong></span> <span class='ocrx_word' id='word_1_274' title='bbox 1874 1983 1889 2010; x_wconf 92' lang='lat'><strong>,</strong></span> 
     </span>
    </p>
   </div>
   <div class='ocr_carea' id='block_1_37' title="bbox 293 2035 1895 2112">
    <p class='ocr_par' dir='ltr' id='par_1_37' title="bbox 293 2035 1895 2112">
     <span class='ocr_line' id='line_1_37' title="bbox 293 2035 1895 2112; baseline -0.003 -16"><span class='ocrx_word' id='word_1_275' title='bbox 293 2041 440 2112; x_wconf 88' lang='lat' dir='ltr'><strong>quod</strong></span> <span class='ocrx_word' id='word_1_276' title='bbox 474 2051 656 2096; x_wconf 83' lang='lat' dir='ltr'><strong>tacere</strong></span> <span class='ocrx_word' id='word_1_277' title='bbox 684 2055 789 2096; x_wconf 90' lang='lat' dir='ltr'><strong>non</strong></span> <span class='ocrx_word' id='word_1_278' title='bbox 813 2041 1006 2096; x_wconf 87' lang='lat' dir='ltr'><strong>debeo.</strong></span> <span class='ocrx_word' id='word_1_279' title='bbox 1031 2040 1172 2108; x_wconf 87' lang='lat' dir='ltr'><strong>Quid</strong></span> <span class='ocrx_word' id='word_1_280' title='bbox 1195 2041 1264 2095; x_wconf 87' lang='lat' dir='ltr'><strong>de</strong></span> <span class='ocrx_word' id='word_1_281' title='bbox 1288 2039 1420 2095; x_wconf 85' lang='lat' dir='ltr'><strong>Ario</strong></span> <span class='ocrx_word' id='word_1_282' title='bbox 1436 2038 1548 2108; x_wconf 90' lang='lat' dir='ltr'><strong>jam</strong></span> <span class='ocrx_word' id='word_1_283' title='bbox 1579 2035 1706 2090; x_wconf 91' lang='lat' dir='ltr'><strong>olitn</strong></span> <span class='ocrx_word' id='word_1_284' title='bbox 1734 2037 1895 2106; x_wconf 52' lang='lat' dir='ltr'><strong>scrip.</strong></span> 
     </span>
    </p>
   </div>
   <div class='ocr_carea' id='block_1_38' title="bbox 290 2135 1893 2204">
    <p class='ocr_par' dir='ltr' id='par_1_38' title="bbox 290 2135 1893 2204">
     <span class='ocr_line' id='line_1_38' title="bbox 290 2135 1893 2204; baseline -0.004 -12"><span class='ocrx_word' id='word_1_285' title='bbox 290 2137 458 2192; x_wconf 89' lang='lat' dir='ltr'><strong>serim</strong></span> <span class='ocrx_word' id='word_1_286' title='bbox 490 2135 544 2190; x_wconf 94' lang='lat' dir='ltr'><strong>in</strong></span> <span class='ocrx_word' id='word_1_287' title='bbox 573 2149 696 2190; x_wconf 91' lang='lat' dir='ltr'><strong>meo</strong></span> <span class='ocrx_word' id='word_1_288' title='bbox 723 2135 1099 2199; x_wconf 87' lang='lat' dir='ltr'><strong>Constantino,</strong></span> <span class='ocrx_word' id='word_1_289' title='bbox 1131 2149 1240 2190; x_wconf 91' lang='lat' dir='ltr'><strong>non</strong></span> <span class='ocrx_word' id='word_1_290' title='bbox 1289 2135 1510 2204; x_wconf 88' lang='lat' dir='ltr'><strong>ignoras</strong></span> <span class='ocrx_word' id='word_1_291' title='bbox 1538 2170 1553 2195; x_wconf 90' lang='lat'><strong>,</strong></span> <span class='ocrx_word' id='word_1_292' title='bbox 1601 2139 1658 2184; x_wconf 91' lang='lat' dir='ltr'><strong>et</strong></span> <span class='ocrx_word' id='word_1_293' title='bbox 1713 2135 1893 2186; x_wconf 91' lang='lat' dir='ltr'><strong>tamen</strong></span> 
     </span>
    </p>
   </div>
   <div class='ocr_carea' id='block_1_39' title="bbox 290 2220 1892 2299">
    <p class='ocr_par' dir='ltr' id='par_1_39' title="bbox 290 2220 1892 2299">
     <span class='ocr_line' id='line_1_39' title="bbox 290 2220 1892 2299; baseline -0.003 -17"><span class='ocrx_word' id='word_1_294' title='bbox 290 2228 530 2284; x_wconf 87' lang='lat' dir='ltr'><strong>alienum</strong></span> <span class='ocrx_word' id='word_1_295' title='bbox 554 2228 796 2284; x_wconf 89' lang='lat' dir='ltr'><strong>libellum</strong></span> <span class='ocrx_word' id='word_1_296' title='bbox 824 2230 1104 2299; x_wconf 88' lang='lat' dir='ltr'><strong>exagitans</strong></span> <span class='ocrx_word' id='word_1_297' title='bbox 1147 2243 1255 2283; x_wconf 89' lang='lat' dir='ltr'><strong>non</strong></span> <span class='ocrx_word' id='word_1_298' title='bbox 1307 2225 1572 2282; x_wconf 88' lang='lat' dir='ltr'><strong>erubuisti</strong></span> <span class='ocrx_word' id='word_1_299' title='bbox 1625 2220 1755 2276; x_wconf 91' lang='lat' dir='ltr'><strong>mihi</strong></span> <span class='ocrx_word' id='word_1_300' title='bbox 1789 2223 1892 2278; x_wconf 84' lang='lat' dir='ltr'><strong>im-</strong></span> 
     </span>
    </p>
   </div>
   <div class='ocr_carea' id='block_1_40' title="bbox 291 2313 1897 2393">
    <p class='ocr_par' dir='ltr' id='par_1_40' title="bbox 291 2313 1897 2393">
     <span class='ocr_line' id='line_1_40' title="bbox 291 2313 1897 2393; baseline -0.002 -18"><span class='ocrx_word' id='word_1_301' title='bbox 291 2320 460 2393; x_wconf 88' lang='lat' dir='ltr'><strong>probe</strong></span> <span class='ocrx_word' id='word_1_302' title='bbox 472 2319 788 2376; x_wconf 89' lang='lat' dir='ltr'><strong>adscribere</strong></span> <span class='ocrx_word' id='word_1_303' title='bbox 807 2329 966 2391; x_wconf 87' lang='lat' dir='ltr'><strong>atque</strong></span> <span class='ocrx_word' id='word_1_304' title='bbox 989 2319 1254 2389; x_wconf 88' lang='lat' dir='ltr'><strong>aflingere</strong></span> <span class='ocrx_word' id='word_1_305' title='bbox 1277 2317 1466 2374; x_wconf 88' lang='lat' dir='ltr'><strong>nescio</strong></span> <span class='ocrx_word' id='word_1_306' title='bbox 1493 2313 1639 2388; x_wconf 91' lang='lat' dir='ltr'><strong>quod</strong></span> <span class='ocrx_word' id='word_1_307' title='bbox 1665 2316 1897 2384; x_wconf 87' lang='lat' dir='ltr'><strong>patroci-</strong></span> 
     </span>
    </p>
   </div>
   <div class='ocr_carea' id='block_1_41' title="bbox 291 2413 1899 2484">
    <p class='ocr_par' dir='ltr' id='par_1_41' title="bbox 291 2413 1899 2484">
     <span class='ocr_line' id='line_1_41' title="bbox 291 2413 1899 2484; baseline -0.004 -15"><span class='ocrx_word' id='word_1_308' title='bbox 291 2414 438 2470; x_wconf 88' lang='lat' dir='ltr'><strong>nium</strong></span> <span class='ocrx_word' id='word_1_309' title='bbox 468 2414 586 2484; x_wconf 86' lang='lat' dir='ltr'><strong>ejus</strong></span> <span class='ocrx_word' id='word_1_310' title='bbox 611 2414 921 2483; x_wconf 89' lang='lat' dir='ltr'><strong>impietatis.</strong></span> <span class='ocrx_word' id='word_1_311' title='bbox 949 2414 1021 2470; x_wconf 92' lang='lat' dir='ltr'><strong>Ut</strong></span> <span class='ocrx_word' id='word_1_312' title='bbox 1048 2422 1230 2468; x_wconf 91' lang='lat' dir='ltr'><strong>autem</strong></span> <span class='ocrx_word' id='word_1_313' title='bbox 1259 2413 1490 2479; x_wconf 88' lang='lat' dir='ltr'><strong>sentias,</strong></span> <span class='ocrx_word' id='word_1_314' title='bbox 1513 2421 1566 2465; x_wconf 89' lang='lat' dir='ltr'><strong>te</strong></span> <span class='ocrx_word' id='word_1_315' title='bbox 1595 2423 1738 2464; x_wconf 71' lang='lat' dir='ltr'><strong>czeca</strong></span> <span class='ocrx_word' id='word_1_316' title='bbox 1766 2425 1899 2480; x_wconf 82' lang='lat' dir='ltr'><strong>qua-</strong></span> 
     </span>
    </p>
   </div>
   <div class='ocr_carea' id='block_1_42' title="bbox 288 2501 1897 2578">
    <p class='ocr_par' dir='ltr' id='par_1_42' title="bbox 288 2501 1897 2578">
     <span class='ocr_line' id='line_1_42' title="bbox 288 2501 1897 2578; baseline -0.002 -16"><span class='ocrx_word' id='word_1_317' title='bbox 288 2506 410 2562; x_wconf 91' lang='lat' dir='ltr'><strong>dam</strong></span> <span class='ocrx_word' id='word_1_318' title='bbox 434 2506 700 2577; x_wconf 73' lang='lat' dir='ltr'><strong>vertigine</strong></span> <span class='ocrx_word' id='word_1_319' title='bbox 728 2517 938 2578; x_wconf 90' lang='lat' dir='ltr'><strong>raptum</strong></span> <span class='ocrx_word' id='word_1_320' title='bbox 969 2517 1097 2562; x_wconf 92' lang='lat' dir='ltr'><strong>tunc</strong></span> <span class='ocrx_word' id='word_1_321' title='bbox 1116 2520 1268 2572; x_wconf 91' lang='lat' dir='ltr'><strong>esse,</strong></span> <span class='ocrx_word' id='word_1_322' title='bbox 1303 2505 1525 2574; x_wconf 85' lang='lat' dir='ltr'><strong>relege,</strong></span> <span class='ocrx_word' id='word_1_323' title='bbox 1551 2501 1701 2574; x_wconf 90' lang='lat' dir='ltr'><strong>quod</strong></span> <span class='ocrx_word' id='word_1_324' title='bbox 1739 2502 1897 2558; x_wconf 88' lang='lat' dir='ltr'><strong>simul</strong></span> 
     </span>
    </p>
   </div>
   <div class='ocr_carea' id='block_1_43' title="bbox 287 2595 1899 2671">
    <p class='ocr_par' dir='ltr' id='par_1_43' title="bbox 287 2595 1899 2671">
     <span class='ocr_line' id='line_1_43' title="bbox 287 2595 1899 2671; baseline -0.001 -19"><span class='ocrx_word' id='word_1_325' title='bbox 287 2597 502 2669; x_wconf 82' lang='lat' dir='ltr'><strong>affingis</strong></span> <span class='ocrx_word' id='word_1_326' title='bbox 531 2597 734 2652; x_wconf 88' lang='lat' dir='ltr'><strong>dictum</strong></span> <span class='ocrx_word' id='word_1_327' title='bbox 758 2613 899 2664; x_wconf 90' lang='lat' dir='ltr'><strong>esse,</strong></span> <span class='ocrx_word' id='word_1_328' title='bbox 926 2599 1160 2654; x_wconf 82' lang='lat' dir='ltr'><strong>Ariauos</strong></span> <span class='ocrx_word' id='word_1_329' title='bbox 1181 2611 1410 2668; x_wconf 77' lang='lat' dir='ltr'><strong>negasse</strong></span> <span class='ocrx_word' id='word_1_330' title='bbox 1433 2601 1525 2655; x_wconf 82' lang='grc' dir='ltr'><strong>τὸν</strong></span> <span class='ocrx_word' id='word_1_331' title='bbox 1571 2595 1725 2671; x_wconf 74' lang='grc' dir='ltr'>λόγον</span> <span class='ocrx_word' id='word_1_332' title='bbox 1757 2595 1899 2665; x_wconf 90' lang='lat' dir='ltr'><strong>apud</strong></span> 
     </span>
    </p>
   </div>
   <div class='ocr_carea' id='block_1_44' title="bbox 286 2687 1900 2764">
    <p class='ocr_par' dir='ltr' id='par_1_44' title="bbox 286 2687 1900 2764">
     <span class='ocr_line' id='line_1_44' title="bbox 286 2687 1900 2764; baseline -0.003 -17"><span class='ocrx_word' id='word_1_333' title='bbox 286 2690 547 2747; x_wconf 81' lang='lat' dir='ltr'><strong>Joannem</strong></span> <span class='ocrx_word' id='word_1_334' title='bbox 582 2690 887 2762; x_wconf 78' lang='lat' dir='ltr'><strong>significare</strong></span> <span class='ocrx_word' id='word_1_335' title='bbox 917 2691 1250 2764; x_wconf 77' lang='lat' dir='ltr'><strong>hypostasim</strong></span> <span class='ocrx_word' id='word_1_336' title='bbox 1293 2689 1378 2745; x_wconf 85' lang='lat' dir='ltr'><strong>vel</strong></span> <span class='ocrx_word' id='word_1_337' title='bbox 1407 2702 1746 2759; x_wconf 89' lang='lat' dir='ltr'><strong>personam:</strong></span> <span class='ocrx_word' id='word_1_338' title='bbox 1780 2687 1900 2756; x_wconf 87' lang='lat' dir='ltr'><strong>quis</strong></span> 
     </span>
    </p>
   </div>
   <div class='ocr_carea' id='block_1_45' title="bbox 288 2780 1900 2856">
    <p class='ocr_par' dir='ltr' id='par_1_45' title="bbox 288 2780 1900 2856">
     <span class='ocr_line' id='line_1_45' title="bbox 288 2780 1900 2856; baseline -0.004 -16"><span class='ocrx_word' id='word_1_339' title='bbox 288 2783 392 2840; x_wconf 87' lang='lat' dir='ltr'><strong>hoc</strong></span> <span class='ocrx_word' id='word_1_340' title='bbox 447 2798 696 2856; x_wconf 86' lang='lat' dir='ltr'><strong>umquam</strong></span> <span class='ocrx_word' id='word_1_341' title='bbox 767 2793 958 2854; x_wconf 74' lang='lat' dir='ltr'><strong>praeter</strong></span> <span class='ocrx_word' id='word_1_342' title='bbox 1017 2794 1068 2840; x_wconf 92' lang='lat' dir='ltr'><strong>te</strong></span> <span class='ocrx_word' id='word_1_343' title='bbox 1128 2783 1304 2839; x_wconf 80' lang='lat' dir='ltr'><strong>dixit?</strong></span> <span class='ocrx_word' id='word_1_344' title='bbox 1366 2780 1541 2838; x_wconf 83' lang='lat' dir='ltr'><strong>Certe</strong></span> <span class='ocrx_word' id='word_1_345' title='bbox 1599 2781 1900 2852; x_wconf 88' lang='lat' dir='ltr'><strong>episc0pus</strong></span> 
     </span>
    </p>
   </div>
   <div class='ocr_carea' id='block_1_46' title="bbox 289 2867 1902 2948">
    <p class='ocr_par' dir='ltr' id='par_1_46' title="bbox 289 2867 1902 2948">
     <span class='ocr_line' id='line_1_46' title="bbox 289 2867 1902 2948; baseline -0.003 -15"><span class='ocrx_word' id='word_1_346' title='bbox 289 2877 687 2934; x_wconf 84' lang='lat' dir='ltr'><strong>Alexandrinus</strong></span> <span class='ocrx_word' id='word_1_347' title='bbox 708 2877 899 2934; x_wconf 60' lang='lat' dir='ltr'><strong>Nicata:</strong></span> <span class='ocrx_word' id='word_1_348' title='bbox 923 2879 1134 2933; x_wconf 83' lang='lat' dir='ltr'><strong>Arianis</strong></span> <span class='ocrx_word' id='word_1_349' title='bbox 1160 2867 1360 2948; x_wconf 89' lang='lat' dir='ltr'><strong>objecit</strong></span> <span class='ocrx_word' id='word_1_350' title='bbox 1381 2877 1624 2944; x_wconf 89' lang='lat' dir='ltr'><strong>primum</strong></span> <span class='ocrx_word' id='word_1_351' title='bbox 1653 2872 1794 2930; x_wconf 88' lang='lat' dir='ltr'><strong>illud</strong></span> <span class='ocrx_word' id='word_1_352' title='bbox 1815 2887 1902 2928; x_wconf 89' lang='lat' dir='ltr'><strong>ca-</strong></span> 
     </span>
    </p>
   </div>
   <div class='ocr_carea' id='block_1_47' title="bbox 291 2968 1900 3044">
    <p class='ocr_par' dir='ltr' id='par_1_47' title="bbox 291 2968 1900 3044">
     <span class='ocr_line' id='line_1_47' title="bbox 291 2968 1900 3044; baseline -0.004 -16"><span class='ocrx_word' id='word_1_353' title='bbox 291 2982 387 3044; x_wconf 89' lang='lat' dir='ltr'><strong>put</strong></span> <span class='ocrx_word' id='word_1_354' title='bbox 406 2972 650 3039; x_wconf 78' lang='lat' dir='ltr'><strong>Joannis,</strong></span> <span class='ocrx_word' id='word_1_355' title='bbox 684 2988 806 3028; x_wconf 91' lang='lat' dir='ltr'><strong>cum</strong></span> <span class='ocrx_word' id='word_1_356' title='bbox 839 2981 1170 3043; x_wconf 65' lang='lat' dir='ltr'><strong>quaereretur</strong></span> <span class='ocrx_word' id='word_1_357' title='bbox 1197 2986 1304 3026; x_wconf 92' lang='lat' dir='ltr'><strong>non</strong></span> <span class='ocrx_word' id='word_1_358' title='bbox 1334 2971 1562 3040; x_wconf 91' lang='lat' dir='ltr'><strong>quidem</strong></span> <span class='ocrx_word' id='word_1_359' title='bbox 1590 2968 1728 3042; x_wconf 92' lang='lat' dir='ltr'><strong>quid</strong></span> <span class='ocrx_word' id='word_1_360' title='bbox 1753 2969 1900 3042; x_wconf 73' lang='grc' dir='ltr'><strong>λόγος</strong></span> 
     </span>
    </p>
   </div>
   <div class='ocr_carea' id='block_1_48' title="bbox 291 3064 1895 3139">
    <p class='ocr_par' dir='ltr' id='par_1_48' title="bbox 291 3064 1895 3139">
     <span class='ocr_line' id='line_1_48' title="bbox 291 3064 1895 3139; baseline -0.003 -18"><span class='ocrx_word' id='word_1_361' title='bbox 291 3066 642 3137; x_wconf 84' lang='lat' dir='ltr'><strong>significaret,</strong></span> <span class='ocrx_word' id='word_1_362' title='bbox 669 3065 764 3122; x_wconf 88' lang='lat' dir='ltr'><strong>sed</strong></span> <span class='ocrx_word' id='word_1_363' title='bbox 788 3067 916 3137; x_wconf 92' lang='lat' dir='ltr'><strong>quid</strong></span> <span class='ocrx_word' id='word_1_364' title='bbox 944 3067 1044 3122; x_wconf 88' lang='lat' dir='ltr'><strong>sibi</strong></span> <span class='ocrx_word' id='word_1_365' title='bbox 1074 3065 1278 3121; x_wconf 90' lang='lat' dir='ltr'><strong>vellent</strong></span> <span class='ocrx_word' id='word_1_366' title='bbox 1305 3064 1422 3118; x_wconf 63' lang='lat' dir='ltr'><strong>haec</strong></span> <span class='ocrx_word' id='word_1_367' title='bbox 1452 3064 1618 3119; x_wconf 89' lang='lat' dir='ltr'><strong>verba</strong></span> <span class='ocrx_word' id='word_1_368' title='bbox 1649 3067 1704 3120; x_wconf 79' lang='grc' dir='ltr'><strong>ἐν</strong></span> <span class='ocrx_word' id='word_1_369' title='bbox 1727 3065 1895 3139; x_wconf 76' lang='grc' dir='ltr'><strong>ἀρχῇ.</strong></span> 
     </span>
    </p>
   </div>
   <div class='ocr_carea' id='block_1_49' title="bbox 295 3149 1970 3232">
    <p class='ocr_par' dir='ltr' id='par_1_49' title="bbox 295 3149 1970 3232">
     <span class='ocr_line' id='line_1_49' title="bbox 295 3149 1970 3232; baseline -0.002 -17"><span class='ocrx_word' id='word_1_370' title='bbox 295 3162 437 3232; x_wconf 71' lang='grc' dir='ltr'><strong>ΕΙ·εο</strong></span> <span class='ocrx_word' id='word_1_371' title='bbox 463 3175 568 3215; x_wconf 83' lang='grc' dir='ltr'><strong>ιιοη</strong></span> <span class='ocrx_word' id='word_1_372' title='bbox 598 3168 714 3216; x_wconf 90' lang='lat' dir='ltr'><strong>erat</strong></span> <span class='ocrx_word' id='word_1_373' title='bbox 744 3159 902 3229; x_wconf 85' lang='lat' dir='ltr'><strong>hujus</strong></span> <span class='ocrx_word' id='word_1_374' title='bbox 945 3169 1052 3215; x_wconf 85' lang='lat' dir='ltr'><strong>tuae</strong></span> <span class='ocrx_word' id='word_1_375' title='bbox 1108 3168 1217 3214; x_wconf 90' lang='lat' dir='ltr'><strong>tam</strong></span> <span class='ocrx_word' id='word_1_376' title='bbox 1258 3157 1584 3212; x_wconf 83' lang='lat' dir='ltr'><strong>excellentis</strong></span> <span class='ocrx_word' id='word_1_377' title='bbox 1634 3157 1899 3213; x_wconf 66' lang='lat' dir='ltr'><strong>doctrinae</strong></span> <span class='ocrx_word' id='word_1_378' title='bbox 1925 3149 1970 3212; x_wconf 69' lang='grc' dir='ltr'><strong>(ἶ</strong></span> 
     </span>
    </p>
   </div>
   <div class='ocr_carea' id='block_1_50' title="bbox 296 3247 1904 3322">
    <p class='ocr_par' dir='ltr' id='par_1_50' title="bbox 296 3247 1904 3322">
     <span class='ocr_line' id='line_1_50' title="bbox 296 3247 1904 3322; baseline -0.004 -14"><span class='ocrx_word' id='word_1_379' title='bbox 296 3251 544 3322; x_wconf 89' lang='lat' dir='ltr'><strong>imperite</strong></span> <span class='ocrx_word' id='word_1_380' title='bbox 595 3248 931 3307; x_wconf 90' lang='lat' dir='ltr'><strong>confundere</strong></span> <span class='ocrx_word' id='word_1_381' title='bbox 989 3251 1184 3320; x_wconf 85' lang='lat' dir='ltr'><strong>dogma</strong></span> <span class='ocrx_word' id='word_1_382' title='bbox 1234 3249 1386 3303; x_wconf 82' lang='lat' dir='ltr'><strong>Pauli</strong></span> <span class='ocrx_word' id='word_1_383' title='bbox 1442 3247 1789 3304; x_wconf 89' lang='lat' dir='ltr'><strong>Samosateni</strong></span> <span class='ocrx_word' id='word_1_384' title='bbox 1849 3257 1904 3302; x_wconf 93' lang='lat' dir='ltr'><strong>et</strong></span> 
     </span>
    </p>
   </div>
   <div class='ocr_carea' id='block_1_51' title="bbox 300 3340 1900 3416">
    <p class='ocr_par' dir='ltr' id='par_1_51' title="bbox 300 3340 1900 3416">
     <span class='ocr_line' id='line_1_51' title="bbox 300 3340 1900 3416; baseline -0.004 -14"><span class='ocrx_word' id='word_1_385' title='bbox 300 3346 434 3403; x_wconf 81' lang='lat' dir='ltr'><strong>Arii.</strong></span> <span class='ocrx_word' id='word_1_386' title='bbox 467 3346 573 3401; x_wconf 88' lang='lat' dir='ltr'><strong>Sed</strong></span> <span class='ocrx_word' id='word_1_387' title='bbox 600 3347 755 3416; x_wconf 88' lang='lat' dir='ltr'><strong>quid,</strong></span> <span class='ocrx_word' id='word_1_388' title='bbox 786 3360 916 3411; x_wconf 89' lang='lat' dir='ltr'><strong>non,</strong></span> <span class='ocrx_word' id='word_1_389' title='bbox 944 3361 1069 3400; x_wconf 89' lang='lat' dir='ltr'><strong>cum</strong></span> <span class='ocrx_word' id='word_1_390' title='bbox 1101 3345 1184 3398; x_wconf 88' lang='lat' dir='ltr'><strong>vis</strong></span> <span class='ocrx_word' id='word_1_391' title='bbox 1209 3385 1224 3409; x_wconf 93' lang='lat'><strong>,</strong></span> <span class='ocrx_word' id='word_1_392' title='bbox 1255 3340 1598 3412; x_wconf 89' lang='lat' dir='ltr'><strong>permisces?</strong></span> <span class='ocrx_word' id='word_1_393' title='bbox 1629 3341 1747 3396; x_wconf 86' lang='lat' dir='ltr'><strong>Non</strong></span> <span class='ocrx_word' id='word_1_394' title='bbox 1797 3340 1900 3396; x_wconf 90' lang='lat' dir='ltr'><strong>du-</strong></span> 
     </span>
    </p>
   </div>
   <div class='ocr_carea' id='block_1_52' title="bbox 300 3434 1903 3502">
    <p class='ocr_par' dir='ltr' id='par_1_52' title="bbox 300 3434 1903 3502">
     <span class='ocr_line' id='line_1_52' title="bbox 300 3434 1903 3502; baseline -0.003 -10"><span class='ocrx_word' id='word_1_395' title='bbox 300 3437 442 3493; x_wconf 84' lang='lat' dir='ltr'><strong>bitas</strong></span> <span class='ocrx_word' id='word_1_396' title='bbox 475 3437 528 3492; x_wconf 91' lang='lat' dir='ltr'><strong>in</strong></span> <span class='ocrx_word' id='word_1_397' title='bbox 557 3447 645 3492; x_wconf 88' lang='lat' dir='ltr'><strong>tua</strong></span> <span class='ocrx_word' id='word_1_398' title='bbox 703 3438 1001 3492; x_wconf 91' lang='lat' dir='ltr'><strong>etiamnum</strong></span> <span class='ocrx_word' id='word_1_399' title='bbox 1054 3434 1398 3491; x_wconf 87' lang='lat' dir='ltr'><strong>institutione</strong></span> <span class='ocrx_word' id='word_1_400' title='bbox 1453 3434 1734 3501; x_wconf 87' lang='lat' dir='ltr'><strong>scribere,</strong></span> <span class='ocrx_word' id='word_1_401' title='bbox 1781 3441 1903 3502; x_wconf 89' lang='lat' dir='ltr'><strong>post</strong></span> 
     </span>
    </p>
   </div>
   <div class='ocr_carea' id='block_1_53' title="bbox 301 3525 1900 3592">
    <p class='ocr_par' dir='ltr' id='par_1_53' title="bbox 301 3525 1900 3592">
     <span class='ocr_line' id='line_1_53' title="bbox 301 3525 1900 3592; baseline -0.003 -5"><span class='ocrx_word' id='word_1_402' title='bbox 301 3530 490 3587; x_wconf 79' lang='lat' dir='ltr'><strong>Arium</strong></span> <span class='ocrx_word' id='word_1_403' title='bbox 517 3530 828 3586; x_wconf 77' lang='lat' dir='ltr'><strong>surrexisse</strong></span> <span class='ocrx_word' id='word_1_404' title='bbox 873 3529 1188 3586; x_wconf 90' lang='lat' dir='ltr'><strong>Sabellium.</strong></span> <span class='ocrx_word' id='word_1_405' title='bbox 1234 3526 1389 3583; x_wconf 82' lang='lat' dir='ltr'><strong>Adeo</strong></span> <span class='ocrx_word' id='word_1_406' title='bbox 1430 3526 1482 3579; x_wconf 91' lang='lat' dir='ltr'><strong>in</strong></span> <span class='ocrx_word' id='word_1_407' title='bbox 1538 3525 1762 3581; x_wconf 88' lang='lat' dir='ltr'><strong>historia</strong></span> <span class='ocrx_word' id='word_1_408' title='bbox 1798 3567 1814 3592; x_wconf 92' lang='lat'><strong>,</strong></span> <span class='ocrx_word' id='word_1_409' title='bbox 1847 3527 1900 3582; x_wconf 91' lang='lat' dir='ltr'><strong>in</strong></span> 
     </span>
    </p>
   </div>
   <div class='ocr_carea' id='block_1_54' title="bbox 302 3620 1898 3694">
    <p class='ocr_par' dir='ltr' id='par_1_54' title="bbox 302 3620 1898 3694">
     <span class='ocr_line' id='line_1_54' title="bbox 302 3620 1898 3694; baseline 0 -18"><span class='ocrx_word' id='word_1_410' title='bbox 302 3637 408 3691; x_wconf 90' lang='lat' dir='ltr'><strong>qua</strong></span> <span class='ocrx_word' id='word_1_411' title='bbox 439 3624 692 3694; x_wconf 90' lang='lat' dir='ltr'><strong>princeps</strong></span> <span class='ocrx_word' id='word_1_412' title='bbox 732 3621 902 3677; x_wconf 88' lang='lat' dir='ltr'><strong>videri</strong></span> <span class='ocrx_word' id='word_1_413' title='bbox 956 3623 1038 3678; x_wconf 90' lang='lat' dir='ltr'><strong>vis</strong></span> <span class='ocrx_word' id='word_1_414' title='bbox 1069 3662 1081 3685; x_wconf 94' lang='lat'><strong>,</strong></span> <span class='ocrx_word' id='word_1_415' title='bbox 1128 3621 1327 3691; x_wconf 81' lang='lat' dir='ltr'><strong>hOSpes</strong></span> <span class='ocrx_word' id='word_1_416' title='bbox 1363 3629 1415 3673; x_wconf 89' lang='lat' dir='ltr'><strong>et</strong></span> <span class='ocrx_word' id='word_1_417' title='bbox 1447 3620 1767 3689; x_wconf 89' lang='lat' dir='ltr'><strong>peregrinus</strong></span> <span class='ocrx_word' id='word_1_418' title='bbox 1817 3635 1898 3676; x_wconf 91' lang='lat' dir='ltr'><strong>es.</strong></span> 
     </span>
    </p>
   </div>
   <div class='ocr_carea' id='block_1_55' title="bbox 253 3710 1901 3781">
    <p class='ocr_par' dir='ltr' id='par_1_55' title="bbox 253 3710 1901 3781">
     <span class='ocr_line' id='line_1_55' title="bbox 253 3710 1901 3781; baseline -0.001 -14"><span class='ocrx_word' id='word_1_419' title='bbox 253 3741 255 3744; x_wconf 54' lang='grc'>‹</span> <span class='ocrx_word' id='word_1_420' title='bbox 304 3713 460 3769; x_wconf 88' lang='lat' dir='ltr'><strong>Dices</strong></span> <span class='ocrx_word' id='word_1_421' title='bbox 481 3713 754 3768; x_wconf 90' lang='lat' dir='ltr'><strong>indoctum</strong></span> <span class='ocrx_word' id='word_1_422' title='bbox 781 3727 901 3768; x_wconf 89' lang='lat' dir='ltr'><strong>esse</strong></span> <span class='ocrx_word' id='word_1_423' title='bbox 932 3720 1178 3768; x_wconf 91' lang='lat' dir='ltr'><strong>nostrum</strong></span> <span class='ocrx_word' id='word_1_424' title='bbox 1230 3710 1518 3781; x_wconf 89' lang='lat' dir='ltr'><strong>Optatum;</strong></span> <span class='ocrx_word' id='word_1_425' title='bbox 1572 3720 1627 3765; x_wconf 91' lang='lat' dir='ltr'><strong>at</strong></span> <span class='ocrx_word' id='word_1_426' title='bbox 1671 3711 1760 3766; x_wconf 89' lang='lat' dir='ltr'><strong>ille</strong></span> <span class='ocrx_word' id='word_1_427' title='bbox 1789 3711 1901 3766; x_wconf 87' lang='lat' dir='ltr'><strong>sal-</strong></span> 
     </span>
    </p>
   </div>
   <div class='ocr_carea' id='block_1_56' title="bbox 303 3803 1899 3877">
    <p class='ocr_par' dir='ltr' id='par_1_56' title="bbox 303 3803 1899 3877">
     <span class='ocr_line' id='line_1_56' title="bbox 303 3803 1899 3877; baseline -0.003 -15"><span class='ocrx_word' id='word_1_428' title='bbox 303 3817 414 3862; x_wconf 89' lang='lat' dir='ltr'><strong>tem</strong></span> <span class='ocrx_word' id='word_1_429' title='bbox 441 3807 638 3864; x_wconf 91' lang='lat' dir='ltr'><strong>docere</strong></span> <span class='ocrx_word' id='word_1_430' title='bbox 669 3818 723 3863; x_wconf 92' lang='lat' dir='ltr'><strong>te</strong></span> <span class='ocrx_word' id='word_1_431' title='bbox 753 3817 956 3877; x_wconf 82' lang='lat' dir='ltr'><strong>posset,</strong></span> <span class='ocrx_word' id='word_1_432' title='bbox 989 3805 1287 3861; x_wconf 89' lang='lat' dir='ltr'><strong>Sabellium</strong></span> <span class='ocrx_word' id='word_1_433' title='bbox 1330 3803 1504 3856; x_wconf 91' lang='lat' dir='ltr'><strong>multo</strong></span> <span class='ocrx_word' id='word_1_434' title='bbox 1541 3813 1667 3858; x_wconf 89' lang='lat' dir='ltr'><strong>ante</strong></span> <span class='ocrx_word' id='word_1_435' title='bbox 1710 3804 1899 3858; x_wconf 84' lang='lat' dir='ltr'><strong>Arium</strong></span> 
     </span>
    </p>
   </div>
   <div class='ocr_carea' id='block_1_57' title="bbox 302 3894 1902 3970">
    <p class='ocr_par' dir='ltr' id='par_1_57' title="bbox 302 3894 1902 3970">
     <span class='ocr_line' id='line_1_57' title="bbox 302 3894 1902 3970; baseline -0.001 -16"><span class='ocrx_word' id='word_1_436' title='bbox 302 3899 494 3964; x_wconf 88' lang='lat' dir='ltr'><strong>fuisse;</strong></span> <span class='ocrx_word' id='word_1_437' title='bbox 523 3910 578 3954; x_wconf 91' lang='lat' dir='ltr'><strong>et</strong></span> <span class='ocrx_word' id='word_1_438' title='bbox 604 3900 748 3970; x_wconf 92' lang='lat' dir='ltr'><strong>quod</strong></span> <span class='ocrx_word' id='word_1_439' title='bbox 775 3899 844 3955; x_wconf 90' lang='lat' dir='ltr'><strong>de</strong></span> <span class='ocrx_word' id='word_1_440' title='bbox 869 3898 1107 3955; x_wconf 86' lang='lat' dir='ltr'><strong>Sabellio</strong></span> <span class='ocrx_word' id='word_1_441' title='bbox 1135 3897 1339 3962; x_wconf 83' lang='lat' dir='ltr'><strong>dixisti,</strong></span> <span class='ocrx_word' id='word_1_442' title='bbox 1371 3894 1625 3950; x_wconf 88' lang='lat' dir='ltr'><strong>debuisse</strong></span> <span class='ocrx_word' id='word_1_443' title='bbox 1653 3905 1704 3951; x_wconf 91' lang='lat' dir='ltr'><strong>te</strong></span> <span class='ocrx_word' id='word_1_444' title='bbox 1726 3897 1902 3966; x_wconf 88' lang='lat' dir='ltr'><strong>potius</strong></span> 
     </span>
    </p>
   </div>
   <div class='ocr_carea' id='block_1_58' title="bbox 301 3986 1900 4062">
    <p class='ocr_par' dir='ltr' id='par_1_58' title="bbox 301 3986 1900 4062">
     <span class='ocr_line' id='line_1_58' title="bbox 301 3986 1900 4062; baseline -0.002 -16"><span class='ocrx_word' id='word_1_445' title='bbox 301 3991 486 4047; x_wconf 90' lang='lat' dir='ltr'><strong>dicere</strong></span> <span class='ocrx_word' id='word_1_446' title='bbox 506 3992 573 4046; x_wconf 91' lang='lat' dir='ltr'><strong>de</strong></span> <span class='ocrx_word' id='word_1_447' title='bbox 595 3991 847 4055; x_wconf 86' lang='lat' dir='ltr'><strong>Photino,</strong></span> <span class='ocrx_word' id='word_1_448' title='bbox 871 4006 1036 4062; x_wconf 90' lang='lat' dir='ltr'><strong>quem</strong></span> <span class='ocrx_word' id='word_1_449' title='bbox 1061 3990 1144 4045; x_wconf 90' lang='lat' dir='ltr'><strong>sui</strong></span> <span class='ocrx_word' id='word_1_450' title='bbox 1175 3988 1436 4058; x_wconf 83' lang='lat' dir='ltr'><strong>temporis</strong></span> <span class='ocrx_word' id='word_1_451' title='bbox 1459 3986 1771 4043; x_wconf 71' lang='lat' dir='ltr'><strong>hiBl&#39;eliCllllt</strong></span> <span class='ocrx_word' id='word_1_452' title='bbox 1800 4004 1900 4044; x_wconf 86' lang='lat' dir='ltr'><strong>vo-</strong></span> 
     </span>
    </p>
   </div>
   <div class='ocr_carea' id='block_1_59' title="bbox 299 4081 1903 4154">
    <p class='ocr_par' dir='ltr' id='par_1_59' title="bbox 299 4081 1903 4154">
     <span class='ocr_line' id='line_1_59' title="bbox 299 4081 1903 4154; baseline -0.001 -14"><span class='ocrx_word' id='word_1_453' title='bbox 299 4095 414 4140; x_wconf 87' lang='lat' dir='ltr'><strong>cat.</strong></span> <span class='ocrx_word' id='word_1_454' title='bbox 448 4087 562 4154; x_wconf 81' lang='lat' dir='ltr'><strong>Age</strong></span> <span class='ocrx_word' id='word_1_455' title='bbox 586 4098 746 4139; x_wconf 87' lang='lat' dir='ltr'><strong>vero:</strong></span> <span class='ocrx_word' id='word_1_456' title='bbox 781 4094 906 4139; x_wconf 84' lang='lat' dir='ltr'><strong>sunt</strong></span> <span class='ocrx_word' id='word_1_457' title='bbox 927 4084 1043 4139; x_wconf 65' lang='lat' dir='ltr'><strong>hinc</strong></span> <span class='ocrx_word' id='word_1_458' title='bbox 1066 4092 1278 4139; x_wconf 82' lang='lat' dir='ltr'><strong>tantum</strong></span> <span class='ocrx_word' id='word_1_459' title='bbox 1325 4081 1751 4152; x_wconf 85' lang='lat' dir='ltr'><strong>chronologica:</strong></span> <span class='ocrx_word' id='word_1_460' title='bbox 1782 4097 1903 4154; x_wconf 73' lang='lat' dir='ltr'><strong>qua:</strong></span> 
     </span>
    </p>
   </div>
   <div class='ocr_carea' id='block_1_60' title="bbox 301 4172 1900 4245">
    <p class='ocr_par' dir='ltr' id='par_1_60' title="bbox 301 4172 1900 4245">
     <span class='ocr_line' id='line_1_60' title="bbox 301 4172 1900 4245; baseline -0.003 -11"><span class='ocrx_word' id='word_1_461' title='bbox 301 4186 655 4234; x_wconf 88' lang='lat' dir='ltr'><strong>contemnere</strong></span> <span class='ocrx_word' id='word_1_462' title='bbox 711 4186 764 4232; x_wconf 90' lang='lat' dir='ltr'><strong>te</strong></span> <span class='ocrx_word' id='word_1_463' title='bbox 809 4177 960 4232; x_wconf 90' lang='lat' dir='ltr'><strong>dices</strong></span> <span class='ocrx_word' id='word_1_464' title='bbox 1029 4185 1349 4245; x_wconf 89' lang='lat' dir='ltr'><strong>occupatum</strong></span> <span class='ocrx_word' id='word_1_465' title='bbox 1403 4172 1771 4244; x_wconf 85' lang='lat' dir='ltr'><strong>Theol0gicis.</strong></span> <span class='ocrx_word' id='word_1_466' title='bbox 1829 4177 1900 4229; x_wconf 84' lang='lat' dir='ltr'><strong>At</strong></span> 
     </span>
    </p>
   </div>
   <div class='ocr_carea' id='block_1_61' title="bbox 301 4264 1898 4326">
    <p class='ocr_par' dir='ltr' id='par_1_61' title="bbox 301 4264 1898 4326">
     <span class='ocr_line' id='line_1_61' title="bbox 301 4264 1898 4326; baseline -0.004 0"><span class='ocrx_word' id='word_1_467' title='bbox 301 4279 552 4326; x_wconf 86' lang='lat' dir='ltr'><strong>nostrum</strong></span> <span class='ocrx_word' id='word_1_468' title='bbox 581 4284 686 4324; x_wconf 90' lang='lat' dir='ltr'><strong>non</strong></span> <span class='ocrx_word' id='word_1_469' title='bbox 732 4279 815 4324; x_wconf 92' lang='lat' dir='ltr'><strong>est</strong></span> <span class='ocrx_word' id='word_1_470' title='bbox 852 4277 905 4322; x_wconf 92' lang='lat' dir='ltr'><strong>te</strong></span> <span class='ocrx_word' id='word_1_471' title='bbox 944 4267 1066 4322; x_wconf 90' lang='lat' dir='ltr'><strong>aliis</strong></span> <span class='ocrx_word' id='word_1_472' title='bbox 1100 4267 1169 4322; x_wconf 89' lang='lat' dir='ltr'><strong>de</strong></span> <span class='ocrx_word' id='word_1_473' title='bbox 1216 4267 1379 4322; x_wconf 88' lang='lat' dir='ltr'><strong>rebus</strong></span> <span class='ocrx_word' id='word_1_474' title='bbox 1419 4264 1734 4321; x_wconf 88' lang='lat' dir='ltr'><strong>admonere.</strong></span> <span class='ocrx_word' id='word_1_475' title='bbox 1783 4265 1898 4321; x_wconf 83' lang='lat' dir='ltr'><strong>Non</strong></span> 
     </span>
    </p>
   </div>
   <div class='ocr_carea' id='block_1_62' title="bbox 300 4358 1898 4435">
    <p class='ocr_par' dir='ltr' id='par_1_62' title="bbox 300 4358 1898 4435">
     <span class='ocr_line' id='line_1_62' title="bbox 300 4358 1898 4435; baseline -0.003 -15"><span class='ocrx_word' id='word_1_476' title='bbox 300 4378 526 4435; x_wconf 87' lang='lat' dir='ltr'><strong>possum</strong></span> <span class='ocrx_word' id='word_1_477' title='bbox 551 4372 729 4418; x_wconf 85' lang='lat' dir='ltr'><strong>tamen</strong></span> <span class='ocrx_word' id='word_1_478' title='bbox 751 4365 934 4419; x_wconf 90' lang='lat' dir='ltr'><strong>omnia</strong></span> <span class='ocrx_word' id='word_1_479' title='bbox 958 4362 1316 4432; x_wconf 83' lang='lat' dir='ltr'><strong>supprimere.</strong></span> <span class='ocrx_word' id='word_1_480' title='bbox 1341 4358 1498 4428; x_wconf 64' lang='lat' dir='ltr'><strong>Saepe</strong></span> <span class='ocrx_word' id='word_1_481' title='bbox 1519 4360 1743 4414; x_wconf 90' lang='lat' dir='ltr'><strong>miratus</strong></span> <span class='ocrx_word' id='word_1_482' title='bbox 1754 4375 1898 4430; x_wconf 90' lang='lat' dir='ltr'><strong>sum,</strong></span> 
     </span>
    </p>
   </div>
   <div class='ocr_carea' id='block_1_63' title="bbox 297 4451 1900 4529">
    <p class='ocr_par' dir='ltr' id='par_1_63' title="bbox 297 4451 1900 4529">
     <span class='ocr_line' id='line_1_63' title="bbox 297 4451 1900 4529; baseline -0.002 -16"><span class='ocrx_word' id='word_1_483' title='bbox 297 4473 404 4514; x_wconf 91' lang='lat' dir='ltr'><strong>cur</strong></span> <span class='ocrx_word' id='word_1_484' title='bbox 427 4457 728 4529; x_wconf 87' lang='lat' dir='ltr'><strong>symbolum</strong></span> <span class='ocrx_word' id='word_1_485' title='bbox 773 4457 901 4512; x_wconf 89' lang='lat' dir='ltr'><strong>illud</strong></span> <span class='ocrx_word' id='word_1_486' title='bbox 938 4497 953 4521; x_wconf 92' lang='lat'><strong>,</strong></span> <span class='ocrx_word' id='word_1_487' title='bbox 1003 4466 1223 4526; x_wconf 88' lang='lat' dir='ltr'><strong>propter</strong></span> <span class='ocrx_word' id='word_1_488' title='bbox 1271 4451 1414 4525; x_wconf 91' lang='lat' dir='ltr'><strong>quod</strong></span> <span class='ocrx_word' id='word_1_489' title='bbox 1473 4453 1735 4509; x_wconf 87' lang='lat' dir='ltr'><strong>hactenus</strong></span> <span class='ocrx_word' id='word_1_490' title='bbox 1792 4465 1900 4510; x_wconf 88' lang='lat' dir='ltr'><strong>tam</strong></span> 
     </span>
    </p>
   </div>
   <div class='ocr_carea' id='block_1_64' title="bbox 295 4547 1901 4620">
    <p class='ocr_par' dir='ltr' id='par_1_64' title="bbox 295 4547 1901 4620">
     <span class='ocr_line' id='line_1_64' title="bbox 295 4547 1901 4620; baseline -0.002 -13"><span class='ocrx_word' id='word_1_491' title='bbox 295 4551 462 4607; x_wconf 81' lang='lat' dir='ltr'><strong>valde</strong></span> <span class='ocrx_word' id='word_1_492' title='bbox 491 4550 701 4606; x_wconf 87' lang='lat' dir='ltr'><strong>laudata</strong></span> <span class='ocrx_word' id='word_1_493' title='bbox 726 4559 812 4607; x_wconf 88' lang='lat' dir='ltr'><strong>est</strong></span> <span class='ocrx_word' id='word_1_494' title='bbox 830 4549 1047 4606; x_wconf 67' lang='lat' dir='ltr'><strong>Nicaena</strong></span> <span class='ocrx_word' id='word_1_495' title='bbox 1077 4547 1320 4620; x_wconf 87' lang='lat' dir='ltr'><strong>synodus</strong></span> <span class='ocrx_word' id='word_1_496' title='bbox 1344 4589 1359 4615; x_wconf 92' lang='lat'><strong>,</strong></span> <span class='ocrx_word' id='word_1_497' title='bbox 1412 4547 1634 4616; x_wconf 90' lang='lat' dir='ltr'><strong>etquod</strong></span> <span class='ocrx_word' id='word_1_498' title='bbox 1678 4557 1901 4618; x_wconf 87' lang='lat' dir='ltr'><strong>propter</strong></span> 
     </span>
    </p>
   </div>
   <div class='ocr_carea' id='block_1_65' title="bbox 298 4642 1900 4714">
    <p class='ocr_par' dir='ltr' id='par_1_65' title="bbox 298 4642 1900 4714">
     <span class='ocr_line' id='line_1_65' title="bbox 298 4642 1900 4714; baseline -0.001 -14"><span class='ocrx_word' id='word_1_499' title='bbox 298 4643 451 4700; x_wconf 86' lang='lat' dir='ltr'><strong>illam</strong></span> <span class='ocrx_word' id='word_1_500' title='bbox 483 4653 588 4698; x_wconf 90' lang='lat' dir='ltr'><strong>tam</strong></span> <span class='ocrx_word' id='word_1_501' title='bbox 616 4642 772 4699; x_wconf 87' lang='lat' dir='ltr'><strong>valde</strong></span> <span class='ocrx_word' id='word_1_502' title='bbox 792 4657 1006 4714; x_wconf 90' lang='lat' dir='ltr'><strong>quoque</strong></span> <span class='ocrx_word' id='word_1_503' title='bbox 1059 4643 1333 4696; x_wconf 90' lang='lat' dir='ltr'><strong>laudatum</strong></span> <span class='ocrx_word' id='word_1_504' title='bbox 1390 4651 1472 4695; x_wconf 83' lang='lat' dir='ltr'><strong>e5t</strong></span> <span class='ocrx_word' id='word_1_505' title='bbox 1501 4680 1518 4706; x_wconf 89' lang='lat'><strong>,</strong></span> <span class='ocrx_word' id='word_1_506' title='bbox 1567 4655 1732 4711; x_wconf 91' lang='lat' dir='ltr'><strong>neges</strong></span> <span class='ocrx_word' id='word_1_507' title='bbox 1778 4657 1900 4699; x_wconf 89' lang='lat' dir='ltr'><strong>esse</strong></span> 
     </span>
    </p>
   </div>
   <div class='ocr_carea' id='block_1_66' title="bbox 296 4734 1902 4806">
    <p class='ocr_par' dir='ltr' id='par_1_66' title="bbox 296 4734 1902 4806">
     <span class='ocr_line' id='line_1_66' title="bbox 296 4734 1902 4806; baseline -0.003 -11"><span class='ocrx_word' id='word_1_508' title='bbox 296 4739 604 4796; x_wconf 69' lang='lat' dir='ltr'><strong>Nicaenum.</strong></span> <span class='ocrx_word' id='word_1_509' title='bbox 636 4738 959 4806; x_wconf 76' lang='lat' dir='ltr'><strong>Meministi,</strong></span> <span class='ocrx_word' id='word_1_510' title='bbox 985 4737 1150 4793; x_wconf 90' lang='lat' dir='ltr'><strong>credo</strong></span> <span class='ocrx_word' id='word_1_511' title='bbox 1175 4778 1188 4802; x_wconf 94' lang='lat'><strong>,</strong></span> <span class='ocrx_word' id='word_1_512' title='bbox 1219 4750 1341 4792; x_wconf 90' lang='lat' dir='ltr'><strong>cum</strong></span> <span class='ocrx_word' id='word_1_513' title='bbox 1397 4734 1770 4804; x_wconf 89' lang='lat' dir='ltr'><strong>superioribus</strong></span> <span class='ocrx_word' id='word_1_514' title='bbox 1804 4750 1902 4790; x_wconf 83' lang='lat' dir='ltr'><strong>an-</strong></span> 
     </span>
    </p>
   </div>
   <div class='ocr_carea' id='block_1_67' title="bbox 297 4826 1900 4899">
    <p class='ocr_par' dir='ltr' id='par_1_67' title="bbox 297 4826 1900 4899">
     <span class='ocr_line' id='line_1_67' title="bbox 297 4826 1900 4899; baseline -0.004 -10"><span class='ocrx_word' id='word_1_515' title='bbox 297 4834 390 4889; x_wconf 85' lang='lat' dir='ltr'><strong>nis</strong></span> <span class='ocrx_word' id='word_1_516' title='bbox 413 4833 662 4888; x_wconf 78' lang='lat' dir='ltr'><strong>ministro</strong></span> <span class='ocrx_word' id='word_1_517' title='bbox 703 4830 916 4886; x_wconf 89' lang='lat' dir='ltr'><strong>cuidam</strong></span> <span class='ocrx_word' id='word_1_518' title='bbox 950 4839 1041 4886; x_wconf 90' lang='lat' dir='ltr'><strong>tuo</strong></span> <span class='ocrx_word' id='word_1_519' title='bbox 1071 4837 1127 4885; x_wconf 91' lang='lat' dir='ltr'><strong>et</strong></span> <span class='ocrx_word' id='word_1_520' title='bbox 1145 4828 1365 4899; x_wconf 70' lang='lat' dir='ltr'><strong>collega:</strong></span> <span class='ocrx_word' id='word_1_521' title='bbox 1394 4826 1632 4882; x_wconf 84' lang='lat' dir='ltr'><strong>dictares</strong></span> <span class='ocrx_word' id='word_1_522' title='bbox 1678 4827 1900 4882; x_wconf 89' lang='lat' dir='ltr'><strong>honoris</strong></span> 
     </span>
    </p>
   </div>
   <div class='ocr_carea' id='block_1_68' title="bbox 298 4919 1895 4988">
    <p class='ocr_par' dir='ltr' id='par_1_68' title="bbox 298 4919 1895 4988">
     <span class='ocr_line' id='line_1_68' title="bbox 298 4919 1895 4988; baseline -0.003 -7"><span class='ocrx_word' id='word_1_523' title='bbox 298 4926 382 4982; x_wconf 89' lang='lat' dir='ltr'><strong>tui</strong></span> <span class='ocrx_word' id='word_1_524' title='bbox 410 4924 782 4980; x_wconf 90' lang='lat' dir='ltr'><strong>defensionem</strong></span> <span class='ocrx_word' id='word_1_525' title='bbox 819 4923 1077 4979; x_wconf 90' lang='lat' dir='ltr'><strong>adversus</strong></span> <span class='ocrx_word' id='word_1_526' title='bbox 1125 4921 1343 4978; x_wconf 86' lang='lat' dir='ltr'><strong>Petrum</strong></span> <span class='ocrx_word' id='word_1_527' title='bbox 1395 4919 1646 4977; x_wconf 88' lang='lat' dir='ltr'><strong>Carolum</strong></span> <span class='ocrx_word' id='word_1_528' title='bbox 1677 4961 1693 4988; x_wconf 98' lang='lat'><strong>,</strong></span> <span class='ocrx_word' id='word_1_529' title='bbox 1745 4931 1895 4977; x_wconf 89' lang='lat' dir='ltr'><strong>tuum</strong></span> 
     </span>
    </p>
   </div>
   <div class='ocr_carea' id='block_1_69' title="bbox 299 5013 1894 5087">
    <p class='ocr_par' dir='ltr' id='par_1_69' title="bbox 299 5013 1894 5087">
     <span class='ocr_line' id='line_1_69' title="bbox 299 5013 1894 5087; baseline -0.001 -17"><span class='ocrx_word' id='word_1_530' title='bbox 299 5016 576 5087; x_wconf 84' lang='lat' dir='ltr'><strong>quondam</strong></span> <span class='ocrx_word' id='word_1_531' title='bbox 603 5016 867 5086; x_wconf 74' lang='lat' dir='ltr'><strong>collegam</strong></span> <span class='ocrx_word' id='word_1_532' title='bbox 900 5056 917 5081; x_wconf 92' lang='lat'><strong>,</strong></span> <span class='ocrx_word' id='word_1_533' title='bbox 973 5014 1062 5084; x_wconf 91' lang='lat' dir='ltr'><strong>qui</strong></span> <span class='ocrx_word' id='word_1_534' title='bbox 1096 5022 1147 5068; x_wconf 92' lang='lat' dir='ltr'><strong>te</strong></span> <span class='ocrx_word' id='word_1_535' title='bbox 1173 5013 1465 5069; x_wconf 81' lang='lat' dir='ltr'><strong>Arianismi</strong></span> <span class='ocrx_word' id='word_1_536' title='bbox 1514 5013 1894 5069; x_wconf 84' lang='lat' dir='ltr'><strong>insimulabat:</strong></span> 
     </span>
    </p>
   </div>
   <div class='ocr_carea' id='block_1_70' title="bbox 299 5105 1902 5183">
    <p class='ocr_par' dir='ltr' id='par_1_70' title="bbox 299 5105 1902 5183">
     <span class='ocr_line' id='line_1_70' title="bbox 299 5105 1902 5183; baseline -0.004 -17"><span class='ocrx_word' id='word_1_537' title='bbox 299 5110 603 5166; x_wconf 87' lang='lat' dir='ltr'><strong>meministi</strong></span> <span class='ocrx_word' id='word_1_538' title='bbox 638 5106 902 5183; x_wconf 83' lang='lat' dir='ltr'><strong>(inquam)</strong></span> <span class='ocrx_word' id='word_1_539' title='bbox 953 5107 1166 5179; x_wconf 88' lang='lat' dir='ltr'><strong>qualem</strong></span> <span class='ocrx_word' id='word_1_540' title='bbox 1211 5107 1448 5162; x_wconf 87' lang='lat' dir='ltr'><strong>volueris</strong></span> <span class='ocrx_word' id='word_1_541' title='bbox 1487 5105 1573 5162; x_wconf 86' lang='lat' dir='ltr'><strong>edi</strong></span> <span class='ocrx_word' id='word_1_542' title='bbox 1603 5107 1902 5161; x_wconf 47' lang='lat' dir='ltr'><strong>confessio.-</strong></span> 
     </span>
    </p>
   </div>
   <div class='ocr_carea' id='block_1_71' title="bbox 301 5196 1899 5266">
    <p class='ocr_par' dir='ltr' id='par_1_71' title="bbox 301 5196 1899 5266">
     <span class='ocr_line' id='line_1_71' title="bbox 301 5196 1899 5266; baseline -0.002 -10"><span class='ocrx_word' id='word_1_543' title='bbox 301 5215 430 5257; x_wconf 88' lang='lat' dir='ltr'><strong>nem</strong></span> <span class='ocrx_word' id='word_1_544' title='bbox 456 5209 626 5256; x_wconf 89' lang='lat' dir='ltr'><strong>tuam.</strong></span> <span class='ocrx_word' id='word_1_545' title='bbox 651 5200 785 5255; x_wconf 83' lang='lat' dir='ltr'><strong>Nam</strong></span> <span class='ocrx_word' id='word_1_546' title='bbox 813 5213 922 5254; x_wconf 90' lang='lat' dir='ltr'><strong>non</strong></span> <span class='ocrx_word' id='word_1_547' title='bbox 947 5198 1122 5254; x_wconf 87' lang='lat' dir='ltr'><strong>solum</strong></span> <span class='ocrx_word' id='word_1_548' title='bbox 1148 5196 1428 5253; x_wconf 84' lang='lat' dir='ltr'><strong>confiteris</strong></span> <span class='ocrx_word' id='word_1_549' title='bbox 1468 5211 1697 5266; x_wconf 85' lang='lat' dir='ltr'><strong>negasse</strong></span> <span class='ocrx_word' id='word_1_550' title='bbox 1732 5204 1788 5251; x_wconf 93' lang='lat' dir='ltr'><strong>te</strong></span> <span class='ocrx_word' id='word_1_551' title='bbox 1831 5197 1899 5253; x_wconf 86' lang='lat' dir='ltr'><strong>il-</strong></span> 
     </span>
    </p>
   </div>
   <div class='ocr_carea' id='block_1_72' title="bbox 297 5288 1897 5362">
    <p class='ocr_par' dir='ltr' id='par_1_72' title="bbox 297 5288 1897 5362">
     <span class='ocr_line' id='line_1_72' title="bbox 297 5288 1897 5362; baseline -0.003 -12"><span class='ocrx_word' id='word_1_552' title='bbox 297 5293 412 5350; x_wconf 85' lang='lat' dir='ltr'><strong>lam</strong></span> <span class='ocrx_word' id='word_1_553' title='bbox 442 5294 729 5349; x_wconf 87' lang='lat' dir='ltr'><strong>formulam</strong></span> <span class='ocrx_word' id='word_1_554' title='bbox 762 5291 860 5348; x_wconf 89' lang='lat' dir='ltr'><strong>abs</strong></span> <span class='ocrx_word' id='word_1_555' title='bbox 889 5289 1111 5362; x_wconf 90' lang='lat' dir='ltr'><strong>Synodo</strong></span> <span class='ocrx_word' id='word_1_556' title='bbox 1142 5290 1357 5346; x_wconf 69' lang='lat' dir='ltr'><strong>Nlcaena</strong></span> <span class='ocrx_word' id='word_1_557' title='bbox 1390 5288 1688 5361; x_wconf 90' lang='lat' dir='ltr'><strong>profectam</strong></span> <span class='ocrx_word' id='word_1_558' title='bbox 1728 5304 1850 5345; x_wconf 90' lang='lat' dir='ltr'><strong>esse</strong></span> <span class='ocrx_word' id='word_1_559' title='bbox 1881 5332 1897 5358; x_wconf 91' lang='lat'><strong>,</strong></span> 
     </span>
    </p>
   </div>
   <div class='ocr_carea' id='block_1_73' title="bbox 295 5381 1896 5453">
    <p class='ocr_par' dir='ltr' id='par_1_73' title="bbox 295 5381 1896 5453">
     <span class='ocr_line' id='line_1_73' title="bbox 295 5381 1896 5453; baseline -0.005 -11"><span class='ocrx_word' id='word_1_560' title='bbox 295 5386 401 5442; x_wconf 90' lang='lat' dir='ltr'><strong>sed</strong></span> <span class='ocrx_word' id='word_1_561' title='bbox 427 5394 484 5442; x_wconf 91' lang='lat' dir='ltr'><strong>et</strong></span> <span class='ocrx_word' id='word_1_562' title='bbox 511 5385 736 5449; x_wconf 84' lang='lat' dir='ltr'><strong>dixisse,</strong></span> <span class='ocrx_word' id='word_1_563' title='bbox 764 5383 933 5439; x_wconf 90' lang='lat' dir='ltr'><strong>videri</strong></span> <span class='ocrx_word' id='word_1_564' title='bbox 960 5382 1138 5453; x_wconf 90' lang='lat' dir='ltr'><strong>potius</strong></span> <span class='ocrx_word' id='word_1_565' title='bbox 1184 5381 1570 5451; x_wconf 89' lang='lat' dir='ltr'><strong>battologicum</strong></span> <span class='ocrx_word' id='word_1_566' title='bbox 1624 5394 1845 5436; x_wconf 86' lang='lat' dir='ltr'><strong>carmen</strong></span> <span class='ocrx_word' id='word_1_567' title='bbox 1880 5421 1896 5448; x_wconf 95' lang='lat'><strong>,</strong></span> 
     </span>
    </p>
   </div>
   <div class='ocr_carea' id='block_1_74' title="bbox 294 5473 1901 5552">
    <p class='ocr_par' dir='ltr' id='par_1_74' title="bbox 294 5473 1901 5552">
     <span class='ocr_line' id='line_1_74' title="bbox 294 5473 1901 5552; baseline -0.004 -17"><span class='ocrx_word' id='word_1_568' title='bbox 294 5479 450 5552; x_wconf 90' lang='lat' dir='ltr'><strong>quod</strong></span> <span class='ocrx_word' id='word_1_569' title='bbox 483 5477 550 5532; x_wconf 90' lang='lat' dir='ltr'><strong>ad</strong></span> <span class='ocrx_word' id='word_1_570' title='bbox 578 5477 966 5532; x_wconf 87' lang='lat' dir='ltr'><strong>cantillandum</strong></span> <span class='ocrx_word' id='word_1_571' title='bbox 994 5484 1201 5532; x_wconf 90' lang='lat' dir='ltr'><strong>tantum</strong></span> <span class='ocrx_word' id='word_1_572' title='bbox 1248 5475 1320 5529; x_wconf 86' lang='lat' dir='ltr'><strong>sit</strong></span> <span class='ocrx_word' id='word_1_573' title='bbox 1360 5482 1568 5543; x_wconf 88' lang='lat' dir='ltr'><strong>aptum.</strong></span> <span class='ocrx_word' id='word_1_574' title='bbox 1605 5473 1719 5529; x_wconf 90' lang='lat' dir='ltr'><strong>Duo</strong></span> <span class='ocrx_word' id='word_1_575' title='bbox 1771 5487 1901 5544; x_wconf 91' lang='lat' dir='ltr'><strong>pro-</strong></span> 
     </span>
    </p>
   </div>
   <div class='ocr_carea' id='block_1_75' title="bbox 293 5565 1899 5640">
    <p class='ocr_par' dir='ltr' id='par_1_75' title="bbox 293 5565 1899 5640">
     <span class='ocr_line' id='line_1_75' title="bbox 293 5565 1899 5640; baseline -0.004 -13"><span class='ocrx_word' id='word_1_576' title='bbox 293 5571 452 5627; x_wconf 82' lang='lat' dir='ltr'><strong>fecto</strong></span> <span class='ocrx_word' id='word_1_577' title='bbox 481 5569 571 5624; x_wconf 88' lang='lat' dir='ltr'><strong>hic</strong></span> <span class='ocrx_word' id='word_1_578' title='bbox 586 5577 711 5623; x_wconf 88' lang='lat' dir='ltr'><strong>sunt</strong></span> <span class='ocrx_word' id='word_1_579' title='bbox 738 5584 928 5640; x_wconf 89' lang='lat' dir='ltr'><strong>magna</strong></span> <span class='ocrx_word' id='word_1_580' title='bbox 959 5575 1178 5639; x_wconf 87' lang='lat' dir='ltr'><strong>peccata</strong></span> <span class='ocrx_word' id='word_1_581' title='bbox 1204 5580 1412 5634; x_wconf 77' lang='lat' dir='ltr'><strong>magna:</strong></span> <span class='ocrx_word' id='word_1_582' title='bbox 1441 5565 1699 5634; x_wconf 64' lang='lat' dir='ltr'><strong>audaciae,</strong></span> <span class='ocrx_word' id='word_1_583' title='bbox 1724 5575 1778 5626; x_wconf 82' lang='lat' dir='ltr'><strong>et</strong></span> <span class='ocrx_word' id='word_1_584' title='bbox 1805 5581 1899 5638; x_wconf 83' lang='lat' dir='ltr'><strong>pe-</strong></span> 
     </span>
    </p>
   </div>
   <div class='ocr_carea' id='block_1_76' title="bbox 291 5659 1898 5734">
    <p class='ocr_par' dir='ltr' id='par_1_76' title="bbox 291 5659 1898 5734">
     <span class='ocr_line' id='line_1_76' title="bbox 291 5659 1898 5734; baseline -0.004 -10"><span class='ocrx_word' id='word_1_585' title='bbox 291 5663 530 5724; x_wconf 85' lang='lat' dir='ltr'><strong>riculosi</strong></span> <span class='ocrx_word' id='word_1_586' title='bbox 577 5663 830 5734; x_wconf 82' lang='lat' dir='ltr'><strong>exempli.</strong></span> <span class='ocrx_word' id='word_1_587' title='bbox 879 5664 1016 5720; x_wconf 86' lang='lat' dir='ltr'><strong>Esse</strong></span> <span class='ocrx_word' id='word_1_588' title='bbox 1055 5659 1374 5734; x_wconf 88' lang='lat' dir='ltr'><strong>Symbolum</strong></span> <span class='ocrx_word' id='word_1_589' title='bbox 1423 5659 1526 5715; x_wconf 91' lang='lat' dir='ltr'><strong>hoc</strong></span> <span class='ocrx_word' id='word_1_590' title='bbox 1573 5661 1850 5718; x_wconf 76' lang='lat' dir='ltr'><strong>Nictenum</strong></span> <span class='ocrx_word' id='word_1_591' title='bbox 1882 5709 1898 5733; x_wconf 91' lang='lat'><strong>,</strong></span> 
     </span>
    </p>
   </div>
   <div class='ocr_carea' id='block_1_77' title="bbox 294 5753 1898 5829">
    <p class='ocr_par' dir='ltr' id='par_1_77' title="bbox 294 5753 1898 5829">
     <span class='ocr_line' id='line_1_77' title="bbox 294 5753 1898 5829; baseline -0.001 -15"><span class='ocrx_word' id='word_1_592' title='bbox 294 5763 418 5815; x_wconf 69' lang='lat' dir='ltr'><strong>tam</strong></span> <span class='ocrx_word' id='word_1_593' title='bbox 446 5759 654 5817; x_wconf 83' lang='lat' dir='ltr'><strong>&#39;certutt&#39;t</strong></span> <span class='ocrx_word' id='word_1_594' title='bbox 677 5764 782 5828; x_wconf 79' lang='lat' dir='ltr'><strong>est,</strong></span> <span class='ocrx_word' id='word_1_595' title='bbox 815 5772 975 5829; x_wconf 86' lang='lat' dir='ltr'><strong>quam</strong></span> <span class='ocrx_word' id='word_1_596' title='bbox 994 5758 1080 5815; x_wconf 83' lang='lat' dir='ltr'><strong>est</strong></span> <span class='ocrx_word' id='word_1_597' title='bbox 1098 5756 1307 5812; x_wconf 79' lang='lat' dir='ltr'><strong>certum</strong></span> <span class='ocrx_word' id='word_1_598' title='bbox 1329 5753 1493 5811; x_wconf 87' lang='lat' dir='ltr'><strong>fuisse</strong></span> <span class='ocrx_word' id='word_1_599' title='bbox 1517 5754 1734 5826; x_wconf 88' lang='lat' dir='ltr'><strong>aliquod</strong></span> <span class='ocrx_word' id='word_1_600' title='bbox 1763 5771 1898 5813; x_wconf 82' lang='lat' dir='ltr'><strong>con-</strong></span> 
     </span>
    </p>
   </div>
   <div class='ocr_carea' id='block_1_78' title="bbox 1998 1864 3628 1950">
    <p class='ocr_par' dir='ltr' id='par_1_78' title="bbox 1998 1864 3628 1950">
     <span class='ocr_line' id='line_1_78' title="bbox 1998 1864 3628 1950; baseline 0.013 -33"><span class='ocrx_word' id='word_1_601' title='bbox 1998 1873 2130 1931; x_wconf 90' lang='lat' dir='ltr'><strong>tam,</strong></span> <span class='ocrx_word' id='word_1_602' title='bbox 2163 1873 2222 1919; x_wconf 95' lang='lat' dir='ltr'><strong>ut</strong></span> <span class='ocrx_word' id='word_1_603' title='bbox 2245 1864 2451 1919; x_wconf 82' lang='lat' dir='ltr'><strong>mirari</strong></span> <span class='ocrx_word' id='word_1_604' title='bbox 2482 1867 2615 1922; x_wconf 85' lang='lat' dir='ltr'><strong>satis</strong></span> <span class='ocrx_word' id='word_1_605' title='bbox 2669 1883 2780 1922; x_wconf 91' lang='lat' dir='ltr'><strong>non</strong></span> <span class='ocrx_word' id='word_1_606' title='bbox 2809 1869 3016 1937; x_wconf 88' lang='lat' dir='ltr'><strong>possim</strong></span> <span class='ocrx_word' id='word_1_607' title='bbox 3055 1873 3152 1929; x_wconf 91' lang='lat' dir='ltr'><strong>tibi</strong></span> <span class='ocrx_word' id='word_1_608' title='bbox 3199 1875 3522 1950; x_wconf 86' lang='lat' dir='ltr'><strong>jampridem</strong></span> <span class='ocrx_word' id='word_1_609' title='bbox 3545 1890 3628 1936; x_wconf 89' lang='lat' dir='ltr'><strong>ta-</strong></span> 
     </span>
    </p>
   </div>
   <div class='ocr_carea' id='block_1_79' title="bbox 1998 1959 3623 2045">
    <p class='ocr_par' dir='ltr' id='par_1_79' title="bbox 1998 1959 3623 2045">
     <span class='ocr_line' id='line_1_79' title="bbox 1998 1959 3623 2045; baseline 0.012 -31"><span class='ocrx_word' id='word_1_610' title='bbox 1998 1959 2103 2014; x_wconf 89' lang='lat' dir='ltr'><strong>lem</strong></span> <span class='ocrx_word' id='word_1_611' title='bbox 2135 1959 2423 2015; x_wconf 88' lang='lat' dir='ltr'><strong>sentinam</strong></span> <span class='ocrx_word' id='word_1_612' title='bbox 2448 1963 2589 2017; x_wconf 90' lang='lat' dir='ltr'><strong>male</strong></span> <span class='ocrx_word' id='word_1_613' title='bbox 2633 1977 2742 2016; x_wconf 89' lang='lat' dir='ltr'><strong>non</strong></span> <span class='ocrx_word' id='word_1_614' title='bbox 2785 1962 2954 2019; x_wconf 89' lang='lat' dir='ltr'><strong>olere.</strong></span> <span class='ocrx_word' id='word_1_615' title='bbox 3011 1967 3068 2024; x_wconf 94' lang='lat' dir='ltr'><strong>Si</strong></span> <span class='ocrx_word' id='word_1_616' title='bbox 3096 1969 3314 2029; x_wconf 88' lang='lat' dir='ltr'><strong>aliunde</strong></span> <span class='ocrx_word' id='word_1_617' title='bbox 3363 1975 3623 2045; x_wconf 87' lang='lat' dir='ltr'><strong>prodiret,</strong></span> 
     </span>
    </p>
   </div>
   <div class='ocr_carea' id='block_1_80' title="bbox 1997 2051 3625 2124">
    <p class='ocr_par' dir='ltr' id='par_1_80' title="bbox 1997 2051 3625 2124">
     <span class='ocr_line' id='line_1_80' title="bbox 1997 2051 3625 2124; baseline 0.01 -16"><span class='ocrx_word' id='word_1_618' title='bbox 1997 2053 2176 2108; x_wconf 84' lang='lat' dir='ltr'><strong>minus</strong></span> <span class='ocrx_word' id='word_1_619' title='bbox 2199 2051 2444 2106; x_wconf 89' lang='lat' dir='ltr'><strong>fortasse</strong></span> <span class='ocrx_word' id='word_1_620' title='bbox 2463 2054 2719 2118; x_wconf 91' lang='lat' dir='ltr'><strong>mirarer,</strong></span> <span class='ocrx_word' id='word_1_621' title='bbox 2736 2063 2790 2108; x_wconf 91' lang='lat' dir='ltr'><strong>et</strong></span> <span class='ocrx_word' id='word_1_622' title='bbox 2803 2066 3028 2114; x_wconf 89' lang='lat' dir='ltr'><strong>noceret</strong></span> <span class='ocrx_word' id='word_1_623' title='bbox 3047 2058 3282 2120; x_wconf 89' lang='lat' dir='ltr'><strong>fortasse</strong></span> <span class='ocrx_word' id='word_1_624' title='bbox 3300 2065 3498 2121; x_wconf 90' lang='lat' dir='ltr'><strong>minus.</strong></span> <span class='ocrx_word' id='word_1_625' title='bbox 3518 2066 3625 2124; x_wconf 90' lang='lat' dir='ltr'><strong>Sed</strong></span> 
     </span>
    </p>
   </div>
   <div class='ocr_carea' id='block_1_81' title="bbox 1997 2143 3625 2229">
    <p class='ocr_par' dir='ltr' id='par_1_81' title="bbox 1997 2143 3625 2229">
     <span class='ocr_line' id='line_1_81' title="bbox 1997 2143 3625 2229; baseline 0.011 -32"><span class='ocrx_word' id='word_1_626' title='bbox 1997 2146 2140 2216; x_wconf 90' lang='lat' dir='ltr'><strong>quod</strong></span> <span class='ocrx_word' id='word_1_627' title='bbox 2173 2143 2338 2198; x_wconf 90' lang='lat' dir='ltr'><strong>istinc</strong></span> <span class='ocrx_word' id='word_1_628' title='bbox 2356 2147 2586 2214; x_wconf 90' lang='lat' dir='ltr'><strong>prodiit,</strong></span> <span class='ocrx_word' id='word_1_629' title='bbox 2612 2147 2740 2216; x_wconf 89' lang='lat' dir='ltr'><strong>quia</strong></span> <span class='ocrx_word' id='word_1_630' title='bbox 2768 2162 2872 2202; x_wconf 93' lang='lat' dir='ltr'><strong>non</strong></span> <span class='ocrx_word' id='word_1_631' title='bbox 2897 2149 2999 2205; x_wconf 91' lang='lat' dir='ltr'><strong>nisi</strong></span> <span class='ocrx_word' id='word_1_632' title='bbox 3029 2164 3251 2211; x_wconf 91' lang='lat' dir='ltr'><strong>auctore</strong></span> <span class='ocrx_word' id='word_1_633' title='bbox 3301 2165 3351 2212; x_wconf 90' lang='lat' dir='ltr'><strong>te</strong></span> <span class='ocrx_word' id='word_1_634' title='bbox 3409 2159 3625 2229; x_wconf 86' lang='lat' dir='ltr'><strong>prodire</strong></span> 
     </span>
    </p>
   </div>
   <div class='ocr_carea' id='block_1_82' title="bbox 1998 2237 3621 2315">
    <p class='ocr_par' dir='ltr' id='par_1_82' title="bbox 1998 2237 3621 2315">
     <span class='ocr_line' id='line_1_82' title="bbox 1998 2237 3621 2315; baseline 0.01 -23"><span class='ocrx_word' id='word_1_635' title='bbox 1998 2237 2261 2302; x_wconf 90' lang='lat' dir='ltr'><strong>creditur,</strong></span> <span class='ocrx_word' id='word_1_636' title='bbox 2287 2245 2340 2290; x_wconf 90' lang='lat' dir='ltr'><strong>et</strong></span> <span class='ocrx_word' id='word_1_637' title='bbox 2371 2238 2545 2294; x_wconf 92' lang='lat' dir='ltr'><strong>miror</strong></span> <span class='ocrx_word' id='word_1_638' title='bbox 2576 2249 2634 2294; x_wconf 89' lang='lat' dir='ltr'><strong>et</strong></span> <span class='ocrx_word' id='word_1_639' title='bbox 2661 2238 2822 2293; x_wconf 91' lang='lat' dir='ltr'><strong>doleo</strong></span> <span class='ocrx_word' id='word_1_640' title='bbox 2848 2248 2958 2296; x_wconf 90' lang='lat' dir='ltr'><strong>tam</strong></span> <span class='ocrx_word' id='word_1_641' title='bbox 3004 2243 3235 2315; x_wconf 88' lang='lat' dir='ltr'><strong>impuris</strong></span> <span class='ocrx_word' id='word_1_642' title='bbox 3279 2251 3470 2307; x_wconf 67' lang='lat' dir='ltr'><strong>nmniis</strong></span> <span class='ocrx_word' id='word_1_643' title='bbox 3497 2266 3621 2308; x_wconf 90' lang='lat' dir='ltr'><strong>esse</strong></span> 
     </span>
    </p>
   </div>
   <div class='ocr_carea' id='block_1_83' title="bbox 2001 2325 3622 2412">
    <p class='ocr_par' dir='ltr' id='par_1_83' title="bbox 2001 2325 3622 2412">
     <span class='ocr_line' id='line_1_83' title="bbox 2001 2325 3622 2412; baseline 0.009 -28"><span class='ocrx_word' id='word_1_644' title='bbox 2001 2328 2284 2384; x_wconf 88' lang='lat' dir='ltr'><strong>refertum.</strong></span> <span class='ocrx_word' id='word_1_645' title='bbox 2303 2325 2483 2394; x_wconf 84' lang='lat' dir='ltr'><strong>Quid?</strong></span> <span class='ocrx_word' id='word_1_646' title='bbox 2508 2330 2837 2400; x_wconf 86' lang='lat' dir='ltr'><strong>perquirens</strong></span> <span class='ocrx_word' id='word_1_647' title='bbox 2863 2345 2925 2385; x_wconf 87' lang='lat' dir='ltr'><strong>ea</strong></span> <span class='ocrx_word' id='word_1_648' title='bbox 2951 2348 3076 2403; x_wconf 69' lang='lat' dir='ltr'><strong>qua:</strong></span> <span class='ocrx_word' id='word_1_649' title='bbox 3097 2337 3166 2390; x_wconf 89' lang='lat' dir='ltr'><strong>ad</strong></span> <span class='ocrx_word' id='word_1_650' title='bbox 3188 2337 3369 2410; x_wconf 88' lang='lat' dir='ltr'><strong>Optati</strong></span> <span class='ocrx_word' id='word_1_651' title='bbox 3395 2340 3464 2396; x_wconf 91' lang='lat' dir='ltr'><strong>de</strong></span> <span class='ocrx_word' id='word_1_652' title='bbox 3490 2342 3622 2412; x_wconf 89' lang='lat' dir='ltr'><strong>bap-</strong></span> 
     </span>
    </p>
   </div>
   <div class='ocr_carea' id='block_1_84' title="bbox 2002 2421 3616 2490">
    <p class='ocr_par' dir='ltr' id='par_1_84' title="bbox 2002 2421 3616 2490">
     <span class='ocr_line' id='line_1_84' title="bbox 2002 2421 3616 2490; baseline 0.01 -16"><span class='ocrx_word' id='word_1_653' title='bbox 2002 2422 2168 2476; x_wconf 90' lang='lat' dir='ltr'><strong>tismo</strong></span> <span class='ocrx_word' id='word_1_654' title='bbox 2195 2421 2618 2489; x_wconf 88' lang='lat' dir='ltr'><strong>disputationem</strong></span> <span class='ocrx_word' id='word_1_655' title='bbox 2654 2421 2973 2490; x_wconf 89' lang='lat' dir='ltr'><strong>pertinent,</strong></span> <span class='ocrx_word' id='word_1_656' title='bbox 3013 2426 3245 2485; x_wconf 89' lang='lat' dir='ltr'><strong>miratus</strong></span> <span class='ocrx_word' id='word_1_657' title='bbox 3291 2433 3453 2487; x_wconf 90' lang='lat' dir='ltr'><strong>etiam</strong></span> <span class='ocrx_word' id='word_1_658' title='bbox 3495 2448 3616 2490; x_wconf 89' lang='lat' dir='ltr'><strong>sum</strong></span> 
     </span>
    </p>
   </div>
   <div class='ocr_carea' id='block_1_85' title="bbox 2001 2512 3619 2596">
    <p class='ocr_par' dir='ltr' id='par_1_85' title="bbox 2001 2512 3619 2596">
     <span class='ocr_line' id='line_1_85' title="bbox 2001 2512 3619 2596; baseline 0.009 -28"><span class='ocrx_word' id='word_1_659' title='bbox 2001 2515 2280 2570; x_wconf 83' lang='lat' dir='ltr'><strong>audaciam</strong></span> <span class='ocrx_word' id='word_1_660' title='bbox 2305 2512 2451 2569; x_wconf 88' lang='lat' dir='ltr'><strong>illius</strong></span> <span class='ocrx_word' id='word_1_661' title='bbox 2483 2514 2792 2585; x_wconf 87' lang='lat' dir='ltr'><strong>farraginis,</strong></span> <span class='ocrx_word' id='word_1_662' title='bbox 2828 2530 2952 2585; x_wconf 74' lang='lat' dir='ltr'><strong>qute</strong></span> <span class='ocrx_word' id='word_1_663' title='bbox 3000 2519 3342 2579; x_wconf 85' lang='lat' dir='ltr'><strong>confidenter</strong></span> <span class='ocrx_word' id='word_1_664' title='bbox 3378 2541 3619 2596; x_wconf 80' lang='lat' dir='ltr'><strong>pronun-</strong></span> 
     </span>
    </p>
   </div>
   <div class='ocr_carea' id='block_1_86' title="bbox 2003 2605 3616 2674">
    <p class='ocr_par' dir='ltr' id='par_1_86' title="bbox 2003 2605 3616 2674">
     <span class='ocr_line' id='line_1_86' title="bbox 2003 2605 3616 2674; baseline 0.008 -13"><span class='ocrx_word' id='word_1_665' title='bbox 2003 2607 2102 2661; x_wconf 91' lang='lat' dir='ltr'><strong>tiat</strong></span> <span class='ocrx_word' id='word_1_666' title='bbox 2121 2605 2465 2662; x_wconf 87' lang='lat' dir='ltr'><strong>manifestum</strong></span> <span class='ocrx_word' id='word_1_667' title='bbox 2493 2622 2615 2662; x_wconf 89' lang='lat' dir='ltr'><strong>esse</strong></span> <span class='ocrx_word' id='word_1_668' title='bbox 2645 2621 2893 2662; x_wconf 89' lang='lat' dir='ltr'><strong>errorem</strong></span> <span class='ocrx_word' id='word_1_669' title='bbox 2941 2612 3160 2666; x_wconf 90' lang='lat' dir='ltr'><strong>concilii</strong></span> <span class='ocrx_word' id='word_1_670' title='bbox 3188 2613 3395 2672; x_wconf 63' lang='lat' dir='ltr'><strong>Nicmni</strong></span> <span class='ocrx_word' id='word_1_671' title='bbox 3425 2617 3616 2674; x_wconf 86' lang='lat' dir='ltr'><strong>decer-</strong></span> 
     </span>
    </p>
   </div>
   <div class='ocr_carea' id='block_1_87' title="bbox 2005 2681 3616 2784">
    <p class='ocr_par' dir='ltr' id='par_1_87' title="bbox 2005 2681 3616 2784">
     <span class='ocr_line' id='line_1_87' title="bbox 2005 2681 3616 2784; baseline 0.011 -31"><span class='ocrx_word' id='word_1_672' title='bbox 2005 2698 2190 2754; x_wconf 90' lang='lat' dir='ltr'><strong>nentis</strong></span> <span class='ocrx_word' id='word_1_673' title='bbox 2217 2698 2580 2755; x_wconf 85' lang='lat' dir='ltr'><strong>Paulianistas</strong></span> <span class='ocrx_word' id='word_1_674' title='bbox 2605 2715 2731 2755; x_wconf 86' lang='lat' dir='ltr'><strong>esse</strong></span> <span class='ocrx_word' id='word_1_675' title='bbox 2769 2699 3211 2772; x_wconf 87' lang='lat' dir='ltr'><strong>rebaptizandos.</strong></span> <span class='ocrx_word' id='word_1_676' title='bbox 3246 2681 3407 2781; x_wconf 79' lang='lat' dir='ltr'><strong>Atqui</strong></span> <span class='ocrx_word' id='word_1_677' title='bbox 3455 2683 3616 2784; x_wconf 84' lang='lat' dir='ltr'><strong>longe</strong></span> 
     </span>
    </p>
   </div>
   <div class='ocr_carea' id='block_1_88' title="bbox 2003 2793 3612 2865">
    <p class='ocr_par' dir='ltr' id='par_1_88' title="bbox 2003 2793 3612 2865">
     <span class='ocr_line' id='line_1_88' title="bbox 2003 2793 3612 2865; baseline 0.009 -17"><span class='ocrx_word' id='word_1_678' title='bbox 2003 2793 2163 2848; x_wconf 89' lang='lat' dir='ltr'><strong>aliter</strong></span> <span class='ocrx_word' id='word_1_679' title='bbox 2193 2793 2544 2864; x_wconf 89' lang='lat' dir='ltr'><strong>Augustinus,</strong></span> <span class='ocrx_word' id='word_1_680' title='bbox 2568 2794 2658 2864; x_wconf 92' lang='lat' dir='ltr'><strong>qui</strong></span> <span class='ocrx_word' id='word_1_681' title='bbox 2681 2795 2884 2865; x_wconf 89' lang='lat' dir='ltr'><strong>alioqui</strong></span> <span class='ocrx_word' id='word_1_682' title='bbox 2901 2796 3047 2852; x_wconf 73' lang='lat' dir='ltr'><strong>unus</strong></span> <span class='ocrx_word' id='word_1_683' title='bbox 3070 2803 3334 2859; x_wconf 90' lang='lat' dir='ltr'><strong>acerrime</strong></span> <span class='ocrx_word' id='word_1_684' title='bbox 3356 2805 3423 2860; x_wconf 93' lang='lat' dir='ltr'><strong>de</strong></span> <span class='ocrx_word' id='word_1_685' title='bbox 3450 2807 3612 2862; x_wconf 92' lang='lat' dir='ltr'><strong>unico</strong></span> 
     </span>
    </p>
   </div>
   <div class='ocr_carea' id='block_1_89' title="bbox 2003 2885 3609 2957">
    <p class='ocr_par' dir='ltr' id='par_1_89' title="bbox 2003 2885 3609 2957">
     <span class='ocr_line' id='line_1_89' title="bbox 2003 2885 3609 2957; baseline 0.009 -16"><span class='ocrx_word' id='word_1_686' title='bbox 2003 2886 2274 2957; x_wconf 89' lang='lat' dir='ltr'><strong>baptismo</strong></span> <span class='ocrx_word' id='word_1_687' title='bbox 2301 2885 2604 2942; x_wconf 89' lang='lat' dir='ltr'><strong>dimicavit.</strong></span> <span class='ocrx_word' id='word_1_688' title='bbox 2641 2887 2696 2943; x_wconf 94' lang='lat' dir='ltr'><strong>In</strong></span> <span class='ocrx_word' id='word_1_689' title='bbox 2728 2889 2822 2944; x_wconf 88' lang='lat' dir='ltr'><strong>lib.</strong></span> <span class='ocrx_word' id='word_1_690' title='bbox 2867 2890 2937 2946; x_wconf 91' lang='lat' dir='ltr'><strong>de</strong></span> <span class='ocrx_word' id='word_1_691' title='bbox 2972 2892 3284 2952; x_wconf 76' lang='lat' dir='ltr'><strong>llzeresibus</strong></span> <span class='ocrx_word' id='word_1_692' title='bbox 3315 2899 3609 2956; x_wconf 88' lang='lat' dir='ltr'><strong>Paulianos</strong></span> 
     </span>
    </p>
   </div>
   <div class='ocr_carea' id='block_1_90' title="bbox 2007 2978 3610 3051">
    <p class='ocr_par' dir='ltr' id='par_1_90' title="bbox 2007 2978 3610 3051">
     <span class='ocr_line' id='line_1_90' title="bbox 2007 2978 3610 3051; baseline 0.01 -19"><span class='ocrx_word' id='word_1_693' title='bbox 2007 2978 2229 3051; x_wconf 91' lang='lat' dir='ltr'><strong>(inquit)</strong></span> <span class='ocrx_word' id='word_1_694' title='bbox 2257 2978 2610 3048; x_wconf 84' lang='lat' dir='ltr'><strong>baptizandos</strong></span> <span class='ocrx_word' id='word_1_695' title='bbox 2630 2996 2753 3037; x_wconf 91' lang='lat' dir='ltr'><strong>esse</strong></span> <span class='ocrx_word' id='word_1_696' title='bbox 2786 2981 2839 3037; x_wconf 93' lang='lat' dir='ltr'><strong>iu</strong></span> <span class='ocrx_word' id='word_1_697' title='bbox 2889 2983 3134 3041; x_wconf 89' lang='lat' dir='ltr'><strong>Ecclesia</strong></span> <span class='ocrx_word' id='word_1_698' title='bbox 3191 2987 3467 3046; x_wconf 86' lang='lat' dir='ltr'><strong>Catholica</strong></span> <span class='ocrx_word' id='word_1_699' title='bbox 3514 2993 3610 3048; x_wconf 85' lang='lat' dir='ltr'><strong>Ni-</strong></span> 
     </span>
    </p>
   </div>
   <div class='ocr_carea' id='block_1_91' title="bbox 2004 3072 3612 3140">
    <p class='ocr_par' dir='ltr' id='par_1_91' title="bbox 2004 3072 3612 3140">
     <span class='ocr_line' id='line_1_91' title="bbox 2004 3072 3612 3140; baseline 0.009 -14"><span class='ocrx_word' id='word_1_700' title='bbox 2004 3086 2159 3126; x_wconf 72' lang='lat' dir='ltr'><strong>cteno</strong></span> <span class='ocrx_word' id='word_1_701' title='bbox 2187 3072 2419 3128; x_wconf 91' lang='lat' dir='ltr'><strong>concilio</strong></span> <span class='ocrx_word' id='word_1_702' title='bbox 2442 3074 2796 3128; x_wconf 89' lang='lat' dir='ltr'><strong>constitutum</strong></span> <span class='ocrx_word' id='word_1_703' title='bbox 2827 3084 2927 3130; x_wconf 90' lang='lat' dir='ltr'><strong>est.</strong></span> <span class='ocrx_word' id='word_1_704' title='bbox 2957 3076 3112 3134; x_wconf 90' lang='lat' dir='ltr'><strong>Unde</strong></span> <span class='ocrx_word' id='word_1_705' title='bbox 3140 3080 3475 3138; x_wconf 84' lang='lat' dir='ltr'><strong>credendum</strong></span> <span class='ocrx_word' id='word_1_706' title='bbox 3527 3094 3612 3140; x_wconf 89' lang='lat' dir='ltr'><strong>est</strong></span> 
     </span>
    </p>
   </div>
   <div class='ocr_carea' id='block_1_92' title="bbox 2003 3157 3607 3242">
    <p class='ocr_par' dir='ltr' id='par_1_92' title="bbox 2003 3157 3607 3242">
     <span class='ocr_line' id='line_1_92' title="bbox 2003 3157 3607 3242; baseline 0.007 -22"><span class='ocrx_word' id='word_1_707' title='bbox 2003 3179 2100 3220; x_wconf 90' lang='lat' dir='ltr'><strong>eos</strong></span> <span class='ocrx_word' id='word_1_708' title='bbox 2133 3165 2372 3235; x_wconf 89' lang='lat' dir='ltr'><strong>regulam</strong></span> <span class='ocrx_word' id='word_1_709' title='bbox 2400 3165 2739 3236; x_wconf 82' lang='lat' dir='ltr'><strong>baptismatis</strong></span> <span class='ocrx_word' id='word_1_710' title='bbox 2771 3183 2878 3222; x_wconf 88' lang='lat' dir='ltr'><strong>non</strong></span> <span class='ocrx_word' id='word_1_711' title='bbox 2925 3157 3110 3224; x_wconf 83' lang='lat' dir='ltr'><strong>tenere</strong></span> <span class='ocrx_word' id='word_1_712' title='bbox 3142 3211 3158 3238; x_wconf 93' lang='lat'><strong>,</strong></span> <span class='ocrx_word' id='word_1_713' title='bbox 3210 3188 3372 3242; x_wconf 92' lang='lat' dir='ltr'><strong>quam</strong></span> <span class='ocrx_word' id='word_1_714' title='bbox 3421 3191 3607 3231; x_wconf 89' lang='lat' dir='ltr'><strong>secum</strong></span> 
     </span>
    </p>
   </div>
   <div class='ocr_carea' id='block_1_93' title="bbox 2005 3255 3610 3331">
    <p class='ocr_par' dir='ltr' id='par_1_93' title="bbox 2005 3255 3610 3331">
     <span class='ocr_line' id='line_1_93' title="bbox 2005 3255 3610 3331; baseline 0.009 -21"><span class='ocrx_word' id='word_1_715' title='bbox 2005 3256 2161 3310; x_wconf 92' lang='lat' dir='ltr'><strong>multi</strong></span> <span class='ocrx_word' id='word_1_716' title='bbox 2184 3255 2450 3323; x_wconf 65' lang='lat' dir='ltr'><strong>haeretici,</strong></span> <span class='ocrx_word' id='word_1_717' title='bbox 2480 3271 2601 3312; x_wconf 94' lang='lat' dir='ltr'><strong>cum</strong></span> <span class='ocrx_word' id='word_1_718' title='bbox 2629 3258 2699 3313; x_wconf 91' lang='lat' dir='ltr'><strong>de</strong></span> <span class='ocrx_word' id='word_1_719' title='bbox 2732 3257 3012 3315; x_wconf 89' lang='lat' dir='ltr'><strong>Catholica</strong></span> <span class='ocrx_word' id='word_1_720' title='bbox 3044 3261 3394 3319; x_wconf 86' lang='lat' dir='ltr'><strong>discederent</strong></span> <span class='ocrx_word' id='word_1_721' title='bbox 3427 3306 3442 3331; x_wconf 91' lang='lat'><strong>,</strong></span> <span class='ocrx_word' id='word_1_722' title='bbox 3483 3267 3610 3324; x_wconf 88' lang='lat' dir='ltr'><strong>abs-</strong></span> 
     </span>
    </p>
   </div>
   <div class='ocr_carea' id='block_1_94' title="bbox 2003 3350 2656 3406">
    <p class='ocr_par' dir='ltr' id='par_1_94' title="bbox 2003 3350 2656 3406">
     <span class='ocr_line' id='line_1_94' title="bbox 2003 3350 2656 3406; baseline 0.002 -4"><span class='ocrx_word' id='word_1_723' title='bbox 2003 3350 2243 3405; x_wconf 90' lang='lat' dir='ltr'><strong>tulerunt</strong></span> <span class='ocrx_word' id='word_1_724' title='bbox 2265 3360 2319 3405; x_wconf 88' lang='lat' dir='ltr'><strong>et</strong></span> <span class='ocrx_word' id='word_1_725' title='bbox 2347 3351 2656 3406; x_wconf 88' lang='lat' dir='ltr'><strong>observant.</strong></span> 
     </span>
    </p>
   </div>
   <div class='ocr_carea' id='block_1_95' title="bbox 2078 3441 3603 3514">
    <p class='ocr_par' dir='ltr' id='par_1_95' title="bbox 2078 3441 3603 3514">
     <span class='ocr_line' id='line_1_95' title="bbox 2078 3441 3603 3514; baseline 0.003 -16"><span class='ocrx_word' id='word_1_726' title='bbox 2078 3442 2148 3498; x_wconf 92' lang='lat' dir='ltr'><strong>Ut</strong></span> <span class='ocrx_word' id='word_1_727' title='bbox 2171 3441 2397 3512; x_wconf 87' lang='lat' dir='ltr'><strong>Optatus</strong></span> <span class='ocrx_word' id='word_1_728' title='bbox 2439 3451 2624 3497; x_wconf 89' lang='lat' dir='ltr'><strong>noster</strong></span> <span class='ocrx_word' id='word_1_729' title='bbox 2653 3441 2776 3497; x_wconf 87' lang='lat' dir='ltr'><strong>fecit</strong></span> <span class='ocrx_word' id='word_1_730' title='bbox 2805 3483 2820 3506; x_wconf 96' lang='lat'><strong>,</strong></span> <span class='ocrx_word' id='word_1_731' title='bbox 2851 3442 3166 3514; x_wconf 90' lang='lat' dir='ltr'><strong>diligentius</strong></span> <span class='ocrx_word' id='word_1_732' title='bbox 3197 3453 3255 3499; x_wconf 92' lang='lat' dir='ltr'><strong>ut</strong></span> <span class='ocrx_word' id='word_1_733' title='bbox 3306 3445 3603 3514; x_wconf 80' lang='lat' dir='ltr'><strong>cogitarem</strong></span> 
     </span>
    </p>
   </div>
   <div class='ocr_carea' id='block_1_96' title="bbox 2002 3534 3602 3608">
    <p class='ocr_par' dir='ltr' id='par_1_96' title="bbox 2002 3534 3602 3608">
     <span class='ocr_line' id='line_1_96' title="bbox 2002 3534 3602 3608; baseline 0.004 -19"><span class='ocrx_word' id='word_1_734' title='bbox 2002 3534 2073 3590; x_wconf 93' lang='lat' dir='ltr'><strong>de</strong></span> <span class='ocrx_word' id='word_1_735' title='bbox 2107 3537 2325 3590; x_wconf 87' lang='lat' dir='ltr'><strong>historia</strong></span> <span class='ocrx_word' id='word_1_736' title='bbox 2352 3536 2774 3603; x_wconf 90' lang='lat' dir='ltr'><strong>Donatistarum,</strong></span> <span class='ocrx_word' id='word_1_737' title='bbox 2808 3536 2888 3591; x_wconf 90' lang='lat' dir='ltr'><strong>sic</strong></span> <span class='ocrx_word' id='word_1_738' title='bbox 2917 3538 3082 3608; x_wconf 87' lang='lat' dir='ltr'><strong>etiam</strong></span> <span class='ocrx_word' id='word_1_739' title='bbox 3117 3538 3303 3593; x_wconf 91' lang='lat' dir='ltr'><strong>nescio</strong></span> <span class='ocrx_word' id='word_1_740' title='bbox 3324 3540 3602 3608; x_wconf 90' lang='lat' dir='ltr'><strong>quomodo</strong></span> 
     </span>
    </p>
   </div>
   <div class='ocr_carea' id='block_1_97' title="bbox 2005 3627 3602 3700">
    <p class='ocr_par' dir='ltr' id='par_1_97' title="bbox 2005 3627 3602 3700">
     <span class='ocr_line' id='line_1_97' title="bbox 2005 3627 3602 3700; baseline 0.003 -18"><span class='ocrx_word' id='word_1_741' title='bbox 2005 3643 2151 3684; x_wconf 90' lang='lat' dir='ltr'><strong>nunc</strong></span> <span class='ocrx_word' id='word_1_742' title='bbox 2173 3627 2318 3694; x_wconf 89' lang='lat' dir='ltr'><strong>facit,</strong></span> <span class='ocrx_word' id='word_1_743' title='bbox 2351 3637 2408 3683; x_wconf 90' lang='lat' dir='ltr'><strong>ut</strong></span> <span class='ocrx_word' id='word_1_744' title='bbox 2437 3628 2553 3695; x_wconf 90' lang='lat' dir='ltr'><strong>tibi,</strong></span> <span class='ocrx_word' id='word_1_745' title='bbox 2585 3629 2668 3683; x_wconf 90' lang='lat' dir='ltr'><strong>vir</strong></span> <span class='ocrx_word' id='word_1_746' title='bbox 2695 3629 3066 3698; x_wconf 89' lang='lat' dir='ltr'><strong>optatissime,</strong></span> <span class='ocrx_word' id='word_1_747' title='bbox 3117 3629 3328 3700; x_wconf 90' lang='lat' dir='ltr'><strong>tuisque</strong></span> <span class='ocrx_word' id='word_1_748' title='bbox 3348 3631 3602 3686; x_wconf 84' lang='lat' dir='ltr'><strong>crimina-</strong></span> 
     </span>
    </p>
   </div>
   <div class='ocr_carea' id='block_1_98' title="bbox 2004 3721 3674 3794">
    <p class='ocr_par' dir='ltr' id='par_1_98' title="bbox 2004 3721 3674 3794">
     <span class='ocr_line' id='line_1_98' title="bbox 2004 3721 3674 3794; baseline 0.004 -21"><span class='ocrx_word' id='word_1_749' title='bbox 2004 3721 2242 3776; x_wconf 88' lang='lat' dir='ltr'><strong>tionibus</strong></span> <span class='ocrx_word' id='word_1_750' title='bbox 2270 3722 2464 3775; x_wconf 89' lang='lat' dir='ltr'><strong>iterum</strong></span> <span class='ocrx_word' id='word_1_751' title='bbox 2491 3721 2871 3790; x_wconf 91' lang='lat' dir='ltr'><strong>respondeam,</strong></span> <span class='ocrx_word' id='word_1_752' title='bbox 2901 3730 2957 3776; x_wconf 92' lang='lat' dir='ltr'><strong>et</strong></span> <span class='ocrx_word' id='word_1_753' title='bbox 2985 3721 3178 3787; x_wconf 91' lang='lat' dir='ltr'><strong>multa,</strong></span> <span class='ocrx_word' id='word_1_754' title='bbox 3209 3724 3456 3793; x_wconf 89' lang='lat' dir='ltr'><strong>quamvis</strong></span> <span class='ocrx_word' id='word_1_755' title='bbox 3485 3723 3599 3779; x_wconf 87' lang='lat' dir='ltr'><strong>for-</strong></span> <span class='ocrx_word' id='word_1_756' title='bbox 3671 3791 3674 3794; x_wconf 20' lang='lat'><strong>,</strong></span> 
     </span>
    </p>
   </div>
   <div class='ocr_carea' id='block_1_99' title="bbox 2005 3813 3599 3897">
    <p class='ocr_par' dir='ltr' id='par_1_99' title="bbox 2005 3813 3599 3897">
     <span class='ocr_line' id='line_1_99' title="bbox 2005 3813 3599 3897; baseline 0.004 -31"><span class='ocrx_word' id='word_1_757' title='bbox 2005 3822 2151 3868; x_wconf 90' lang='lat' dir='ltr'><strong>tasse</strong></span> <span class='ocrx_word' id='word_1_758' title='bbox 2182 3815 2274 3897; x_wconf 79' lang='lat' dir='ltr'><strong>tibi</strong></span> <span class='ocrx_word' id='word_1_759' title='bbox 2299 3813 2545 3881; x_wconf 90' lang='lat' dir='ltr'><strong>molesta,</strong></span> <span class='ocrx_word' id='word_1_760' title='bbox 2575 3815 2701 3884; x_wconf 90' lang='lat' dir='ltr'><strong>quia</strong></span> <span class='ocrx_word' id='word_1_761' title='bbox 2728 3824 2906 3868; x_wconf 90' lang='lat' dir='ltr'><strong>tamen</strong></span> <span class='ocrx_word' id='word_1_762' title='bbox 2934 3825 3222 3870; x_wconf 84' lang='lat' dir='ltr'><strong>occurrunt</strong></span> <span class='ocrx_word' id='word_1_763' title='bbox 3256 3857 3272 3882; x_wconf 96' lang='lat'><strong>,</strong></span> <span class='ocrx_word' id='word_1_764' title='bbox 3323 3831 3430 3871; x_wconf 93' lang='lat' dir='ltr'><strong>non</strong></span> <span class='ocrx_word' id='word_1_765' title='bbox 3477 3833 3599 3873; x_wconf 91' lang='lat' dir='ltr'><strong>om-</strong></span> 
     </span>
    </p>
   </div>
   <div class='ocr_carea' id='block_1_100' title="bbox 2004 3905 3598 3976">
    <p class='ocr_par' dir='ltr' id='par_1_100' title="bbox 2004 3905 3598 3976">
     <span class='ocr_line' id='line_1_100' title="bbox 2004 3905 3598 3976; baseline 0.003 -17"><span class='ocrx_word' id='word_1_766' title='bbox 2004 3905 2136 3960; x_wconf 90' lang='lat' dir='ltr'><strong>nino</strong></span> <span class='ocrx_word' id='word_1_767' title='bbox 2167 3907 2454 3976; x_wconf 89' lang='lat' dir='ltr'><strong>negligam.</strong></span> <span class='ocrx_word' id='word_1_768' title='bbox 2503 3906 2579 3962; x_wconf 93' lang='lat' dir='ltr'><strong>De</strong></span> <span class='ocrx_word' id='word_1_769' title='bbox 2625 3906 3105 3961; x_wconf 89' lang='lat' dir='ltr'><strong>calumniatoribus</strong></span> <span class='ocrx_word' id='word_1_770' title='bbox 3149 3909 3598 3964; x_wconf 87' lang='lat' dir='ltr'><strong>commentarium</strong></span> 
     </span>
    </p>
   </div>
   <div class='ocr_carea' id='block_1_101' title="bbox 2003 4001 3595 4073">
    <p class='ocr_par' dir='ltr' id='par_1_101' title="bbox 2003 4001 3595 4073">
     <span class='ocr_line' id='line_1_101' title="bbox 2003 4001 3595 4073; baseline 0.003 -19"><span class='ocrx_word' id='word_1_771' title='bbox 2003 4013 2072 4054; x_wconf 78' lang='lat' dir='ltr'><strong>ex</strong></span> <span class='ocrx_word' id='word_1_772' title='bbox 2111 4001 2321 4072; x_wconf 89' lang='lat' dir='ltr'><strong>legibus</strong></span> <span class='ocrx_word' id='word_1_773' title='bbox 2349 4011 2404 4056; x_wconf 90' lang='lat' dir='ltr'><strong>et</strong></span> <span class='ocrx_word' id='word_1_774' title='bbox 2441 4011 2626 4057; x_wconf 91' lang='lat' dir='ltr'><strong>nostro</strong></span> <span class='ocrx_word' id='word_1_775' title='bbox 2678 4001 2802 4071; x_wconf 92' lang='lat' dir='ltr'><strong>jure</strong></span> <span class='ocrx_word' id='word_1_776' title='bbox 2825 4001 2967 4057; x_wconf 91' lang='lat' dir='ltr'><strong>civili</strong></span> <span class='ocrx_word' id='word_1_777' title='bbox 3029 4003 3272 4058; x_wconf 81' lang='lat' dir='ltr'><strong>breviter</strong></span> <span class='ocrx_word' id='word_1_778' title='bbox 3310 4003 3595 4073; x_wconf 89' lang='lat' dir='ltr'><strong>repetitum</strong></span> 
     </span>
    </p>
   </div>
   <div class='ocr_carea' id='block_1_102' title="bbox 2003 4091 3597 4164">
    <p class='ocr_par' dir='ltr' id='par_1_102' title="bbox 2003 4091 3597 4164">
     <span class='ocr_line' id='line_1_102' title="bbox 2003 4091 3597 4164; baseline 0.004 -21"><span class='ocrx_word' id='word_1_779' title='bbox 2003 4091 2295 4160; x_wconf 90' lang='lat' dir='ltr'><strong>aliquando</strong></span> <span class='ocrx_word' id='word_1_780' title='bbox 2336 4093 2403 4148; x_wconf 92' lang='lat' dir='ltr'><strong>ad</strong></span> <span class='ocrx_word' id='word_1_781' title='bbox 2433 4103 2484 4148; x_wconf 89' lang='lat' dir='ltr'><strong>te</strong></span> <span class='ocrx_word' id='word_1_782' title='bbox 2510 4102 2734 4164; x_wconf 88' lang='lat' dir='ltr'><strong>repente</strong></span> <span class='ocrx_word' id='word_1_783' title='bbox 2791 4093 2921 4147; x_wconf 90' lang='lat' dir='ltr'><strong>dare</strong></span> <span class='ocrx_word' id='word_1_784' title='bbox 2952 4133 2966 4157; x_wconf 95' lang='lat'><strong>,</strong></span> <span class='ocrx_word' id='word_1_785' title='bbox 3009 4092 3310 4162; x_wconf 91' lang='lat' dir='ltr'><strong>importuna</strong></span> <span class='ocrx_word' id='word_1_786' title='bbox 3365 4094 3597 4163; x_wconf 90' lang='lat' dir='ltr'><strong>quadam</strong></span> 
     </span>
    </p>
   </div>
   <div class='ocr_carea' id='block_1_103' title="bbox 2007 4183 3596 4252">
    <p class='ocr_par' dir='ltr' id='par_1_103' title="bbox 2007 4183 3596 4252">
     <span class='ocr_line' id='line_1_103' title="bbox 2007 4183 3596 4252; baseline 0.001 -15"><span class='ocrx_word' id='word_1_787' title='bbox 2007 4191 2093 4238; x_wconf 90' lang='lat' dir='ltr'><strong>tua</strong></span> <span class='ocrx_word' id='word_1_788' title='bbox 2123 4195 2180 4240; x_wconf 91' lang='lat' dir='ltr'><strong>et</strong></span> <span class='ocrx_word' id='word_1_789' title='bbox 2197 4185 2589 4241; x_wconf 89' lang='lat' dir='ltr'><strong>contumeliosa</strong></span> <span class='ocrx_word' id='word_1_790' title='bbox 2616 4185 2882 4239; x_wconf 89' lang='lat' dir='ltr'><strong>calumnia</strong></span> <span class='ocrx_word' id='word_1_791' title='bbox 2903 4191 3121 4239; x_wconf 89' lang='lat' dir='ltr'><strong>coactus</strong></span> <span class='ocrx_word' id='word_1_792' title='bbox 3149 4184 3242 4238; x_wconf 85' lang='lat' dir='ltr'><strong>fni.</strong></span> <span class='ocrx_word' id='word_1_793' title='bbox 3266 4183 3419 4252; x_wconf 85' lang='lat' dir='ltr'><strong>Quod</strong></span> <span class='ocrx_word' id='word_1_794' title='bbox 3446 4185 3501 4239; x_wconf 92' lang='lat' dir='ltr'><strong>in</strong></span> <span class='ocrx_word' id='word_1_795' title='bbox 3527 4198 3596 4240; x_wconf 89' lang='lat' dir='ltr'><strong>eo</strong></span> 
     </span>
    </p>
   </div>
   <div class='ocr_carea' id='block_1_104' title="bbox 2003 4277 3595 4344">
    <p class='ocr_par' dir='ltr' id='par_1_104' title="bbox 2003 4277 3595 4344">
     <span class='ocr_line' id='line_1_104' title="bbox 2003 4277 3595 4344; baseline 0.001 -12"><span class='ocrx_word' id='word_1_796' title='bbox 2003 4280 2394 4334; x_wconf 89' lang='lat' dir='ltr'><strong>commentario</strong></span> <span class='ocrx_word' id='word_1_797' title='bbox 2430 4295 2535 4333; x_wconf 90' lang='lat' dir='ltr'><strong>non</strong></span> <span class='ocrx_word' id='word_1_798' title='bbox 2581 4279 2742 4334; x_wconf 88' lang='lat' dir='ltr'><strong>modo</strong></span> <span class='ocrx_word' id='word_1_799' title='bbox 2793 4278 2868 4332; x_wconf 93' lang='lat' dir='ltr'><strong>tui</strong></span> <span class='ocrx_word' id='word_1_800' title='bbox 2905 4318 2921 4344; x_wconf 93' lang='lat'><strong>,</strong></span> <span class='ocrx_word' id='word_1_801' title='bbox 2973 4277 3066 4332; x_wconf 91' lang='lat' dir='ltr'><strong>scd</strong></span> <span class='ocrx_word' id='word_1_802' title='bbox 3092 4288 3146 4333; x_wconf 92' lang='lat' dir='ltr'><strong>et</strong></span> <span class='ocrx_word' id='word_1_803' title='bbox 3197 4279 3595 4334; x_wconf 89' lang='lat' dir='ltr'><strong>Donatistarum</strong></span> 
     </span>
    </p>
   </div>
   <div class='ocr_carea' id='block_1_105' title="bbox 2005 4369 3596 4440">
    <p class='ocr_par' dir='ltr' id='par_1_105' title="bbox 2005 4369 3596 4440">
     <span class='ocr_line' id='line_1_105' title="bbox 2005 4369 3596 4440; baseline -0.001 -14"><span class='ocrx_word' id='word_1_804' title='bbox 2005 4373 2334 4428; x_wconf 91' lang='lat' dir='ltr'><strong>mentionem</strong></span> <span class='ocrx_word' id='word_1_805' title='bbox 2366 4373 2608 4439; x_wconf 88' lang='lat' dir='ltr'><strong>fecerim,</strong></span> <span class='ocrx_word' id='word_1_806' title='bbox 2639 4371 2822 4435; x_wconf 86' lang='lat' dir='ltr'><strong>credo,</strong></span> <span class='ocrx_word' id='word_1_807' title='bbox 2849 4370 3098 4440; x_wconf 84' lang='lat' dir='ltr'><strong>agnoscis</strong></span> <span class='ocrx_word' id='word_1_808' title='bbox 3124 4385 3229 4425; x_wconf 87' lang='lat' dir='ltr'><strong>non</strong></span> <span class='ocrx_word' id='word_1_809' title='bbox 3262 4379 3466 4427; x_wconf 89' lang='lat' dir='ltr'><strong>temere</strong></span> <span class='ocrx_word' id='word_1_810' title='bbox 3485 4369 3596 4426; x_wconf 83' lang='lat' dir='ltr'><strong>fac-</strong></span> 
     </span>
    </p>
   </div>
   <div class='ocr_carea' id='block_1_106' title="bbox 2007 4462 3595 4534">
    <p class='ocr_par' dir='ltr' id='par_1_106' title="bbox 2007 4462 3595 4534">
     <span class='ocr_line' id='line_1_106' title="bbox 2007 4462 3595 4534; baseline -0.001 -14"><span class='ocrx_word' id='word_1_811' title='bbox 2007 4475 2119 4520; x_wconf 94' lang='lat' dir='ltr'><strong>tum</strong></span> <span class='ocrx_word' id='word_1_812' title='bbox 2151 4481 2295 4522; x_wconf 88' lang='lat' dir='ltr'><strong>esse.</strong></span> <span class='ocrx_word' id='word_1_813' title='bbox 2323 4466 2430 4522; x_wconf 90' lang='lat' dir='ltr'><strong>Sed</strong></span> <span class='ocrx_word' id='word_1_814' title='bbox 2458 4465 2840 4520; x_wconf 86' lang='lat' dir='ltr'><strong>satisfactionis</strong></span> <span class='ocrx_word' id='word_1_815' title='bbox 2877 4464 2996 4519; x_wconf 93' lang='lat' dir='ltr'><strong>loco</strong></span> <span class='ocrx_word' id='word_1_816' title='bbox 3030 4504 3047 4530; x_wconf 95' lang='lat'><strong>,</strong></span> <span class='ocrx_word' id='word_1_817' title='bbox 3098 4463 3427 4534; x_wconf 70' lang='lat' dir='ltr'><strong>reapondisti</strong></span> <span class='ocrx_word' id='word_1_818' title='bbox 3464 4462 3595 4520; x_wconf 93' lang='lat' dir='ltr'><strong>illud</strong></span> 
     </span>
    </p>
   </div>
   <div class='ocr_carea' id='block_1_107' title="bbox 1925 4531 3598 4630">
    <p class='ocr_par' dir='ltr' id='par_1_107' title="bbox 1925 4531 3598 4630">
     <span class='ocr_line' id='line_1_107' title="bbox 1925 4531 3598 4630; baseline -0.002 -18"><span class='ocrx_word' id='word_1_819' title='bbox 1925 4531 1979 4592; x_wconf 81' lang='lat' dir='ltr'><strong>D</strong></span> <span class='ocrx_word' id='word_1_820' title='bbox 2009 4567 2252 4613; x_wconf 89' lang='lat' dir='ltr'><strong>nostrum</strong></span> <span class='ocrx_word' id='word_1_821' title='bbox 2302 4573 2623 4630; x_wconf 85' lang='lat' dir='ltr'><strong>responsum</strong></span> <span class='ocrx_word' id='word_1_822' title='bbox 2671 4555 2920 4628; x_wconf 88' lang='lat' dir='ltr'><strong>frigidam</strong></span> <span class='ocrx_word' id='word_1_823' title='bbox 2970 4569 3092 4611; x_wconf 87' lang='lat' dir='ltr'><strong>esse</strong></span> <span class='ocrx_word' id='word_1_824' title='bbox 3120 4531 3449 4625; x_wconf 70' lang='lat' dir='ltr'><strong>rapsodiam.</strong></span> <span class='ocrx_word' id='word_1_825' title='bbox 3495 4555 3598 4609; x_wconf 79' lang='lat' dir='ltr'><strong>Fa-</strong></span> 
     </span>
    </p>
   </div>
   <div class='ocr_carea' id='block_1_108' title="bbox 2008 4647 3595 4722">
    <p class='ocr_par' dir='ltr' id='par_1_108' title="bbox 2008 4647 3595 4722">
     <span class='ocr_line' id='line_1_108' title="bbox 2008 4647 3595 4722; baseline -0.003 -17"><span class='ocrx_word' id='word_1_826' title='bbox 2008 4658 2126 4706; x_wconf 90' lang='lat' dir='ltr'><strong>teor</strong></span> <span class='ocrx_word' id='word_1_827' title='bbox 2145 4652 2393 4722; x_wconf 89' lang='lat' dir='ltr'><strong>asperius</strong></span> <span class='ocrx_word' id='word_1_828' title='bbox 2421 4650 2624 4721; x_wconf 91' lang='lat' dir='ltr'><strong>aliquid</strong></span> <span class='ocrx_word' id='word_1_829' title='bbox 2676 4660 2730 4704; x_wconf 90' lang='lat' dir='ltr'><strong>et</strong></span> <span class='ocrx_word' id='word_1_830' title='bbox 2768 4647 3143 4703; x_wconf 86' lang='lat' dir='ltr'><strong>vehementius</strong></span> <span class='ocrx_word' id='word_1_831' title='bbox 3189 4647 3294 4702; x_wconf 89' lang='lat' dir='ltr'><strong>dici</strong></span> <span class='ocrx_word' id='word_1_832' title='bbox 3332 4647 3595 4717; x_wconf 89' lang='lat' dir='ltr'><strong>potuisse.</strong></span> 
     </span>
    </p>
   </div>
   <div class='ocr_carea' id='block_1_109' title="bbox 2007 4740 3599 4800">
    <p class='ocr_par' dir='ltr' id='par_1_109' title="bbox 2007 4740 3599 4800">
     <span class='ocr_line' id='line_1_109' title="bbox 2007 4740 3599 4800; baseline -0.004 -2"><span class='ocrx_word' id='word_1_833' title='bbox 2007 4741 2114 4798; x_wconf 89' lang='lat' dir='ltr'><strong>Sed</strong></span> <span class='ocrx_word' id='word_1_834' title='bbox 2147 4744 2394 4800; x_wconf 88' lang='lat' dir='ltr'><strong>videbam</strong></span> <span class='ocrx_word' id='word_1_835' title='bbox 2423 4745 2478 4799; x_wconf 90' lang='lat' dir='ltr'><strong>in</strong></span> <span class='ocrx_word' id='word_1_836' title='bbox 2507 4742 2669 4800; x_wconf 88' lang='lat' dir='ltr'><strong>simili</strong></span> <span class='ocrx_word' id='word_1_837' title='bbox 2693 4755 2855 4796; x_wconf 87' lang='lat' dir='ltr'><strong>causa</strong></span> <span class='ocrx_word' id='word_1_838' title='bbox 2911 4741 3010 4796; x_wconf 88' lang='lat' dir='ltr'><strong>tali</strong></span> <span class='ocrx_word' id='word_1_839' title='bbox 3058 4740 3430 4795; x_wconf 89' lang='lat' dir='ltr'><strong>moderatione</strong></span> <span class='ocrx_word' id='word_1_840' title='bbox 3467 4751 3599 4793; x_wconf 91' lang='lat' dir='ltr'><strong>con-</strong></span> 
     </span>
    </p>
   </div>
   <div class='ocr_carea' id='block_1_110' title="bbox 2009 4830 3600 4907">
    <p class='ocr_par' dir='ltr' id='par_1_110' title="bbox 2009 4830 3600 4907">
     <span class='ocr_line' id='line_1_110' title="bbox 2009 4830 3600 4907; baseline -0.002 -19"><span class='ocrx_word' id='word_1_841' title='bbox 2009 4843 2186 4890; x_wconf 88' lang='lat' dir='ltr'><strong>tentos</strong></span> <span class='ocrx_word' id='word_1_842' title='bbox 2215 4837 2379 4893; x_wconf 86' lang='lat' dir='ltr'><strong>fuisse</strong></span> <span class='ocrx_word' id='word_1_843' title='bbox 2403 4837 2657 4907; x_wconf 90' lang='lat' dir='ltr'><strong>Optatum</strong></span> <span class='ocrx_word' id='word_1_844' title='bbox 2699 4845 2756 4891; x_wconf 92' lang='lat' dir='ltr'><strong>et</strong></span> <span class='ocrx_word' id='word_1_845' title='bbox 2796 4837 3178 4905; x_wconf 85' lang='lat' dir='ltr'><strong>Augustinum.</strong></span> <span class='ocrx_word' id='word_1_846' title='bbox 3211 4831 3439 4902; x_wconf 86' lang='lat' dir='ltr'><strong>Optatus</strong></span> <span class='ocrx_word' id='word_1_847' title='bbox 3465 4873 3483 4898; x_wconf 93' lang='lat'><strong>,</strong></span> <span class='ocrx_word' id='word_1_848' title='bbox 3532 4830 3600 4885; x_wconf 91' lang='lat' dir='ltr'><strong>li-</strong></span> 
     </span>
    </p>
   </div>
   <div class='ocr_carea' id='block_1_111' title="bbox 2009 4925 3599 5000">
    <p class='ocr_par' dir='ltr' id='par_1_111' title="bbox 2009 4925 3599 5000">
     <span class='ocr_line' id='line_1_111' title="bbox 2009 4925 3599 5000; baseline -0.001 -20"><span class='ocrx_word' id='word_1_849' title='bbox 2009 4941 2136 4982; x_wconf 91' lang='lat' dir='ltr'><strong>vore</strong></span> <span class='ocrx_word' id='word_1_850' title='bbox 2179 4927 2398 5000; x_wconf 86' lang='lat' dir='ltr'><strong>(inquit)</strong></span> <span class='ocrx_word' id='word_1_851' title='bbox 2443 4930 2841 4984; x_wconf 90' lang='lat' dir='ltr'><strong>interveniente</strong></span> <span class='ocrx_word' id='word_1_852' title='bbox 2871 4926 3026 4982; x_wconf 86' lang='lat' dir='ltr'><strong>facile</strong></span> <span class='ocrx_word' id='word_1_853' title='bbox 3065 4935 3147 4980; x_wconf 90' lang='lat' dir='ltr'><strong>est</strong></span> <span class='ocrx_word' id='word_1_854' title='bbox 3192 4925 3344 4980; x_wconf 90' lang='lat' dir='ltr'><strong>iratis</strong></span> <span class='ocrx_word' id='word_1_855' title='bbox 3390 4925 3599 4994; x_wconf 87' lang='lat' dir='ltr'><strong>jactare</strong></span> 
     </span>
    </p>
   </div>
   <div class='ocr_carea' id='block_1_112' title="bbox 2005 5017 3594 5089">
    <p class='ocr_par' dir='ltr' id='par_1_112' title="bbox 2005 5017 3594 5089">
     <span class='ocr_line' id='line_1_112' title="bbox 2005 5017 3594 5089; baseline -0.002 -15"><span class='ocrx_word' id='word_1_856' title='bbox 2005 5018 2344 5075; x_wconf 90' lang='lat' dir='ltr'><strong>convicium:</strong></span> <span class='ocrx_word' id='word_1_857' title='bbox 2375 5020 2470 5076; x_wconf 93' lang='lat' dir='ltr'><strong>sed</strong></span> <span class='ocrx_word' id='word_1_858' title='bbox 2493 5036 2709 5089; x_wconf 90' lang='lat' dir='ltr'><strong>semper</strong></span> <span class='ocrx_word' id='word_1_859' title='bbox 2738 5020 2865 5076; x_wconf 90' lang='lat' dir='ltr'><strong>dum</strong></span> <span class='ocrx_word' id='word_1_860' title='bbox 2899 5017 3193 5076; x_wconf 90' lang='lat' dir='ltr'><strong>intenditur</strong></span> <span class='ocrx_word' id='word_1_861' title='bbox 3214 5019 3420 5074; x_wconf 90' lang='lat' dir='ltr'><strong>crimen</strong></span> <span class='ocrx_word' id='word_1_862' title='bbox 3445 5058 3461 5086; x_wconf 87' lang='lat'><strong>,</strong></span> <span class='ocrx_word' id='word_1_863' title='bbox 3496 5032 3594 5072; x_wconf 84' lang='lat' dir='ltr'><strong>nc-</strong></span> 
     </span>
    </p>
   </div>
   <div class='ocr_carea' id='block_1_113' title="bbox 2003 5113 3592 5184">
    <p class='ocr_par' dir='ltr' id='par_1_113' title="bbox 2003 5113 3592 5184">
     <span class='ocr_line' id='line_1_113' title="bbox 2003 5113 3592 5184; baseline -0.001 -17"><span class='ocrx_word' id='word_1_864' title='bbox 2003 5113 2238 5168; x_wconf 90' lang='lat' dir='ltr'><strong>cessaria</strong></span> <span class='ocrx_word' id='word_1_865' title='bbox 2261 5122 2346 5168; x_wconf 91' lang='lat' dir='ltr'><strong>cst</strong></span> <span class='ocrx_word' id='word_1_866' title='bbox 2371 5113 2654 5170; x_wconf 86' lang='lat' dir='ltr'><strong>manifesta</strong></span> <span class='ocrx_word' id='word_1_867' title='bbox 2711 5115 2976 5184; x_wconf 88' lang='lat' dir='ltr'><strong>probatio.</strong></span> <span class='ocrx_word' id='word_1_868' title='bbox 3026 5113 3362 5184; x_wconf 80' lang='lat' dir='ltr'><strong>Augustinus</strong></span> <span class='ocrx_word' id='word_1_869' title='bbox 3402 5119 3592 5168; x_wconf 91' lang='lat' dir='ltr'><strong>contra</strong></span> 
     </span>
    </p>
   </div>
   <div class='ocr_carea' id='block_1_114' title="bbox 2005 5204 3598 5278">
    <p class='ocr_par' dir='ltr' id='par_1_114' title="bbox 2005 5204 3598 5278">
     <span class='ocr_line' id='line_1_114' title="bbox 2005 5204 3598 5278; baseline -0.001 -19"><span class='ocrx_word' id='word_1_870' title='bbox 2005 5204 2356 5261; x_wconf 91' lang='lat' dir='ltr'><strong>Petilianum:</strong></span> <span class='ocrx_word' id='word_1_871' title='bbox 2389 5207 2507 5260; x_wconf 90' lang='lat' dir='ltr'><strong>sine</strong></span> <span class='ocrx_word' id='word_1_872' title='bbox 2523 5214 2660 5262; x_wconf 84' lang='lat' dir='ltr'><strong>teste</strong></span> <span class='ocrx_word' id='word_1_873' title='bbox 2681 5206 2900 5278; x_wconf 90' lang='lat' dir='ltr'><strong>(inquit)</strong></span> <span class='ocrx_word' id='word_1_874' title='bbox 2924 5214 2980 5261; x_wconf 90' lang='lat' dir='ltr'><strong>et</strong></span> <span class='ocrx_word' id='word_1_875' title='bbox 3000 5206 3117 5261; x_wconf 90' lang='lat' dir='ltr'><strong>sine</strong></span> <span class='ocrx_word' id='word_1_876' title='bbox 3135 5206 3246 5261; x_wconf 90' lang='lat' dir='ltr'><strong>ullo</strong></span> <span class='ocrx_word' id='word_1_877' title='bbox 3273 5205 3598 5261; x_wconf 89' lang='lat' dir='ltr'><strong>documento</strong></span> 
     </span>
    </p>
   </div>
   <div class='ocr_carea' id='block_1_115' title="bbox 2005 5295 3592 5368">
    <p class='ocr_par' dir='ltr' id='par_1_115' title="bbox 2005 5295 3592 5368">
     <span class='ocr_line' id='line_1_115' title="bbox 2005 5295 3592 5368; baseline 0.001 -19"><span class='ocrx_word' id='word_1_878' title='bbox 2005 5295 2210 5349; x_wconf 86' lang='lat' dir='ltr'><strong>crimen</strong></span> <span class='ocrx_word' id='word_1_879' title='bbox 2241 5295 2523 5365; x_wconf 90' lang='lat' dir='ltr'><strong>objiciens,</strong></span> <span class='ocrx_word' id='word_1_880' title='bbox 2545 5296 2836 5352; x_wconf 90' lang='lat' dir='ltr'><strong>maledicus</strong></span> <span class='ocrx_word' id='word_1_881' title='bbox 2859 5297 3036 5368; x_wconf 90' lang='lat' dir='ltr'><strong>potius</strong></span> <span class='ocrx_word' id='word_1_882' title='bbox 3058 5297 3409 5364; x_wconf 88' lang='lat' dir='ltr'><strong>conviciator,</strong></span> <span class='ocrx_word' id='word_1_883' title='bbox 3432 5309 3592 5365; x_wconf 88' lang='lat' dir='ltr'><strong>quam</strong></span> 
     </span>
    </p>
   </div>
   <div class='ocr_carea' id='block_1_116' title="bbox 2005 5384 3597 5444">
    <p class='ocr_par' dir='ltr' id='par_1_116' title="bbox 2005 5384 3597 5444">
     <span class='ocr_line' id='line_1_116' title="bbox 2005 5384 3597 5444; baseline 0.002 -7"><span class='ocrx_word' id='word_1_884' title='bbox 2005 5384 2275 5440; x_wconf 84' lang='lat' dir='ltr'><strong>veridicos</strong></span> <span class='ocrx_word' id='word_1_885' title='bbox 2303 5393 2590 5442; x_wconf 78' lang='lat' dir='ltr'><strong>accusator</strong></span> <span class='ocrx_word' id='word_1_886' title='bbox 2615 5389 2842 5444; x_wconf 89' lang='lat' dir='ltr'><strong>exsistit.</strong></span> <span class='ocrx_word' id='word_1_887' title='bbox 2879 5389 2943 5444; x_wconf 87' lang='lat' dir='ltr'><strong>Et</strong></span> <span class='ocrx_word' id='word_1_888' title='bbox 2979 5389 3030 5444; x_wconf 93' lang='lat' dir='ltr'><strong>in</strong></span> <span class='ocrx_word' id='word_1_889' title='bbox 3062 5388 3172 5444; x_wconf 91' lang='lat' dir='ltr'><strong>alio</strong></span> <span class='ocrx_word' id='word_1_890' title='bbox 3216 5399 3402 5444; x_wconf 89' lang='lat' dir='ltr'><strong>contra</strong></span> <span class='ocrx_word' id='word_1_891' title='bbox 3444 5401 3597 5441; x_wconf 87' lang='lat' dir='ltr'><strong>eum-</strong></span> 
     </span>
    </p>
   </div>
   <div class='ocr_carea' id='block_1_117' title="bbox 2002 5474 3597 5552">
    <p class='ocr_par' dir='ltr' id='par_1_117' title="bbox 2002 5474 3597 5552">
     <span class='ocr_line' id='line_1_117' title="bbox 2002 5474 3597 5552; baseline 0.001 -22"><span class='ocrx_word' id='word_1_892' title='bbox 2002 5474 2126 5531; x_wconf 90' lang='lat' dir='ltr'><strong>dem</strong></span> <span class='ocrx_word' id='word_1_893' title='bbox 2151 5475 2288 5531; x_wconf 92' lang='lat' dir='ltr'><strong>libro</strong></span> <span class='ocrx_word' id='word_1_894' title='bbox 2317 5495 2331 5531; x_wconf 91' lang='lat'><strong>:</strong></span> <span class='ocrx_word' id='word_1_895' title='bbox 2363 5478 2489 5548; x_wconf 91' lang='lat' dir='ltr'><strong>quid</strong></span> <span class='ocrx_word' id='word_1_896' title='bbox 2523 5478 2741 5552; x_wconf 91' lang='lat' dir='ltr'><strong>(inquit)</strong></span> <span class='ocrx_word' id='word_1_897' title='bbox 2772 5488 2901 5536; x_wconf 91' lang='lat' dir='ltr'><strong>ante</strong></span> <span class='ocrx_word' id='word_1_898' title='bbox 2937 5480 3142 5536; x_wconf 90' lang='lat' dir='ltr'><strong>clamas</strong></span> <span class='ocrx_word' id='word_1_899' title='bbox 3170 5495 3329 5551; x_wconf 92' lang='lat' dir='ltr'><strong>quam</strong></span> <span class='ocrx_word' id='word_1_900' title='bbox 3359 5477 3597 5549; x_wconf 86' lang='lat' dir='ltr'><strong>probas?</strong></span> 
     </span>
    </p>
   </div>
   <div class='ocr_carea' id='block_1_118' title="bbox 2003 5567 3597 5643">
    <p class='ocr_par' dir='ltr' id='par_1_118' title="bbox 2003 5567 3597 5643">
     <span class='ocr_line' id='line_1_118' title="bbox 2003 5567 3597 5643; baseline -0.001 -20"><span class='ocrx_word' id='word_1_901' title='bbox 2003 5567 2083 5624; x_wconf 87' lang='lat' dir='ltr'><strong>Tu</strong></span> <span class='ocrx_word' id='word_1_902' title='bbox 2113 5570 2165 5624; x_wconf 92' lang='lat' dir='ltr'><strong>in</strong></span> <span class='ocrx_word' id='word_1_903' title='bbox 2221 5584 2412 5643; x_wconf 89' lang='lat' dir='ltr'><strong>magna</strong></span> <span class='ocrx_word' id='word_1_904' title='bbox 2464 5573 2733 5626; x_wconf 88' lang='lat' dir='ltr'><strong>sermonis</strong></span> <span class='ocrx_word' id='word_1_905' title='bbox 2780 5572 3062 5628; x_wconf 89' lang='lat' dir='ltr'><strong>latitudine</strong></span> <span class='ocrx_word' id='word_1_906' title='bbox 3118 5586 3224 5626; x_wconf 93' lang='lat' dir='ltr'><strong>uno</strong></span> <span class='ocrx_word' id='word_1_907' title='bbox 3279 5568 3597 5625; x_wconf 88' lang='lat' dir='ltr'><strong>brevissimo</strong></span> 
     </span>
    </p>
   </div>
   <div class='ocr_carea' id='block_1_119' title="bbox 2002 5657 3598 5733">
    <p class='ocr_par' dir='ltr' id='par_1_119' title="bbox 2002 5657 3598 5733">
     <span class='ocr_line' id='line_1_119' title="bbox 2002 5657 3598 5733; baseline -0.003 -16"><span class='ocrx_word' id='word_1_908' title='bbox 2002 5662 2191 5727; x_wconf 90' lang='lat' dir='ltr'><strong>verbo,</strong></span> <span class='ocrx_word' id='word_1_909' title='bbox 2214 5663 2354 5733; x_wconf 89' lang='lat' dir='ltr'><strong>quod</strong></span> <span class='ocrx_word' id='word_1_910' title='bbox 2382 5663 2580 5718; x_wconf 89' lang='lat' dir='ltr'><strong>dicitur</strong></span> <span class='ocrx_word' id='word_1_911' title='bbox 2618 5665 2805 5733; x_wconf 80' lang='lat' dir='ltr'><strong>proba,</strong></span> <span class='ocrx_word' id='word_1_912' title='bbox 2833 5665 2886 5720; x_wconf 90' lang='lat' dir='ltr'><strong>in</strong></span> <span class='ocrx_word' id='word_1_913' title='bbox 2927 5661 3261 5718; x_wconf 83' lang='lat' dir='ltr'><strong>arctissimas</strong></span> <span class='ocrx_word' id='word_1_914' title='bbox 3301 5657 3598 5715; x_wconf 72' lang='lat' dir='ltr'><strong>coarctat-is</strong></span> 
     </span>
    </p>
   </div>
   <div class='ocr_carea' id='block_1_120' title="bbox 2001 5748 3600 5827">
    <p class='ocr_par' dir='ltr' id='par_1_120' title="bbox 2001 5748 3600 5827">
     <span class='ocr_line' id='line_1_120' title="bbox 2001 5748 3600 5827; baseline -0.001 -17"><span class='ocrx_word' id='word_1_915' title='bbox 2001 5755 2295 5826; x_wconf 88' lang='lat' dir='ltr'><strong>angustias.</strong></span> <span class='ocrx_word' id='word_1_916' title='bbox 2332 5755 2595 5827; x_wconf 89' lang='lat' dir='ltr'><strong>Equidem</strong></span> <span class='ocrx_word' id='word_1_917' title='bbox 2639 5757 2777 5812; x_wconf 87' lang='lat' dir='ltr'><strong>hanc</strong></span> <span class='ocrx_word' id='word_1_918' title='bbox 2825 5771 2926 5826; x_wconf 87' lang='lat' dir='ltr'><strong>ego</strong></span> <span class='ocrx_word' id='word_1_919' title='bbox 2970 5755 3188 5810; x_wconf 88' lang='lat' dir='ltr'><strong>brevem</strong></span> <span class='ocrx_word' id='word_1_920' title='bbox 3239 5748 3600 5821; x_wconf 51' lang='lat' dir='ltr'><strong>praescriptio:-</strong></span> 
     </span>
    </p>
   </div>
  </div>
