4152 6166
659 245 800 306 “l8

1876 253 2385 329 ΡΗΔΡΔΊΊΟΝΒΕ
2425 261 2746 330 ιιΑιιιυιιιι

3754 285 3861 343 me

658 376 780 415 nem
811 360 947 432 satis
967 376 1090 428 esse
1115 370 1262 432 puto,
1297 372 1352 418 ut
1373 364 1612 428 refellam
1634 367 1894 440 quidquid
1909 371 2245 436 calumniose
2271 381 2318 448 Α
2350 386 2561 433 constet
2605 379 2671 444 de
2731 379 3047 438 voluntate:
3097 397 3272 454 neque
3321 391 3734 460 nuncupationem
3773 404 3866 455 sine

654 452 913 516 adversus
944 468 1030 508 me
1080 451 1350 521 eﬂntiisti:
1408 465 1462 522 et
1485 458 1666 516 nescio
1688 459 1777 528 qui
1823 459 1935 528 fiat,
1965 470 2022 524 ut
2060 462 2241 535 legens

652 545 792 615 quod
821 559 1136 614 responsum
1157 548 1314 624 116
1337 549 1464 614 olim
1493 550 1782 608 Donatistis
1808 553 1925 617 Fuit.
1953 556 2134 622 videar
2156 558 2243 619 iia-

653 639 780 692 bere
810 636 952 706 quod
983 637 1200 704 totidem
1229 639 1408 706 verbis
1430 641 1523 702 tibi
1564 643 1940 712 reSpondeam.
1983 645 2073 702 Sic
2100 661 2247 702 com-

655 728 976 796 mentarium
1009 727 1160 796 illum
1198 745 1374 792 meum
1400 773 1412 798 ,
1443 733 1488 786 si
1519 734 1807 790 voluissem
1839 777 1852 801 ,
1886 735 2041 793 facile
2068 739 2247 796 auxis-

654 836 792 877 sem.
828 820 937 878 Sed
964 824 1126 888 missa
1172 824 1290 890 lucc
1332 823 1631 894 faciamus,
1668 843 1789 899 quae
1834 829 1958 886 facti
1993 842 2148 899 sunt,
2194 841 2248 894 et

652 917 870 987 quidem
906 918 1116 990 privati.
1143 919 1274 986 Nam
1306 932 1358 986 et
1410 937 1596 991 parum
1628 922 1957 1000 Reipublicae
1983 927 2246 996 interest,

651 1009 778 1086 quid
811 1009 880 1065 de
901 1025 988 1065 me
1020 1012 1104 1080 vei
1124 1011 1190 1078 de
1245 1021 1295 1068 te
1320 1021 1604 1070 statuatur.
1657 1015 1763 1076 Sed
1813 1032 1986 1088 neque
2041 1029 2132 1082 aut
2162 1034 2248 1082 me

2350 468 2636 538 scriptura,
2669 471 2714 525 si
2752 488 2858 534 non
2889 472 3065 534 desint
3096 485 3282 542 testes,
3327 479 3541 548 rcjicere
3592 501 3862 553 possumus:

2351 567 2409 624 et
2435 558 2666 630 denique
2699 561 2825 622 ﬁdei
2851 568 3261 628 commissorum
3283 585 3436 628 suum
3452 588 3568 629 esse
3585 575 3665 645 jus
3688 580 3864 637 scimus.

2350 648 2618 716 Quorsum
2649 654 2762 712 haec
2791 655 2813 708 ἲ
2839 657 2965 727 quia
2981 673 3102 714 cum
3135 660 3204 715 de
3231 663 3495 732 baptismo
3535 667 3745 737 disputat
3785 675 3867 728 Au-

2349 744 2600 812 gustinus
2619 755 2808 806 contra
2835 749 3137 808 Deitatistas
3158 793 3174 820 ,
3207 756 3478 812 contendit
3507 772 3568 814 ex
3597 775 3686 816 usu
3703 772 3750 817 et
3772 779 3873 819 cuu-

2351 847 2515 890 sensu
2539 846 2592 892 et
2622 839 2929 894 testimonio
2953 841 3206 902 Ecclesiae
3234 855 3380 902 recte
3404 849 3628 918 probari,
3673 855 3870 921 quasdam

2363 939 2484 980 esse
2511 927 2764 994 mandata
2785 970 2798 992 ,
2835 943 3104 1002 precept?
3127 974 3140 998 .
3171 935 3410 1000 instituta
3436 943 3708 1010 apostolica
3735 987 3748 1011 ,
3782 962 3874 1016 qute

2354 1024 2531 1082 tamen
2562 1019 2628 1084 ab
2652 1019 2784 1088 ipsis
2804 1024 3062 1092 aposmlis
3112 1027 3308 1096 scripta
3357 1044 3464 1089 non
3509 1035 3626 1088 sint.
3660 1034 3773 1091 Vide
3805 1037 3876 1092 oli-

650 1116 772 1155 cnm
796 1100 1124 1176 Caeciliano,
1172 1113 1264 1160 aut
1297 1114 1347 1164 te
1397 1119 1520 1172 cum
1570 1106 1777 1170 Donato
1831 1123 2108 1184 comparo.
2157 1111 2251 1172 Ni-

652 1192 819 1246 mium
849 1199 1024 1260 esisem
1053 1193 1286 1264 ineptus,
1319 1197 1363 1250 si
1392 1197 1475 1252 vel
1504 1195 1605 1264 hoc
1645 1199 1937 1271 cogitarem
1973 1243 1986 1267 ,
2020 1218 2118 1260 nec
2165 1217 2250 1258 εε-

2351 1123 2528 1178 secto.
2562 1111 2634 1180 uti
2666 1112 2767 1176 vir,
2799 1115 2928 1184 quid
2958 1125 3138 1181 tantus
3178 1124 3400 1183 antistes
3431 1162 3448 1187 ,
3495 1126 3578 1187 cui
3621 1135 3671 1185 et
3712 1138 3762 1185 tu
3802 1131 3875 1186 ali-

2353 1204 2570 1272 quando
2598 1212 2804 1272 tantum
2833 1208 3024 1270 tribuis
3046 1251 3060 1273 ,
3087 1211 3290 1282 scribat
3335 1213 3426 1277 lib.
3459 1231 3508 1272 tv;
3546 1217 3611 1276 de
3656 1219 3878 1289 Baptism.

653 1299 767 1339 sem
800 1283 1073 1342 ferendus.
1105 1283 1374 1350 Caeterum
1422 1289 1581 1360 longe
1611 1292 1714 1356 alia
1743 1304 1797 1348 et
1841 1293 2009 1360 multo
2037 1296 2244 1366 major,

653 1386 709 1432 ut
738 1378 867 1446 olim
892 1387 1008 1434 acta
1032 1389 1114 1446 est
1142 1421 1155 1446 ,
1180 1381 1259 1434 sic
1283 1396 1424 1450 nunc
1449 1383 1650 1462 {agitur
1669 1425 1683 1451 ,
1732 1400 1926 1452 causa;
1958 1387 2030 1443 in‘
2064 1403 2168 1468 qua
2196 1397 2252 1446 et

2352 1306 2540 1356 contra
2567 1296 2888 1365 Donatistas,
2922 1314 3040 1368 cap.
3071 1317 3144 1368 vt,
3171 1310 3224 1358 et
3244 1304 3418 1373 capite
3445 1322 3595 1376 μιν,
3620 1318 3671 1365 et
3691 1311 3805 1367 libro
3823 1329 3875 1380 ι,

2352 1385 2530 1455 capite
2558 1403 2711 1456 χχιιι,
2741 1399 2794 1444 ει
2824 1389 2962 1454 libro
2983 1392 3162 1461 primo
3190 1404 3378 1451 contra
3424 1397 3748 1458 Cresconium
3784 1418 3877 1472 cap.

646 1470 783 1546 juris
814 1472 1047 1536 maxima
1070 1476 1294 1556 quaastio
1318 1475 1571 1542 sit.Sane
1598 1480 1931 1549 Augustinus
1956 1483 2009 1546 in
2027 1482 2250 1550 Retrac-
2351 1491 2542 1536 xxxut.
2603 1478 2697 1533 llic
2741 1495 2871 1536 vero
2925 1490 2980 1536 tu
3039 1482 3172 1540 mihi
3226 1500 3395 1554 nuper
3432 1489 3712 1563 terribilem
3742 1470 3880 1549 dicam

651 1563 944 1630 tationibus
971 1566 1180 1632 scribit,
1211 1566 1263 1620 in
1287 1569 1399 1632 suis
1421 1579 1608 1630 contra
1633 1571 2046 1630 Parmenianutn
2077 1576 2245 1642 libris,

650 1657 1005 1726 qtizestiouetn
1028 1673 1278 1730 magnam
1310 1663 1513 1724 versari
1554 1673 1604 1720 ει
1631 1664 1763 1718 solvi
1794 1705 1810 1738 η
1841 1677 2017 1724 utrum
2047 1667 2098 1732 in
2126 1669 2246 1722 uni-

653 1754 761 1806 tate
785 1757 840 1814 et
868 1749 1185 1818 eorumdem
1207 1753 1586 1808 communione
1613 1765 2096 1824 sacramentorum,
2123 1758 2248 1818 mali

2349 1569 2632 1638 scripsisti,
2667 1571 2922 1644 litemqne
2951 1575 3229 1638 intendisti
3256 1584 3376 1656 περὶ
3415 1581 3734 1659 παραδόσεων(
3754 1590 3882 1663 ἀγρά-

2351 1684 2469 1732 φων,
2529 1672 2584 1716 ει
2627 1665 2769 1734 quod
2816 1665 2885 1722 de
2928 1665 2995 1724 iis
3034 1682 3141 1730 non
3187 1671 3556 1740 scripseram,
3605 1677 3884 1746 scripsertutt

2350 1763 2528 1814 autem
2562 1759 2756 1812 veteris
2779 1757 3038 1820 Ecclesiae
3064 1761 3252 1830 optimi
3299 1764 3570 1822 antistites
3597 1807 3614 1836 ,
3644 1769 3713 1824 sic
3737 1771 3883 1839 exagi-

649 1841 1019 1906 contamiuent
1046 1843 1235 1912 bonos.
1268 1845 1375 1910 Sed
1407 1856 1461 1902 et
1482 1848 1648 1906 altera
1672 1865 1780 1905 non
1811 1853 2148 1918 minor'fuit,
2177 1870 2243 1909 an
2275 1869 2324 1928 Β
2355 1848 2474 1910 "isti
2503 1888 2517 1913 .
2553 1858 2608 1901 ιιι
2642 1859 2820 1910 tamen
2849 1850 2918 1909 iis
2955 1854 3243 1920 ttl‘a‘atoritis
3267 1897 3281 1920 ,
3309 1870 3394 1912 me
3428 1872 3588 1917 unum
3634 1868 3794 1928 petere
3823 1861 3881 1914 ri-

650 1940 987 1998 sacramcnta
1021 1934 1318 2006 penderent
1369 1952 1435 1994 ex
1463 1939 1724 2010 dignitate
1776 1944 2048 2006 ministri?
2097 1955 2150 2000 et
2177 1961 2243 2000 an
2352 1936 2580 1994 dereris.
2609 1937 2791 1994 Liceat
2820 1940 2922 2002 hoc
2948 1956 3078 1998 sane
3110 1944 3201 1998 tibi
3246 1960 3385 2000 novo
3414 1956 3505 2004 tuo
3517 1949 3653 2018 jure.
3700 1950 3793 2007 Sed
3828 1952 3886 2004 al—

651 2024 955 2093 bnptismus
983 2027 1053 2092 ab
1081 2029 1312 2110 indignis
1339 2032 1740 2095 administratus
1760 2048 1903 2094 esset
1929 2040 2104 2104 nullus
2127 2040 2148 2094 ?
2170 2051 2243 2110 et,

649 2134 720 2184 an
750 2128 969 2192 propter
994 2135 1183 2190 eorum
1215 2124 1582 2196 indignitatem
1616 2128 1858 2196 Ecclesia
1904 2129 2103 2188 Christi
2128 2147 2248 2190 esse

652 2208 945 2278 desineret,
981 2228 1099 2281 qua:
1133 2213 1199 2276 iis,
1231 2217 1512 2289 uteretur?
1539 2227 1611 2286 et.
1637 2233 1706 2280 an
1750 2220 2040 2276 DOnatistm
2065 2223 2248 2296 aliquo

645 2301 768 2371 jure
792 2301 1090 2366 Ecclesium
1133 2305 1246 2362 suis
1283 2307 1498 2374 demum
1550 2309 1912 2376 schismaticis
1961 2317 2248 2386 synagogis

652 2390 912 2460 inclusam
946 2409 1066 2450 csse
1094 2397 1522 2454 contenderent?
1544 2416 1662 2474 qua:
1689 2412 1867 2462 tamen
1897 2403 2167 2468 levissima
2193 2414 2249 2462 et

652 2498 821 2556 prope
847 2485 994 2550 nulla
1021 2488 1308 2562 occasione
1348 2505 1468 2546 sese
1509 2490 1605 2558 abs
1656 2493 1863 2564 reliquo
1885 2510 2115 2570 corpore
2142 2498 2250 2564 dis,-

653 2584 952 2642 traxerant.
981 2578 1070 2648 Lis
1114 2594 1244 2650 ergo
1297 2597 1488 2653 magna
1542 2594 1664 2650 est,
1701 2585 1848 2642 etde
1896 2602 1958 2643 rc
2007 2590 2248 2644 omnium

651 2667 915 2734 maxima:
948 2679 1003 2729 et
1035 2672 1216 2736 nescio
1238 2688 1305 2742 an
1336 2689 1442 2728 non
1465 2674 1736 2732 difficilior
1777 2677 1848 2732 sit
1890 2679 2200 2748 schismatis
2229 2722 2244 2746 ,

650 2759 806 2830 uuam
840 2759 1112 2822 haereseos
1137 2764 1363 2828 curatio.
1417 2766 1647 2840 Scripsit
1687 2778 1875 2834 contra
1923 2772 2244 2846 Petilianum

649 2847 978 2930 Augustinus
1001 2853 1067 2908 de
1093 2856 1295 2918 unitate
1320 2856 1576 2922 Ecclesia:
1606 2877 1618 2913 :
1667 2862 1957 2930 scripserat
1987 2873 2040 2932 et
2089 2873 2246 2932 antea

650 2942 972 3018 Cyprianus.
1009 2946 1143 3014 Nam
1175 2951 1266 3021 qui
1296 2952 1411 3020 ejus
1449 2962 1712 3020 tractatus,
1753 2956 1909 3025 vulgo.
1941 2956 2248 3026 inscribitur

650 3034 714 3089 de
739 3036 1066 3106 simplicitate
1099 3039 1468 3109 Prcelatorum,
1517 3059 1617 3115 ego
1643 3088 1657 3113 ,
1694 3061 1814 3108 cum
1870 3047 2111 3118 Tridenti
2159 3065 2248 3112 εξ·
2351 3063 2542 3116 versus
2571 3065 2694 3118 eum
2725 3052 2842 3121 agis
2869 3053 2934 3114 de
2963 3053 3133 3110 libero
3163 3056 3419 3120 arbitrio.
3447 3058 3637 3124 Postea
3658 3072 3764 3114 cum
3791 3053 3898 3109 scri-

649 3144 765 3214 sctn
800 3171 814 3198 ,
851 3129 1017 3185 didici
1046 3147 1164 3188 esse
1199 3135 1599 3194 inscribendum
1632 3138 1694 3202 de
1716 3140 1911 3210 unitate
1960 3139 2247 3210 Ecclesiaz;
2353 3140 2504 3210 psisti
2539 3140 2590 3194 in
2622 3140 2902 3210 epistolam
2933 3142 2996 3196 ad
3018 3142 3353 3214 CotinllliOS.
3387 3147 3649 3218 scripsisti
3694 3160 3786 3206 non
3829 3157 3900 3204 Ite-

648 3203 809 3291 idqne
850 3239 918 3290 ex
960 3224 1096 3279 libro
1127 3229 1496 3298 manuscripto
1519 3231 1570 3302 in
1592 3229 1785 3300 Apulia
1812 3243 2054 3310 reperto,
2079 3236 2246 3300 Anto-

2357 3203 2478 3301 gare
2503 3241 2554 3288 te
2581 3203 2708 3301 quin
2742 3233 2938 3303 aliqua:
2983 3203 3600 3310 fueriut'apustqiot'luui
3641 3237 3900 3296 traditiones

650 3313 723 3367 nii
749 3315 1029 3385 Augustini
1053 3317 1424 3386 jurisconsulti
1453 3333 1506 3376 et
1534 3324 1793 3392 episcopi.
1824 3307 1932 3387 Sed
1966 3309 2247 3396 ite-talium
2354 3336 2460 3390 non
2484 3324 2732 3400 scriptae;
2764 3325 2858 3389 sed
2891 3340 2996 3394 non
3020 3327 3324 3396 concedere
3347 3328 3523 3398 fuisse
3548 3329 3789 3388 doctrinae
3810 3339 3902 3394 pat-

648 3408 864 3477 qnidem
895 3411 1220 3474 arbitrorum
1264 3414 1462 3485 judicia
1496 3417 1793 3478 consiliave
1830 3420 2112 3490 restituent
2152 3436 2247 3476 no-

2357 3422 2470 3482 les:
2503 3423 2708 3482 tantum
2747 3428 2924 3482 autem
2960 3419 3288 3487 pertinuisse
3313 3422 3386 3490 ad
3434 3422 3675 3488 ordinem
3717 3428 3765 3475 et
3794 3415 3900 3490 poll-

653 3496 755 3563 his,
787 3514 946 3570 quam
975 3511 1224 3580 optamus
1249 3493 1494 3571 ἐῶότητα,
1529 3507 1628 3561 nisi
1664 3509 1708 3562 si
1733 3507 1876 3578 Deus
1898 3511 2011 3590 ipse
2039 3511 2250 3584 animos
2355 3506 2515 3572 lim";
2547 3506 2742 3576 (litibus
2787 3507 2963 3574 verbis
2997 3549 3011 3573 ς
3071 3510 3236 3576 Credo
3262 3553 3276 3578 ν
3322 3515 3466 3573 ritus
3521 3522 3574 3570 et
3622 3508 3902 3580 cett?!an

652 3590 930 3646 hominum
961 3596 1240 3650 conciliet:
1271 3597 1322 3652 in
1366 3598 1556 3670 quibus
1587 3599 1764 3678 potius
1793 3617 1956 3671 quam
2005 3603 2056 3670 in
2089 3605 2249 3662 rebus
2353 3599 2516 3666 etiam
2546 3601 2944 3672 complecteris.
2974 3603 3261 3664 Postremo
3288 3621 3423 3674 cunt
3461 3607 3717 3676 θάτειευε
3740 3616 3814 3658 ωε
3835 3601 3903 3657 (ιε’

649 3685 802 3762 ipsis,
833 3696 915 3742 est
939 3688 1236 3760 distractio.
1276 3691 1470 3753 llabuit
1500 3691 1678 3753 Africa
1708 3709 1862 3760 suum.
1886 3695 2244 3764 Cathqiienm,
2351 3693 2622 3766 clamasti,
2649 3697 2793 3766 visus
2813 3711 2872 3754 es
2899 3698 3072 3762 nullas
3101 3703 3329 3772 omnino
3360 3718 3661 3775 agnoscere
3682 3702 3805 3767 velle
3825 3709 3904 3752 na-

650 3776 753 3830 ltoc
782 3787 882 3843 est,
914 3789 1316 3849 procuratorem
1346 3782 1578 3841 Caesaris
1623 3786 1738 3840 sive
1770 3786 1911 3858 Γιεεί
1962 3789 2063 3869 (sic
2103 3791 2246 3850 enim
2353 3788 2606 3858 ultiones.

649 3870 1046 3943 appellabatur)
1070 3885 1229 3948 atque
1251 3877 1328 3944 eis
1355 3877 1571 3948 quidem
1620 3879 1780 3956 etiam
1821 3879 2110 3951 aliquando
2143 3881 2248 3946 Do-
2446 3880 2552 3950 QUO
2578 3889 2774 3944 teneam
2795 3884 2958 3940 vultus
2975 3891 3246 3948 mutantem
3265 3888 3498 3948 Ρτοιιιθε
3521 3889 3683 3954 μαῖοῬ

652 3962 878 4026 natistas
909 3965 1200 4033 conciliare
1253 3981 1372 4021 cum
1418 3968 1656 4034 Ecclesia
1705 3958 1968 4026 catholica
2023 3984 2250 4040 conatus
2423 3973 2539 4042 Non
2584 3985 2690 4046 tam
2737 3975 2956 4042 fuerunt
2997 3979 3143 4048 (utor
3193 3981 3436 4038 libenter
3481 3992 3578 4050 tuo
3609 3977 3783 4051 verbo)
3820 3989 3911 4034 ret-

648 4063 751 4124 est.
781 4053 885 4122 Sed
916 4057 1050 4113 nihil
1077 4060 1203 4138 egit.
1230 4061 1498 4128 Qumritur
1517 4063 1810 4128 etiamnum
1840 4063 2067 4128 idoneus
2082 4066 2244 4145 judex
2349 4067 2570 4139 sipclles
2601 4069 2891 4134 Dauatistte
2919 4114 2934 4138 ,
2965 4087 3086 4130 cum
3129 4073 3198 4143 de
3240 4075 3484 4136 crimine
3530 4073 3810 4143 traditionis
3853 4067 3912 4136 (ιιι

650 4147 1234 4220 totiuscontroversizc.
1284 4151 1482 4219 Verum
1532 4154 1671 4222 bene
1716 4153 1896 4222 habet.
1946 4155 2117 4228 Spero
2163 4174 2249 4218 me
2352 4155 2640 4229 anahunt)
2703 4172 2965 4232 agerent,
3021 4180 3182 4234 quam
3231 4175 3292 4230 tu
3348 4183 3478 4236 cum
3532 4166 3602 4236 de
3663 4158 3913 4226 traditionis

648 4238 741 4294 tibi
771 4256 880 4295 rem
926 4243 1286 4313 gratissimam
1327 4243 1589 4308 facturum
1638 4261 1796 4312 esse,
1829 4262 1949 4306 cttm
2000 4250 2051 4316 iu
2101 4249 2251 4316 hisce
2352 4249 2511 4318 longe
2541 4250 2645 4316 alio
2683 4267 2882 4321 genere
2911 4253 3104 4323 litigas.
3156 4254 3213 4322 In
3256 4267 3500 4327 utraque
3530 4257 3623 4312 lite
3658 4262 3736 4318 est
3778 4249 3913 4319 prim.a

650 4332 831 4388 litibus
880 4333 1036 4402 laudo
1069 4337 1240 4407 legem
1269 4346 1324 4392 et
1353 4338 1636 4394 formulam
1662 4340 1875 4416 jndicii,
1925 4343 2066 4416 quod
2122 4360 2247 4400 nos-

2357 4340 2576 4410 qumstio
2608 4341 2751 4396 facti.
2781 4343 2934 4412 Quod
2979 4360 3106 4410 vero
3159 4344 3515 4419 Augustinus
3569 4345 3622 4401 in
3672 4340 3914 4412 collatione

654 4434 736 4478 ter
765 4424 991 4508 Optatos
1020 4428 1130 4500 dat,
1155 4431 1408 4501 exemplo
1439 4433 1669 4504 quodam
1721 4433 1858 4505 juris
1902 4435 2079 4506 civilis
2112 4476 2128 4510 η
2180 4436 2247 4504 ad
2353 4432 2432 4504 (ut
2465 4433 2779 4504 Vocabatur)
2828 4437 2988 4496 toties
3016 4437 3110 4500 abs
3166 4437 3482 4496 Donatistis
3531 4437 3837 4516 postulant.
3876 4437 3918 4483 ιιι

652 4529 842 4572 causas
871 4519 1271 4582 ecclesiasticas
1302 4524 1703 4594 elegantissime
1750 4527 2035 4594 translato.
2092 4527 2245 4596 Quod
2351 4534 2532 4586 certus
2555 4525 2744 4596 aliquis
2770 4541 2949 4580 causa?
2973 4538 3174 4598 Status.
3196 4540 3533 4606 certumque
3577 4531 3820 4605 ἱυιηείυω
3853 4538 3918 4580 ⁸⁵·

653 4607 814 4678 igitur
842 4609 908 4664 de
941 4621 1263 4678 testamento
1294 4616 1424 4672 dicit
1453 4618 1591 4672 libro
1623 4635 1674 4686 ν,
1716 4618 1811 4682 tibi
1851 4621 2115 4690 confirmo
2152 4624 2248 4678 mi-
2275 4620 2330 4680 D
2355 4624 2458 4681 50'.
2491 4614 2542 4669 id
2572 4614 2838 4684 imprimis
2865 4623 2921 4680 ει
2942 4617 3156 4696 quidem
3189 4619 3320 4686 iure.
3355 4638 3487 4688 ιηεο
3514 4664 3530 4694 ι
3575 4624 3669 4688 1.11.15
3708 4629 3759 4674 ιθ
3798 4624 3915 4688 Wo‘

647 4700 797 4756 rilice
823 4703 953 4758 mihi
992 4705 1235 4776 placere:
1269 4710 1482 4763 tametsi
1517 4711 1694 4775 locum
1737 4724 1896 4790 quem
1952 4727 2017 4780 ex
2067 4711 2247 4776 Evan-
2354 4705 2497 4776 (ιυυά
2541 4707 2808 4780 reliquum
2853 4718 2972 4774 θεῖ,
3028 4711 3321 4778 Ρτίξὶδιξζὺο.
3375 4713 3490 4769 Sed
3538 4709 3782 4786 Quamdiu
3830 4718 3920 4762 “W'

2356 2041 2464 2084 tera
2499 2048 2682 2087 rursus
2708 2034 2903 2104 injuria
2935 2047 3038 2106 est,
3068 2039 3210 2108 quod
3237 2041 3306 2096 ita
3337 2043 3390 2097 in
3421 2059 3484 2098 ea
3508 2046 3779 2114 quaestione
3798 2060 3882 2110 ont-

2352 2124 2439 2180 uia
2471 2125 2720 2190 misceas,
2751 2137 2807 2180 ut
2831 2129 2987 2184 nobis
3020 2130 3131 2199 jam
3166 2132 3542 2198 dubitantibus
3588 2137 3707 2206 quid
3749 2137 3882 2196 velis.

2353 2231 2519 2287 prope
2545 2218 2751 2278 indicas
2767 2220 3044 2286 silentium
3064 2224 3214 2293 :quia
3239 2233 3293 2288 et
3321 2225 3425 2288 hoc
3457 2228 3550 2290 tibi
3574 2228 3721 2286 licere
3747 2238 3884 2297 putas,

2353 2318 2410 2366 ut
2439 2309 2600 2368 modo
2629 2311 2742 2370 aias
2770 2353 2785 2379 ,
2816 2314 2978 2378 modo
3025 2331 3210 2386 neges.
3264 2317 3384 2378 Non
3425 2329 3512 2378 est
3561 2321 3680 2378 mihi
3727 2332 3888 2376 tauttntl

2351 2403 2470 2467 otii,
2502 2410 2559 2464 ut
2586 2403 2765 2458 omnia
2800 2412 2888 2462 tua
2921 2407 3190 2472 volumina
3216 2411 3518 2493 revolvam,
3552 2414 3727 2482 quibus
3760 2412 3886 2466 multa

2353 2493 2588 2563 plaustra
2612 2509 2840 2562 onerare
2862 2513 3050 2567 posses
3071 2517 3086 2554 ε
3116 2516 3291 2569 neque
3317 2503 3363 2566 si
3385 2513 3550 2572 esset,
3577 2511 3678 2566 tam
3704 2520 3762 2558 eo
3778 2500 3889 2558 abuti

2356 2587 2510 2644 Valde
2540 2589 2756 2658 Vellem.
2792 2590 2898 2648 Sed
2928 2606 2995 2645 ex
3036 2593 3100 2650 iis
3147 2609 3268 2662 qua;
3296 2594 3588 2665 aliquando
3616 2595 3833 2659 delibari,
3857 2593 3889 2646 si

2354 2698 2440 2748 me
2465 2697 2569 2746 non
2595 2682 2732 2744 fallit
2759 2685 3052 2752 memoria,
3103 2686 3306 2752 videris
3342 2689 3480 2749 mihi
3518 2692 3732 2760 primum
3767 2688 3895 2756 scrip-

2351 2772 2491 2840 sisse
2537 2789 2642 2836 non
2674 2790 2973 2846 repugnare
3001 2786 3053 2842 te
3084 2779 3244 2848 hujus
3273 2783 3494 2850 generis
3520 2781 3855 2844 traditionibus
3881 2818 3890 2838 .

2351 2881 2474 2935 qua:
2493 2866 2999 2934 demonstrarentur
3029 2887 3095 2930 ex
3122 2884 3275 2932 certo
3305 2883 3362 2932 et
3387 2885 3646 2945 perpetuo
3671 2871 3897 2934 Orthodo-

2354 2969 2545 3024 xoruut
2568 2958 2948 3026 consensu.'ld_
2975 2961 3120 3016 enim
3169 2962 3335 3034 Pygio
3363 2965 3648 3028 concedis.
3692 2978 3797 3026 sum
3819 2959 3895 3016 atl-

649 4793 792 4872 gclio
813 4793 1034 4852 Joannis
1056 4798 1264 4867 recitat,
1293 4800 1529 4854 alienum
1553 4815 1676 4854 esse
1703 4816 1731 4854 a
1761 4803 2038 4875 proposita
2069 4821 2246 4884 quaes-

652 4885 798 4942 tione
827 4887 895 4943 de
927 4887 1216 4958 baptismo,
1245 4891 1338 4958 tibi
1371 4892 1690 4959 concedam.
1729 4893 1835 4950 Sed
1863 4896 2004 4966 quod
2035 4897 2100 4951 ad
2127 4899 2246 4962 the-

651 4977 750 5032 sim
776 4980 989 5046 attinet,
1022 4983 1231 5036 tametsi
1257 4997 1316 5037 ea
1343 4983 1456 5050 sola
1488 4985 1537 5050 in
1560 4984 1736 5057 Optati
1776 4987 1928 5042 libris
1955 4990 2243 5062 legeretur,

661 5071 796 5142 ligni
826 5079 1105 5140 prepterea
1139 5073 1190 5138 hi
1223 5086 1435 5144 essent,
1468 5077 1556 5147 qui
1609 5076 1712 5133 hoc
1744 5089 1987 5150 tempore
2027 5082 2078 5152 in
2128 5099 2245 5150 ont-

651 5163 797 5214 nium
821 5162 1068 5219 manibus
1091 5181 1459 5223 versarentur.
1476 5169 1660 5242 Neque
1679 5170 1865 5234 dubito
1889 5170 2246 5251 Augustinum

2354 4807 2456 4862 tas,
2489 4809 2541 4852 et
2570 4797 2715 4864 varie
2740 4799 2974 4888 loqueris
3000 4842 3016 4876 η
3041 4817 3214 4874 neque
3243 4805 3348 4870 tibi
3405 4818 3631 4870 constas
3655 4846 3668 4868 ,
3726 4799 3841 4856 nihil
3861 4796 3921 4850 di-

2353 4903 2439 4944 co.
2473 4890 2563 4944 Sic
2591 4906 2712 4960 cum
2747 4892 2815 4960 dc
2857 4894 3026 4947 sacris
3077 4893 3274 4948 litteris
3336 4899 3608 4968 quaeritur
3632 4938 3647 4965 ,
3679 4893 3822 4949 modo
3857 4900 3922 4942 ελ·

2353 4996 2470 5034 rum
2505 4981 2583 5054 (ιιι
2613 4982 2855 5055 vocatur)
2898 4999 3104 5056 canone
3147 4989 3324 5052 uteris
3354 5028 3371 5053 ,
3417 4991 3584 5058 modo
3621 5004 3736 5044 enm
3781 4994 3829 5048 ut
3860 4982 3919 5032 ίη·

2354 5084 2559 5142 certum
2605 5086 2656 5132 et
2699 5079 2905 5155 varium
2959 5078 3229 5147 repudias.
3274 5079 3434 5137 Nihil
3495 5083 3618 5150 dico
3665 5076 3793 5155 quod
3840 5084 3921 5127 I10“

2355 5173 2532 5222 exstet
2565 5165 2612 5220 in
2647 5167 2798 5238 libris
2819 5138 2962 5238 hiis;
2995 5167 3072 5236 sic
3095 5169 3362 5241 autiquos
3389 5174 3649 5244 Ecclesize
3679 5172 3922 5248 scriptori?s

653 5254 755 5308 hac
781 5254 922 5326 juris
961 5259 1131 5312 nostri
1175 5262 1526 5332 translatione
1567 5264 1889 5320 delectatum
1920 5308 1933 5332 ,
1987 5267 2050 5320 ad
2100 5267 2248 5332 illum

651 5344 829 5416 Optati
881 5347 1058 5402 locum
1124 5352 1413 5420 allusisse,
1462 5339 1583 5412 cum
1640 5357 1897 5422 adversus
1943 5357 2252 5428 Donatistas

653 5453 760 5494 non
803 5451 1161 5508 agnoscentes
1207 5446 1530 5508 catholicam
1587 5448 1883 5504 Ecclesiam
1932 5464 2027 5518 per
2079 5459 2250 5517 totum

649 5531 836 5586 orbem
863 5541 1127 5590 terrarum
1155 5535 1404 5594 diffusam
1436 5583 1449 5606 ,
1495 5559 1600 5597 non
1649 5541 1931 5606 dissimilia
1989 5542 2056 5598 de
2087 5551 2252 5610 testa-

649 5632 834 5680 mento
867 5626 1132 5697 scriberet
1165 5630 1216 5685 in
1260 5633 1468 5702 psalmo
1508 5650 1615 5695 xxi.
1667 5634 1773 5692 Sed
1819 5651 1981 5711 rogo,
2010 5650 2076 5703 an
2121 5635 2254 5704 mihi

652 5717 813 5786 etiam
849 5723 1139 5800 concedes,
1168 5741 1326 5802 ppsse
1358 5725 1446 5793 hic
1475 5727 1580 5783 dici
1625 5730 1765 5798 quod
1813 5729 1966 5792 aiunt
2012 5728 2154 5802 leges
2188 5728 2255 5784 de

661 5797 986 5885 testamento
1015 5797 1257 5895 militari,
1294 5826 1424 5887 satis
1463 5839 1587 5890 esse
1641 5797 1687 5882 si
1717 5797 2258 5903 quocutnque'modo

2358 5257 2517 5312 modo
2549 5259 2772 5325 laudas,
2828 5260 2988 5326 modo
3051 5263 3394 5334 proculcas.~
3427 5265 3547 5330 lino
3601 5277 3723 5330 vero
3769 5260 3815 5314 in
3859 5265 3921 5305 Im

2357 5359 2546 5416 contra
2566 5366 2652 5416 me
2679 5337 3070 5418 declamatione
3096 5355 3375 5422 scripsisti
3414 5358 3619 5410 nullam
3639 5372 3703 5410 ex
3729 5354 3787 5407 iis
3804 5357 3922 5426 posse

2359 5426 2481 5510 elici
2513 5445 2889 5508 certitndinem
2920 5446 3183 5518 doctrinae
3207 5443 3577 5503 Christiana}.
3619 5448 3754 5520 Deus
3780 5444 3920 5496 bona.

2360 5526 2487 5610 Quid
2517 5538 2674 5602 audio
2705 5552 2827 5592 cum
2854 5539 2992 5594 istud
3023 5537 3222 5606 audio?
3257 5550 3317 5595 et
3358 5542 3495 5612 quid
3545 5544 3618 5597 illi
3651 5541 3847 5598 dicent,
3891 5529 3923 5586 Si

2363 5630 2466 5700 hoc
2497 5646 2638 5684 nunc
2676 5630 2779 5684 dici
2817 5630 3079 5687 audiant?
3131 5631 3252 5686 Jam
3310 5634 3446 5704 quid
3500 5632 3774 5696 dicemus,
3814 5617 3926 5696 qut'd

2364 5738 2483 5776 cum
2528 5721 2810 5776 laudamus
2860 5726 3086 5798 primam
3141 5721 3296 5788 illam
3343 5725 3693 5800 Ecclesium,
3748 5734 3844 5792 qum
3876 5712 3922 5766 al

2387 5815 2644 5899 apostolis
2667 5815 2851 5884 relicta
2873 5825 3146 5898 superstes
3174 5824 3298 5887 est;
3333 5833 3452 5878 non
3472 5817 3635 5892 modo
3653 5816 3716 5883 ab
3740 5810 3843 5871 aliis
3873 5805 3928 5864 it-
