4152 6166
209 375 217 381 ~
288 340 433 397 Hi?

1412 332 1506 389 AD
1545 328 1805 388 PRIMA"
1848 326 2242 389 ΕΒΙΤΙΟΝΕΜ
2282 324 2557 387 OP'MTI.

3486 332 3624 390 HIS

285 456 499 513 ridetur
521 459 578 505 ιιι
608 463 743 504 anus
770 449 948 504 delira
975 458 1033 504 et
1060 444 1468 516 superstitiosa,
1494 446 1579 500 vel
1612 445 1753 501 fatua
1799 445 1902 500 ali-
1931 448 1977 508 Δ
2006 446 2101 502 bet
2180 456 2297 498 non
2349 444 2531 499 omnia
2593 454 2775 502 tamen
2846 446 3131 502 excidisse.
3184 446 3326 517 Ergo
3373 446 3520 503 venit
3571 451 3625 502 in

285 564 393 620 qua
424 545 627 609 Fauna,
658 540 757 595 ver
790 540 996 595 larvata
1044 535 1268 601 Lamia;
1297 534 1397 589 sed
1431 536 1599 590 etiam
1627 542 1911 595 accusatur

285 655 460 714 prope
483 647 539 693 ιιι
574 633 794 689 officina
840 631 1129 696 falsitatis,
1162 627 1524 697 impesturae,
1567 637 1622 683 et
1670 626 1906 687 haedis:

290 749 414 790 cum
440 741 619 785 tamen
649 741 711 781 ea
760 724 883 795 ipsa
905 725 995 790 sit,
1023 738 1053 778 a
1086 735 1194 792 qua
1226 719 1438 774 litteras
1483 734 1668 775 sacras
1686 733 1909 789 accepe-

290 823 501 888 rimus,
545 826 597 873 et
637 814 802 885 cujus
845 830 940 870 eas
983 809 1299 868 testimonio
1352 810 1705 880 consignatas
1746 817 1908 879 atque

292 912 652 973 communitas
678 907 1054 964 defendimus.
1096 903 1288 973 Ecqoo
1324 901 1437 973 jam
1491 901 1786 958 recidimus
1813 920 1828 967 ,'
1860 903 1904 960 si

300 1007 471 1063 liceat
490 1012 608 1060 eam
633 1001 741 1056 doli
766 999 905 1054 mali
936 994 1297 1053 insimulare?
1327 992 1442 1048 Imo
1461 1003 1519 1047 ιιι
1543 1009 1657 1065 quo
1673 993 1787 1047 ruis
1815 1033 1830 1058 ,
1858 991 1905 1048 sl

299 1113 428 1154 eam
460 1095 584 1151 facis
606 1090 797 1151 ream?
822 1099 880 1144 et
908 1090 999 1160 qui
1053 1087 1226 1143 stabis
1248 1126 1263 1151 ,
1296 1086 1342 1139 si
1376 1085 1541 1141 talem
1596 1084 1763 1139 habes
1808 1082 1904 1138 ad~

298 1185 628 1244 versat-iam?
656 1183 712 1239 Id
739 1197 870 1238 cum
896 1180 1074 1248 audis,
1097 1181 1291 1233 iterum
1317 1178 1548 1233 fortasse
1574 1175 1904 1233 exclamabis

297 1288 357 1336 et
384 1288 592 1347 repetes
622 1317 636 1342 ,
683 1275 833 1346 quod
893 1274 949 1329 in
988 1283 1077 1328 tua
1117 1279 1303 1331 contra
1356 1285 1443 1325 me
1506 1269 1902 1325 declamatione

299 1372 586 1441 scripsisti,
614 1386 711 1423 nos
737 1377 1015 1439 spectrom
1048 1364 1384 1436 antiquitatis
1419 1363 1678 1434 objicere,
1706 1378 1771 1421 ex
1794 1378 1900 1433 quo

302 1480 428 1520 mox
463 1462 766 1532 prodigiosa
822 1458 1084 1515 scaturiat
1126 1471 1373 1513 errorum
1422 1456 1664 1511 omnium
1695 1446 1899 1525 conge-

300 1558 451 1613 ries:
480 1569 600 1613 nam
624 1553 707 1625 (ut
732 1552 842 1620 ais)
864 1552 909 1607 si
938 1565 1116 1620 roges,
1142 1562 1391 1620 quamam
1419 1548 1492 1603 sit
1513 1555 1782 1612 vetustas,
1830 1545 1901 1601 de

296 1661 406 1719 qua
447 1646 738 1715 loquimur,
764 1658 865 1699 nos
888 1642 1190 1712 jactatores
1225 1638 1461 1694 insulsae
1504 1639 1708 1693 naeniae
1731 1678 1747 1704 ,
1779 1651 1901 1707 quae

298 1738 406 1794 sub
461 1735 647 1807 Ig’natii
696 1744 752 1790 et
813 1732 1075 1788 similium
1142 1731 1362 1787 nomine
1417 1728 1896 1785 circumferuntur.

2015 546 2289 600 mentem,
2321 548 2444 589 cum
2475 535 2528 590 in
2558 551 2623 591 ea
2670 538 2901 606 epistula
2918 539 3155 608 jactares
3203 550 3255 593 to
3301 538 3432 593 nihil
3480 538 3625 594 aliud

2012 630 2233 693 conari,
2266 639 2431 695 quam
2456 634 2514 681 ut
2539 628 2875 683 instauretur
2928 629 3220 699 aliquando
3275 638 3480 685 vetusta
3534 631 3623 685 illa

2012 719 2284 776 Ecclesiw
2302 717 2492 784 facies,
2518 718 2639 774 haec
2661 730 2716 775 te
2738 720 3000 792 adjecisse
3026 740 3040 777 :
3063 729 3240 779 statue
3268 722 3382 790 tibi,
3416 737 3622 793 quaeso.

2010 811 2082 867 ob
2108 810 2307 868 oculos
2330 817 2572 866 veterem
2619 811 2767 867 illam
2814 808 3071 869 Ecclesia:
3124 813 3315 869 faciem
3348 854 3365 882 ,
3409 813 3622 885 qualem

2010 904 2403 978 Chrysostetni
2445 913 2499 960 et
2522 905 2708 961 Basilii
2739 918 2898 963 aetate
2932 908 3073 981 apud
3120 908 3358 973 Grmcos,
3403 910 3627 982 Cypria—

2009 999 2088 1065 ni,
2143 995 2448 1061 Ambrosii,
2485 997 2773 1068 Augustini
2820 1000 3019 1056 saeculo
3067 1001 3211 1071 apud
3252 999 3475 1056 Latinos
3532 1018 3626 1057 ex-

2007 1087 2247 1153 stitisse,
2296 1085 2544 1156 ipsorum
2584 1102 2937 1149 monumenta
2979 1091 3136 1147 fidem
3168 1091 3388 1147 faciunt.
3432 1092 3522 1148 Sic
3567 1101 3624 1148 tu

2007 1177 2162 1232 olim.
2199 1178 2318 1246 Ego
2349 1177 2439 1247 qui
2463 1178 2582 1234 haec
2609 1181 2712 1235 alis
2733 1190 2787 1237 te
2806 1182 2953 1237 serio
2995 1182 3102 1241 dici
3156 1183 3409 1253 putabam
3438 1224 3453 1250 ,
3502 1198 3627 1254 pro-

2006 1277 2195 1339 pterea
2235 1266 2311 1323 ad
2344 1267 2436 1323 illa
2464 1282 2820 1327 monumenta
2844 1273 3078 1344 respexi.
3106 1273 3323 1343 quibus,
3357 1284 3416 1329 ut
3447 1275 3621 1342 vides,

2006 1377 2153 1425 nunc
2176 1363 2355 1418 etiam
2384 1362 2567 1434 Optati
2604 1365 2774 1423 libros
2795 1367 2954 1423 addo.
2999 1368 3133 1423 Cum
3179 1369 3233 1422 in
3278 1369 3473 1423 talibus
3502 1382 3626 1439 spe-

2005 1453 2148 1515 culis
2174 1454 2380 1509 faciem
2413 1454 2565 1512 illam
2600 1458 2732 1513 mihi
2763 1470 3052 1529 utcumque
3077 1459 3264 1516 videre
3284 1461 3431 1516 visus
3459 1474 3580 1515 sum
3608 1476 3623 1513 ι

2006 1544 2266 1614 equidem
2294 1546 2558 1604 cohorrui
2583 1590 2599 1616 ,
2660 1566 2787 1606 cum
2817 1566 2935 1607 eam
2966 1562 3147 1621 postea
3184 1550 3435 1607 foedatam
3462 1560 3627 1622 atque

2006 1636 2355 1707 inquinatam
2401 1643 2664 1712 conspexi
2708 1659 2723 1697 :
2776 1651 2832 1698 et
2881 1653 2941 1699 ut
2980 1643 3202 1713 Apelles
3254 1644 3301 1700 si
3357 1643 3623 1704 Venerem

2007 1744 2185 1793 suam,
2214 1738 2313 1784 aut
2341 1731 2391 1785 si
2417 1731 2766 1804 Protogenes
2792 1734 3033 1806 Jalysum
3064 1734 3214 1790 illum
3255 1749 3436 1802 suum,
3465 1749 3627 1792 eosne

300 1832 455 1888 Bona
482 1828 642 1885 verba
667 1869 683 1894 ,
719 1827 871 1881 here.
905 1824 1021 1880 Etsi
1050 1840 1155 1879 non
1186 1824 1483 1879 habeamus
1505 1822 1677 1877 salem
1722 1819 1815 1891 qui
1848 1820 1899 1874 in
1932 1833 1982 1894 Β
2007 1819 2234 1874 oblitum
2265 1822 2567 1893 aspiceret,
2593 1839 2853 1895 magnum
2882 1825 3155 1894 acciperet
3179 1824 3424 1882 dolorem
3458 1842 3473 1879 :
3514 1840 3623 1882 non

298 1930 356 1979 te
382 1929 500 1987 est,
531 1928 708 1975 tamen
734 1918 845 1973 scis
871 1931 970 1972 nos
1024 1916 1178 1975 valde
1221 1914 1519 1971 abhorrere
1550 1912 1621 1968 ab
1659 1910 1899 1974 insulsis,

297 2012 419 2068 sive
440 2009 653 2075 ntnniis,
681 2008 795 2063 sive
845 2004 1083 2077 ineptiis.
1114 2006 1232 2062 Scis
1275 2019 1379 2060 nos
1415 2019 1564 2074 saepe
1606 2002 1906 2063 detestatos

297 2119 427 2161 esse
447 2100 863 2179 ψωόιπίγραφαε
888 2114 1063 2170 neque
1090 2100 1308 2168 ignoras
1334 2111 1499 2167 quam
1531 2095 1744 2152 fabulas
1770 2092 1906 2147 ode-

299 2193 795 2263 rim,quinostros
844 2191 1010 2248 etiam
1063 2189 1490 2249 commentarios
1534 2187 1609 2244 de
1659 2185 1907 2241 historiae

299 2285 649 2341 institutione
669 2284 887 2355 legeris.
915 2282 1023 2339 Sed
1046 2290 1103 2343 ut
1127 2282 1292 2338 breve
1319 2280 1539 2345 faciam,
1568 2278 1714 2349 quod
1748 2278 1905 2350 117

301 2378 437 2439 olim
468 2376 720 2434 Sadaleto
760 2374 1119 2445 respondisti,
1166 2375 1256 2444 qui
1309 2382 1366 2429 te
1409 2371 1627 2428 hostem
1668 2374 1909 2440 antiqua:

2012 1908 2258 1971 dubitavi
2293 1911 2561 1969 Ecclesia:
2602 1915 2809 1971 veteris
2834 1915 2977 1979 illos,
3005 1929 3141 1986 quos
3168 1915 3415 1984 laudasti,
3438 1917 3626 1973 docto-

2012 2017 2124 2069 res,
2155 2002 2200 2056 si
2234 2004 2507 2072 viverent,
2538 2008 2730 2063 videre
2755 2007 2876 2064 sine
2903 2022 3100 2079 magno
3119 2008 3311 2067 dolore
3328 2025 3431 2066 non
3463 2025 3625 2081 posse

2013 2093 2175 2148 talem
2203 2094 2639 2153 deformitatem.
2673 2096 2860 2166 Neque
2888 2114 2995 2153 non
3024 2099 3076 2153 in
3101 2108 3338 2155 mentem
3371 2103 3523 2156 venit
3568 2102 3621 2156 in

2013 2200 2154 2256 quos
2177 2186 2282 2242 dici
2316 2201 2526 2259 posset,
2561 2190 2712 2261 quod
2750 2188 2933 2260 Scipio
2962 2190 3241 2249 Africanos
3277 2191 3504 2249 laudans
3532 2209 3622 2255 ve-

2014 2287 2182 2333 terem
2203 2278 2353 2334 illum
2383 2284 2754 2337 versiculum:
3184 2302 3202 2315 ι

2108 2368 2327 2422 Moribus
2350 2375 2569 2438 antiquis
2590 2388 2681 2426 res
2696 2379 2798 2424 stat
2814 2371 3048 2435 Remens,
3077 2374 3310 2439 virisque.

301 2469 565 2527 Ecclesiae
592 2481 713 2525 esse
742 2465 978 2529 dicebat.
1008 2464 1233 2522 totidem
1264 2465 1319 2518 in
1356 2462 1523 2520 simili
1579 2478 1741 2521 causa
1786 2476 1907 2519 ver—
1971 2471 2070 2519 vet
2096 2461 2388 2532 deplorans
2416 2479 2531 2521 ante
2558 2463 2883 2536 reipublicae
2903 2464 3114 2518 ruinam
3146 2506 3160 2530 ,
3192 2466 3324 2520 olim
3354 2464 3575 2523 dicebat
3603 2486 3618 2523 :

303 2562 393 2619 bis
420 2560 513 2619 tibi
543 2558 941 2631 modestissime
980 2556 1363 2627 respondebo:
1421 2553 1520 2609 Hic
1574 2570 1681 2615 non
1724 2554 1909 2624 requi-

305 2665 449 2719 ram,
482 2660 541 2710 ut
566 2664 696 2708 vere
718 2665 781 2707 ac
811 2648 1038 2707 candide
1066 2647 1350 2733 nobiscum
1400 2660 1532 2716 agas
1580 2644 1771 2718 (quod
1828 2654 1910 2701 ta—

306 2760 435 2806 men
477 2743 842 2817 philosopho,
893 2741 1090 2802 nedum
1141 2738 1478 2805 christiano,
1504 2750 1724 2812 sponte
1768 2753 1910 2809 prae-

306 2836 565 2897 standum
590 2833 735 2905 erat)
763 2851 779 2901 ι
807 2834 902 2893 sed
941 2832 1146 2903 rogabo
1168 2838 1377 2889 tantum
1408 2871 1423 2894 ,
1457 2844 1526 2887 ne
1571 2829 1641 2891 ad
1670 2830 1909 2891 illibera-

308 2930 422 2987 lem
465 2943 640 2999 usque
688 2924 1053 2987 calumniandi
1095 2923 1375 2983 licentiam
1412 2922 1741 2991 descendas,
1789 2938 1910 2994 quis

308 3022 769 3083 existimationem
813 3028 955 3079 tuam
992 3018 1137 3089 apud
1168 3018 1341 3075 honos
1378 3024 1437 3076 et
1486 3031 1685 3087 graves
1736 3018 1908 3083 viros,

308 3115 468 3177 nobis
505 3128 721 3184 quoque
766 3111 1094 3177 tacentibus,
1151 3109 1506 3174 vehementer
1562 3108 1758 3181 lapsura
1802 3118 1905 3173 est.

2011 2552 2206 2611 Nostra
2238 2555 2462 2630 (inquit)
2498 2567 2633 2613 aetas
2658 2570 2785 2612 cum
2816 2555 3223 2625 Rempublicam
3268 2556 3410 2613 sicut
3449 2561 3622 2629 pictu-

2013 2660 2128 2703 ram
2150 2648 2457 2717 accepisset
2477 2642 2779 2721 egregiam,
2805 2646 2903 2702 sed
2924 2658 3341 2713 evanescentem
3379 2659 3618 2707 vetusta—

2014 2746 2104 2805 te;
2129 2755 2236 2795 non
2267 2742 2431 2797 modo
2458 2757 2579 2805 eam
2606 2739 2885 2798 coloribus
2912 2740 3124 2807 iisdem,
3155 2742 3352 2811 quibus
3398 2741 3575 2800 fuerat
3601 2785 3618 2812 ,

2013 2845 2283 2889 renovare
2307 2834 2566 2905 neglexit,
2589 2834 2686 2890 sed
2714 2848 2786 2888 ne
2826 2833 2876 2887 id
2904 2833 3122 2903 quidem
3157 2835 3389 2901 curavit,
3418 2845 3479 2891 ut
3505 2834 3620 2892 for~

2015 2940 2158 2981 mam
2181 2927 2372 2983 saltem
2402 2928 2523 2997 ejus
2566 2939 2623 2983 et
2673 2935 2922 2983 extrema
2970 2936 3244 2999 tamquam
3289 2929 3620 3005 lineamenta

2014 3029 2279 3076 servaret.
2308 3021 2477 3092 Cujus
2507 3024 2640 3077 tanti
2673 3020 2803 3077 mali
2836 3035 2943 3075 non
2974 3021 3138 3075 modo
3168 3020 3445 3088 reddenda
3480 3005 3619 3078 ratio

2018 3111 2197 3176 nobis,
2221 3112 2318 3168 sed
2346 3114 2512 3170 etiam
2545 3122 2821 3184 tamquam
2850 3108 2958 3167 rcis
2989 3112 3186 3183 capitis
3214 3111 3620 3181 quodammodo

310 3208 434 3266 Scis
456 3208 575 3271 hoc,
605 3208 679 3269 mi
711 3205 981 3269 Joannes.
1034 3214 1086 3267 et
1116 3245 1131 3271 .
1184 3203 1231 3269 si
1279 3200 1505 3264 inﬁciari
1560 3203 1768 3283 μιγεὶς,
1827 3202 1906 3265 ἕξιν
1935 3204 1982 3275 C
2014 3205 2245 3261 dicenda
2276 3220 2438 3262 causa
2470 3218 2571 3261 est.
2599 3205 2816 3261 Nostris
2837 3205 2980 3259 enim
3010 3205 3174 3270 vitiis,
3201 3220 3308 3259 non
3338 3219 3470 3260 casu
3511 3204 3615 3258 ali-

309 3300 455 3361 ciam
501 3306 561 3360 ut
583 3306 635 3355 te
663 3298 911 3364 scivisse,
939 3303 994 3359 et
1029 3293 1207 3359 calide
1229 3295 1485 3362 val'rcque
1527 3292 1905 3359 dissimulasse

310 3405 504 3453 omnes
529 3389 830 3459 intelligant
862 3407 875 3445 :
902 3401 1005 3453 nos
1035 3387 1177 3451 bona
1205 3384 1311 3453 fttle
1348 3399 1410 3449 et;
1456 3386 1677 3455 optimis
1717 3392 1774 3455 et
1819 3400 1910 3449 ca-

311 3483 570 3539 stissimis
597 3481 963 3547 Intonumenlis
995 3487 1246 3550 repetere
1283 3476 1600 3541 memoriam
1641 3476 1910 3546 religiosae

312 3575 597 3637 vvtustatis
642 3617 659 3643 ,
736 3588 894 3644 quam
956 3570 1422 3637 commendantes-
1492 3569 1656 3635 Miror
1726 3579 1908 3635 autem

308 3667 444 3738 quid
472 3667 564 3725 tibi
594 3667 649 3729 in
682 3674 919 3723 mentem
958 3666 1203 3727 venerit,
1247 3670 1310 3723 ul
1350 3671 1536 3723 contra
1585 3669 1729 3723 tuam
1773 3674 1907 3721 non,

311 3759 600 3821 scientiam,
623 3755 756 3821 mihi
784 3754 1124 3821 adscriberes
1152 3752 1296 3823 quod
1318 3751 1477 3813 aisde
1499 3752 1722 3822 lgnatio.
1750 3751 1911 3815 Certe

313 3849 563 3921 quedam
590 3848 709 3918 ejus
737 3846 1034 3918 fragmenta
1078 3846 1132 3907 in
1170 3840 1325 3911 libris
1367 3842 1585 3905 Eusebii
1631 3853 1688 3905 et
1735 3843 1912 3905 Theo-

314 3943 484 4001 doriti
545 3954 784 4013 agnosco
829 3950 884 3999 et
928 3952 1180 4001 veneror.
1224 3938 1307 3997 Au
1349 3936 1512 3999 etiam
1553 3951 1615 3999 ea
1659 3934 1911 4006 repudiav

314 4035 441 4097 bis?
466 4032 649 4104 Nuper
669 4046 791 4095 cum
814 4031 978 4089 homo
1003 4027 1353 4093 doctiSSimus
1378 4028 1473 4091 tibi
1520 4042 1587 4091 ex
1633 4027 1702 4089 iis
1753 4026 1913 4098 quip-

316 4128 465 4200 Piam
487 4125 797 4197 obiecisset.
828 4123 970 4195 quod
991 4121 1059 4179 ad
1084 4120 1437 4183 Eucltaristitn
1489 4134 1712 4183 causam
1745 4119 1912 4202 perti-

313 4219 523 4281 nebat;
552 4218 677 4287 quia
704 4215 755 4279 id
785 4224 838 4271 te
860 4214 1164 4286 premebat,
1198 4210 1511 4279 exclamasti
1550 4225 1672 4275 esse
1708 4210 1911 4281 repeti-.-

314 4322 434 4380 tutn
464 4326 531 4371 ex
558 4308 893 4380 nugatoriis,
924 4321 1048 4379 qua:
1096 4303 1553 4370 circumferuntur
1575 4344 1592 4370 .
1638 4303 1907 4379 epistolis,

312 4404 484 4474 Atqui
510 4402 676 4459 falsus
700 4415 833 4469 es,o
856 4402 1132 4471 magister.
1189 4396 1328 4463 Illud
1374 4396 1427 4453 in
1469 4395 1535 4457 iis
1567 4410 1674 4459 non
1710 4403 1907 4463 exstat.

313 4495 511 4561 Exstat
548 4502 727 4557 autem
757 4501 812 4551 et
834 4494 1087 4553 recitatur
1111 4490 1163 4545 in
1186 4489 1406 4559 optimis
1427 4488 1579 4550 libris
1609 4482 1913 4549 Theodori.-

2015 3313 2144 3367 quo,
2192 3297 2604 3368 Rempublicam
2652 3297 2818 3355 verbo
2865 3292 3167 3351 retinemus
3196 3337 3210 3361 ,
3258 3295 3433 3365 reipsa
3489 3311 3618 3351 vero

2010 3388 2335 3460 jampridem
2359 3394 2660 3453 amisimus.
2692 3393 2786 3449 Sie
2811 3391 2902 3447 ille
2947 3393 3243 3453 Iiomauus.
3301 3391 3503 3447 Eodem
3566 3400 3619 3447 te

2012 3482 2195 3537 animo
2213 3498 2347 3553 puer
2364 3484 2620 3555 putabam
2644 3484 2907 3541 Ecclesia:
2932 3484 3271 3539 senescentis
3301 3483 3621 3539 deformitat-

2016 3583 2146 3638 tem,
2178 3590 2359 3645 rugas,
2385 3577 2715 3647 squalorem,
2772 3577 2936 3631 situm
2977 3573 3307 3647 deplorare:
3360 3584 3418 3633 et
3458 3575 3617 3637 simul

2016 3667 2353 3737 perticillum,
2400 3679 2461 3724 ut
2488 3671 2730 3740 priorem
2775 3668 3007 3727 formam
3056 3683 3382 3732 renovares,
3437 3670 3617 3736 potius

2013 3772 2175 3829 quam
2206 3760 2508 3830 spongiam,
2531 3776 2637 3831 qua
2656 3770 2897 3815 extrema
2921 3773 3137 3829 quoque
3155 3760 3274 3829 ejus
3292 3760 3616 3817 lineamenta

2014 3849 2247 3921 deleres,
2278 3854 2578 3924 accepisse.
2606 3852 2741 3909 Nam
2774 3861 2831 3907 et
2873 3853 2926 3915 in
2957 3853 3145 3908 eadem
3176 3854 3402 3925 epistola
3429 3896 3444 3920 ,
3491 3870 3614 3910 cum

2015 3945 2233 4018 indigne
2281 3946 2454 4005 ferres
2510 3957 2563 4004 te
2602 3946 2675 4002 ab
2718 3945 3036 4003 adversario
3079 3946 3323 4005 accusari
3374 3956 3433 4002 nt
3483 3961 3617 4001 con-

2016 4045 2341 4111 temptorem
2371 4040 2638 4106 Ecclesia:
2664 4039 2888 4106 veteris,
2922 4039 3259 4104 exclamasti,
3281 4039 3466 4109 jamne
3489 4039 3615 4095 hos-

2015 4136 2127 4186 tem
2153 4131 2489 4201 antiquitatis
2517 4138 2642 4187 esse'
2688 4130 2864 4194 dices,
2891 4129 2982 4199 qui
3013 4131 3248 4200 antiquas
3293 4130 3509 4199 pietatis
3551 4145 3615 4184 ac

2015 4222 2394 4277 sanctimonia
2420 4220 2626 4287 studio,
2652 4220 2910 4291 praesnti
2928 4234 3111 4274 rerum
3128 4221 3480 4290 corruptione
3504 4235 3612 4275 non

2015 4322 2327 4381 contentus,
2350 4329 2474 4385 quas
2502 4322 2628 4369 sunt
2655 4312 2711 4367 in
2736 4310 2979 4375 Ecclesia
3005 4312 3262 4381 dissipata
3304 4326 3368 4366 ac
3417 4310 3615 4382 depra-

2018 4418 2162 4472 vata,
2191 4407 2466 4477 corrigere
2493 4407 2545 4461 in
2572 4404 2790 4471 melius,
2822 4418 2888 4458 ae
2918 4404 3207 4460 restituere
3235 4405 3289 4459 in
3328 4404 3612 4474 pristinum

2014 4498 2248 4555 nitorem
2278 4498 2576 4555 molieturi
2602 4511 2725 4553 cum
2754 4494 2899 4552 istud
2921 4512 3056 4567 puer
3101 4496 3302 4563 audivi,
3331 4497 3611 4563 exsilieus,

314 4588 378 4644 ti.
409 4585 624 4645 Utinam
651 4600 779 4645 vero
804 4585 946 4656 quod
977 4583 1237 4654 lgnatium
1273 4581 1557 4655 scripsisse
1575 4581 1646 4642 da
1672 4582 1906 4654 Apostot
1936 4590 1992 4655 Ι)
2016 4587 2211 4657 fateor,
2241 4591 2567 4658 exclamavi,
2592 4604 2752 4662 coge,

314 4681 497 4737 lorum
531 4678 929 4742 traditionibus,
959 4686 1187 4741 testatur
1214 4675 1507 4743 Eusebius,
1531 4676 1693 4735 etiam
1723 4686 1908 4733 easta.

314 4779 428 4839 ret.
460 4770 708 4841 Magnum
737 4769 999 4827 adversus
1047 4778 1166 4829 tuas
1209 4766 1574 4827 inﬁciationes
1601 4766 1911 4838 pra-sidiam

314 4863 545 4936 Optima:
566 4861 869 4923 testationis
893 4860 1239 4923 haberemus.
1271 4859 1377 4923 Sed
1405 4867 1524 4919 utut
1556 4859 1721 4917 multa
1755 4857 1915 4929 hujus
1945 4934 1948 4938 Δ

310 4957 539 5027 generis
570 4963 919 5013 monumenta
942 4952 1317 5017 interciderint
1340 4952 1632 5023 ,Ireliquias
1656 4966 1765 5011 non
1795 4968 1915 5023 pes-

314 5045 581 5105 Sundabis
607 5061 727 5117 quae
750 5055 801 5105 te
826 5054 1043 5116 urgent.
1078 5044 1258 5113 Quid?
1283 5053 1404 5117 utar
1443 5053 1536 5105 tuo
1558 5046 1807 5113 consilio,
1857 5057 1914 5107 ut

314 5138 604 5201 conﬁctam
635 5136 779 5207 quod
807 5137 952 5199 volo.
996 5135 1148 5194 Nunc
1196 5136 1340 5201 enim
1390 5136 1521 5199 mihi
1573 5137 1627 5195 in
1675 5146 1911 5197 mentem

316 5230 499 5298 venit,
530 5229 672 5300 quod
716 5231 771 5291 in
797 5228 1025 5293 eadem.
1076 5243 1143 5291 es
1182 5244 1285 5298 qua
1328 5228 1489 5300 paulo
1536 5236 1664 5285 ante
1711 5224 1916 5299 aliquot

318 5323 487 5385 verba
537 5324 748 5395 repetii,
782 5323 1007 5393 episwla
1055 5322 1345 5391 aliquando
1390 5324 1516 5394 legi.
1567 5322 1648 5378 Tu
1694 5321 1911 5391 quidem

317 5430 519 5486 nuper,
545 5425 601 5479 ut
628 5431 807 5477 meam
848 5414 1129 5481 stultitiam
1161 5414 1420 5475 irrideres
1446 5456 1462 5483 ,
1505 5412 1771 5485 scripsisti
1825 5428 1913 5471 me

315 5524 548 5583 puerum
598 5508 909 5566 memoriter
943 5507 1227 5577 epistolam
1276 5506 1423 5571 illam
1468 5514 1637 5569 tatam
1685 5486 1915 5567 recitare

314 5601 585 5674 potuisse.
619 5598 733 5654 Non
761 5598 983 5661 memini
1010 5608 1117 5663 tam
1145 5613 1232 5663 me
1258 5597 1550 5667 aliquando
1590 5598 1764 5664 felicis
1800 5614 1914 5659 me.

312 5694 514 5763 mor-ita
545 5690 734 5761 fuisse,
769 5700 982 5766 tamque
1038 5707 1103 5757 ea
1156 5681 1434 5761 pueriliter
1474 5693 1621 5756 abuti
1652 5695 1907 5771 voluisse,

313 5784 431 5861 Sed
459 5802 556 5864 per
583 5795 799 5859 nitatem
829 5787 956 5854 licet
975 5787 1077 5853 sim
1109 5786 1281 5857 factus
1308 5784 1623 5864 obliviosos,
1646 5788 1784 5870 bene
1812 5788 1909 5871 ha-

2112 4705 2271 4769 Verre
2290 4708 2638 4769 pavimentum,
2662 4702 2839 4769 nitidas
2861 4700 3360 4769 ostendeeolumnas,

2112 4768 2261 4825 Arida
2283 4763 2392 4825 cum
2416 4775 2517 4827 tota
2534 4763 2807 4821 descendat
2822 4777 3003 4825 aranea
3026 4763 3159 4817 tela:

2090 4870 2208 4926 Jam
2265 4886 2395 4928 vero
2444 4887 2568 4927 cum
2623 4880 2681 4927 tu
2732 4885 2914 4929 rerum
2965 4868 3188 4940 potitos,
3229 4876 3375 4922 tuam
3427 4866 3612 4933 modo,

2019 4972 2189 5030 tuam,
2219 4967 2289 5019 mi
2318 4965 2503 5030 Calve,
2532 4965 2760 5025 formam
2791 4978 2985 5019 novam
3011 4969 3256 5023 ostentas
3281 5000 3295 5024 ,
3329 4969 3385 5016 et
3414 4970 3471 5015 ut
3496 4961 3612 5016 sola

2018 5066 2312 5128 spectetur,
2343 5059 2494 5123 doles
2522 5057 2840 5129 inducisqoe
2864 5067 3129 5119 veterem,
3149 5063 3209 5109 et
3225 5053 3379 5109 nobis
3404 5054 3612 5109 irasce-

2018 5148 2119 5217 ris,
2152 5148 2244 5218 qui
2274 5148 2434 5204 bonas
2461 5147 2801 5218 antiquitatis
2832 5148 2989 5218 plane
3024 5146 3266 5205 oblivisci
3290 5158 3397 5205 non
3422 5160 3614 5216 possu-

2020 5257 2159 5307 mus,
2191 5251 2242 5296 et
2272 5242 2339 5296 ad
2364 5243 2508 5301 illam
2541 5240 2800 5298 Ecclesiae
2822 5241 3034 5308 Faciem,
3083 5256 3203 5311 quae
3232 5240 3408 5296 fuerat
3452 5247 3612 5294 aetate

2019 5330 2227 5398 Basilii,
2258 5330 2664 5403 Chrysostomi,
2708 5332 2912 5402 Optati,
2963 5332 3259 5396 Ambrosii,
3300 5329 3610 5401 Augustini,

2023 5431 2076 5478 te
2101 5437 2442 5490 revocamus,
2473 5432 2529 5478 ut
2556 5422 2623 5479 ad
2655 5437 2776 5479 eam
2810 5433 2865 5478 tu
2895 5437 2995 5479 nos
3019 5423 3310 5495 aliquando
3343 5440 3355 5475 :
3402 5437 3471 5477 an
3511 5421 3613 5476 mi-

2019 5514 2179 5583 raris,
2205 5515 2249 5570 si
2274 5515 2340 5582 is,
2374 5531 2536 5586 quem
2567 5529 2663 5569 sua
2695 5514 2765 5571 de
2795 5525 2846 5571 te
2875 5516 3068 5585 mplior
3108 5515 3294 5587 opinio
3334 5512 3605 5578 fefellerit,

2018 5607 2166 5664 dolet
2188 5623 2248 5665 se
2278 5608 2565 5680 deceptum
2590 5623 2712 5670 esse
2734 5608 3097 5681 iqttamquam
3130 5618 3185 5663 tu
3213 5618 3422 5661 mecum
3445 5602 3607 5658 etiam

2020 5700 2191 5770 magis
2221 5714 2348 5773 agas
2377 5701 2517 5756 mala
2548 5699 2676 5759 ede.
2722 5701 2854 5775 llam
2890 5699 3217 5773 persuadere
3260 5691 3610 5759 nihilominus

1960 5864 1970 5874 .
2018 5789 2120 5862 vis,
2151 5798 2204 5849 te
2229 5790 2423 5871 eodem
2450 5792 2659 5869 scilicet
2688 5780 3261 5888 stitiquitatis‘stodio,
3286 5783 3431 5883 quod
3461 5782 3609 5875 prius

2990 5974 3095 5987 ηιμ...
3132 5970 3215 5985 ιφμ⁴
