4152 6166
631 321 654 378 l
674 321 771 378 l19
1844 319 2348 377 PREFATIONES
2377 319 2702 378 BALDUINI
3720 277 3830 384 Mill

623 437 888 510 jactabas,
919 437 1088 494 teneri
1114 455 1125 492 :
1150 451 1237 494 mc
1258 451 1391 494 vero
1419 439 1578 494 inane
1600 438 1762 494 modo
1796 448 2072 511 spectrum
2119 439 2217 496 ob-
2242 443 2297 505 Α
2321 441 2417 497 sed
2444 441 2573 496 dolo
2602 439 2846 512 peccabit
2872 456 2886 504 ;
2923 439 3051 496 vide
3080 439 3207 510 quid
3256 440 3484 496 futurum
3507 441 3589 508 sit,
3609 442 3647 498 si
3668 446 3834 513 quoties

627 531 815 602 jicere.
849 529 1122 586 Mirabiles
1143 539 1272 586 sunt
1298 530 1382 585 hze
1412 530 1722 601 przestigiaa;
1749 539 1808 586 ut
1834 531 2218 600 discutiantur,
2329 533 2496 600 voles,
2530 531 2798 603 religiosa:
2820 531 3126 602 antiquitati
3159 531 3316 586 ﬁdem
3341 531 3603 588 detrahere
3624 535 3750 590 velis.
3773 536 3834 591 ln-

630 621 906 692 inquisitio
934 621 1171 691 legitima
1199 621 1530 677 instituatur.
1568 621 1674 678 Sed
1712 631 1766 677 tu
1799 637 1917 678 eam
1943 622 2224 693 perturbas
2329 631 2477 680 terea
2526 631 2708 692 patere
2742 631 2800 677 ut
2835 622 2979 692 quod
3027 631 3217 677 contra
3261 622 3570 679 Manichaeos
3611 625 3841 696 aliquando

635 713 1016 769 tumultuando
1044 724 1207 784 atque
1234 715 1611 770 conviciando.
2329 714 2545 784 scripsit
2567 713 2917 784 Augustinus,
2943 728 3086 768 nunc
3112 713 3205 768 tibi
3229 714 3281 767 in
3304 716 3600 770 memoriam
3620 731 3836 773 revocem.

726 805 931 868 Projicis
953 806 1190 870 ampullas
1213 815 1266 857 et
1288 806 1649 871 sesquipedalia
1673 809 1842 859 verba.
2331 804 2713 874 Consequetur
2761 803 2995 875 (inquit)
3049 802 3292 858 omnium
3347 803 3630 860 litterarum
3679 821 3845 863 summa

706 895 798 952 Sic
851 896 971 951 solo
1021 897 1231 966 crepitu
1258 897 1430 968 abigis
1474 897 1869 952 adversarium.
1911 898 2074 968 Atqui
2101 897 2228 953 licet
2332 897 2630 968 perversio,
2663 904 2718 950 et
2747 897 3012 963 omnium,
3041 895 3133 962 qui
3164 895 3435 950 memoriae
3478 896 3689 950 mandati
3729 907 3842 965 sunt,

636 1004 836 1060 pueros
860 998 1089 1058 terreas,
1123 990 1227 1046 hoc
1259 989 1343 1062 (ut
1365 1002 1457 1046 tuo
1495 991 1663 1047 verbo
1697 991 1841 1064 utar)
1889 1007 2086 1063 spuere
2122 1002 2226 1060 est,
2332 989 2595 1044 librorum
2619 989 2864 1052 abolitio,
2895 991 2939 1042 si
2967 987 3110 1058 quod
3143 997 3288 1042 tanta
3318 987 3618 1057 populorum
3639 989 3849 1058 religione

637 1098 744 1140 non
769 1084 939 1155 loqui.
967 1085 1081 1139 Etsi
1110 1085 1242 1139 nihil
1273 1085 1442 1155 magis
1471 1085 1707 1141 alienum
1761 1101 1790 1139 a
1843 1101 1962 1140 mea
2016 1085 2228 1156 proles-
2334 1073 2644 1137 roboratum
2673 1093 2776 1146 est,
2809 1089 2952 1135 tanta
2983 1080 3264 1134 hominum
3287 1088 3342 1133 et
3371 1089 3650 1151 temporum
3667 1095 3850 1136 consen-

639 1178 793 1233 sione
812 1187 919 1243 est,
951 1194 1108 1249 quam
1132 1177 1346 1249 litigare
1372 1187 1553 1235 tecum
1575 1221 1590 1245 ,
1617 1189 1794 1234 tamen
1821 1193 1920 1248 age
1951 1197 1963 1231 :
1989 1193 2112 1234 cum
2145 1194 2232 1235 me
2335 1172 2488 1228 sione
2515 1172 2809 1237 firmatum,
2843 1173 2894 1226 in
2926 1172 3066 1228 hanc
3091 1170 3476 1227 dubitationem
3523 1171 3787 1236 adducitur,
3809 1181 3854 1227 ut

641 1269 888 1334 lacessis,
921 1270 1172 1340 permitte
1201 1281 1260 1325 ut
1287 1286 1437 1340 aequa
1459 1270 1769 1326 conditione
1791 1270 2052 1341 judicium
2075 1270 2232 1326 bona:
2337 1281 2405 1320 ne
2451 1265 2690 1320 historia:
2732 1265 2950 1336 quidem
2999 1265 3243 1336 vulgaris
3289 1263 3444 1320 ﬁdem
3475 1265 3631 1335 pos:it
3666 1264 3854 1335 gravita-

641 1361 769 1417 fidei
793 1360 971 1417 detur.
998 1361 1114 1417 Etsi
1143 1363 1210 1417 ad
1253 1365 1707 1418 contestationem
1753 1362 1976 1419 minime
2017 1378 2234 1433 compa-
2339 1365 2556 1426 temque
2582 1357 2854 1412 obtinere.
3657 1372 3659 1374 ·

641 1462 760 1510 rata
785 1454 854 1508 sit
881 1453 1223 1510 imbecillitas
1270 1471 1410 1520 mea,
1436 1465 1617 1510 tamen
1649 1455 1773 1510 faxo
1824 1466 1879 1510 ut
1930 1455 2237 1526 intelligant
2413 1447 2598 1503 Redeo
2624 1448 2690 1502 ad
2715 1464 2931 1503 causam
2965 1449 3386 1504 Donalislarum.
3429 1449 3505 1504 En
3526 1449 3782 1520 quatitur,
3804 1464 3856 1504 an

641 1547 734 1617 qui
759 1546 942 1602 volent
972 1557 1024 1602 te
1053 1548 1151 1603 abs
1197 1549 1447 1618 religiosa
1473 1548 1796 1618 antiquitate
1823 1548 2037 1619 longius
2065 1549 2230 1603 abes-
2343 1538 2592 1610 baptiznti
2623 1540 2690 1594 ab
2719 1539 3012 1606 haereticis,
3035 1540 3229 1596 iterum
3262 1541 3314 1595 in
3341 1540 3574 1596 Ecclesia
3613 1539 3861 1610 baptizandi

643 1653 706 1695 se
738 1655 752 1692 :
784 1653 960 1710 neque
983 1653 1201 1708 semper
1226 1639 1363 1694 bona
1396 1639 1522 1706 fide,
1549 1639 1809 1710 quidquid
1846 1639 1915 1694 de
1957 1639 2046 1694 illa
2101 1639 2239 1694 reci-
2341 1632 2450 1688 sint
2478 1633 2501 1685 ?
2532 1631 2910 1702 respondebis,
2947 1647 3053 1687 non
3081 1647 3224 1688 esse.
3255 1633 3362 1688 Cur
3391 1633 3501 1686 ita?
3527 1633 3690 1686 locum
3718 1645 3862 1700 quem-

647 1738 750 1797 tas,
789 1729 1042 1796 recitare,
1073 1731 1190 1786 sive
1213 1731 1558 1802 negligentia,
1608 1732 1724 1786 sive
1768 1730 1897 1785 dolo
1945 1730 1998 1785 id
2050 1729 2234 1785 facias.
2347 1723 2469 1778 dam
2494 1724 2561 1779 de
2591 1725 2746 1780 unica
2775 1724 2981 1780 lotione
3027 1741 3092 1780 ex
3149 1725 3438 1794 Evangelio
3481 1723 3685 1779 Joannis
3729 1721 3866 1792 prole

646 1820 794 1877 Faxo
820 1821 983 1878 etiam
1015 1830 1072 1876 ut
1100 1821 1385 1890 intelligas
1409 1836 1534 1876 eum
1573 1837 1734 1890 quem
1763 1821 1910 1876 aliud
1937 1837 2098 1891 agere
2138 1820 2239 1874 im-
2270 1838 2318 1898 B
2347 1817 2720 1889 runtOptatus
2747 1827 2800 1873 et
2828 1817 3198 1888 Augustinus;
3230 1818 3376 1872 dices
3399 1817 3463 1872 ad
3495 1832 3602 1872 rem
3643 1830 3732 1870 non
3767 1829 3862 1883 per-

648 1913 818 1982 prohe
847 1911 1023 1982 lingis,
1041 1921 1098 1968 et
1123 1914 1288 1979 serio,
1312 1923 1365 1968 et
1392 1913 1653 1979 studiose,
1683 1921 1738 1968 et
1755 1913 2006 1984 religiose
2029 1928 2242 1983 quazre-
2349 1911 2542 1966 linere.
2575 1909 2744 1978 Quem
2777 1910 3074 1965 Donatista:
3099 1909 3430 1980 objiciebant
3457 1910 3626 1965 locum
3647 1914 3715 1963 ‘ex
3754 1906 3865 1961 Actis

649 2019 710 2061 re
736 2019 924 2060 verum
951 2024 966 2060 :
1000 2021 1174 2076 neque
1204 2006 1318 2060 ullo
1339 2005 1467 2060 odio
1491 2007 1720 2074 partium
1752 2005 1980 2060 distrahi
2007 2024 2020 2059 :
2069 2021 2243 2076 neque
2347 2002 2726 2074 Apostolorum
2755 2017 2860 2058 non
2885 2003 3088 2072 pateris
3115 2003 3402 2074 explicari,
3445 2001 3671 2057 adhibita
3695 1997 3869 2054 distinc-

648 2111 772 2152 cum
795 2097 955 2152 unius
977 2098 1167 2153 vitium
1193 2108 1432 2162 accusat,
1459 2098 1682 2154 alterius
1703 2113 1963 2154 excusare
1985 2137 2003 2164 ,
2026 2097 2119 2153 sed
2149 2112 2244 2152 ne-
2348 2097 2494 2150 tione
2516 2096 2656 2151 inter
2683 2096 2944 2166 baptisma
2966 2095 3167 2150 Christi
3197 2105 3253 2152 et
3278 2095 3504 2151 Joannis
3531 2113 3544 2148 :
3571 2094 3758 2165 qualem
3786 2090 3867 2144 disc

649 2204 756 2260 que
785 2189 1003 2245 sonoris
1034 2190 1142 2244 tuis
1161 2189 1507 2259 crepitaculis
1549 2191 1764 2245 terreri.
1812 2190 1978 2246 Detur
2015 2171 2243 2246 audien;
2347 2193 2663 2247 tinctionem
2689 2191 2946 2248 adhibent
2971 2191 3198 2262 Optatus
3225 2201 3278 2246 et
3309 2190 3632 2262 Augustinus
3662 2207 3674 2242 :
3701 2197 3747 2241 tu
3770 2197 3865 2239 vero

652 2282 748 2346 tia,
779 2280 836 2336 in
861 2281 1017 2352 cujus
1043 2297 1187 2338 nunc
1239 2296 1394 2352 spem
1441 2282 1675 2353 aliquam
1736 2296 1898 2337 vocor
1929 2301 1943 2338 :
1975 2281 2134 2349 faxo,
2186 2291 2247 2337 ut
2349 2299 2468 2339 eam
2493 2284 2809 2354 repudians,
2840 2285 3012 2338 mavis
3035 2283 3389 2354 singulariter
3412 2292 3467 2338 et
3488 2297 3618 2337 nove
3659 2284 3870 2347 interpre-

649 2375 732 2428 vel
761 2374 962 2430 invitus
988 2374 1173 2430 videas
1198 2389 1345 2442 eum,
1369 2375 1473 2430 etsi
1503 2375 1777 2431 hominem
1807 2375 1942 2444 nihil
1970 2390 2092 2432 esse
2135 2376 2245 2431 cla-
2351 2379 2450 2432 tari
2512 2379 2562 2432 in
2618 2378 2712 2433 illo
2764 2383 3020 2433 Actorum
3085 2377 3206 2432 loco
3247 2376 3576 2447 baptismum
3615 2389 3708 2429 non
3747 2368 3876 2439 signi-

650 2466 834 2534 mites,
860 2475 1039 2522 tamen
1066 2477 1119 2521 et
1147 2476 1394 2522 extrema
1416 2482 1536 2538 quae
1559 2469 1754 2524 vitiosa
1784 2478 1928 2535 sunt,
1974 2468 2242 2539 refugere,
2352 2469 2515 2526 ﬁcare
2564 2469 2912 2541 baptismum.
2974 2469 3213 2524 Tandem
3239 2477 3422 2524 tamen
3459 2467 3601 2524 redis
3634 2464 3693 2519 ad
3716 2461 3876 2531 Augus-

651 2567 706 2614 et
731 2557 968 2614 medium
996 2558 1140 2629 quod
1171 2559 1387 2629 quidem
1427 2561 1695 2629 integrum
1721 2571 1777 2616 et
1806 2570 2014 2618 rectum
2039 2563 2131 2630 sit,
2161 2578 2246 2618 re-
2347 2564 2520 2618 tinum
2577 2562 2647 2619 de
2705 2563 2865 2616 unico
2922 2563 3190 2632 baptismo
3216 2604 3230 2626 ,
3299 2573 3359 2618 et
3418 2559 3671 2632 approbas
3703 2565 3877 2611 consue-

649 2651 906 2721 quirere:
937 2649 1160 2721 etquod
1193 2650 1563 2707 Nazianzenus
1600 2653 1652 2707 in
1685 2653 1769 2708 his
1809 2654 2247 2710 contentionibus
2351 2655 2592 2710 tudinem
2650 2665 2911 2718 veterem,
2957 2669 3115 2724 quam
3162 2653 3276 2719 ille,
3331 2653 3462 2708 licet
3517 2645 3776 2718 aliquando
3819 2641 3877 2696 in-

649 2743 783 2800 dixit
823 2742 988 2799 rudes
1019 2743 1284 2813 agrlcolus
1315 2745 1367 2798 in
1394 2745 1608 2812 arbore,
1659 2761 1779 2816 qua:
1828 2746 2056 2802 distorta
2103 2755 2244 2812 erat,
2351 2757 2647 2819 terruptam
2679 2791 2693 2815 ,
2744 2751 3029 2819 approbat.
3093 2747 3282 2802 Recte.
3347 2747 3455 2803 Sed
3502 2759 3606 2814 quo
3655 2751 3883 2813 argumen-

651 2837 930 2909 dirigenda
945 2853 1049 2892 non
1072 2839 1204 2892 satis
1226 2837 1631 2905 observavisse,
1655 2855 1852 2896 cavere
1875 2841 2014 2896 velle
2047 2860 2059 2894 :
2087 2849 2142 2896 et
2162 2843 2244 2897 ni-
2348 2842 2451 2895 tn?
2480 2857 2546 2895 an
2575 2855 2676 2911 qua
2705 2841 2818 2896 sive
2845 2840 3159 2909 conjectura
3188 2840 3304 2894 sive
3351 2835 3741 2894 ratiocinatione
3772 2827 3882 2884 anti-

623 2930 972 2999 Jtilominus,
995 2945 1117 3002 qua
1147 2933 1262 2987 haec
1285 2941 1418 2986 tutas
1457 2933 1761 2988 rectissime
1795 2935 2057 3000 correxit,
2086 2933 2242 2989 tueri.
2349 2934 2666 3003 quissimam
2692 2933 2840 2988 illam
2864 2931 3318 2988 consuetudinem
3367 2931 3536 2988 refert
3581 2928 3642 2983 ad
3693 2931 3884 2991 tempora

647 3023 821 3080 Nimis
845 3023 1090 3096 ingratus
1113 3033 1278 3091 esset,
1309 3024 1353 3078 si
1378 3038 1484 3078 non
1513 3036 1834 3094 agnosceret
1861 3035 2116 3095 quantam
2146 3026 2248 3081 hoc
2353 3025 2776 3097 Apostolorum?
2805 3025 2924 3081 Jam
2959 3025 3055 3080 tibi
3086 3037 3302 3082 nonest
3334 3026 3600 3096 integrum
3621 3017 3882 3076 reclamare,

653 3124 899 3184 tempore
931 3116 1107 3171 lucem
1137 3115 1283 3171 Deus
1311 3115 1643 3181 accenderit,
1695 3132 1965 3188 quamque
2011 3117 2080 3174 de
2121 3118 2249 3173 reli-
2351 3124 2452 3178 nisi
2491 3123 2585 3177 tibi
2616 3124 2715 3193 ipsi
2761 3137 3066 3194 repugnes;
3121 3121 3430 3192 prmsertim
3485 3134 3603 3173 cum
3649 3108 3883 3183 improbes,

649 3208 812 3279 gione
834 3208 986 3263 multi
1017 3208 1280 3278 prmclare
1307 3207 1484 3263 meriti
1516 3209 1646 3263 sint.
1684 3207 1792 3264 Sed
1843 3224 2030 3264 rursus
2087 3210 2247 3265 nimis
2272 3229 2318 3291 ρ
2351 3215 2496 3287 quod
2526 3217 2598 3271 illi
2628 3215 2929 3286 Cyprianus
2974 3215 3197 3286 objecit.
3238 3215 3341 3270 Hic
3392 3227 3571 3269 autem
3609 3210 3654 3265 si
3688 3200 3885 3262 concedis

649 3313 827 3354 caecus
848 3308 1017 3365 esset,
1044 3299 1089 3353 si
1115 3314 1222 3354 non
1252 3299 1464 3355 videret
1491 3315 1662 3370 ecquo
1693 3299 1898 3355 interea
1943 3302 2032 3356 alii
2063 3311 2243 3356 ruant.
2351 3308 2493 3379 quod
2521 3309 2822 3378 Augustino
2849 3322 2951 3362 non
2979 3323 3180 3378 negas;
3218 3308 3441 3362 tametsi
3473 3321 3538 3360 eo
3561 3299 3784 3369 exemplo
3810 3307 3887 3348 non

651 3391 820 3446 Vetus
845 3399 931 3446 est
955 3389 1112 3458 illud,
1139 3391 1285 3462 quod
1312 3401 1367 3445 et
1390 3391 1518 3446 olim
1547 3401 1640 3446 tuo
1663 3392 1850 3462 gentili
1872 3392 2144 3458 obiectum
2173 3394 2250 3449 le-
2357 3411 2498 3468 utar,
2532 3402 2635 3456 nisi
2669 3401 2721 3454 in
2752 3417 2812 3456 re
2842 3401 3020 3455 minus
3046 3400 3209 3454 dubia
3241 3418 3255 3454 :
3292 3411 3462 3456 teneo
3487 3395 3624 3468 quod
3648 3393 3754 3448 volo
3781 3407 3791 3441 :
3825 3384 3886 3438 di-

651 3483 777 3556 pide
805 3483 974 3540 fuisse
1003 3498 1186 3539 narrat
1211 3483 1426 3550 Cicero,
1458 3503 1578 3539 num
1609 3485 1872 3540 claudicat
1900 3487 1926 3540 .9
1955 3487 2006 3541 id
2057 3487 2108 3540 in
2141 3488 2248 3542 tuis
2353 3494 2634 3548 mittantur
2681 3492 2890 3561 jndices
2938 3493 2991 3547 in
3021 3491 3345 3547 consilium.
3374 3491 3476 3548 Ubi
3521 3491 3586 3545 de
3637 3488 3760 3540 facto
3795 3493 3891 3534 con-

651 3590 865 3644 quoque
892 3575 1290 3646 progressibus,
1339 3575 1633 3632 observare
1671 3592 1758 3632 me
1803 3593 1872 3633 ne
1919 3581 2146 3635 moleste
2169 3580 2248 3635 le-
2351 3593 2480 3650 stat,
2504 3599 2722 3639 causam
2751 3585 2936 3654 peregi
2959 3625 2974 3650 ,
3003 3592 3058 3638 et
3087 3583 3221 3638 dixi.
3272 3583 3353 3638 Ne
3406 3590 3659 3652 przeterea
3695 3572 3806 3630 mihi
3839 3569 3890 3620 sis

651 3682 762 3724 ras.
792 3667 861 3724 Ut
886 3666 1276 3732 Cassandrum,
1306 3669 1464 3738 cujus
1495 3671 1665 3742 magis
1711 3679 1868 3727 erant
1909 3672 1993 3727 hac
2045 3682 2245 3743 partes,
2353 3680 2634 3731 molestus.
2693 3675 2823 3731 Nam
2853 3675 3050 3730 deinde
3081 3675 3352 3744 recipiam
3398 3689 3536 3744 quas
3581 3671 3745 3730 voles,
3772 3666 3895 3718 b0"as

652 3773 843 3830 passus
866 3776 983 3815 sum
1014 3761 1251 3831 priorem
1277 3761 1345 3817 de
1372 3776 1439 3818 ea
1463 3778 1521 3818 re
1546 3763 1751 3827 dicere,
1783 3762 1850 3818 de
1894 3779 1999 3834 qua
2041 3774 2096 3819 tu
2127 3807 2143 3833 ,
2192 3775 2251 3821 ut
2353 3769 2634 3825 cautiones
2661 3786 2676 3834 ;
2704 3785 2771 3823 ne
2793 3769 2885 3837 qui
2920 3769 3022 3823 hoc
3069 3768 3329 3837 exemplo
3358 3767 3681 3826 abutantur;
3707 3773 3764 3814 ne
3789 3754 3894 3808 fraus

655 3864 744 3904 me
765 3859 819 3904 et
841 3851 990 3905 illum
1013 3867 1264 3918 vexares,
1295 3853 1755 3923 impotentissime
1800 3856 2137 3922 declamasti,
2171 3858 2252 3912 sic
2355 3872 2407 3916 et
2438 3861 2805 3931 pra-judicium
2841 3862 2933 3916 flat
2954 3860 3189 3925 veritati;
3217 3875 3290 3916 ne
3319 3861 3531 3915 veritas
3561 3868 3726 3912 rerum
3749 3842 3899 3904 errori-

649 3941 975 4012 jampridem
1003 3955 1263 4013 exspecto
1287 3985 1300 4008 ,
1335 3945 1530 4013 ecquid
1555 3947 1700 4002 illius
1734 3962 1996 4015 responso
2029 3949 2248 4005 tandem
2353 3952 2453 4008 bus
2484 3963 2761 4024 gestormn
2811 3953 3069 4017 vitietur;
3109 3960 3164 4005 et
3211 3961 3274 4006 ut
3328 3959 3607 4022 spectetur
3639 3958 3734 3998 non
3767 3936 3897 3993 solum

655 4050 1020 4106 responsurus
1046 4039 1142 4094 sis.
1175 4038 1280 4094 Sed
1313 4039 1509 4094 iterum
1544 4041 1704 4112 ns
1726 4040 1822 4096 tibi
1843 4041 2116 4110 spondeo,
2143 4059 2248 4098 non
2354 4045 2481 4112 quid
2513 4045 2701 4098 Romae
2726 4043 2925 4099 factum
2958 4043 3046 4108 sit,
3081 4043 3175 4098 sed
3208 4044 3384 4098 etiam
3415 4041 3544 4114 quid
3575 4039 3682 4094 ﬁeri
3715 4032 3900 4089 debeat;

653 4130 971 4186 defuturum
999 4131 1158 4186 bona:
1187 4146 1366 4186 causze
1393 4135 1751 4202 patrocinium
1782 4173 1798 4200 ,
1853 4135 1897 4187 si
1939 4150 2132 4206 pergas
2156 4150 2250 4191 ca-
2354 4137 2589 4207 denique
2621 4153 2686 4192 ne
2730 4137 2854 4192 facti
2890 4145 2946 4192 et
2984 4139 3118 4206 juris
3171 4136 3478 4192 discrimen
3508 4145 3704 4191 temere
3726 4121 3902 4183 conluu-

653 4223 927 4279 lumniari.
957 4224 1160 4280 Saltem
1191 4223 1324 4278 mihi
1351 4225 1641 4290 concedes,
1697 4234 1755 4280 ut
1788 4225 2025 4281 civiliter
2071 4237 2249 4282 tecum
2353 4229 2532 4284 datur.
2567 4229 2706 4285 Sunt
2726 4231 2810 4284 hac
2835 4231 3116 4284 cautiones
3141 4231 3192 4284 in
3226 4231 3444 4284 nostris
3466 4241 3676 4299 quoque
3703 4219 3827 4276 libris
3846 4215 3904 4268 le—

653 4328 831 4384 agam,
857 4316 946 4371 ubi
977 4315 1136 4372 video
1157 4331 1282 4372 esse
1321 4319 1677 4388 quaestionem
1729 4316 1856 4374 facti
1886 4320 2063 4388 potius
2089 4334 2248 4390 quam
2352 4337 2732 4393 gum,quarum
2748 4337 2834 4376 me
2847 4320 3071 4376 oblitum
3093 4336 3218 4377 esse
3241 4335 3546 4392 numquam
3560 4318 3711 4373 velim
3735 4307 3900 4368 credas-

653 4405 791 4477 juris
825 4425 838 4460 :
868 4409 1082 4478 qualem
1107 4424 1230 4466 esse
1255 4409 1434 4464 sentio
1457 4410 1511 4464 in
1543 4411 1629 4475 iis,
1680 4411 1750 4466 de
1789 4413 1986 4480 quibus
2041 4427 2251 4469 mecum
2425 4414 2561 4481 Quia
2591 4415 2716 4469 licet
2753 4415 3037 4469 consulere
3063 4412 3232 4484 (quod
3260 4423 3425 4469 vetus
3447 4404 3907 4468 Jurisconsultorum

655 4499 855 4571 litigas.
878 4501 969 4557 Sic
997 4501 1050 4556 in
1078 4503 1435 4573 conjecturali
1457 4513 1600 4560 statu
1647 4519 1828 4560 causas
1860 4514 2069 4561 tantum
2119 4505 2252 4561 mihi
2356 4505 2582 4559 verbum
2611 4505 2715 4576 est)
2745 4514 2800 4559 et
2845 4504 3079 4576 antiquae
3123 4504 3525 4560 familiaritatis
3564 4502 3680 4572 jure
3726 4489 3908 4567 quodam

654 4592 920 4664 agendum
947 4593 1050 4649 erit
1069 4594 1666 4666 deprobationibus,de
1690 4595 2036 4663 testimoniis,
2055 4595 2122 4651 de
2143 4596 2250 4652 fide
2279 4609 2330 4670 ι)
2357 4610 2576 4664 possum
2609 4604 2784 4652 tecum
2809 4611 2969 4666 agere
2998 4596 3246 4663 liberius,
3301 4597 3443 4651 nihil
3477 4589 3822 4651 dissimulabo.
3860 4581 3911 4634 De

654 4684 1162 4742 instrumentorum.
1192 4685 1307 4740 Non
1335 4695 1456 4742 utar
1489 4687 1594 4742 nisi
1619 4687 1838 4756 optimis
1878 4696 1935 4743 et
1976 4687 2249 4742 authenti-
2360 4685 2604 4742 Ecclesia
2631 4696 2904 4748 certamen
2935 4695 3019 4742 est
3045 4702 3166 4742 cum
3196 4689 3530 4744 Donatistis.
3578 4686 3654 4739 Tu
3698 4691 3816 4751 quas
3847 4684 3911 4726 50'

653 4778 754 4833 cis.
783 4778 842 4836 Si
885 4788 940 4834 tu
991 4779 1114 4834 falsi
1153 4779 1529 4849 exceptionem
1586 4792 1854 4848 Opponas,
1904 4777 2024 4832 vide
2077 4792 2145 4833 ne
2184 4795 2250 4834 eo
2359 4775 2476 4833 leas
2516 4778 2729 4834 tradere
2753 4789 2906 4833 notas
2928 4778 3188 4834 Ecclesia:
3213 4761 3912 4850 dignoscendze,meminisli-

654 4871 886 4940 teipsum
917 4870 1436 4942 crimineimplices,
1466 4872 1581 4926 sive
1614 4881 1820 4927 temere
1837 4871 2013 4942 jactes
2049 4870 2249 4927 falsum
2358 4871 2618 4937 Obsecro,
2649 4874 2720 4928 mi
2747 4873 2989 4939 Censor,
3013 4887 3080 4926 an
3111 4887 3191 4928 eae
3240 4873 3386 4928 satis
3424 4883 3616 4928 notant
3653 4878 3701 4923 et
3748 4872 3912 4931 expun'

656 4977 777 5018 esse
803 4980 998 5020 nomen
1030 4967 1357 5036 optimorum
1402 4967 1643 5030 testium,
1674 4966 1766 5037 qui
1795 4969 2035 5022 citantur
2062 5007 2078 5032 ,
2133 4967 2250 5023 sive
2358 4974 2490 5033 gunt
2517 4965 2910 5020 Donatistarum
2942 4963 3261 5036 Synagogas
3281 4965 3309 5018 ‘l
3330 4980 3436 5020 cur
3473 4967 3630 5034 longe
3665 4961 3784 5014 alias
3819 4949 3915 5006 alle-

656 5053 807 5110 dicas
827 5071 923 5111 eos
951 5059 1190 5124 mentiri,
1221 5067 1279 5113 et
1308 5072 1430 5114 reos
1455 5057 1913 5136 ψευδομαρτυρίας
1956 5073 2093 5128 quos
2143 5075 2250 5114 non

2357 5064 2488 5124 gant
2514 5057 2741 5125 Optatos
2763 5065 2818 5111 et
2844 5047 3176 5127 Augustinus
3205 5057 3231 5110 ?
3256 5067 3314 5111 et
3339 5071 3475 5111 vero
3501 5055 3571 5110 de
3597 5055 3658 5108 iis
3683 5046 3792 5120 quid
3823 5054 3913 5136 se!“

656 5149 956 5216 convincis,
991 5165 1250 5222 peragere
1277 5152 1394 5207 sine
1417 5152 1524 5207 ulla
1551 5134 1870 5222 probatione
1911 5152 2070 5208 velis.
2116 5153 2251 5210 Vide
2359 5147 2466 5202 tis?
2496 5147 2574 5202 Tu
2600 5163 2721 5204 cum
2748 5148 2818 5204 de
2831 5162 3061 5218 corpore
3081 5148 3328 5218 quaestio
3355 5160 3463 5215 est,
3489 5149 3568 5203 ais
3585 5134 3913 5214 inspiciendum

657 5237 844 5301 etiam,
875 5254 943 5293 an
971 5239 1063 5293 tibi
1087 5241 1244 5296 liceat
1282 5251 1470 5297 contra
1512 5241 1726 5314 regulas
1751 5242 1892 5312 juris
1923 5245 2116 5307 nostri,
2164 5259 2250 5298 se-
2355 5254 2479 5296 esse
2502 5250 2683 5312 caput.
2713 5243 2902 5298 ltecte.
2931 5239 3092 5310 Atqui
3126 5239 3480 5309 Augustinus
3499 5241 3576 5294 ait
3598 5236 3695 5292 sibi
3714 5225 3913 5303 quzeslio'

659 5331 769 5386 mel
799 5331 901 5386 abs
936 5340 988 5386 te
1018 5334 1344 5402 approbatos
1381 5345 1569 5404 postea
1617 5335 1930 5406 reprobare,
1962 5346 2016 5390 et
2061 5350 2248 5392 rursus
2355 5347 2482 5387 nem
2502 5347 2622 5388 cum
2648 5333 2937 5388 Donatistis
2952 5346 3073 5388 esse
3087 5345 3194 5385 non
3214 5335 3286 5387 de
3302 5336 3511 5404 capite,
3533 5332 3626 5387 sed
3644 5329 3910 5392 decorpore.

663 5423 896 5493 probare
925 5423 1283 5496 improbatos.
1338 5427 1523 5485 Liceat
1562 5428 1665 5484 hoc
1693 5444 1846 5495 sane,
1873 5430 1964 5484 ubi
1991 5429 2062 5486 de
2087 5430 2254 5485 variis
2359 5423 2456 5480 lib.
2481 5423 2705 5481 deUnit.
2739 5425 2944 5482 Eccles.
2977 5440 3096 5494 cap.
3128 5440 3209 5490 Iv;
3239 5441 3379 5496 ergo
3402 5427 3474 5481 de
3495 5425 3667 5495 capite
3693 5411 3908 5476 convenit.

661 5533 852 5576 eorum
909 5529 965 5574 et
1012 5519 1237 5588 privatis
1281 5521 1628 5590 opinionibus
1691 5522 1898 5592 agitur;
1943 5521 2012 5576 de
2058 5523 2252 5592 quibus
2359 5528 2413 5574 et
2434 5529 2610 5574 tamen
2631 5519 3003 5574 controversia
3026 5517 3094 5574 de
3113 5532 3360 5588 corpore
3377 5530 3482 5573 est.
3503 5518 3721 5587 Quid,nt
3743 5499 3914 5565 bocsib'l

663 5627 808 5670 nunc
835 5627 942 5668 non
973 5611 1202 5683 agimus.
1233 5612 1340 5670 Sed
1366 5627 1488 5668 cum
1514 5614 1581 5668 de
1609 5614 1930 5669 testimonio
1975 5612 2101 5668 facti
2148 5614 2250 5669 ali-
2357 5622 2621 5679 asseram,
2653 5624 2911 5684 praeterea
2952 5613 3155 5668 dixisse
3197 5610 3467 5681 Optatum
3519 5620 3576 5666 et
3621 5601 3914 5684 Augustinum

663 5705 819 5776 cujus
847 5682 1047 5776 publici
1077 5706 1338 5775 quaeritur
1366 5721 1380 5760 :
1410 5705 1555 5776 quod
1579 5705 1947 5762 testimonium
1976 5706 2066 5778 qui
2099 5707 2251 5776 dicit,
2360 5706 2558 5778 putas?
2608 5682 2666 5762 et
2721 5705 2790 5763 de
2831 5705 3025 5760 talibus
3069 5703 3334 5760 vindiciis
3385 5705 3518 5776 quid
3571 5697 3777 5760 statuis?
3814 5682 3915 5760 quid

661 5799 708 5854 si
739 5799 922 5857 sciens
951 5799 1119 5869 fallat,
1152 5799 1233 5858 vir
1262 5799 1438 5858 bonus
1467 5814 1574 5856 non
1619 5801 1756 5858 sciet
1785 5837 1802 5872 ,
1851 5817 2025 5873 neque
2071 5817 2258 5859 errore
2367 5799 2639 5872 (inquam)
2662 5799 2894 5870 iudicas,
2923 5813 3047 5856 cum
3077 5809 3179 5855 eos
3203 5798 3374 5856 audis
3395 5799 3630 5870 probare
3653 5792 3770 5849 velle
3793 5780 3912 5839 6mm
