4152 6166
298 156 438 213 1121

1415 166 1504 222 AD
1550 165 1812 228 PRIMAM
1869 171 2257 252 EDITIONEM
2289 183 2566 244 ΟΡΤΑΤΙ.

3498 204 3639 266 1122

290 281 416 322 esse
452 266 871 335 possessionem
923 268 1218 340 Ecclesiae,
1263 287 1326 328 ex
1377 287 1628 348 perpetua
1677 282 1905 352 quadam
1933 287 1983 345 A
2020 293 2181 363 119
2199 296 2292 364 qui
2324 298 2376 353 in
2409 299 2618 366 Africa,
2649 314 2757 371 quo
2785 305 3032 371 tempore
3067 303 3179 362 illic
3209 307 3508 371 etiamnum
3537 318 3638 374 flo-

289 362 650 414 successione
681 369 776 416 :et
800 361 1030 431 quidem
1068 363 1138 418 ad
1166 379 1284 420 eam
1325 369 1652 436 probandam
1688 383 1909 429 conten-

289 461 376 509 tos
400 467 526 509 esse
560 453 940 510 Romanorum
973 457 1176 512 saltem
1205 457 1540 529 Antistitum,
1571 479 1688 520 cum
1713 469 1908 537 quibus

289 547 814 614 communicabant,
843 548 963 617 jam
1013 549 1148 605 inde
1187 552 1270 622 (ut
1297 553 1469 624 aiunt)
1521 558 1588 613 ab
1635 562 1909 630 Apostolis

287 638 743 696 descendentium
766 641 1170 708 consensione,
1201 648 1563 721 continuaque
1609 657 1904 713 successio-

288 745 390 798 ne,
425 731 582 803 cujus
620 733 819 788 seriem
862 749 931 789 ex
971 733 1234 806 catalogo
1274 744 1629 798 enumerant?
1672 747 1813 817 quod
1853 757 1909 805 et

287 839 398 879 non
430 824 682 880 dissimili
711 825 908 882 fiducia
935 825 1375 886 fecerantantea
1407 834 1662 906 lrenacus,
1694 839 1908 894 Tertul-

287 917 470 974 lianus
507 927 564 975 et
607 919 740 974 alii:
784 936 909 974 nam
949 921 1078 991 quia
1127 937 1238 976 non
1284 923 1630 986 ltzereditario
1672 932 1908 1002 quodam

287 1008 414 1079 jure
436 1010 708 1081 sanguinis
730 1011 1005 1066 nitebatur
1037 1026 1104 1066 ea
1137 1017 1438 1084 successio,
1482 1035 1670 1076 verum
1717 1021 1910 1079 Eccle-

295 1100 512 1156 siastica
554 1101 823 1156 electione
861 1111 1028 1173 atque
1065 1102 1415 1162 ordinatione
1443 1149 1460 1173 ,
1515 1126 1622 1166 non
1655 1111 1910 1168 dubitant

296 1196 455 1250 talem
484 1197 886 1252 successionem
911 1197 1004 1251 tali
1043 1196 1364 1255 conditione
1413 1202 1707 1260 subnixam
1729 1249 1743 1273 ,
1786 1205 1907 1261 ido-

294 1305 453 1344 neam
475 1305 598 1346 esse
628 1299 823 1347 testem
855 1291 1122 1347 doctrina:
1148 1306 1262 1347 suae
1292 1293 1629 1364 Apostolicte
1668 1315 1792 1354 cum
1819 1299 1910 1354 illa

295 1381 596 1452 conjunctae
622 1393 784 1453 atque
809 1383 1159 1439 continuam.
1191 1383 1430 1440 Locutus
1485 1399 1579 1444 est
1613 1431 1626 1455 ,
1676 1401 1738 1445 ut
1778 1391 1911 1457 scis,

293 1474 540 1530 Christus
567 1475 637 1530 de
664 1477 732 1531 iis
758 1477 850 1547 qui
878 1477 1074 1533 sedent
1097 1479 1151 1531 in
1181 1476 1462 1533 Cathedra
1499 1481 1675 1536 Mosis
1711 1499 1726 1535 :
1759 1491 1912 1538 vete-

2012 382 2208 439 rebant
2235 387 2529 446 Ecclesiae?
2552 407 2652 447 cur
2684 391 2738 447 hi
2759 394 3028 467 (inquam)
3052 398 3231 467 potius
3255 402 3631 466 Romanorum

2013 472 2400 547 episcoporum
2422 485 2829 540 successionem
2852 487 3025 543 citant
3053 498 3107 545 et
3138 490 3394 564 laudant,
3419 511 3474 556 et
3495 502 3547 558 in
3570 519 3635 560 ea

2013 579 2118 619 una
2147 565 2401 628 haerent?
2430 591 2758 646 responsum
2791 575 2880 632 hic
2905 593 3007 648 ego
3035 588 3184 637 tuum
3206 600 3399 643 rursus
3438 606 3638 664 exspe-

2009 656 2194 712 ctabo.
2226 661 2471 720 Tandem
2503 677 2628 735 post
2659 668 2880 738 longam
2906 669 3304 740 digressionem
3324 720 3338 744 ,
3386 656 3638 743 reversus

2010 747 2078 802 ad
2111 750 2162 804 id
2195 755 2342 822 quod
2370 759 2664 827 qumritur,
2707 760 2910 816 scribis
2935 772 3155 821 sanctos
3182 767 3308 825 illos
3337 772 3595 833 doctores
3615 820 3631 846 ,

2010 855 2134 896 cum
2189 854 2344 902 extra
2410 853 2846 908 controversiam
2899 864 3090 922 esset,
3152 859 3287 916 nihil
3308 866 3636 941 ajprincipio

2011 947 2186 1002 usque
2247 937 2315 992 ad
2376 939 2522 996 illam
2577 952 2801 999 artatem
2857 956 3120 1006 mutatum
3177 952 3348 1014 fuisse
3400 960 3451 1015 in
3507 937 3637 1020 doc-

2011 1025 2176 1092 trina,
2210 1028 2295 1082 vel
2339 1029 2528 1087 Romae
2587 1035 2677 1090 vel
2724 1036 2850 1092 aliis
2881 1038 2936 1093 in
2967 1041 3189 1099 urbibus
3221 1045 3371 1119 (nam
3397 1051 3448 1108 id
3479 1054 3634 1110 addi-

2012 1115 2137 1172 disti
2166 1117 2220 1173 in
2267 1119 2474 1178 Gallica
2507 1127 3000 1199 translationeftnzn
3028 1115 3448 1214 institutionis),
3487 1162 3637 1204 sum-

2011 1209 2218 1278 psisse,
2270 1215 2414 1284 quod
2458 1219 2716 1276 omnibus
2776 1224 2940 1279 novis
2983 1230 3266 1287 erroribus
3315 1237 3634 1296 refellendis

2012 1302 2308 1372 sufficeret,
2353 1307 2422 1363 ab
2469 1310 2809 1369 adversariis
2857 1322 3159 1391 Oppugnari
3208 1323 3516 1385 doctrinam
3554 1331 3627 1389 ab

2013 1393 2148 1464 ipsis
2173 1411 2345 1468 usque
2365 1403 2630 1472 apostolis
2651 1416 2976 1465 constanter
3000 1421 3054 1468 et
3086 1416 3331 1473 unanimi
3358 1435 3634 1480 consensu

2014 1497 2299 1546 retentam.
2334 1493 2522 1565 Atqui,
2573 1498 2646 1552 mi
2687 1499 2906 1569 doctor,
2961 1507 3257 1567 adversarii
3303 1513 3408 1571 hoc
3452 1517 3631 1588 ipsum

295 1582 382 1622 res
411 1567 704 1622 Christiani
751 1569 817 1624 de
856 1570 942 1637 iis,
983 1571 1071 1640 qui
1117 1570 1171 1625 in
1217 1570 1387 1626 Petri.
1430 1571 1622 1643 Mitto,
1674 1591 1798 1645 qua:
1847 1577 1916 1632 de
1948 1582 2306 1678 “negabant,
2335 1597 2652 1645 constanter
2679 1592 2699 1662 (
2730 1567 2954 1665 inquam
2985 1597 3146 1669 )eam
3183 1618 3306 1661 esse
3334 1567 3628 1678 retenrtam,

297 1661 575 1730 utriusque
605 1661 722 1717 sive
743 1661 890 1717 sedis
911 1671 1075 1730 statu,
1121 1664 1235 1719 sive
1279 1663 1576 1720 cathedrae
1628 1682 1918 1736 compara-
1946 1661 1996 1721 B
2023 1680 2077 1726 et
2103 1675 2233 1728 nihil
2260 1676 2314 1730 in
2341 1693 2403 1732 ea
2431 1677 2599 1736 fuisse
2624 1694 2930 1755 mutatum;
2971 1706 3144 1764 eaque
3167 1708 3287 1753 erat
3313 1708 3632 1760 controver-

299 1753 442 1807 tione
464 1753 750 1810 commode
775 1770 916 1810 nunc
937 1755 1043 1810 dici
1068 1766 1288 1825 possent
1307 1765 1363 1811 et
1387 1757 1672 1826 graviter,
1719 1759 1820 1815 abs
1863 1770 1916 1816 te

297 1847 602 1916 praesertim
625 1846 671 1902 si
697 1847 884 1903 sedate
911 1864 1119 1918 ageres.
1159 1847 1268 1904 Sed
1296 1848 1424 1920 quid
1455 1857 1526 1904 tu
1572 1849 1645 1906 de
1687 1866 1753 1906 ea
1796 1853 1916 1924 lege

297 1941 712 2004 Theodosiana,
755 1957 918 2012 quam
951 1951 1005 1997 et
1035 1943 1269 2013 primum
1309 1943 1662 2014 promulgari
1703 1945 1917 2002 audivit

299 2034 549 2104 Optatus,
575 2043 628 2090 et
655 2049 776 2103 qua:
806 2035 974 2103 prima
1003 2035 1055 2088 in
1087 2034 1237 2088 libris
1270 2035 1467 2090 nostris
1505 2045 1620 2100 est,
1659 2037 1916 2094 similiter

299 2135 542 2190 statuas,
573 2125 821 2182 lubenter
840 2125 1053 2181 audiam
1083 2143 1096 2178 :
1128 2125 1350 2180 Cunctos
1379 2124 1614 2199 (inquit)
1665 2130 1912 2198 papulas,

301 2236 432 2289 quos
453 2219 729 2274 clementia:
752 2230 943 2275 nostra:
966 2221 1095 2290 regit
1123 2219 1421 2288 imperium,
1466 2219 1524 2272 in
1554 2219 1648 2272 tali
1675 2220 1913 2276 uolumus

301 2315 554 2384 religione
594 2316 788 2370 versari
820 2357 835 2382 ,
885 2331 1042 2386 quant
1069 2315 1298 2368 divinum
1343 2311 1570 2368 Petrum
1609 2314 1914 2383 Apostolum

301 2409 579 2463 tradidisse
608 2408 856 2464 Romanis
884 2409 1067 2479 religio
1097 2424 1254 2477 usque
1300 2406 1475 2461 adhuc
1515 2407 1579 2460 ab
1622 2408 1737 2477 ipso
1785 2411 1914 2464 insi-

301 2510 464 2555 nuata
514 2501 781 2569 declarat,
833 2517 1083 2571 quamque
1126 2498 1433 2567 Pontiﬁcem
1463 2499 1744 2554 Damasum
1769 2503 1914 2572 sequi

301 2593 484 2660 claret,
514 2601 622 2649 etc.

374 2687 639 2744 Eamdem
685 2686 772 2743 hic
801 2685 1020 2760 (credo)
1065 2686 1322 2742 fateberis
1355 2684 1570 2741 laudari
1602 2691 1910 2757 successio-

301 2796 426 2837 nem
463 2799 477 2835 :
508 2781 763 2852 quamvis
806 2789 992 2835 notum
1023 2779 1096 2852 sit
1123 2788 1177 2833 et
1204 2779 1333 2848 quid
1385 2778 1455 2832 de
1508 2777 1726 2834 Liberio
1754 2821 1771 2847 ,
1821 2784 1906 2837 cui

303 2874 570 2930 Damasus
599 2877 881 2942 successit,
913 2887 1081 2944 prope
1109 2870 1402 2942 aliquando
1433 2869 1500 2924 ad
1533 2871 1906 2929 Arianismum

301 2966 586 3037 compulso
628 2965 880 3020 traditum
909 2966 1001 3032 sit,
1032 2973 1089 3020 et
1118 2963 1245 3034 quid
1264 2963 1585 3018 Ammianus
1605 2965 1808 3022 scribat
1838 2968 1907 3024 de

2019 1766 2097 1820 sia
2138 1784 2295 1836 quam
2338 1774 2649 1833 movebant.
2697 1778 2880 1838 Nostri
2927 1800 3056 1843 vero
3114 1790 3452 1860 probationis
3509 1797 3630 1854 loco

2018 1857 2255 1930 allegant
2300 1867 2734 1937 successionem,
2780 1891 2906 1945 quas
2945 1895 3050 1934 non
3104 1857 3264 1940 modo
3312 1885 3628 1947 includebat

2018 1951 2381 2011 conditionem
2411 1957 2654 2027 ejusdem
2677 1963 2947 2024 doctrinae
2977 1972 3276 2030 retinendae
3305 1986 3468 2047 atque
3495 1993 3629 2036 con-

2019 2045 2314 2113 tinuandae,
2354 2047 2449 2104 sed
2497 2061 2552 2106 et
2597 2068 2718 2110 eam
2766 2061 3136 2120 conditionem
3179 2045 3454 2137 impletam
3502 2085 3628 2129 esse

2019 2135 2298 2203 probabat.
2329 2137 2435 2194 Sed
2466 2141 2717 2212 obsecro,
2751 2161 2821 2203 an
2846 2152 2992 2207 serio
3023 2135 3288 2226 loqueris,
3324 2173 3448 2214 cum
3474 2161 3628 2219 vide-

2016 2225 2092 2280 ris
2137 2228 2480 2295 concedere,
2526 2249 2696 2306 usque
2734 2239 2804 2294 ad
2848 2251 3063 2301 aetatem
3102 2225 3437 2320 Augustini,
3489 2253 3624 2312 nihil

2020 2318 2326 2384 praesertim
2382 2319 2571 2378 Roma:
2612 2325 2780 2384 fuisse
2811 2343 3075 2391 mutatum
3119 2339 3172 2393 in
3200 2318 3448 2398 doctrina
3489 2359 3624 2415 apo-

2015 2410 2247 2466 stolica?
2275 2421 2331 2468 et
2358 2414 2503 2483 illos,
2527 2419 2637 2487 -qui
2669 2435 3065 2484 enumerantur
3085 2431 3154 2487 ab
3177 2431 3375 2502 Optato
3397 2436 3480 2492 vel
3510 2410 3622 2493 Au-

2014 2504 2247 2573 gustino,
2295 2505 2583 2578 episcOpos
2609 2511 2887 2574 Romanos
2912 2519 3078 2578 fuisse
3104 2523 3248 2580 illius
3273 2525 3532 2586 doctrinae
3562 2542 3619 2588 et

2013 2604 2328 2652 constantes
2365 2608 2418 2654 et
2460 2599 2649 2659 fideles
2696 2609 2992 2668 custodes?
3030 2615 3086 2671 Si
3129 2615 3275 2673 serio
3321 2619 3440 2676 haec
3479 2625 3617 2680 scri-

2014 2690 2190 2758 psisti,
2227 2706 2401 2760 neque
2423 2697 2747 2755 sententiam
2776 2712 2975 2770 mutas,
3019 2717 3348 2768 transactum
3376 2723 3478 2770 est.
3508 2715 3616 2772 Sed

2013 2795 2173 2851 quam
2203 2797 2400 2839 vereor
2440 2801 2509 2842 ne
2560 2803 2669 2846 non
2705 2801 2820 2851 stes
2844 2800 3018 2866 pactis
3047 2805 3360 2860 conventis!
3409 2807 3618 2866 scilicet

2012 2873 2109 2928 tibi
2139 2875 2364 2931 concedi
2391 2878 2488 2944 vis,
2525 2883 2668 2950 quod
2702 2887 2752 2940 in
2780 2887 3066 2948 duodecim
3102 2897 3322 2966 scriptis
3348 2899 3610 2972 solemus,

2011 2973 2071 3019 ut
2107 2967 2372 3022 calculum
2399 2971 2647 3039 reducas,
2673 2977 2718 3032 si
2753 2987 2804 3034 te
2825 2980 3052 3052 alicujus
3079 2985 3189 3042 dati
3220 2989 3446 3055 pmnitet
3467 3009 3482 3058 ;
3506 2995 3614 3051 sio-

301 3059 538 3114 Damaso
563 3057 630 3113 ad
663 3057 803 3112 hanc
846 3057 1032 3113 sedem
1072 3065 1260 3112 erecto
1293 3070 1402 3110 non
1442 3055 1562 3110 sine
1601 3057 1801 3114 sudore
1848 3072 1902 3115 et
1931 3042 1976 3106 C
2009 3060 2085 3113 uti
2116 3070 2200 3115 est
2257 3061 2309 3116 in
2355 3061 2646 3122 Hortensio
2681 3071 2986 3132 Ciceronis.
3040 3079 3179 3134 Dura
3218 3091 3302 3138 est
3331 3082 3448 3140 haec
3479 3101 3613 3144 con-

302 3151 586 3221 sanguine,
621 3165 731 3204 non
757 3151 874 3205 sine
899 3150 949 3203 vi
973 3157 1028 3204 et
1059 3150 1245 3214 armis,
1282 3163 1386 3203 non
1417 3149 1534 3202 sine
1571 3151 1803 3207 tumultu
1847 3164 1902 3209 et

299 3242 558 3298 caedibus.
589 3241 840 3296 Nondum
865 3243 1032 3309 enim,
1070 3253 1219 3311 puto,
1249 3240 1336 3294 hic
1366 3240 1718 3308 exclamabis,
1750 3247 1895 3315 quod

302 3335 524 3407 quidam
551 3336 673 3406 ejus
710 3335 918 3390 ordinis
957 3345 1138 3405 postea
1196 3333 1401 3391 dixisse
1452 3334 1622 3390 fertur
1653 3376 1668 3402 ,
1710 3337 1898 3407 plures

300 3429 595 3486 succedere
636 3428 866 3484 Bonmlo
915 3428 968 3483 in
1020 3429 1326 3499 parricidiis
1393 3445 1555 3500 quam
1620 3429 1780 3486 Petro
1844 3433 1896 3488 in

300 3523 591 3595 pascendis
631 3524 842 3579 ovibus.
888 3523 1025 3579 Nam
1060 3540 1234 3596 neque
1275 3541 1421 3581 nunc
1453 3525 1663 3595 agimus
1697 3524 1764 3580 de
1800 3526 1896 3583 ho-

299 3617 506 3672 minum
542 3617 687 3671 vitiis
715 3658 729 3682 ,
763 3616 857 3672 sed
900 3616 970 3672 de
1016 3617 1296 3688 religionis
1333 3618 1708 3682 confessione,
1735 3627 1898 3690 atque

299 3709 714 3765 conservatione
737 3709 1021 3765 doctrinae.
1049 3709 1166 3782 Age
1192 3727 1319 3768 vero
1349 3729 1362 3765 :
1404 3711 1528 3783 quia
1569 3711 1749 3782 Optati
1800 3729 1898 3770 no-

297 3801 396 3856 stri
440 3808 496 3856 et
521 3799 840 3870 Augustini,
881 3801 969 3871 qui
1013 3809 1100 3856 est
1141 3817 1265 3857 eum
1302 3811 1554 3869 secutus,
1597 3803 1896 3861 acerrimus

297 3893 563 3948 adversus
587 3893 897 3948 Donatistas
933 3895 1077 3949 aries
1113 3905 1198 3950 est
1234 3895 1286 3950 in
1320 3894 1435 3963 illa,
1478 3911 1636 3966 quam
1663 3896 1888 3966 jactant,

297 3985 685 4042 successione:
717 3995 773 4042 et
810 4001 899 4042 res
937 3998 1020 4042 est
1043 4003 1236 4058 magna
1271 4005 1284 4042 :
1339 4004 1493 4059 rogo,
1543 3989 1702 4045 liceat
1750 3999 1892 4047 tuam

298 4078 369 4134 de
399 4092 460 4132 ea
492 4077 817 4132 sententiam
845 4077 1056 4133 audire.
1086 4078 1201 4133 lmo
1225 4095 1354 4134 vero
1386 4081 1496 4150 jam
1541 4081 1893 4150 respondisse

297 4177 352 4223 te
389 4167 642 4224 iracunde
690 4167 861 4224 dices.
893 4167 1029 4224 Nam
1062 4179 1117 4224 et
1152 4172 1204 4224 in
1237 4177 1324 4224 tua
1359 4182 1553 4226 contra
1583 4186 1670 4227 me
1716 4172 1893 4228 decla-

298 4262 539 4320 matione
592 4262 881 4332 imperiose
906 4261 1118 4332 jussisti
1158 4271 1217 4316 ut
1253 4262 1305 4316 id
1345 4272 1626 4333 repetatur
1661 4278 1728 4318 ex
1759 4264 1893 4318 duo-

295 4353 423 4421 bus,
451 4368 586 4424 quos
607 4353 859 4421 laudasti,
907 4353 1062 4409 libris
1101 4354 1228 4409 tuis.
1275 4352 1390 4408 Non
1432 4355 1577 4410 enim
1624 4369 1744 4411 esse
1784 4365 1890 4412 tua;

2004 3152 2159 3220 ditio,
2192 3157 2239 3211 si
2281 3166 2457 3214 tecum
2487 3165 2758 3232 agendum
2789 3168 2882 3226 sit.
2926 3172 3032 3228 Sed
3067 3176 3282 3246 quidvis
3311 3179 3406 3234 tibi
3443 3181 3609 3241 licere

2005 3257 2185 3314 putas.
2236 3248 2328 3303 Sic
2373 3264 2495 3305 eum
2547 3255 2702 3312 nobis
2740 3264 3182 3322 commendasses
3232 3268 3603 3328 Romanorum

2001 3339 2378 3436 episcoporum
2409 3342 2641 3414 (saltem
2671 3365 2840 3422 usque
2860 3354 2927 3409 ad
2959 3357 3242 3428 Augustini
3265 3370 3478 3418 aetatem
3503 3363 3524 3436 )
3548 3375 3604 3421 et

2000 3425 2304 3488 doctrinam
2340 3443 2396 3489 et
2435 3441 2872 3510 successionem;
2909 3425 3066 3514 alibi,
3114 3464 3236 3506 cum
3282 3452 3453 3520 lubet,
3485 3425 3608 3512 eos-

2000 3518 2125 3577 dem
2155 3533 2210 3578 et
2249 3524 2574 3586 defectionis
2599 3541 2655 3587 et
2691 3533 3000 3605 depravatae
3038 3541 3319 3612 religionis
3358 3518 3601 3604 accusas.

2000 3609 2285 3684 Sicipsum
2317 3621 2640 3679 nominatim
2681 3625 2955 3695 Siricium,
3000 3609 3164 3700 quem
3194 3642 3471 3704 postremo
3493 3637 3608 3692 Iau-

1999 3702 2095 3758 dat
2121 3704 2384 3776 Optatus,
2421 3712 2574 3770 miris
2602 3719 2948 3776 contumeliis
2989 3702 3327 3793 proscindis,
3367 3735 3424 3782 et
3455 3737 3604 3784 atro-

1999 3797 2135 3855 citer
2151 3801 2398 3873 jugulas,
2426 3821 2550 3878 cum
2581 3811 2892 3869 ctelibatum
2920 3819 3237 3887 oppugnas?
3275 3835 3599 3893 quamquam

2000 3891 2018 3962 (
2049 3901 2106 3946 ut
2125 3892 2228 3950 hoc
2251 3897 2426 3954 obiter
2449 3899 2669 3975 dicam)
2712 3905 2855 3976 quod
2881 3922 3070 3964 narras
3096 3925 3218 3965 eum
3248 3911 3320 3968 de
3346 3891 3602 3985 conjugio

1997 3985 2281 4054 scripsisse
2310 3988 2376 4044 ad
2404 3989 2692 4063 Hispanos,
2723 4012 2918 4054 vereor
2941 4014 3011 4054 ne
3039 4014 3144 4056 non
3174 4001 3252 4057 illi
3279 4003 3484 4074 aliquid
3523 4012 3604 4060 tc-

1997 4090 2146 4133 mere
2186 4079 2435 4153 afﬁngas.
2466 4083 2658 4142 Exstat
2686 4089 2826 4145 inter
2851 4090 3127 4146 Ambrosii
3155 4094 3416 4164 epistolas
3468 4095 3603 4151 Siri-

1995 4167 2064 4221 cii
2092 4169 2343 4239 epistola.
2367 4189 2491 4244 qua:
2518 4177 2652 4232 nihil
2681 4179 2843 4235 habet
2866 4180 3005 4244 tale;
3047 4196 3224 4252 neque
3264 4191 3340 4249 tu,
3379 4184 3469 4255 qui
3500 4185 3600 4240 mi-

1995 4261 2140 4317 nime
2195 4263 2396 4335 alioqui
2443 4270 2698 4326 credulus
2739 4285 2838 4340 es,
2886 4282 2994 4328 tam
3043 4274 3203 4332 facile
3241 4293 3307 4334 ex
3352 4279 3600 4339 Gratiani

1994 4351 2264 4424 farragine
2315 4356 2534 4417 haurire
2579 4361 2851 4432 debuisti,
2909 4365 3054 4435 quod
3115 4368 3192 4424 illi
3237 4370 3598 4442 ignominioso

295 4447 578 4518 gravitatis
603 4450 802 4517 saepius
832 4461 947 4503 rem
977 4445 1225 4502 eamdem
1243 4446 1445 4503 dicere.
1471 4446 1710 4514 Faciam,
1741 4447 1890 4517 here,
1918 4428 1973 4489 Ῑ)
1997 4447 2317 4504 ascriberes.
2353 4450 2460 4507 Sed
2490 4468 2590 4526 age
2626 4455 2776 4522 dum,
2799 4428 2945 4513 serio
2991 4469 3047 4516 et
3077 4460 3215 4518 bona
3258 4428 3367 4522 fide
3407 4428 3594 4539 dicito;

339 4539 445 4595 uod
469 4540 641 4596 iubes.

339 4556 445 4595 nou
490 4556 641 4596 unes.

295 4556 329 4610 η
372 4632 430 4687 In
463 4557 562 4686 Jtua
608 4631 946 4688 institutione
1001 4631 1282 4718 disputans
1329 4630 1596 4689 adversus
1647 4631 1894 4702 Papistas

299 4725 462 4795 (quos
491 4738 676 4790 vocas,
709 4725 809 4780 nisi
828 4725 938 4795 jam
991 4723 1148 4779 malis
1196 4724 1463 4794 Papanos,
1517 4734 1575 4778 ut
1619 4739 1648 4778 a
1697 4719 1891 4793 Roma,

292 4817 576 4875 Romanos
603 4817 898 4887 dicimus),
943 4818 1036 4888 qui
1093 4816 1445 4883 obtendunt,
1511 4818 1694 4888 quanti
1754 4817 1892 4874 hanc

293 4909 697 4966 successionem
724 4909 952 4965 fecerint
979 4908 1220 4963 lrenaeus
1252 4949 1267 4973 ,
1322 4907 1690 4964 Tertullianus
1722 4950 1738 4975 ,
1768 4909 1890 4964 Ori-

295 5016 486 5073 genes,
514 5003 846 5072 Augustinus
877 5043 892 5068 ,
939 5009 994 5056 et
1031 5000 1122 5055 alii
1165 4999 1463 5074 (Optatum
1501 5001 1624 5072 quia
1654 5002 1888 5058 nondum

295 5094 534 5164 legeras,
571 5110 678 5150 non
707 5092 1012 5164 nominas),
1055 5091 1298 5163 prtefaris
1319 5091 1584 5148 facturum
1627 5109 1749 5150 esse
1789 5104 1840 5150 te
1872 5136 1887 5162 ,

297 5196 363 5245 ut
404 5189 704 5260 intelligant
741 5189 870 5243 boni
918 5187 1016 5242 viri
1041 5196 1094 5241 et
1135 5186 1236 5241 viri
1277 5183 1546 5253 studiosi,
1585 5186 1712 5256 quid
1745 5186 1886 5242 istud

296 5283 391 5340 sit.
421 5282 554 5338 Tum
577 5298 728 5346 vero,
757 5280 826 5336 ab
856 5280 1182 5336 adversariis
1212 5282 1432 5350 quaeris,
1455 5296 1553 5336 cur
1599 5295 1704 5335 non
1735 5280 1883 5335 Afri-

293 5391 414 5433 cam
450 5377 618 5432 citent
666 5385 723 5431 et
768 5383 934 5430 totam
972 5374 1190 5429 Asiam?
1229 5373 1322 5430 sed
1359 5375 1483 5444 quia
1521 5373 1662 5429 scire
1709 5381 1762 5429 te
1805 5374 1885 5430 ais

294 5482 681 5536 responsuros,
708 5467 814 5522 illic
841 5467 1134 5523 Ecclesiam
1174 5465 1435 5530 desiisse;
1478 5481 1576 5522 cur
1615 5480 1721 5520 non
1771 5466 1884 5535 ipse

295 5561 479 5631 potius
523 5557 576 5614 id
619 5559 812 5628 quaeris
845 5559 924 5614 vel
945 5559 1015 5614 ab
1044 5559 1270 5621 lrenaeo,
1303 5557 1468 5626 quiin
1495 5558 1620 5614 Asia
1672 5575 1885 5631 quoque

299 5651 455 5720 vixit,
507 5649 594 5706 vel
647 5649 714 5705 ab
762 5650 1134 5718 Tcrtulliano,
1187 5648 1382 5719 Optato
1440 5659 1495 5708 ct
1539 5651 1880 5724 Augustino,

1997 4555 2278 4610 quousque
2303 4542 2520 4601 tandem
2563 4555 2717 4618 putas
2759 4547 2986 4607 durasse
3015 4552 3162 4609 illam
3189 4558 3592 4616 successionem

1997 4631 2064 4687 de
2108 4648 2213 4704 qua
2263 4637 2588 4707 quaerimus,
2638 4649 2694 4696 et
2743 4642 2982 4713 quando,
3040 4646 3123 4701 vel
3176 4662 3272 4718 per
3311 4665 3473 4720 quem
3514 4650 3596 4708 sic

1995 4722 2164 4780 fuisse
2218 4726 2611 4802 interruptam,
2663 4742 2722 4788 ut
2768 4734 2929 4804 plane
2980 4734 3227 4794 desierit.
3275 4739 3406 4812 Legi
3455 4743 3594 4799 vitas

1997 4818 2310 4887 pontificum
2339 4832 2394 4878 et
2434 4826 2741 4897 tragoedias.
2787 4828 2892 4885 Sed
2922 4830 3073 4886 vides
3102 4832 3244 4889 aliud
3277 4849 3400 4892 esse
3447 4836 3593 4908 quod

1995 4910 2092 4964 abs
2122 4920 2173 4966 te
2193 4928 2398 4984 quaero,
2429 4919 2622 4990 cuique
2650 4936 2758 4977 non
2789 4925 3109 4995 respondes.
3143 4925 3274 4983 Nam
3301 4938 3357 4984 et
3381 4930 3424 4986 si
3445 4933 3591 5003 quod

1993 5002 2192 5094 Paulus
2229 5005 2296 5061 ad
2338 5007 2855 5072 Thessalonicenses
2895 5016 3108 5084 scribit,
3140 5002 3493 5094 praedicitque
3517 5024 3589 5082 de

1992 5093 2316 5166 defectione,
2346 5115 2507 5170 quam
2534 5102 2765 5161 Veteres
2808 5106 3191 5164 intellexerant
3229 5110 3299 5168 de
3341 5093 3587 5172 Remane

1992 5188 2241 5258 imperio,
2295 5203 2352 5246 tu
2391 5192 2460 5248 de
2496 5194 2763 5265 apostasia
2799 5196 2924 5254 fidei
2971 5199 3344 5271 interpreteris
3380 5216 3434 5262 et
3463 5222 3586 5263 eam

1984 5278 2309 5350 jampridem
2349 5284 2596 5341 evenisse
2623 5286 2793 5356 dicas,
2837 5297 3015 5346 tamen
3055 5307 3160 5348 non
3203 5293 3340 5352 dicis
3368 5297 3586 5367 quando

1990 5375 2252 5430 evenerit.
2279 5373 2335 5431 Id
2363 5377 2451 5432 ubi
2479 5377 2703 5449 dixeris,
2731 5381 2940 5438 videro.
2979 5385 3087 5441 Sed
3110 5402 3178 5443 ne
3206 5389 3480 5446 existimes
3501 5399 3584 5446 sat

1990 5481 2111 5523 esse
2145 5467 2188 5522 si
2218 5469 2431 5540 quidvis
2459 5470 2640 5538 dicas;
2688 5475 2826 5530 scito
2867 5491 2975 5534 non
3005 5493 3126 5536 esse
3161 5480 3256 5535 tibi
3299 5496 3416 5538 rem
3456 5497 3581 5537 cum

1990 5561 2094 5618 tuis
2122 5561 2282 5620 fatuis
2321 5566 2523 5634 pueris,
2573 5564 2874 5627 famulisve.
2921 5569 3108 5643 Neque
3137 5586 3270 5628 vero
3294 5580 3380 5627 est
3403 5587 3501 5628 cur
3523 5581 3576 5628 te

1990 5664 2261 5726 torqueas,
2313 5658 2453 5728 quod
2497 5658 2647 5730 facis,
2688 5671 2744 5718 ut
2790 5663 2986 5734 probes
3025 5664 3423 5722 successionem
3464 5679 3570 5726 non
