4152 6166
662 193 805 256 lii!

1889 188 2398 250 ΜΕΔΤΙΟΝΕΞ
2426 188 2756 250 ΒΑωυιΝι

3760 202 3869 263 tm

656 329 776 364 esse
803 323 986 366 veram
1013 309 1131 367 sine
1155 307 1420 365 doctrina.
1457 305 1590 362 Nam
1619 307 1673 363 id
1697 322 1799 380 ego
1827 317 1883 364 et
1913 311 2062 366 ultro
2089 315 2145 370 ot
2171 308 2254 366 lu-
2279 313 2333 371 Α
2360 325 2484 364 nem
2514 310 2732 381 allegat,
2775 324 2933 373 quam
2965 309 3105 368 disi.
3154 311 3351 366 merito
3379 309 3440 366 ad
3483 312 3765 373 refellendos
3791 340 3869 374 ur-

658 401 848 458 henter
875 409 932 459 et
969 401 1180 471 prolixe
1209 399 1416 464 fateor;
1469 407 1524 455 et
1554 399 1645 454 ubi
1671 410 1888 455 constat
1927 403 2091 456 aliam
2130 415 2252 456 esse

655 492 976 556 doctrinam,
1007 491 1155 552 aliud
1185 505 1306 547 esse
1332 491 1443 559 jus,
1478 499 1654 547 tecum
1691 492 1891 548 sentio.
1941 492 2047 548 Sed
2077 506 2252 561 neque

655 585 839 644 dubito
867 583 1208 640 verissimum
1238 596 1360 640 esse
1387 581 1532 652 quod
1573 583 1688 648 ais,
1721 598 1908 638 verum
1943 583 2252 652 reipublica

654 686 850 733 statum
877 676 983 731 dici
1009 692 1118 732 non
1152 689 1311 745 posse
1335 675 1674 746 tyrannidem
1697 673 1972 745 Caligulae,
1996 674 2251 739 Neronis,

654 767 983 838 lleliogabali
1016 777 1071 824 et
1098 765 1380 826 similium.
1420 767 1546 836 quia
1575 767 1778 832 Brutis,
1810 766 2172 836 Scipionibus,
2195 775 2252 821 et

653 860 894 918 Camillis
939 859 1325 917 successerint.
1379 857 1564 928 Neque
1617 860 1664 913 si
1717 858 1883 914 addas
1937 858 2251 928 scorpiones

653 951 982 1010 successisse
1029 951 1409 1021 Scipionibus,
1457 951 1781 1006 reclamalto.
1837 949 1916 1004 Ac
1963 949 2009 1003 si
2059 958 2250 1004 tonare

651 1047 813 1102 etiam
841 1055 896 1103 et
923 1044 1213 1102 fulminare
1243 1044 1374 1100 velis
1401 1043 1666 1099 adversus
1691 1044 1846 1110 tales,
1888 1058 1995 1097 non
2025 1056 2249 1097 succes-

651 1155 828 1206 sores,
857 1139 957 1194 sed
991 1137 1308 1208 praedones,
1355 1152 1462 1192 non
1502 1137 1663 1192 modo
1694 1138 1788 1191 tibi
1820 1137 2118 1202 snecinam,
2151 1134 2248 1191 sed

651 1241 707 1287 et
733 1245 856 1287 mea
879 1230 1238 1300 querimonia,
1281 1238 1545 1298 quantum
1581 1229 1729 1282 omni
1770 1228 2120 1283 contentione
2149 1241 2247 1280 vo-

650 1323 729 1378 cis
771 1332 827 1379 et
861 1323 1090 1378 laterum
1139 1328 1352 1391 potero,
1397 1319 1758 1389 justissimum
1807 1319 2102 1374 clamorem
2149 1333 2251 1371 an-

649 1413 809 1484 gebo.
836 1414 1105 1470 Cancrum
1137 1411 1271 1467 nihil
1305 1411 1500 1480 agitur,
1531 1411 1575 1464 si
1607 1411 1868 1466 confusus
1897 1418 2106 1468 tantum
2137 1409 2251 1462 cla-

651 1523 770 1562 mor
818 1506 920 1570 sit;
973 1505 1119 1561 nulla
1157 1519 1287 1560 vero
1315 1502 1560 1558 deﬁnitio
1602 1502 1740 1572 ejus,
1783 1502 1926 1573 quod
1964 1501 2246 1572 quaeritur.

649 1601 785 1658 Nihil
813 1613 994 1657 autem
1021 1601 1241 1665 delinis,
1286 1600 1545 1671 quamdiu
1574 1613 1681 1654 non
1716 1607 1874 1652 notas
1903 1608 2141 1665 tempus,
2168 1609 2243 1651 ex

2360 401 2588 458 hulones
2614 417 2750 457 nova
2779 401 3026 472 qumdam
3057 410 3111 456 et
3137 401 3297 472 impia
3324 402 3558 472 dogmata
3587 419 3869 478 spargentes,

2355 493 2421 547 iis
2453 494 2774 562 apposuisse
2813 494 3182 548 testimonium
3222 503 3275 549 et
3315 509 3618 553 consensum
3655 501 3874 558 Ecclesia-

2355 601 2494 653 rum,
2529 602 2650 658 qum
2677 586 2746 642 ab
2773 587 3048 658 Apostolis
3077 587 3336 642 instituta:
3365 588 3584 654 fuerant,
3603 602 3648 646 et
3675 605 3876 663 propter-

2353 693 2416 734 ea
2457 695 2562 732 non
2624 687 2833 736 temere
2859 679 3225 735 credebantur
3243 683 3492 736 custodes
3525 698 3637 739 esse
3662 685 3877 743 doctrinae

2353 771 2690 839 apostolicm,
2737 772 2892 840 cujus
2933 774 3227 828 etiamnum
3273 786 3459 828 rccens
3499 784 3606 830 erat
3643 779 3876 833 memoria.

2355 863 2544 920 Recte.
2588 865 2692 919 Sed
2736 881 2859 919 cum
2902 865 2952 918 id
2999 874 3196 932 teneo,
3248 881 3317 920 ne
3355 876 3407 920 te
3442 874 3606 923 astute
3638 868 3876 924 subducas.

2353 957 2486 1022 lmo,
2539 966 2600 1012 ut
2640 958 2735 1012 tibi
2768 958 3042 1026 consulas,
3089 959 3234 1025 vide,
3285 960 3410 1028 quid
3448 961 3522 1016 sis
3558 977 3878 1032 responsurus,

2357 1049 2450 1103 ubi
2496 1050 2586 1104 tali
2618 1050 2934 1105 testimonio
2981 1062 3037 1106 et
3079 1065 3348 1107 consensu
3391 1053 3575 1123 aliquis
3614 1066 3660 1109 tc
3697 1066 3879 1124 premet.

2355 1141 2439 1194 Me
2463 1140 2677 1210 quidem
2705 1150 2854 1196 certe
2874 1141 3103 1196 nimium
3136 1142 3392 1199 iracunde
3420 1147 3636 1209 vexasti,
3662 1160 3766 1200 cum
3779 1147 3887 1200 ami-

2354 1246 2450 1286 cus
2477 1231 2616 1288 forte
2647 1248 2798 1288 meus
2827 1234 3054 1289 multum
3083 1235 3175 1288 tali
3202 1236 3507 1290 testimonio
3534 1237 3746 1292 tribuere
3769 1238 3884 1290 visus

2354 1331 2522 1378 esset.
2560 1322 2631 1379 Ut
2672 1339 2779 1378 uno
2828 1324 2997 1380 verbo
3025 1325 3374 1391 dicam,scis,
3407 1327 3531 1396 quid
3556 1328 3754 1396 optem?
3776 1330 3886 1396 Opto

2354 1415 2626 1482 equidem,
2654 1424 2792 1469 utet
2817 1425 2870 1469 tu
2897 1426 2954 1470 et
2981 1430 3176 1471 omnes
3230 1425 3470 1472 statuant
3509 1417 3785 1472 universam
3808 1418 3887 1472 Ec-

2354 1506 2572 1560 clesiatn
2603 1515 2842 1561 veterem
2887 1508 3016 1560 olim
3049 1508 3119 1562 ab
3149 1509 3411 1578 apostolis
3441 1509 3739 1574 institutam,
3776 1525 3886 1562 nunc

2355 1606 2628 1669 tamquam
2670 1601 2861 1669 capitis
2892 1615 3040 1655 ream
3072 1600 3190 1655 sisti
3230 1617 3413 1658 coram
3448 1611 3536 1656 tuo
3568 1601 3819 1665 tribunali;
3845 1609 3887 1654 et

648 1710 757 1764 quo
795 1694 990 1751 statuis
1030 1694 1299 1750 defecisse
1342 1691 1742 1752 successionem
1785 1691 1854 1746 de
1899 1705 2004 1760 qua
2050 1689 2247 1758 agitur.
2279 1690 2329 1751 Β
2358 1690 2528 1758 qumri
2564 1690 2691 1759 quid
2719 1690 2788 1745 de
2817 1706 2879 1746 ea
2911 1701 3018 1745 tota
3061 1692 3278 1746 tandem
3307 1691 3645 1762 iudicandum
3680 1691 3757 1746 sit.
3798 1689 3886 1744 Etsi

650 1786 806 1843 Soles
844 1787 898 1842 in
928 1785 1030 1842 hac
1058 1787 1361 1855 quaestione
1405 1799 1505 1840 nos
1538 1797 1794 1839 revocare
1831 1781 1898 1836 ad
1940 1779 2246 1850 exemplum

649 1877 910 1936 Ecclesiae
937 1875 1199 1934 iudaicre.
1236 1875 1342 1932 Sed
1377 1891 1445 1930 ne
1467 1875 1521 1930 in
1543 1889 1606 1930 ea
1636 1872 1853 1942 quidem
1873 1870 2092 1935 deﬁnis,
2117 1869 2247 1939 quid

650 1968 805 2024 velis.
838 1969 936 2024 Ais
961 1968 1016 2022 in
1055 1982 1117 2023 ea
1152 1967 1320 2022 fuisse
1359 1965 1563 2036 gradus
1602 1963 1862 2032 quosdam
1900 1960 2244 2018 deiectionis.

649 2061 834 2120 Recte.
867 2058 974 2117 Sed
1001 2075 1126 2114 cum
1150 2057 1428 2114 historiam
1452 2055 1692 2113 delilinre
1720 2054 1987 2123 incepisti,
2021 2052 2095 2106 ita
2114 2051 2251 2106 elin-

647 2157 750 2225 gis,
785 2163 844 2209 ut
867 2168 967 2209 nos
994 2167 1286 2222 suspensos
1313 2151 1612 2220 relinquas.
1645 2148 1738 2203 Ais
1767 2149 1820 2202 in
1847 2145 2034 2203 Judma
2066 2145 2244 2198 rarius

649 2247 818 2303 fuisse
865 2245 1232 2308 mutationes,
1289 2243 1467 2298 donec
1514 2242 1618 2311 ipsi
1667 2256 1884 2312 quoque
1934 2237 2248 2294 sacerdotes

649 2339 907 2408 temmum
965 2337 1082 2399 Dei?
1105 2334 1345 2404 profanis
1387 2332 1870 2401 abominandisque
1899 2331 2092 2385 ritibus
2123 2329 2244 2398 pol~

649 2431 891 2488 luerunt.
931 2429 1041 2486 Sed
1093 2428 1313 2500 quando
1363 2425 1419 2485 id
1462 2426 1661 2482 factum
1715 2433 1801 2479 est
1829 2466 1846 2490 ,
1900 2433 1958 2478 ut
2011 2422 2246 2478 sciamus

645 2539 712 2580 es
765 2536 876 2592 quo
952 2531 1202 2590 tempore
1261 2534 1368 2575 non
1431 2517 1644 2574 licuerit
1687 2517 1753 2572 iis
1806 2515 2244 2571 communicari?

647 2615 726 2670 Tu
770 2616 825 2670 in
869 2614 1061 2671 eadem
1102 2622 1196 2668 tua
1257 2612 1419 2682 paulo
1469 2620 1592 2681 post
1641 2611 1981 2666 institutione
2021 2609 2242 2673 scribis,

648 2709 964 2780 prophetas,
1004 2708 1098 2777 qui
1149 2705 1544 2776 Hierosolymis
1574 2704 1658 2760 vel
1685 2703 1738 2758 in
1773 2702 1960 2758 Judaea
2003 2701 2240 2766 fuerunt,

646 2816 770 2857 cum
806 2817 895 2857 res
917 2801 1029 2856 illic
1067 2808 1251 2855 essent
1279 2797 1569 2853 admodum
1599 2804 1891 2864 corruptas,
1939 2804 2121 2848 tamen
2155 2806 2246 2846 se-

649 2905 866 2964 paratos
907 2908 1018 2950 non
1064 2891 1318 2947 habuisse
1363 2904 1492 2945 suos
1537 2897 1744 2950 cattus;
1795 2885 1890 2942 sed
1921 2885 2245 2941 convenisse

645 3002 768 3041 cum
789 2986 912 3042 aliis
935 2985 992 3040 in
1015 2983 1298 3054 templum,
1327 2982 1451 3053 quia
1483 2981 1549 3035 ad
1578 2979 1785 3035 nullum
1803 2977 2242 3046 superstitiosum

2354 1797 2477 1850 quae
2504 1789 2590 1836 tua
2620 1782 2692 1836 sit
2717 1782 2941 1837 audacia
2964 1824 2977 1848 ,
3013 1797 3120 1837 non
3154 1784 3424 1854 ignorem,
3455 1793 3627 1837 tamen
3662 1781 3884 1844 existimo,

2356 1875 2444 1929 ubi
2499 1875 2604 1930 tale
2651 1890 2845 1945 agmen
2889 1879 2941 1930 in
2975 1876 3066 1930 tali
3099 1888 3250 1930 reatu
3281 1877 3584 1947 conspicies
3609 1877 3657 1930 in
3687 1884 3764 1928 tuo
3786 1888 3887 1928 cou-

2352 1966 2572 2021 sistorio
2585 1965 2876 2030 criminati,
2891 1977 2943 2024 te
2956 1951 3186 2038 quodam
3204 1968 3411 2038 pudore
3426 1967 3646 2022 fractum
3669 1966 3743 2028 iri,
3757 1974 3803 2017 ut
3820 1963 3888 2017 ille

2353 2058 2483 2112 olim
2508 2058 2696 2114 Roma:
2714 2059 2954 2130 ingratus
2985 2059 3328 2125 adolescens,
3355 2059 3609 2132 120(ιυί
3634 2071 3792 2112 coram
3815 2054 3887 2108 'l‘i-

2352 2150 2505 2204 berio
2535 2161 2741 2218 patrem
2767 2165 2954 2206 senem
2980 2159 3038 2204 et
3055 2165 3274 2217 canum,
3305 2151 3604 2219 maiestatis
3623 2146 3885 2206 accusabat;

2354 2241 2524 2308 patris
2551 2251 2702 2296 torve
2730 2257 2855 2298 eum
2896 2241 3157 2298 intuentis
3194 2249 3491 2311 conspecta
3532 2239 3679 2302 facie,
3717 2247 3760 2293 el
3795 2235 3888 2304 ejus

2350 2331 2672 2399 cornipedum
2720 2331 2906 2387 seuitu
2946 2333 3132 2388 audito
3177 2334 3444 2398 territus,
3497 2332 3666 2386 statim
3708 2326 3886 2396 aulngit.

2350 2422 2546 2492 Perge.
2594 2425 2712 2492 Ais,
2756 2425 3112 2495 Augustinum
3161 2439 3436 2495 pugnasse
3480 2424 3721 2478 adversus
3746 2419 3886 2473 Βοιω-

2350 2521 2527 2586 tistas,
2573 2521 2746 2592 iisque
2795 2522 3051 2578 Ecclesia:
3092 2522 3396 2578 Catholica!
3447 2520 3812 2578 successionem
3848 2521 3891 2566 et

2351 2613 2717 2668 testimonium
2759 2629 2864 2668 non
2910 2625 3114 2669 temere
3151 2614 3428 2685 objecisse
3451 2656 3466 2680 ,
3499 2629 3613 2667 cum
3646 2611 3680 2664 ii
3707 2622 3796 2662 non
3819 2619 3889 2658 ne-

2349 2714 2542 2774 sarent
2585 2721 2736 2769 eam,
2787 2722 2818 2761 a
2871 2722 2977 2777 qua
3027 2717 3206 2762 tamen
3255 2708 3609 2769 defecerant,
3661 2701 3891 2758 retinuisse

2348 2797 2701 2866 apostolicam
2737 2797 3064 2852 doctrinam.
3094 2798 3202 2854 Sed
3235 2799 3370 2870 quid
3393 2800 3576 2859 dices.
3606 2793 3772 2852 eodem
3794 2802 3889 2845 cum

2347 2890 2604 2959 praesidio
2643 2891 2739 2944 niti
2784 2891 3046 2946 adversus
3097 2891 3475 2948 Manichacus?
3523 2899 3663 2946 certe
3703 2886 3762 2941 de
3795 2883 3894 2937 doc-

2351 2981 2490 3036 tt‘ina
2533 2981 2569 3036 ii
2601 2982 2924 3052 pugnabant.
2976 2982 3170 3038 Mirum
3202 3000 3358 3050 vero,
3411 2984 3504 3040 tibi
3547 2979 3722 3042 videri,
3753 2974 3809 3030 de
3845 2985 3893 3025 ca

645 3079 850 3134 cultum
874 3076 1251 3147 adigebantur,
1294 3082 1348 3130 et
1375 3073 1664 3142 agnovisse
1694 3070 2010 3126 sacerdota
2039 3068 2242 3124 Leviti-
2267 3069 2315 3131 C
2349 3089 2454 3128 non
2515 3088 2784 3144 pugnasse
2844 3075 3204 3145 Augustinum
3259 3086 3460 3132 contra
3518 3069 3809 3129 Donatistas.
3854 3061 3897 3116 Si

645 3186 764 3237 cos,
787 3171 911 3242 quia
933 3182 1226 3238 utcumque
1256 3167 1464 3235 indigni
1497 3182 1562 3222 eo
1587 3165 1795 3220 honore
1825 3173 2032 3228 essent,
2057 3171 2240 3217 tamen

645 3279 748 3321 nec
790 3262 920 3319 dum
967 3261 1203 3318 abdicati
1242 3268 1423 3318 erant.
1475 3259 1637 3328 Atqui
1679 3256 1869 3313 eadem
1917 3255 2075 3326 paulo
2121 3262 2245 3324 post

646 3357 866 3426 pagina,
893 3369 1106 3420 narras,
1131 3354 1427 3424 prophetas
1449 3352 1715 3406 clamasse
1747 3351 1971 3419 proiana
2001 3348 2088 3402 illa
2119 3362 2244 3403 esse

646 3446 1044 3512 conventicula,
1093 3446 1290 3515 quibus
1335 3461 1441 3498 non
1493 3443 1665 3512 magis
1707 3441 2019 3496 consentire
2059 3441 2240 3506 liceat,

646 3554 807 3610 quam
846 3538 1018 3593 Deum
1057 3537 1362 3607 abnegare;
1407 3542 1462 3588 ct
1489 3547 1716 3590 necesse
1755 3531 2007 3586 habuisse
2041 3532 2109 3584 ab
2149 3545 2246 3585 eo.

646 3646 767 3686 rum
817 3635 1060 3686 emtum:
1115 3625 1481 3683 consensione
1537 3622 1878 3690 desciscere,
1933 3637 2060 3692 qua:
2110 3622 2252 3677 nihil

602 3704 612 3714 ’
646 3723 791 3779 aliud
824 3732 942 3779 erat
979 3736 1142 3792 quam
1183 3720 1349 3790 impia
1374 3718 1638 3775 adversus
1671 3717 1838 3772 Deum
1883 3715 2241 3784 conspiratio.

645 3817 868 3887 Ignosce
923 3831 1059 3870 mete
1118 3813 1472 3878 hebetudini,
1529 3812 1578 3868 si
1631 3809 1868 3866 nondum
1929 3809 2244 3880 perspicere

647 3921 868 3976 possunt
923 3905 1217 3974 quomodo,
1248 3920 1368 3974 qua:
1397 3903 1550 3966 dicis,
1582 3903 1890 3958 cohaereant
1920 3909 2080 3968 atque
2113 3914 2245 3954 con-

645 4001 905 4054 sentiant.
947 3997 1180 4052 Tantum
1235 3995 1425 4060 abest,
1471 4003 1532 4049 ut
1570 3993 1706 4050 satis
1744 3993 2063 4062 intelligam,
2109 4007 2247 4062 quo-

647 4090 809 4147 modo
839 4105 909 4145 es
937 4089 1002 4144 iis
1027 4088 1256 4148 delinire
1289 4087 1451 4151 velis,
1479 4085 1627 4156 quod
1664 4084 1928 4154 quaritnr
1954 4084 2025 4138 de
2056 4083 2246 4138 Eccle-

645 4186 724 4241 sia
749 4183 1072 4239 christiana.
1114 4184 1193 4238 Ac
1219 4182 1350 4236 licet
1380 4182 1434 4234 in
1470 4187 1562 4234 tua
1588 4193 1777 4235 rursus
1811 4188 1998 4236 contra
2025 4193 2113 4233 me
2143 4177 2243 4233 de-

643 4277 984 4341 clamatime,
1034 4275 1222 4330 eadem
1261 4273 1332 4329 de
1363 4289 1423 4328 re
1457 4272 1640 4337 dicas;
1693 4281 1874 4327 tamen
1920 4272 2049 4342 quid
2098 4271 2247 4326 dicas

643 4369 934 4424 etiamnum
965 4366 1172 4424 dubito.
1215 4365 1371 4433 Quod
1411 4380 1541 4420 vero
1566 4363 1758 4433 adjicio
1798 4363 1866 4420 de
1891 4379 2064 4434 regno
2108 4362 2236 4418 Hie-

2346 3166 2601 3234 Optatum
2625 3165 2860 3230 diceres,
2891 3166 2982 3236 qui
3010 3182 3106 3222 eos
3135 3169 3314 3237 magis
3341 3167 3599 3223 habuisse
3619 3161 3799 3218 videtur
3821 3169 3895 3224 pro

2345 3259 2710 3314 schisntaticis
2747 3274 2908 3329 quam
2944 3275 3042 3328 pro
3073 3259 3388 3325 haereticis,
3439 3259 3608 3330 magis
3635 3252 3786 3312 audiri
3816 3248 3898 3303 lor-

2349 3359 2493 3406 t.tsse
2524 3364 2730 3420 posses.
2782 3349 2889 3406 Sed
2935 3365 3041 3406 non
3081 3351 3308 3421 ignoras
3350 3352 3700 3422 Augustinum
3734 3340 3896 3399 centies

2347 3456 2444 3497 eos
2476 3457 2671 3498 vocare
2711 3441 3039 3506 haereticos;
3090 3443 3296 3512 quibus
3331 3453 3486 3500 certe
3524 3441 3756 3510 injuriam
3779 3431 3898 3490 leris-

2347 3545 2455 3601 set,
2482 3536 2525 3590 si
2553 3535 2587 3589 ii
2617 3535 3018 3590 confitebantur
3042 3535 3190 3606 quod
3231 3551 3454 3592 narras.
3482 3535 3594 3590 [mo
3621 3534 3661 3588 si
3691 3532 3780 3584 hoc
3801 3539 3898 3580 con-

2346 3625 2664 3692 fitebantur,
2707 3625 2981 3694 quomodo
3031 3627 3309 3698 negabant
3354 3635 3453 3682 aut
3493 3625 3771 3696 legitimum
3808 3629 3899 3672 esse

2344 3719 2706 3788 baptismum,
2755 3727 2850 3775 aut
2900 3735 3081 3776 veram
3124 3736 3246 3778 esse
3298 3722 3604 3778 Ecclesiam
3647 3711 3899 3772 (Latinolico-

2347 3811 2508 3868 rum?
2545 3827 2613 3866 an
2647 3821 2703 3865 ttt
2731 3826 2791 3866 se
2813 3810 3161 3879 damnarent,
3191 3814 3454 3870 conﬁteri
3482 3810 3722 3868 volebant
3743 3812 3902 3862 seesSO

2347 3911 2644 3971 apostatas,
2668 3917 2791 3958 cum
2819 3917 2972 3958 suam
2997 3903 3214 3959 demum
3236 3904 3598 3962 christianum
3619 3915 3731 3957 esse
3755 3892 3901 3951 Hdt“

2347 3995 2482 4048 siam
2509 4003 2564 4048 ct
2583 3996 2962 4064 apostolicam,
2994 3995 3226 4067 reliquas
3259 4013 3390 4052 esse
3414 3996 3732 4066 apostaticas
3754 3983 3900 4045 clatu'tv

2349 4087 2532 4142 tahaut
2547 4085 2570 4140 1
2583 4087 2709 4144 Scio
2728 4088 3080 4144 Cresconiom
3093 4091 3548 4158 grammaticum,
3567 4099 3742 4143 eorum
3763 4087 3902 4149 intro-

2349 4197 2497 4249 num,
2522 4190 2700 4237 astute
2719 4182 3070 4239 contendisse
3103 4198 3220 4248 eos,
3249 4184 3356 4240 etsi
3383 4178 3703 4239 schismatici
3723 4188 3824 4231 esse
3843 4166 3904 4222 di‘

2347 4282 2620 4339 cercntur,
2641 4283 2821 4330 tamen
2841 4275 3125 4330 haereticos
3144 4273 3255 4330 dici
3278 4292 3392 4330 non
3425 4289 3608 4345 posse,
3636 4279 3686 4324 et
3701 4258 3902 4333 Augusti-

2350 4383 2498 4433 num,
2524 4369 2616 4437 qui
2646 4383 2741 4422 eos
2771 4367 3046 4425 hrcreseos
3073 4370 3397 4434 accusabat,
3453 4367 3638 4423 odiose
3667 4363 3904 4432 propter“

643 4460 866 4522 rubeam
906 4469 962 4516 et
1009 4460 1277 4528 apostasia
1320 4456 1568 4521 Israelis,
1616 4455 1872 4525 equidem
1919 4455 2091 4512 fateor
2115 4471 2240 4511 esse
2270 4445 2324 4505 D
2350 4469 2587 4517 notasse.
2617 4461 2726 4518 Sed
2747 4460 2878 4530 quid
2906 4460 3032 4515 huic
3061 4464 3321 4530 nugatori
3346 4446 3906 4530 responderitAngusli-

641 4551 936 4624 liquidum;
981 4567 1160 4621 neque
1189 4549 1387 4606 frttstra
1417 4550 1620 4606 sudare
1643 4547 1909 4613 debebas,
1952 4558 2009 4602 ut
2040 4547 2091 4602 id
2119 4547 2239 4617 plu-

641 4647 792 4702 ribus
811 4645 994 4702 verbis
1023 4643 1154 4700 mihi
1181 4657 1504 4712 exponeres.
1547 4641 1653 4699 Sed
1683 4639 1813 4696 nihil
1841 4639 1908 4694 ad
1937 4639 2236 4695 Ecclesium

639 4739 938 4796 Iudaicam.
978 4738 1164 4807 Neque
1193 4735 1327 4801 illic,
1357 4735 1451 4791 ubi
1491 4733 1687 4789 vitiosa
1720 4739 1842 4786 erat
1878 4732 1995 4799 ipsa
2023 4745 2242 4800 quoque

639 4833 815 4903 origo,
850 4832 925 4887 de
949 4829 1302 4886 sanctissime
1330 4827 1561 4897 quaestio
1588 4824 1708 4880 fuit.
1739 4823 1934 4878 Testor
1958 4823 2158 4880 ctelum
2182 4833 2239 4882 et

637 4934 840 4982 terram
872 4939 959 4978 me
1009 4932 1186 4978 tecum
1209 4935 1374 4992 agere
1401 4918 1673 4988 religiose,
1703 4925 1764 4972 nt
1789 4918 1832 4970 si
1862 4916 2035 4986 possis
2060 4918 2239 4986 expli-

639 5029 731 5070 ces
755 5024 814 5069 et
853 5013 1054 5072 liberes
1075 5029 1216 5084 quos
1256 5012 1362 5068 tuis
1389 5010 1630 5080 strophis
1670 5009 1923 5068 involvis.
1971 5007 2104 5063 Nam
2149 5009 2241 5068 hic.

636 5106 856 5164 ludendi
893 5117 990 5161 aut
1031 5105 1290 5163 illudendi
1329 5104 1484 5162 locus
1523 5117 1630 5159 non
1661 5110 1766 5160 est.
1813 5101 1971 5158 Nunc
1998 5103 2122 5173 quia
2155 5102 2239 5158 ιι.

640 5207 758 5254 tero
793 5212 983 5254 rursus
1007 5199 1129 5254 loco
1164 5197 1232 5252 de
1265 5194 1637 5261 successione,
1673 5193 1746 5258 de
1773 5209 1875 5264 qua
1914 5193 2234 5264 quaerimus.

636 5291 964 5360 disseruisti,
993 5291 1135 5360 quod
1167 5306 1265 5348 nos
1294 5291 1484 5346 audire
1509 5290 1687 5360 juhes,
1719 5305 1932 5346 rursum
1966 5297 2019 5346 te
2046 5287 2234 5346 audie-

635 5400 780 5447 mus,
821 5384 868 5440 si
900 5385 1040 5440 forte
1067 5392 1126 5439 et
1161 5385 1359 5452 Optato
1393 5397 1584 5441 rursus
1620 5381 1824 5450 aliquid
1853 5381 1991 5439 lucis
2018 5391 2109 5438 tua
2137 5395 2235 5436 ex-

632 5477 831 5548 positio
869 5477 1086 5532 adferre
1128 5475 1320 5544 possit.
1363 5483 1422 5528 et
1449 5489 1550 5532 nos
1580 5486 1774 5541 magna
1806 5471 2054 5526 molestia
2095 5470 2233 5526 libe-

631 5586 774 5627 rare.
809 5571 944 5627 Cain
995 5569 1257 5627 adversus
1302 5567 1662 5637 Augustinum
1707 5564 1907 5620 librum
1952 5563 2131 5618 Caroli
2179 5579 2231 5616 ν.

631 5659 764 5734 Imp.
798 5665 1089 5730 scriberes,
1136 5657 1428 5732 scripsisti,
1459 5658 1720 5716 Irenaeum
1744 5699 1758 5725 ,
1808 5657 1901 5728 qui
1933 5655 2234 5714 successio-

2348 4567 2488 4616 nus,
2543 4569 2646 4606 non
2700 4554 2935 4622 ignoras.
2993 4552 3273 4608 Praetereo
3329 4553 3478 4624 quod
3533 4545 3833 4622 Epiphanius
3865 4543 3906 4590 οι

2345 4643 2704 4698 Theodoritus
2729 4659 2826 4698 eos
2851 4644 3016 4700 etiam
3055 4643 3277 4700 Arianae
3313 4644 3611 4714 impietatis
3641 4653 3753 4696 reos
3781 4643 3903 4703 pera-

2345 4745 2497 4805 gunt.
2524 4736 2688 4792 Certe
2732 4729 3090 4808 Hieronymus
3135 4737 3188 4792 in
3229 4738 3414 4794 Catal.
3465 4737 3543 4793 ait
3585 4735 3824 4792 Donatu
3853 4718 3905 4776 de

2345 4829 2545 4899 Spiritu
2575 4838 2761 4886 sancto
2789 4831 3078 4898 scripsisse
3108 4831 3313 4888 librum
3344 4839 3730 4902 congruentem
3743 4821 3905 4880 Λήθηο

2345 4919 2604 4989 dogmati.
2637 4920 2707 4978 Et
2753 4920 3085 4991 Augustinus
3116 4923 3170 4976 in
3220 4922 3326 4978 lib.
3357 4923 3433 4980 de
3476 4918 3731 4979 Πρω-θεὼ.
3758 4905 3908 4968 scribit

2347 5011 2610 5066 Donatum
2655 5010 3136 5084 Carthagineusem
3179 5030 3293 5070 non
3324 5015 3590 5071 habuisse
3621 5005 3904 5068 Catholicam

2341 5101 2408 5156 de
2438 5102 2702 5160 Trinitate
2727 5104 3090 5170 sententiam;
3133 5105 3229 5161 sed
3261 5120 3435 5174 quam
3461 5120 3571 5162 non
3609 5094 3904 5158 animade

2339 5193 2466 5248 tet-it
2491 5194 2778 5251 multitudo
2810 5195 3240 5252 Donatistarum.
3273 5197 3342 5252 Et
3372 5198 3429 5252 iu
3457 5196 3620 5266 epist.
3651 5202 3825 5247 cum.
3847 5181 3904 5232 aii

2339 5299 2399 5341 se
2425 5286 2724 5352 audivisse,
2762 5287 3012 5353 Arianos,
3046 5302 3168 5344 cum
3196 5303 3228 5340 a
3249 5286 3647 5344 communione
3673 5273 3902 5337 Catholica

2341 5377 2773 5448 discrepassent,
2828 5387 3067 5436 tentasse
3113 5379 3216 5434 sibi
3266 5381 3491 5436 sociare
3536 5375 3817 5433 Donatistas
3863 5364 3903 5414 in

2341 5468 2542 5524 Africa.
2609 5469 2792 5540 Neque
2859 5485 2989 5526 vero
3049 5469 3288 5535 dubito,
3346 5471 3481 5541 quin
3547 5480 3726 5525 eorum
3777 5451 3903 5530 pleri-

2341 5579 2445 5633 que
2475 5562 2630 5618 facile
2670 5563 2859 5619 l‘acturi
2887 5561 3192 5634 dicturique
3213 5574 3436 5628 essent,
3464 5557 3722 5634 quidqn’nl
3755 5549 3904 5607 catho-

2343 5655 2461 5711 licis
2486 5653 2727 5722 doleret,
2759 5671 2882 5712 cum
2919 5655 3078 5712 etiam
3115 5669 3224 5710 non
3269 5661 3600 5711 recusarent
3643 5641 3904 5713 ωηερίτπθ
