4152 6166
250 218 374 279 H25

245 431 508 501 Baptismo
537 442 592 485 et
619 432 688 487 de
709 433 949 489 Ecclesia
985 435 1185 505 dogma
1220 436 1443 505 impium
1471 443 1529 490 et
1558 437 1832 502 pernicio-

245 540 350 581 sum
378 523 569 580 fuisse.
601 523 742 592 Quid
763 526 938 582 dicant
966 543 1131 582 unum
1151 542 1340 583 eorum
1361 527 1656 582 antistitem
1685 526 1834 584 Gau-

247 621 472 678 dentium
497 633 689 674 ausum
712 635 838 676 esse
865 622 1039 690 palam
1066 621 1272 686 dicere,
1306 621 1604 676 Ecclesiam
1636 621 1836 676 catho-

245 713 385 769 licam
415 724 542 768 esse
572 711 862 765 humanum
897 715 1205 783 ﬁgmentum
1229 712 1251 765 i
1277 711 1454 768 Testis
1475 721 1560 768 est
1577 713 1834 784 Augusti-

248 824 338 862 nus
369 806 512 862 libro
532 816 728 860 contra
757 819 878 860 cum
908 805 1169 862 secundo.
1200 805 1282 862 An
1332 807 1422 877 qui
1465 822 1572 861 non
1617 806 1831 862 dubita-

245 901 367 958 bant
405 901 533 956 talia
571 915 814 969 vomere,
861 900 1173 958 fatebantur
1221 915 1341 957 eam
1381 901 1680 956 Ecclesiam
1711 917 1838 957 esse

246 993 518 1051 custodem
539 992 850 1063 apostolica:
881 993 1180 1049 doctrinae?
1212 993 1308 1049 sed
1350 1008 1537 1048 rursus
1579 992 1744 1049 nodeo
1769 992 1837 1047 ad

246 1086 659 1152 successionem,
679 1086 750 1141 de
770 1101 873 1156 qua
892 1086 1179 1156 quaeritur.
1199 1085 1387 1142 Sentio
1404 1086 1549 1141 enim
1567 1085 1836 1141 nihildum

246 1189 415 1235 actum
443 1195 592 1244 esse,
623 1179 747 1249 quia
783 1178 914 1234 alibi
951 1178 1126 1250 ipsum
1173 1179 1494 1248 principium
1536 1192 1705 1249 negas
1730 1219 1744 1243 ,
1771 1177 1840 1231 de

243 1285 342 1339 quo
364 1286 661 1340 numquam
685 1269 991 1325 dubitatum
1017 1270 1196 1326 fuerat
1224 1311 1240 1338 ,
1271 1280 1327 1326 et
1350 1286 1486 1324 nova
1510 1268 1840 1324 inficiatione

243 1375 453 1420 veteres
469 1363 592 1418 falsi
621 1379 742 1419 reos
764 1363 902 1432 agis,
923 1371 982 1417 ut
1009 1361 1198 1417 falsam
1222 1363 1486 1432 originem
1509 1361 1836 1425 auten-litos;

243 1455 372 1526 quod
403 1470 567 1525 quem
601 1455 682 1508 illi
707 1464 992 1510 auctiorem
1033 1454 1400 1522 successionis
1452 1454 1677 1510 laudant
1701 1494 1716 1518 ,
1747 1467 1839 1510 ne-

243 1563 340 1618 que
368 1547 536 1604 fuisse
563 1563 742 1617 neque
766 1562 894 1603 esse
923 1547 1166 1617 potuisse
1190 1589 1206 1613 ,
1239 1548 1364 1617 quia
1411 1547 1600 1601 Romae
1635 1545 1840 1600 nullam

242 1641 416 1697 sedem
477 1640 736 1695 habuerit
794 1649 883 1695 aut
931 1639 1290 1704 cathedram,
1330 1640 1648 1696 contendas.
1701 1638 1842 1705 Quid

1226 225 1316 281 AD
1377 219 1634 279 PRIMAM
1688 218 2079 284 EDl'l‘lONEM
2125 228 2400 286 OPTATI.

145 365 150 370 -
245 353 354 395 cum
374 336 596 393 Iuliano
623 340 1060 410 apostata.Nune
1089 343 1246 398 trabis
1273 343 1406 397 satis
1429 341 1521 408 sit,
1551 355 1744 396 eorum
1766 344 1837 398 de
1867 348 1916 408 Α
1946 345 2066 414 quis
2086 345 2323 401 clamitet
2353 363 2419 400 ne
2449 347 2504 400 in
2537 347 2666 402 orbe
2716 347 2931 418 quidem
2975 348 3219 404 Romano
3269 361 3546 406 mortuum

3399 233 3547 293 ll'ltl

1945 449 2098 502 esse,
2134 435 2324 507 ﬁngat,
2354 437 2507 500 licet,
2543 437 2681 506 apud
2731 437 3031 508 Autipodas
3079 456 3201 495 esse
3247 442 3540 510 sepultum.

1945 525 2076 580 Mira
2111 529 2350 597 profecto
2396 539 2477 584 est
2529 531 2749 585 audacia
2775 573 2788 595 ,
2824 533 2998 586 dicam
3051 549 3116 588 an
3162 533 3496 604 impudentia
3529 579 3543 603 ,

1944 617 2220 676 hominum
2262 623 2330 678 ab
2371 623 2492 676 aliis
2535 623 2827 679 dissentire
2878 626 3198 682 volentium.
3225 627 3361 695 Quid
3392 632 3540 683 enim

1944 725 2049 766 non
2082 712 2264 770 dicent
2311 714 2651 784 potiusquam
2683 715 2804 770 aliis
2852 732 2956 770 non
3001 717 3418 772 contradicunt?
3445 718 3544 773 sed

1943 804 1988 859 si
2041 820 2242 875 negare
2286 804 2516 861 sufﬁciat
2564 806 2708 878 quod
2756 807 3075 863 certissimis
3101 823 3162 862 ac
3209 808 3545 866 fidelissimis

1943 902 2306 952 monumentis
2335 897 2604 967 proditum
2645 906 2763 966 est,
2814 898 2940 970 quid
2991 899 3206 954 tandem
3240 900 3378 956 fiet?
3409 901 3540 972 quid

1943 988 2208 1062 (inquam)
2243 990 2332 1045 flet
2352 991 2621 1046 universa:
2643 991 3042 1047 Ecclesiasticae
3064 990 3327 1055 historizc,
3353 995 3398 1048 si
3422 993 3545 1062 ejus

1944 1083 2204 1152 principia
2253 1093 2307 1138 et
2352 1091 2627 1154 tamquam
2679 1084 3059 1150 fundamenta,
3111 1085 3175 1140 iis
3221 1085 3551 1142 testimoniis

1943 1173 2312 1242 eummunita,
2340 1176 2537 1245 quibus
2581 1177 2815 1231 certiora
2865 1191 2988 1232 esse
3036 1178 3124 1232 vix
3167 1189 3432 1248 possunt,
3465 1177 3551 1234 vel

1944 1263 2188 1322 fabulosa
2237 1277 2366 1322 sunt
2411 1268 2499 1324 vel
2548 1269 2667 1323 solo
2713 1269 2944 1340 alicujus
2991 1270 3339 1326 inﬁciationis
3384 1271 3548 1326 sibilo

1945 1358 2116 1412 everti
2163 1360 2427 1428 possunt?
2480 1360 2718 1431 Denique
2765 1362 2895 1430 quid
2948 1363 3164 1418 tandem
3225 1378 3330 1418 non
3381 1363 3554 1419 aude-

1945 1448 2027 1502 bit
2049 1489 2064 1516 ,
2099 1451 2188 1519 qui
2216 1450 2320 1506 hoc
2347 1451 2552 1507 audet?
2581 1453 2830 1523 equidem
2854 1453 2965 1508 scio
2992 1455 3190 1518 multas
3219 1455 3432 1524 putidas
3469 1456 3552 1512 fa-

1945 1539 2102 1597 bulas
2161 1553 2430 1613 tamquam
2489 1535 2744 1600 maculas‘
2796 1545 2928 1614 ipsis
2993 1563 3208 1618 quoque
3265 1550 3548 1620 principiis

1948 1632 2192 1690 historia:
2215 1637 2610 1693 Ecclesiasticaz
2633 1653 2881 1708 aspersas
2905 1655 3059 1707 esse,
3084 1657 3217 1712 quas
3248 1653 3301 1698 et
3327 1644 3558 1714 repudio

243 1731 376 1789 istud
412 1733 634 1786 tandem
669 1746 821 1786 novae
851 1733 929 1786 rei
969 1732 1098 1786 est?
1123 1731 1320 1786 Noster
1344 1731 1572 1802 Optatos
1602 1729 1674 1785 ad
1718 1731 1840 1785 Par-
1875 1732 1922 1794 Β
1951 1727 2203 1782 otdelcri
2235 1731 2413 1798 cupio.
2465 1731 2572 1786 S‘ed
2619 1747 2686 1785 an
2717 1741 3002 1802 prepterea
3035 1750 3221 1789 verum
3267 1751 3391 1790 cum
3421 1737 3557 1792 falso

244 1828 593 1881 menianum:
649 1825 855 1894 Negare
897 1823 1121 1895 (inquit)
1161 1839 1267 1878 non
1310 1833 1452 1893 potes
1479 1865 1492 1889 ,
1530 1824 1661 1877 scire
1707 1833 1757 1876 te
1791 1823 1848 1877 in

244 1923 359 1976 urbe
413 1921 586 1976 Rom
638 1918 796 1973 Petro
861 1920 1030 1990 primo
1091 1917 1410 1971 Cathedram
1479 1915 1849 1988 Episeapalem

242 2027 345 2067 esse
376 2010 649 2065 collatam.
691 2007 828 2076 Quid
865 2009 965 2063 tu?
1005 2009 1058 2062 in
1097 2017 1186 2063 tua
1235 2007 1454 2078 quidem
1510 2007 1852 2062 institutione

242 2103 342 2158 etsi
370 2115 540 2172 neges
573 2099 788 2156 Petrum
821 2100 931 2155 iltic
979 2101 1294 2170 episcopum
1325 2098 1511 2163 fuisse,
1534 2107 1630 2153 aut
1657 2099 1851 2153 saltem

245 2193 448 2249 tamdiu
484 2192 711 2258 sedisse,
737 2191 992 2262 quamdiu
1018 2192 1110 2246 alii
1138 2201 1379 2258 narrant,
1411 2200 1594 2246 tamen
1612 2191 1848 2260 scripse-

244 2301 332 2342 ras
360 2292 410 2340 te
447 2293 675 2355 propter
703 2294 957 2340 veterum
997 2284 1335 2354 Scriptorum
1367 2297 1703 2338 consensum
1739 2299 1844 2338 non

247 2391 518 2449 pugnare,
547 2377 682 2444 quia
713 2375 823 2430 illic
860 2386 1114 2431 mortuus
1141 2376 1350 2431 fuerit:
1401 2385 1585 2444 postea
1627 2390 1760 2430 vero
1801 2377 1851 2428 in

245 2472 656 2529 commentariis
675 2470 744 2526 ad
774 2472 1037 2541 epistolas
1063 2472 1253 2536 Petri,
1297 2470 1430 2525 illud
1471 2485 1684 2542 quoque
1731 2485 1857 2540 per.

246 2565 473 2637 negasti.
505 2565 620 2620 luto
645 2564 875 2635 (inquis)
923 2566 1025 2619 nisi
1069 2564 1235 2618 maria
1281 2575 1335 2618 et
1363 2572 1538 2619 lenas
1579 2572 1855 2618 momento

247 2656 662 2713 transvolaverit
687 2655 900 2724 Petrus,
935 2655 1126 2726 procul
1154 2654 1222 2710 ab
1240 2653 1391 2710 Italia
1421 2664 1696 2711 mortuum
1725 2668 1847 2709 esse

247 2756 478 2804 constat.
511 2747 619 2803 Sed
652 2747 794 2802 unde
821 2747 923 2802 hoc
937 2756 1194 2804 constare
1226 2745 1423 2816 probas
1448 2746 1715 2802 adversus
1737 2755 1849 2802 tes-

250 2842 533 2897 timonium
569 2842 734 2896 totius
779 2841 1162 2911 antiquitatis?
1208 2848 1263 2896 et
1304 2841 1393 2894 ubi
1439 2840 1660 2895 tandem
1701 2853 1853 2894 mor-

249 2944 397 2991 tuum
419 2935 605 3004 potius
633 2945 757 2989 esse
803 2935 998 3003 putas?
1025 2934 1079 2988 in
1109 2932 1408 3002 Babylonia
1427 2932 1454 2984 ?
1494 2933 1621 3001 quia
1653 2947 1720 2986 ex
1747 2931 1850 2985 Ba-

247 3029 447 3100 bylone
474 3027 689 3082 dicatur
709 3025 909 3096 scripta
938 3028 1088 3096 prior
1117 3026 1234 3094 ejus
1262 3025 1512 3094 epistola.
1535 3024 1679 3092 Quid
1711 3024 1854 3077 tum?

1962 1826 2165 1874 temere
2209 1822 2439 1891 expungi
2471 1822 2684 1890 patiar?
2711 1822 2841 1877 Scio
2869 1825 3074 1878 incerta
3102 1825 3346 1894 qua-dam
3392 1843 3516 1882 esse
3541 1872 3557 1896 ,

1955 1911 2027 1965 de
2070 1911 2268 1980 quibus
2325 1913 2558 1968 dubitari
2601 1916 2794 1984 possit.
2851 1915 2959 1970 Sed
3012 1924 3106 1971 aut
3167 1928 3378 1976 certum
3434 1932 3558 1991 est,

1955 2002 2100 2073 quod
2133 2003 2220 2059 hic
2249 2021 2413 2076 negas
2436 2048 2450 2072 ,
2480 2014 2574 2060 aut
2604 2009 2787 2062 nescio
2809 2009 2934 2078 quid
2967 2020 3171 2066 certum
3212 2028 3333 2069 esse
3363 2013 3514 2070 dicas
3544 2029 3560 2080 ;

1956 2104 2049 2160 et,
2083 2104 2141 2148 ut
2167 2096 2258 2150 ille
2287 2096 2568 2153 Romanus
2592 2114 2717 2154 esse
2740 2100 2985 2169 dicebat,
3015 2111 3109 2158 aut
3151 2103 3255 2160 hoc
3304 2110 3522 2180 testium
3547 2151 3561 2175 ,

1955 2185 2150 2256 quibus
2198 2189 2250 2243 id
2298 2191 2578 2260 probatur,
2633 2193 2764 2248 satis
2806 2203 2918 2257 est,
2961 2207 3051 2252 aut
3096 2200 3280 2254 nescio
3334 2201 3460 2271 quid
3493 2203 3563 2257 sit

1956 2277 2109 2332 satis.
2157 2279 2365 2335 Scribis
2416 2282 2647 2348 quodam
2690 2283 2814 2338 loco
2858 2303 2870 2339 :
2905 2285 3145 2346 .Veteres
3189 2292 3404 2361 quidem
3461 2310 3567 2351 uno

1957 2383 2228 2425 consensu
2257 2371 2479 2427 tradere
2498 2413 2512 2438 ,
2543 2372 2823 2430 Simonem
2853 2376 3060 2448 Magum
3089 2380 3280 2436 Ronitc
3311 2400 3432 2439 cum
3467 2388 3568 2442 Pe-

1961 2469 2046 2512 tro
2072 2461 2406 2530 disputasse.
2439 2461 2498 2516 ld
2525 2476 2836 2531 suspectum
2873 2468 2964 2522 tibi
2994 2484 3115 2526 esse
3143 2471 3224 2526 ais
3264 2490 3278 2526 :
3331 2491 3436 2529 non
3487 2485 3567 2531 ta-

1959 2565 2082 2606 men
2131 2565 2320 2623 aperte
2357 2553 2526 2609 audes
2569 2554 2755 2612 dicere
2794 2559 2935 2629 quod
2988 2563 3193 2632 cogitas
3221 2607 3234 2632 ,
3276 2565 3562 2624 Simonem

1959 2645 2107 2698 illum
2134 2662 2423 2716 numquam
2447 2648 2663 2704 venisse
2703 2649 2953 2707 Romam.
2997 2653 3200 2726 Nempe
3229 2658 3349 2728 ipsa
3395 2663 3560 2717 etiam

1960 2735 2218 2808 inscripta
2250 2753 2379 2793 saxa
2407 2737 2608 2796 Insulae
2652 2742 2924 2800 Tiberina:
2967 2750 3127 2803 talem
3174 2751 3570 2811 inﬁciatiOnem

1963 2840 2112 2884 tuam
2157 2830 2432 2884 refellent.
2476 2829 2586 2886 Cur
2634 2833 2865 2890 alterum
2906 2837 3072 2906 illud,
3125 2844 3267 2914 quod
3315 2855 3568 2904 testatum

1959 2922 2135 2991 magis
2157 2922 2321 2976 etiam
2343 2933 2427 2978 est
2447 2965 2462 2990 ,
2491 2926 2664 2995 magis
2689 2928 2862 2985 audes
2907 2932 3132 2990 inficiari
3159 2936 3182 2989 ἲ
3224 2936 3415 2994 Judam
3461 2957 3570 2998 non

1962 3013 2272 3068 interfuisse
2312 3028 2482 3069 omna:
2525 3016 2846 3088 dominicae,
2898 3039 3072 3093 neque
3119 3043 3240 3083 cum
3292 3033 3576 3100 Apostulis

247 3135 358 3176 non
391 3120 569 3191 placet
598 3118 821 3188 (inquis)
855 3119 998 3189 quod
1029 3118 1258 3172 Romam
1289 3131 1355 3170 eo
1387 3116 1508 3169 loco
1537 3115 1718 3169 notari
1749 3113 1851 3170 Ve-
1881 3103 1927 3166 C
1966 3103 2195 3172 Γείίίειυὶε
2241 3104 2321 3158 “ﬁ
2345 3108 2808 3177 ἐθωιηυηίοίιδεε,
2861 3114 2960 3168 clsl
3007 3115 3341 3190 Augustinus
3380 3137 3570 3183 contra

249 3221 398 3267 teres
429 3210 804 3266 existimarunt
840 3228 852 3264 :
878 3226 1056 3279 neque
1081 3224 1182 3265 cur
1209 3206 1262 3262 id
1289 3207 1657 3262 existimarint
1677 3248 1694 3274 ,
1715 3222 1851 3261 can-

243 3318 364 3359 sam
386 3303 580 3367 video.
609 3303 719 3358 nisi
753 3303 872 3372 quia
899 3303 989 3356 illo
1005 3315 1206 3357 errato
1236 3300 1350 3369 jam
1397 3299 1647 3371 occupati
1697 3308 1853 3355 erant

246 3395 473 3450 Petrum
505 3393 693 3449 Romae
721 3391 908 3449 fuisse.
935 3392 1042 3448 Sed
1071 3391 1142 3447 de
1161 3391 1273 3445 inec
1295 3394 1386 3457 (ιι
1411 3389 1596 3460 vocas)
1626 3404 1817 3445 ermre
1835 3433 1848 3456 ,

246 3487 343 3556 qui
369 3486 424 3540 in
449 3485 546 3540 tali
577 3493 850 3554 tamquam
876 3484 1098 3553 publica
1121 3481 1420 3536 factaesse
1459 3497 1570 3536 non
1622 3489 1849 3549 posset,

242 3578 389 3634 alias
415 3577 732 3646 videriunts.
754 3575 1004 3630 Nondum
1053 3585 1237 3630 autem
1260 3571 1510 3642 probasti
1546 3571 1698 3642 quod
1729 3570 1809 3625 vis
1832 3611 1851 3635 .,

244 3669 304 3723 in
323 3668 632 3740 Babylonia
664 3667 814 3722 illum
837 3681 968 3722 esse
991 3673 1284 3720 mortuo.
1311 3661 1428 3716 imo
1468 3677 1597 3717 vero
1627 3660 1854 3732 (inquis)

241 3762 376 3832 quia
399 3761 456 3814 in
488 3759 724 3814 secunda
753 3758 974 3828 epistola
1015 3757 1223 3826 inquit,
1267 3769 1324 3810 se
1361 3755 1530 3811 morti
1575 3769 1701 3810 esse
1729 3754 1858 3808 viei-

245 3869 413 3929 num.
441 3853 602 3923 Atqui
643 3851 935 3907 secundum
967 3849 1252 3920 episwlam
1279 3861 1448 3916 negas
1473 3862 1594 3903 esse
1638 3846 1707 3900 ab
1737 3845 1856 3916 ipso

245 3945 421 4001 Petro
448 3945 740 4014 scriptam;
776 3959 948 4014 neque
982 3943 1120 3998 ullus
1143 3955 1392 4010 umquam
1423 3939 1558 3995 dixit
1597 3939 1855 4008 scriptam

246 4052 381 4093 esse
407 4038 461 4092 in
488 4037 804 4107 Babylonia.
839 4036 944 4093 Sed
977 4051 1148 4106 neque
1171 4035 1262 4104 qui
1282 4033 1448 4089 morti
1497 4034 1737 4088 vicinum
1769 4047 1861 4087 es—

241 4145 316 4185 se
343 4144 408 4184 se
447 4128 663 4195 credit,
717 4139 1000 4199 propterea
1051 4138 1295 4184 intortus
1345 4126 1626 4182 confestim
1669 4125 1860 4182 dicen-

240 4223 359 4280 dus
405 4231 506 4278 est.
548 4223 747 4278 Paulus
791 4222 856 4277 ad
900 4221 1245 4277 Timodieum
1281 4238 1294 4275 :
1327 4237 1428 4290 ego
1472 4218 1697 4291 (inquit)
1745 4223 1864 4291 jam

238 4317 518 4380 immolor,
545 4326 592 4370 et
619 4325 815 4387 tempus
842 4332 966 4370 mea:
992 4311 1318 4369 resolutionis
1348 4313 1522 4366 instat.
1548 4311 1710 4381 Atqui
1737 4323 1864 4365 tunc

241 4415 536 4463 niortuum
584 4421 737 4472 esse,
771 4423 836 4461 ne
883 4416 936 4461 tu
977 4405 1201 4476 quidem
1238 4402 1574 4458 allii-mares.
1609 4405 1768 4457 (lente
1815 4402 1862 4456 si

1964 3194 2279 3251 Donatistae
2323 3195 2374 3249 id
2419 3197 2619 3254 habeat
2659 3217 2755 3270 pro
2783 3215 2934 3262 certo
2956 3249 2970 3274 ,
3000 3218 3054 3263 et
3091 3225 3266 3268 sumat
3313 3231 3413 3285 pro
3442 3235 3573 3276 con-

1958 3287 2148 3382 fesso,
2201 3289 2286 3382 tui
2337 3291 2801 3351 conﬁdentissime
2855 3313 3176 3373 pernegant.
3229 3307 3364 3374 Quia
3408 3328 3570 3382 quos-

1957 3380 2086 3436 dam
2137 3381 2337 3435 habent
2368 3397 2440 3437 ex
2471 3382 2760 3442 Veteribus
2808 3391 3200 3463 su‘tfragautes,
3249 3380 3564 3462 audiuntur.

1958 3471 2068 3527 Sed
2119 3470 2267 3542 quod
2314 3471 2381 3527 de
2429 3472 2590 3558 Petro
2639 3493 2834 3548 negas,
2885 3485 3123 3542 audaciae
3151 3497 3235 3546 est
3289 3494 3568 3553 iuauditav.

1960 3562 2096 3629 Quis
2143 3577 2253 3618 non
2290 3565 2520 3620 miretur
2561 3575 2649 3633 te,
2691 3569 2787 3624 'u‘bi
2833 3574 2952 3639 vis,
3014 3588 3119 3634 tam
3173 3581 3331 3639 facile
3403 3589 3572 3644 inter-

1961 3652 2094 3709 dum
2121 3655 2380 3709 assentiri
2403 3671 2510 3711 non
2535 3659 2696 3713 modo
2721 3663 2899 3719 dubiis
2920 3708 2933 3731 ,
2963 3669 3056 3723 sed
3081 3674 3240 3727 etiam
3273 3676 3419 3732 falsis
3443 3696 3572 3736 eon-

1958 3746 2228 3846 jacnu-is;
2255 3747 2393 3846 alios
2416 3764 2644 3846 verone
2668 3756 3069 3826 certis-quidem
3091 3765 3425 3842 liquidisque
3445 3790 3572 3846 pro-

1962 3838 2278 3895 bationibus
2311 3839 2506 3898 habere
2538 3844 2736 3916 ϐἄθιηῖ
2761 3864 2940 3921 neque
2965 3864 3144 3913 tamen
3176 3860 3278 3917 hoc
3305 3838 3566 3936 dicerem,

1963 3936 2068 3990 nisi
2085 3938 2133 3992 si
2161 3950 2268 3991 non
2288 3941 2446 3995 modo
2463 3940 2741 4013 deOptato
2761 3956 2935 4004 actum
2959 3954 3050 4019 sit,
3067 3957 3112 4011 si
3133 3967 3237 4014 tua:
3257 3962 3570 4026 inﬁt-.iationi

1972 4028 2131 4099 121
2181 4033 2493 4100 concedam,
2527 4035 2621 4089 sed
2651 4045 2702 4090 et
2751 4051 2849 4106 per
2891 4041 3070 4112 Optati
3127 4049 3262 4106 latus
3314 4059 3568 4114 confode-

1969 4133 2058 4172 res
2089 4118 2464 4177 admirabilem
2495 4125 2597 4180 hac
2624 4127 2676 4180 in
2708 4143 2767 4183 re
2795 4145 3122 4192 consensum
3155 4145 3353 4198 veteris
3383 4147 3572 4204 Eccle-

1969 4209 2094 4275 βίω,
2132 4226 2253 4280 quae
2276 4213 2320 4266 si
2347 4213 2438 4269 hic
2467 4221 2689 4273 mentita
2715 4227 2834 4288 est,
2867 4229 3048 4298 nescio
3094 4247 3195 4300 qua
3223 4234 3281 4288 in
3321 4252 3378 4290 re
3411 4239 3568 4295 fidem

1969 4301 2452 4401 marebiturLSaue
2478 4309 2628 4376 quod
2656 4309 2884 4380 Optatus
2913 4317 3060 4375 addit
3092 4321 3306 4380 Petrum
3333 4333 3572 4401 appella-

1972 4398 2234 4495 Aesse
2255 4392 2538 4495 Cepham,
2584 4403 2706 4472 quia
2753 4404 2912 4462 fuerit
2957 4415 3323 4484 apostolorum
3368 4392 3567 4495 caput,

204 4494 208 4496 ’
243 4514 370 4555 non
397 4499 602 4567 liquere
627 4499 874 4565 diceres,
908 4514 1013 4568 quo
1052 4512 1194 4553 anno
1221 4497 1304 4550 vel
1346 4494 1572 4552 nontam
1615 4493 1858 4562 venerit,
1888 4489 1943 4550 D
1971 4485 2064 4539 libi
2091 4483 2256 4543 ταείκ
2279 4491 2577 4547 Concedam
2617 4495 2902 4554 ridiculum
2951 4483 3005 4560 et
3035 4511 3297 4578 puerilem
3327 4483 3447 4573 esse
3486 4483 3574 4575 er;

243 4589 346 4646 vel
408 4589 592 4644 [tenue
638 4598 879 4646 mortuus
925 4592 999 4643 sit
1046 4589 1274 4652 Petrus,
1328 4595 1384 4640 et
1429 4585 1686 4653 quamdiu
1751 4583 1866 4638 ilic

243 4681 494 4748 vixerit,
527 4680 756 4736 fortasse
801 4696 911 4736 non
953 4682 1333 4736 .reclamarem.
1381 4676 1497 4734 Sed
1547 4685 1867 4744 contempto

243 4777 536 4834 universa:
583 4775 920 4844 antiquitatis
958 4774 1276 4828 testimonio
1333 4779 1498 4840 atque
1546 4783 1860 4834 consensu,

242 4877 456 4926 cutura
485 4882 644 4937 quem
672 4867 870 4936 alioqui
918 4866 1132 4920 dixeras
1156 4865 1309 4920 .nolle
1332 4873 1392 4919 te
1420 4878 1657 4934 pugnare
1682 4903 1696 4922 .
1723 4874 1869 4916 nunc

245 4959 543 5015 afﬁrmare
571 4959 788 5012 Petrum
817 4971 1004 5026 neque
1029 4957 1256 5013 Romam
1301 4970 1561 5024 umquam
1611 4954 1823 5010 uenisse
1847 4993 1866 5019 ,

247 5064 449 5119 neque
470 5049 577 5102 illic
606 5059 878 5102 mortuum
905 5061 1028 5104 esse
1055 5089 1071 5115 ,
1113 5047 1364 5118 profecto
1397 5045 1738 5118 paradoxum
1775 5055 1872 5101 rest

247 5139 518 5204 axioma,
550 5139 692 5209 quod
719 5137 853 5192 mihi
881 5151 988 5192 non
1017 5139 1384 5207 persuaseris,
1416 5139 1518 5194 nisi
1557 5138 1611 5192 .si
1647 5138 1874 5194 univer-

247 5247 388 5288 sam
425 5230 698 5286 historiam
727 5229 1164 5286 Ecclesiasticam
1193 5246 1314 5288 esse
1343 5229 1579 5300 putidam
1603 5229 1870 5295 fabulam,

250 5335 320 5380 et
358 5337 547 5377 omnes
579 5321 834 5378 Ecclesiae
879 5321 1172 5392 scriptores
1215 5322 1623 5393 antiquissimos
1653 5329 1710 5376 et
1745 5319 1878 5376 tide—

250 5415 512 5471 lissimos
537 5428 659 5468 esse
681 5423 743 5468 et
761 5423 1064 5486 unugatores
1093 5423 1149 5470 et
1167 5414 1492 5486 itupostores
1513 5411 1873 5482 ,persuadeas.

250 5504 449 5573 Quid?
488 5505 689 5558 .lulium
730 5502 998 5560 Caesarem
1045 5506 1235 5562 Roma:
1275 5515 1545 5562 mortuum
1591 5513 1880 5571 esse.,aut

255 5597 525 5666 pluribus
570 5605 662 5649 aut
709 5596 1022 5654 melioribus
1079 5598 1406 5654 testimoniis
1441 5597 1718 5668 :proditum
1766 5612 1880 5654 seu

254 5698 362 5746 est
391 5700 592 5760 ,quam
648 5683 864 5743 Petrum
911 5686 1097 5746 Bonna:
1127 5702 1250 5746 esse
1297 5693 1590 5746 mortuum.
1638 5688 1791 5748 Nune
1833 5686 1881 5748 si

1972 4591 2153 4633 rorem
2191 4577 2437 4637 hominis
2478 4599 2667 4642 vocem
2716 4587 2961 4649 Grmcam
2989 4638 3004 4665 ,
3041 4577 3171 4670 qua:
3191 4605 3415 4675 Syriaca
3445 4619 3526 4664 est
3553 4653 3569 4678 ,

1972 4685 2094 4727 esse
2125 4674 2518 4746 existimantis,
2548 4691 2602 4735 et
2617 4693 2907 4754 propterea
2935 4704 2999 4744 ex
3035 4703 3181 4761 petra
3219 4674 3300 4751 vel
3323 4715 3455 4756 saxo
3478 4674 3571 4756 ea;

1974 4773 2068 4865 put
2101 4763 2344 4865 ineptius
2379 4769 2930 4865 _effingentis,quam
2972 4783 3017 4836 si
3063 4785 3382 4861 allegasset,
3428 4797 3573 4865 quod

1975 4854 2432 4958 Poscit—ascripsit,
2452 4864 2679 4923 Romam
2708 4871 2835 4926 olim
2855 4854 3192 4944 appellatam
3211 4898 3333 4939 esse
3360 4854 3574 4958 Cepha-

1979 4949 2088 5005 Ion.
2120 4950 2198 5004 Ἧι
2223 4952 2357 5008 sitias
2375 4961 2683 5016 verecunde
2705 4963 2874 5020 fecisti
2897 5007 2911 5030 ,
2940 4983 3061 5023 cum
3094 4987 3321 5042 negares
3344 4949 3458 5034 sani
3482 4993 3576 5037 aut.

1977 5044 2147 5100 sobrii
2171 5059 2314 5143 esse.
2341 5048 2577 5108 hominis
2616 5063 2804 5123 putare
2837 5060 2996 5114 talem
3049 5065 3573 5143 interpretationem,

1980 5150 2140 5205 quam
2157 5136 2457 5194 Gratianus
2495 5142 2549 5196 in
2573 5158 2676 5198 sua
2715 5149 2967 5216 rapsodia
2996 5136 3249 5213 adscribit
3277 5136 3570 5231 Anaeleto,

1983 5241 2105 5284 esse
2136 5230 2400 5326 Auaeleti.
2440 5233 2547 5289 Sed
2592 5236 2893 5306 ignorantia
2925 5245 3120 5316 linguae
3149 5248 3429 5311 Hebraiczc
3457 5273 3574 5326 per-

1983 5337 2130 5390 stepe
2160 5322 2404 5392 majores
2449 5340 2666 5385 nostros
2707 5332 2891 5405 lapsos
2927 5353 3047 5395 esse
3070 5385 3083 5406 ,
3127 5352 3430 5407 verecunde
3454 5322 3583 5407 con-

1985 5409 2541 5482 fiteri,.ingenuitatis
2584 5435 2798 5494 quoque
2837 5439 2950 5484 est.
3003 5432 3398 5506 Sclo,-poter'is
3423 5444 3582 5498 etiam

1986 5506 2041 5560 in
2073 5507 2271 5577 Optato
2301 5512 2502 5568 mltos
2532 5529 2703 5574 sacrae
2730 5519 3023 5593 Scriptura:
3051 5525 3211 5584 'locos
3241 5541 3430 5590 notare
3450 5577 3465 5604 ,
3497 5549 3588 5591 aut

1989 5612 2096 5656 non
2129 5611 2275 5660 recte
2302 5606 2509 5662 citatos
2538 5619 2632 5666 aut
2671 5628 2780 5670 non
2823 5619 3111 5676 commode
3143 5624 3456 5692 explicatos.
3500 5628 3587 5683 ld-

1990 5701 2252 5761 qttcsanc
2278 5708 2374 5766 per
2413 5709 2538 5769 tne,
2569 5707 2632 5759 ut
2652 5701 2861 5777 iacias,
2903 5706 3056 5766 licet.
3106 5707 3406 5783 Numquam
3449 5721 3589 5776 enim
