4152 6166
605 181 744 240 1127

1805 181 2313 242 ΡΒΑΞῈΑΤΙΟΝΕΒ
2354 179 2674 239 BALDUINI

3759 180 3901 236 “28

602 299 890 356 defendam
919 296 1062 370 quod
1107 296 1221 353 scio
1265 309 1390 352 esse
1433 295 1712 353 vitiosum.
1748 297 1923 367 Atque
1974 309 2029 353 ut
2059 298 2193 354 mihi
2222 303 2269 361 Α
2298 299 2564 368 baptismo
2591 294 2892 353 adhibitum
2919 307 3064 363 esse,
3113 307 3246 365 quas
3273 306 3360 349 res
3389 299 3498 348 tam
3527 291 3902 348 intolerabiles

602 391 861 463 deinceps
888 391 1090 461 aequior
1118 389 1227 456 sis,
1258 388 1509 458 equidem
1559 389 1705 446 clara
1755 406 1885 446 voce
1917 393 2192 462 profiteor,

603 483 748 556 quod
784 492 840 539 et
866 496 1014 553 saepe
1055 481 1189 537 alias
1230 480 1369 547 feci,
1409 497 1496 539 me
1540 497 1645 538 nou
1696 483 1859 538 modo
1910 483 1990 538 illi
2034 483 2198 540 solm-

603 577 802 643 cismo,
834 589 995 646 quem
1042 573 1186 641 dixi,
1222 589 1332 630 non
1363 577 1689 645 patrocinari
1709 616 1725 642 ,
1757 575 1852 631 sed
1879 575 2046 631 etiam
2073 590 2198 647 gra-

601 669 820 726 vissime
849 683 942 726 eos
971 668 1267 735 detestari,
1311 670 1701 741 quigraviores
1728 670 1866 726 alios
1893 670 2010 739 ejus
2030 685 2198 742 gene-

600 761 678 818 ris
699 759 1042 818 solmcismos
1062 761 1182 818 orbi
1205 769 1477 818 terrarum
1524 761 1822 818 obtrudunt
1847 804 1861 828 ,
1901 763 2052 834 digni
2093 779 2200 819 non

601 860 710 908 tam
741 849 946 919 ferula,
987 867 1148 924 quam
1178 853 1347 924 ﬂagro
1373 861 1428 909 et
1453 853 1655 908 scutica
1697 854 1939 924 magistri
1989 852 2204 910 fatuita-

601 944 674 1000 tis
715 963 730 1000 :
777 944 1046 1016 simulque
1069 945 1340 1002 exsecrari
1366 955 1617 1002 auctores
1648 947 1938 1002 multarum
1968 946 2202 1002 nefaria-

600 1051 724 1094 rum
749 1035 1051 1093 fabularum
1073 1080 1089 1104 ,
1111 1053 1234 1109 qua:
1263 1037 1508 1094 confictae
1539 1049 1699 1110 atque
1722 1053 1928 1109 sparsae
1955 1047 2118 1105 sunt,
2145 1048 2204 1093 ut

602 1141 773 1190 totam
803 1133 947 1190 illius
967 1133 1301 1205 antiquitatis
1331 1133 1731 1189 Ecclesiasticae
1765 1133 1965 1189 bonam
1996 1147 2208 1188 memo-

603 1224 742 1281 riam
764 1225 851 1282 vel
881 1226 1226 1297 inquinarent
1254 1225 1341 1282 vel
1370 1225 1696 1290 obruerent;
1729 1224 1973 1296 denique
1996 1239 2094 1280 eos
2122 1239 2209 1280 re-

603 1315 820 1389 fugere,
847 1317 937 1388 qui
968 1316 1126 1374 bona‘.
1153 1324 1208 1372 et
1231 1317 1499 1388 religiosa:
1527 1317 1814 1371 vetustatis
1839 1316 2032 1383 titulo,
2063 1324 2208 1371 tam-

604 1425 766 1482 quam
797 1409 955 1478 fuco,
989 1411 1177 1468 volunt
1202 1411 1350 1466 abuti
1375 1411 1443 1465 ad
1473 1411 1704 1482 tegenda
1733 1411 1937 1467 scelera
1969 1410 2205 1481 degene-

605 1502 682 1560 ris
711 1501 1064 1573 posteritatis.
1095 1502 1202 1560 Sed
1246 1518 1369 1559 cum
1401 1501 1506 1558 hoc
1535 1511 1801 1572 praetextu
1829 1510 2096 1572 prmterea
2125 1503 2208 1558 vis

607 1595 914 1652 universam
957 1595 1276 1651 memoriam
1303 1603 1543 1651 veterem
1573 1593 1758 1650 delere
1791 1611 1808 1652 :
1838 1594 1961 1650 dico
1998 1609 2094 1650 eos
2119 1593 2212 1665 qui

2299 407 2421 448 esse
2453 391 2687 462 judicas,
2736 399 2798 446 ut
2843 398 3131 460 propterea
3159 388 3468 445 institueres
3503 386 3732 442 alteram
3769 386 3905 456 bap-

2303 485 2448 540 tismi
2483 484 2732 548 formam;
2761 491 2954 550 etme,
2984 482 3076 553 qui
3107 495 3292 538 earum
3337 477 3544 550 alioqui
3585 494 3764 534 rerum
3802 493 3905 533 au-

2301 586 2420 634 ctor
2457 592 2563 633 non
2596 590 2740 644 sum,
2770 590 2943 648 neque
2969 575 3041 630 de
3065 574 3133 630 iis
3158 573 3449 644 quidquam
3477 571 3692 642 scripsi,
3719 585 3905 628 earum

2304 671 2429 726 odio
2478 670 2786 725 immaniter
2831 667 3211 739 exagitaveris.
3263 666 3346 722 An
3401 664 3553 721 dices
3603 663 3909 720 Donatistas

2306 771 2458 819 recte
2496 773 2550 819 et
2578 762 2826 832 religiose
2856 761 3071 827 fecisse,
3101 756 3245 830 quod
3273 757 3668 814 contumeliose
3687 757 3906 829 procul-

2307 854 2478 910 carint
2509 853 2644 908 illud
2669 851 2930 918 chrisma,
2962 850 3106 922 quod
3136 859 3192 906 tu
3224 849 3391 910 multo
3421 849 3596 922 magis
3619 850 3910 921 conspuis?

2309 946 2472 1018 Atqui
2498 945 2728 1018 Optatus
2755 946 2849 1000 tibi
2881 943 3124 1000 narrabit
3157 943 3395 999 divinum
3427 942 3690 1000 adversus
3711 957 3808 999 eos
3825 943 3912 1014 ju-

2307 1039 2507 1095 dicium
2552 1039 2716 1094 etiam
2745 1037 3012 1094 miraculo
3045 1037 3422 1108 consignatum
3454 1035 3641 1114 fuisse.
3667 1036 3723 1093 Si
3762 1035 3912 1094 dicas

2307 1145 2430 1188 eum
2487 1131 2735 1195 mentiri;
2793 1128 2921 1184 vide
2980 1143 3086 1198 qua
3137 1128 3455 1199 probatione
3507 1142 3732 1200 perages
3796 1127 3913 1184 falsi

2309 1239 2481 1280 reum.
2511 1223 2618 1280 Sed
2644 1222 2996 1279 nihilominus
3028 1223 3082 1278 iu
3106 1238 3170 1279 ea
3188 1239 3246 1279 re
3274 1237 3492 1295 semper
3520 1231 3574 1279 te
3595 1222 3793 1293 premit
3818 1221 3914 1278 ad-

2309 1315 2572 1372 mirabilis
2592 1329 2897 1372 consensus
2913 1315 3118 1371 veteris
3145 1314 3421 1372 Ecclesize.
3453 1315 3538 1372 An
3557 1315 3902 1371 confiteberis

2313 1423 2420 1463 non
2451 1407 2706 1464 debuisse
2734 1407 3063 1471 Donatistas.
3092 1406 3238 1478 quod
3283 1407 3357 1464 tui
3403 1407 3626 1473 faciunt,
3672 1417 3914 1464 evertere

2313 1500 2547 1556 altaria?
2578 1499 2738 1569 Atqui
2782 1499 2926 1570 quod
2971 1499 3200 1570 Optatus
3228 1499 3432 1570 objicit,
3476 1515 3677 1570 corpus
3716 1499 3913 1555 Christi

2316 1592 2368 1647 in
2400 1591 2466 1648 iis
2499 1591 2790 1656 habitasse,
2822 1599 2936 1646 tam
2969 1591 3245 1662 indignum
3274 1600 3332 1648 et
3364 1590 3642 1646 infandum
3664 1606 3787 1648 esse
3816 1591 3913 1646 do-

608 1687 759 1745 hisce
787 1690 893 1744 tuis
919 1688 1130 1745 insidiis
1160 1704 1264 1744 non
1297 1696 1612 1753 occurrunt,
1637 1695 1731 1743 aut
1758 1686 1928 1758 turpis
1960 1685 2211 1753 inscitiae,
2244 1683 2292 1744 B
2317 1699 2430 1750 ces,
2464 1692 2524 1738 ut
2560 1683 2705 1738 illam
2730 1684 2900 1753 ipsam
2919 1682 3122 1752 justam
3143 1698 3362 1739 causam
3381 1697 3506 1740 esse
3530 1683 3800 1749 clamites,
3824 1699 3916 1739 cur

607 1791 702 1836 aut
749 1780 1026 1836 scelerata:
1075 1780 1354 1851 perfidiae,
1410 1790 1503 1834 aut
1551 1780 1834 1849 utriusque
1889 1793 2014 1834 reos
2065 1793 2210 1834 esse.

610 1877 754 1949 Ergo
773 1877 935 1931 etiam
963 1885 1091 1945 opto
1116 1875 1277 1931 talem
1308 1889 1496 1930 eorum
1517 1915 1532 1940 ,
1559 1873 1650 1944 qui
1681 1873 1775 1928 tibi
1803 1881 1912 1927 tam
1938 1872 2102 1928 facile
2125 1887 2216 1928 ce-

613 1968 782 2035 dunt,
816 1969 1130 2024 ἐθιλοκακίαν
1157 1967 1409 2036 castigari
1442 1983 1455 2019 :
1486 1965 1682 2036 quibus
1712 1979 1854 2020 nunc
1884 1972 2063 2020 tamen
2094 1972 2215 2020 tan-

615 2066 729 2116 tum
757 2058 1011 2130 objiciam
1035 2059 1164 2114 illud
1196 2067 1352 2114 vetus
1372 2098 1386 2122 ,

704 2152 905 2203 Tradite
926 2152 1068 2216 signa
1090 2151 1227 2212 viris,
1250 2150 1412 2212 ignavi
1433 2149 1576 2210 signa
1599 2147 1837 2207 Quirites.

688 2246 865 2314 Atque
903 2252 962 2298 ut
997 2239 1319 2298 concludam
1357 2238 1503 2310 quod
1550 2238 1618 2294 de
1666 2236 2013 2293 successione
2058 2235 2212 2301 dixi,

617 2334 814 2392 iterum
840 2332 965 2390 dico
984 2375 1000 2402 ,
1029 2342 1085 2389 et
1113 2347 1330 2401 semper
1362 2345 1471 2401 prae
1499 2344 1585 2385 me
1626 2327 1795 2384 feram
1814 2369 1831 2396 ,
1863 2335 2054 2398 optare
2083 2340 2170 2381 me
2196 2367 2212 2392 ,

615 2437 674 2486 ut
699 2427 902 2500 indigni
934 2440 1310 2490 successores,
1339 2424 1433 2495 qui
1458 2431 1512 2480 et
1537 2422 1882 2489 desertores,
1926 2430 1982 2477 et
2033 2419 2219 2490 prodi-

617 2529 795 2588 tores,
817 2518 982 2592 etg(ut
1001 2518 1171 2574 verbo
1196 2516 1366 2572 veteri
1398 2524 1540 2582 utar,
1564 2530 1738 2586 neque
1783 2513 1961 2569 dicam
2009 2511 2216 2583 aliquid

617 2588 1196 2684 gravius)'traditores
1242 2618 1400 2674 sunt,
1443 2606 1604 2671 dent.
1646 2621 1781 2677 quas
1830 2604 2008 2660 meriti
2058 2611 2218 2664 sunt.

618 2722 828 2780 pcenas.
861 2705 968 2762 Sed
991 2721 1096 2761 non
1125 2706 1374 2774 ignoras,
1406 2703 1654 2774 quisnam
1701 2701 1795 2756 ille
1821 2700 1927 2767 sit,
1959 2698 2050 2770 qui
2082 2697 2221 2752 tales

620 2816 743 2857 esse
765 2797 878 2854 vult
903 2807 958 2853 et
977 2805 1164 2868 optat,
1194 2805 1253 2852 ut
1302 2796 1368 2851 iis
1401 2794 1666 2865 dejectis,
1713 2801 1994 2848 vacantem
2044 2790 2220 2844 locum

621 2893 802 2949 statim
831 2899 1094 2961 occupet,
1126 2898 1180 2946 et
1208 2903 1412 2944 novum
1449 2887 1554 2943 sibi
1582 2901 1806 2957 regnum
1831 2883 2032 2939 condat
2052 2881 2223 2936 multo

625 2984 816 3056 majori
845 2982 1133 3054 supercilio
1162 3001 1175 3036 :
1198 2981 1397 3054 quique
1416 2989 1698 3051 propterea
1721 2977 1890 3034 nollet
1915 2975 2052 3030 alios
2071 2989 2242 3041 esse“

2317 1793 2509 1835 omnes
2551 1793 2660 1832 ara:
2700 1785 3036 1833 evertantur.
3086 1777 3167 1831 An
3201 1776 3294 1831 tibi
3327 1776 3527 1847 placet,
3561 1777 3705 1847 quod
3732 1777 3918 1832 dicun-

2319 1882 2407 1926 tur
2459 1869 2750 1924 Donatista:
2779 1869 3020 1924 erexisse
3058 1868 3230 1924 altare
3270 1876 3456 1924 contra
3503 1869 3716 1924 altare?
3762 1868 3917 1938 Atqui

2318 1963 2517 2020 summi
2569 1962 2808 2018 criminis
2836 1963 2954 2017 loco
2984 1977 3202 2033 semper
3227 1961 3472 2017 habitum
3504 1962 3556 2018 id
3585 1964 3718 2026 fuit,
3750 1978 3920 2032 neque

2319 2058 2496 2113 solum
2526 2055 2756 2126 Optatus
2795 2064 2850 2111 et
2899 2055 3230 2126 Augustinus
3273 2062 3562 2125 propterea
3616 2055 3918 2112 Donatistas

2321 2157 2591 2219 tamquam
2620 2163 2688 2204 ex
2718 2146 2970 2213 formula,
2993 2146 3271 2217 conceptis
3293 2147 3495 2212 verbis,
3519 2159 3802 2212 accusant,
3827 2147 3918 2204 sed

2320 2249 2374 2295 et
2397 2249 2556 2295 antea
2585 2238 2888 2310 Cyprianus
2935 2239 3159 2295 totidem
3200 2238 3380 2295 verbis
3403 2237 3736 2296 Novatianos
3767 2255 3923 2296 accu-

2320 2342 2554 2390 saverat.
2586 2334 2727 2402 Scis,
2751 2335 2939 2402 credo,
2966 2337 3154 2393 altaris
3175 2339 3344 2396 verbo
3369 2337 3721 2409 significasse.
3752 2347 3918 2393 tntum

2322 2426 2682 2483 ministerium
2716 2428 3008 2494 Ecclesiae;
3056 2429 3200 2502 quod
3229 2439 3285 2487 et
3321 2431 3574 2501 baptismi
3601 2447 3734 2488 voce
3763 2432 3921 2486 inter-

2322 2516 2450 2573 dum
2489 2518 2864 2590 significatur:
2917 2520 3054 2578 adeo
3104 2532 3164 2578 ut
3204 2523 3366 2578 etiam
3407 2523 3461 2578 in
3509 2522 3752 2595 Egypto
3798 2525 3921 2593 ipsa:

2325 2607 2583 2664 Ecclesiae
2611 2610 3017 2681 appellarentur
3047 2610 3244 2679 Labra,
3274 2613 3318 2668 si
3347 2627 3431 2668 me
3460 2628 3567 2668 non
3617 2613 3754 2668 fallit
3782 2613 3920 2685 quod

2326 2699 2475 2756 hisce
2503 2702 2732 2772 primum
2765 2702 2955 2760 diebus
2983 2704 3035 2759 in
3065 2704 3370 2775 Epiphanio
3391 2706 3702 2762 observavi.
3724 2710 3805 2762 An
3834 2709 3919 2778 qui

2329 2794 2575 2862 privatim
2608 2803 2770 2868 atque
2811 2799 3102 2867 separatim
3132 2798 3250 2854 haec
3286 2815 3404 2870 quae
3447 2815 3556 2854 non
3602 2810 3710 2855 tam
3740 2816 3924 2857 sacra-

2326 2893 2530 2952 menta,
2559 2903 2720 2956 quam
2747 2901 3162 2944 exsecramenta
3184 2893 3356 2962 {vocat
3397 2891 3450 2946 in
3477 2891 3776 2947 Donatistis
3821 2896 3929 2948 Au-

2324 2981 2594 3052 gustinus,
2629 2981 2747 3038 haec
2776 2983 3044 3056 (inquam)
3093 2986 3246 3058 signa
3291 2985 3675 3043 funestissima:
3716 2986 3930 3043 dissen-

624 3077 983 3149 resipiscere,
1017 3077 1197 3132 facere
1223 3075 1462 3132 officium
1492 3087 1648 3130 suum
1668 3113 1684 3136 .
1721 3071 2003 3142 detergere
2048 3069 2222 3139 inqui-
2247 3065 2293 3129 C
2326 3073 2495 3130 sionis
2533 3075 2884 3142 attollebant,
2932 3077 3354 3145 reformationis,
3387 3078 3726 3150 potiusquam
3752 3079 3932 3136 defor-

625 3182 808 3226 natam
841 3169 1030 3226 faciem
1074 3168 1330 3224 Ecclesiae
1373 3184 1388 3222 :
1419 3175 1480 3221 ut
1509 3165 1668 3233 cujus
1697 3163 1872 3221 fwdus
1897 3161 2137 3234 squalor,
2171 3168 2228 3216 et

628 3258 851 3317 horrida
895 3259 1211 3317 deformitas
1233 3301 1246 3325 ,
1286 3268 1599 3328 mutumque
1646 3255 1876 3312 cadaver
1903 3255 2101 3310 multos
2132 3268 2226 3324 po-

628 3353 786 3422 pulos
810 3352 1168 3418 abalienavit,
1199 3365 1335 3422 quos
1365 3359 1423 3404 tu
1450 3348 1689 3405 suaviter
1715 3345 2046 3403 cantillando
2075 3343 2228 3400 facile

631 3443 684 3499 in
717 3452 836 3500 tuas
857 3454 1041 3516 partes
1059 3445 1430 3514 pertraheres;
1485 3442 1603 3512 ejus
1635 3440 1804 3495 forma
1837 3439 1984 3509 prior
2011 3437 2230 3493 melior-

631 3549 769 3607 que,
803 3533 966 3602 nitor,
992 3535 1176 3600 decor,
1217 3548 1324 3590 vox
1345 3541 1401 3590 et
1430 3533 1608 3588 oratio
1631 3573 1647 3600 ,
1677 3545 1774 3586 eos
1796 3530 1862 3585 ad
1893 3545 1953 3586 se
2003 3544 2228 3586 revoca-

631 3638 751 3697 ret,
780 3629 1021 3702 atquein
1049 3629 1257 3686 unitate
1300 3625 1578 3684 retineret.
1630 3623 1702 3681 Ut
1745 3625 1814 3680 ad
1852 3624 2108 3694 Optatum
2137 3637 2223 3679 re-

630 3729 813 3778 vertar
833 3763 849 3790 ,
875 3730 1166 3796 supersunt
1190 3721 1310 3779 dua:
1336 3720 1700 3793 quaestiones,
1740 3734 1862 3790 quae
1908 3726 2052 3774 tuam
2083 3717 2235 3774 solu-

633 3819 836 3874 tionem
878 3817 1180 3889 requiruut.
1211 3816 1482 3884 Quatritur
1517 3813 1646 3885 quid
1689 3814 1893 3868 sentias
1944 3811 2013 3868 de
2053 3810 2230 3867 schis-

634 3919 780 3964 mate
806 3909 1208 3964 Donatistarum
1233 3946 1250 3974 ,
1296 3905 1472 3976 deque
1510 3920 1699 3960 eorum
1727 3904 1864 3960 actis
1889 3944 1904 3968 ,
1953 3918 2074 3973 qua:
2103 3901 2230 3972 qui-

632 3999 756 4057 dem
786 4000 1041 4056 dixerunt
1063 4014 1185 4056 esse
1205 3997 1473 4068 religiosa:
1521 4004 1578 4052 et
1623 3995 2014 4052 Ecclesiastica:
2061 3993 2234 4050 refor-

635 4091 909 4152 mationis.
939 4091 1018 4148 Ne
1046 4100 1225 4147 autem
1251 4088 1458 4160 privata
1481 4103 1642 4145 causa
1681 4098 1770 4144 tua
1816 4096 1978 4159 atque
2019 4086 2235 4144 affectio

635 4184 893 4258 impediat
922 4184 1206 4252 ingenuam
1237 4180 1636 4238 confessionem
1659 4222 1677 4250 ,
1709 4195 1963 4251 rogamus
2001 4191 2057 4236 ut
2111 4195 2235 4236 cum

634 4279 705 4336 de
733 4279 798 4335 iis
829 4274 1268 4348 respondendum
1295 4273 1389 4328 tibi
1416 4276 1550 4338 erit.
1581 4273 1655 4330 tui
1707 4273 1984 4344 paulisper
2007 4271 2234 4328 oblivis-

635 4373 807 4440 caris;
841 4388 1018 4443 neque
1054 4373 1124 4427 de
1151 4379 1206 4428 te
1247 4370 1334 4441 agi
1371 4370 1598 4441 cogites.
1647 4369 1796 4436 Scis,
1843 4368 2022 4442 qualis
2073 4365 2238 4422 fuerit

2330 3166 2531 3223 mitatis
2559 3176 2614 3224 et
2641 3168 3012 3237 confusionis,
3042 3170 3388 3227 fundamenta
3413 3171 3741 3241 jaciebant?
3791 3172 3928 3240 Quid

2330 3273 2460 3315 vero
2503 3258 2676 3326 dices,
2708 3275 2804 3316 eos
2831 3259 3140 3317 admirabili
3184 3261 3413 3333 quodam
3460 3261 3631 3317 freno
3680 3262 3932 3319 divinitus

2330 3368 2452 3409 esse
2473 3363 2736 3420 retentos,
2765 3362 2823 3408 ut
2843 3367 2965 3408 cum
3002 3353 3134 3408 nihil
3167 3353 3368 3426 alioqui
3393 3354 3684 3421 auderent,
3712 3365 3772 3412 et
3810 3355 3931 3410 odio

2329 3445 2738 3502 Catholicorum
2766 3445 2980 3516 quidvis
2999 3446 3263 3513 facerent,
3289 3456 3465 3502 tamen
3495 3463 3674 3518 neque
3693 3461 3932 3504 ceremo-

2334 3541 2453 3595 nias
2480 3554 2655 3611 neque
2682 3538 2942 3596 formulas
2989 3539 3043 3594 in
3085 3538 3330 3596 Ecclesia
3356 3549 3626 3610 receptas,
3673 3541 3933 3596 auderent

2335 3632 2502 3705 (quod
2532 3633 2758 3702 Optatus
2803 3632 3011 3704 narrat)
3055 3641 3311 3689 mutare:
3353 3635 3566 3689 tametsi
3604 3648 3700 3690 eas
3725 3648 3935 3704 quoque

2333 3723 2678 3780 adversarias
2707 3723 2909 3780 habere
2940 3739 3001 3780 se
3029 3725 3337 3782 sentirent?
3366 3742 3434 3781 an
3467 3741 3612 3782 nunc
3638 3727 3936 3798 religiosior

2335 3825 2418 3874 est
2461 3816 2712 3879 audacia,
2755 3831 2878 3888 quae
2909 3817 3084 3889 major
3124 3819 3256 3874 est?
3307 3834 3373 3872 an
3416 3828 3498 3874 est
3537 3819 3794 3886 astutior,
3825 3835 3936 3891 qua

2335 3909 2482 3966 delet
2519 3910 2742 3966 omnia?
2787 3910 3100 3977 Donatistae,
3139 3925 3262 3967 cum
3310 3912 3565 3982 exemplo
3613 3911 3938 3967 Novatiano-

2337 4016 2479 4068 rum,
2520 3998 2740 4056 Cathari
2771 3999 2943 4056 videri
2986 4003 3208 4067 vellent,
3255 4017 3390 4072 aqua
3421 4002 3588 4057 etiam
3620 4003 3938 4072 expiabunt,

2337 4091 2599 4163 quidquid
2656 4092 2772 4156 illi,
2826 4107 2858 4148 a
2908 4094 3106 4164 quibus
3147 4092 3498 4158 defecerant,
3553 4096 3941 4166 contigerant,

2337 4187 2464 4259 quia
2497 4187 2761 4258 pollutum
2804 4202 2926 4244 esse
2952 4187 3280 4244 clamabant.
3325 4187 3409 4244 An
3453 4187 3573 4244 haec
3615 4189 3785 4245 valde
3816 4203 3942 4259 pura

2339 4280 2651 4352 repurgatio
2705 4278 2847 4333 fuit?
2897 4278 3115 4334 Scimus
3145 4290 3216 4336 .et
3271 4280 3669 4350 posterioribus
3732 4281 3946 4336 smculis

2339 4372 2562 4430 Graecos
2592 4375 2643 4428 in
2681 4373 2975 4430 schismate
3021 4389 3128 4428 non
3173 4374 3351 4429 minus
3392 4383 3648 4442 proterve
3676 4383 3736 4430 et
3762 4384 3948 4430 contu-

637 4474 812 4523 status
862 4463 1150 4529 Ecclesia},
1218 4471 1463 4534 tempore
1525 4462 1706 4533 Optati
1784 4462 1868 4516 vel
1925 4461 2231 4532 Augustini.
2263 4457 2318 4517 D
2343 4465 2569 4520 meliose
2607 4463 2782 4534 egisse
2805 4480 2927 4520 cum
2960 4464 3186 4520 Latinis.
3217 4464 3324 4521 Sed
3354 4480 3476 4520 cum
3505 4465 3646 4521 tales
3691 4481 3947 4522 exsecrao

637 4556 874 4627 Qutero,
903 4572 975 4613 an
1020 4556 1167 4613 nulla
1210 4557 1360 4628 justa
1386 4556 1600 4612 ratione
1650 4555 1960 4610 Donatistas
2004 4550 2074 4609 ab
2117 4553 2236 4624 ejus

638 4651 898 4709 Ecclesia:
943 4649 1324 4707 communione
1352 4648 1650 4705 descivisse
1681 4647 1877 4717 putes?
1903 4646 2082 4703 Credo
2101 4688 2117 4712 ,
2147 4646 2234 4702 di-

638 4757 751 4807 ces,
783 4743 952 4800 nulla.
1004 4741 1168 4811 Atqui
1212 4755 1333 4812 quae
1373 4738 1710 4809 potissimum
1741 4751 1884 4792 nunc
1914 4749 2138 4792 accusas
2184 4747 2239 4793 et

640 4835 780 4908 fugis
805 4846 862 4892 et
889 4834 1100 4899 aboles,
1122 4835 1230 4904 jam
1260 4843 1370 4888 tum
1403 4832 1758 4886 invaluerant.
1786 4829 1904 4886 Non
1929 4839 2233 4902 exspectas,

641 4939 701 4985 ut
725 4929 936 5000 singula
966 4940 1301 4983 enumerem.
1333 4924 1487 4993 Nam,
1534 4923 1580 4979 si
1624 4923 1724 4992 vis,
1779 4925 2092 4980 meministi.
2123 4921 2241 4978 Non

641 5021 882 5079 debuere
933 5018 1229 5077 Donatistae
1267 5017 1431 5074 alium
1477 5015 1581 5072 sibi
1642 5015 1863 5088 suisque
1910 5015 2237 5087 baptismum

645 5113 897 5188 privatim
927 5113 1233 5170 instituere.
1265 5110 1387 5168 Jam
1427 5126 1536 5166 non
1575 5109 1766 5182 loquor
1792 5109 1861 5167 de
1890 5124 2079 5166 eorum
2111 5123 2242 5164 ana—

647 5209 940 5280 baptlsmo.
985 5207 1182 5274 Quaero
1222 5222 1290 5261 an
1324 5219 1447 5262 cum
1476 5203 1710 5275 primum
1745 5203 1978 5274 aliquem
2009 5201 2092 5258 sui
2121 5217 2244 5273 gre-

643 5302 758 5374 gis,
809 5300 901 5374 qui
947 5298 1182 5355 nondum
1226 5297 1527 5368 baptizatus
1576 5295 1778 5362 fuerat,
1835 5296 2105 5366 tingerent
2147 5309 2246 5349 suo

647 5409 799 5451 more
840 5392 1181 5466 potiusquam
1235 5401 1545 5461 paterentur
1591 5389 1644 5444 iu
1693 5387 1933 5444 Ecclesia
1972 5387 2247 5444 Catholica

647 5486 910 5558 baptizari
933 5528 948 5553 ,
981 5495 1130 5542 recte
1173 5481 1450 5539 facerent?
1485 5479 1672 5547 credo,
1715 5480 1936 5551 negabis
1984 5489 2134 5536 recte
2171 5480 2250 5537 fe-

648 5581 810 5638 cisse.
841 5578 1002 5651 Atqui
1034 5593 1098 5636 ex
1129 5576 1247 5650 ipso
1275 5590 1489 5646 quoque
1529 5574 1728 5644 Optato
1766 5573 1944 5629 disces
1968 5571 2080 5643 jam
2132 5581 2246 5630 tum

653 5676 708 5735 in
738 5673 980 5736 Ecclesia
1017 5673 1106 5731 illa
1133 5668 1409 5729 Catholica
1447 5676 1504 5726 et
1527 5666 1888 5727 cxorcismunt
1929 5673 1986 5724 et
2011 5663 2245 5724 chrisma

2343 4557 2541 4624 tiones,
2569 4573 2688 4628 quae
2717 4572 2786 4612 ex
2825 4557 3074 4613 odiorum
3123 4556 3375 4614 incendio
3419 4571 3759 4628 erumpunt,
3797 4559 3949 4613 hodie

2344 4665 2558 4722 quoque
2603 4649 2779 4715 audis,
2827 4649 3019 4720 ecquid
3065 4651 3331 4721 religiosae
3383 4650 3476 4706 tibi
3508 4649 3817 4708 videntur?
3847 4656 3950 4720 Age

2344 4759 2475 4800 vero
2508 4763 2522 4801 :
2549 4759 2672 4800 cum
2702 4745 2852 4800 brevi
2887 4755 3129 4813 tempore
3151 4744 3388 4800 Africam
3412 4758 3583 4815 prope
3616 4755 3818 4812 tatam,
3853 4757 3948 4798 non

2347 4835 2511 4892 modo
2558 4851 2667 4892 non
2715 4835 3134 4907 adjuvantibus,
3182 4837 3275 4892 sed
3319 4837 3497 4907 potius
3523 4838 3953 4893 reclamantibus

2345 4926 2704 4998 principibus,
2735 4929 2787 4982 in
2814 4943 2941 4984 suas
2967 4937 3147 4999 partes
3180 4929 3418 4984 Donatus
3442 4931 3736 5000 pertraxit,
3766 4941 3825 4984 ut
3848 4930 3950 4999 jam

2348 5019 2532 5090 plures
2581 5021 2634 5076 in
2690 5035 2754 5076 ea
2798 5036 2968 5092 prope
3011 5031 3427 5078 numerarentur
3472 5022 3721 5093 episcopi
3783 5023 3954 5077 Dona-

2348 5109 2489 5166 tistae
2535 5125 2696 5182 quam
2725 5110 2986 5168 Catholici
3019 5127 3033 5176 ;
3081 5125 3151 5166 an
3202 5111 3293 5167 tali
3324 5125 3579 5168 successu
3635 5121 3696 5168 et
3734 5110 3953 5168 victoria

2351 5205 2561 5274 elatus,
2617 5218 2672 5263 et
2714 5208 2884 5279 gloria
2936 5207 3183 5279 fastuque
3226 5217 3498 5278 tamquam
3542 5206 3829 5264 fermento
3878 5207 3953 5259 in.

2352 5301 2532 5367 flatus,
2559 5303 2752 5358 cristas
2781 5314 3070 5374 propterea
3098 5303 3349 5359 attollere
3375 5301 3583 5368 debuit,
3608 5303 3812 5372 quales
3837 5312 3952 5355 eum

2351 5391 2636 5448 sustulisse
2659 5401 2845 5449 narrat
2869 5393 3097 5464 Optatus
3125 5393 3262 5450 libro
3292 5394 3486 5450 tertio?
3512 5393 3695 5449 Minus
3729 5395 3955 5450 fortasse

2352 5483 2405 5539 id
2449 5482 2649 5540 factum
2679 5499 2800 5542 esse
2836 5487 3157 5552 miraberis,
3187 5485 3278 5556 qui
3314 5500 3423 5540 non
3448 5485 3669 5556 ignoras
3699 5483 3864 5554 quale
3893 5481 3957 5533 sit

2351 5575 2598 5630 humana:
2624 5575 2893 5648 superbia:
2921 5577 3214 5650 ingenium,
3243 5586 3586 5650 quantusque
3613 5586 3825 5631 tumor.
3855 5569 3955 5628 Sed

2351 5669 2484 5726 nihil
2522 5673 2689 5745 magis
2719 5682 2897 5730 tamen
2929 5674 3029 5731 abs
3057 5672 3320 5744 religione
3363 5673 3602 5731 alienum
3633 5684 3696 5731 et
3737 5683 3868 5727 esse
3908 5671 3962 5722 et
