4152 6166
375 214 534 275 “29
1505 225 1597 281 AD
1634 221 1895 284 PRIMAM
1934 226 2008 283 Εῑ

2117 227 2302 286 ΟΝΕΜ
2340 232 2610 292 ΟΡΤΑΤΙ.
3608 255 3642 308 1
3659 252 3778 316 150

362 333 582 399 videri,
641 336 809 407 122
857 334 1177 393 meminisse
1207 351 1422 408 quoque
1458 339 1641 395 debes.
1666 341 1803 407 Quid
1837 343 2008 397 dicam
2040 344 2250 408 Acinia
2305 348 2399 402 tibi
2452 350 2722 420 relinquo.
2769 343 3010 400 Verbum
3057 359 3242 408 autem
3301 373 3466 417 unum
3511 365 3587 420 de
3652 368 3774 423 Do-

354 425 668 482 Donatum
691 426 2022 506 illumPseudoepisccpumCartltaginensem,ne-
2124 437 2332 491 natistis
2360 440 2575 506 addam,
2621 439 2780 507 cujus
2811 439 2974 491 etiam
3024 447 3075 495 te
3123 448 3440 508 meminisse
3467 455 3773 520 interest:

349 521 650 579 bulonem
675 536 709 576 e
743 535 907 576 caeno
941 537 1241 590 emersum,
1277 536 1503 594 repente
1532 525 1731 582 factum
1761 543 1880 584 esse
1909 544 2016 585 non
2121 543 2261 592 eam,
2295 531 2540 603 inquam,
2573 534 2796 587 illorum
2831 529 2999 585 fuisse
3037 534 3456 610 impudentiam,
3496 559 3554 602 ut
3599 560 3765 618 quod

350 614 537 670 modo
566 613 857 684 Regulum
885 612 1148 681 aliquem,
1185 614 1276 682 qui
1306 615 1533 672 auderet
1557 618 1696 686 quod
1727 634 2016 690 numquam
2121 622 2416 680 crudeliter
2461 625 2756 688 faciebant,
2816 621 3036 693 indigne
3095 631 3204 696 pati
3255 649 3316 689 se
3370 612 3748 702 clamitarent,

353 706 616 764 Annibal
648 705 740 761 vel
773 704 1050 760 Asdrubal
1081 703 1193 760 illic
1215 715 1300 762 est
1319 721 1510 774 ausus,
1539 709 1707 766 sedet
1731 720 2014 784 tyrannum
2118 712 2314 783 Credo,
2368 717 2583 774 ludibrii
2631 729 2825 782 causa,
2875 715 2977 772 hoc
3020 735 3119 776 eos
3173 725 3459 796 adjecisse,
3508 735 3604 805 qui
3656 754 3748 793 cn-

355 799 915 864 insolentissimum,
940 798 1031 867 qui
1063 799 1227 854 etiam
1261 815 1369 855 non
1410 802 1685 859 dubitaret
1716 804 2016 862 Romanum
2120 809 2293 863 tnnlus
2317 819 2401 864 est
2426 810 2636 866 acerbae
2665 809 3061 866 insultationis.
3090 814 3251 874 Certe
3275 830 3330 876 et
3356 798 3540 894 legum-
3561 868 3574 891 ,
3628 832 3740 898 qui-

359 895 781 966 lmperatorem
838 891 1239 948 contumeliose
1281 897 1675 950 contemnere?
1725 898 1839 952 imo
1884 915 2014 954 vero
2117 898 2218 954 bus
2259 902 2696 970 eaStigabantur,
2735 901 3044 971 lenitatem,
3087 916 3144 961 et
3182 891 3488 970 nostrorum
3522 891 3738 972 antisti-

368 989 530 1044 visus
556 995 645 1042 est
662 985 769 1040 sibi
793 994 1068 1054 tamquam
1097 983 1258 1039 Deus.
1276 984 1409 1040 Nam
1439 985 1553 1041 tale
1576 986 1782 1043 Idolum
1811 991 2016 1047 descri-
2117 1001 2250 1055 tum,
2283 997 2375 1065 qni
2419 995 2810 1064 deprecatores
2863 997 3204 1068 potiusqnam
3247 1018 3590 1066 accusatores
3639 1028 3731 1066 eo-

374 1081 459 1138 bit
484 1094 706 1152 quoque
729 1077 983 1148 Optatus,
1019 1076 1166 1146 quod
1209 1077 1296 1130 illa
1331 1077 1518 1143 natio,
1550 1081 1697 1134 vafra
1727 1082 1927 1154 alioqui
1959 1094 2014 1139 et
2116 1100 2234 1139 rum
2276 1097 2454 1150 erant,
2489 1085 2964 1143 mansuetudinem
3010 1091 3308 1152 irridebant
3331 1139 3346 1163 ,
3400 1118 3521 1154 cmn
3552 1103 3634 1157 vel
3661 1105 3730 1157 de

377 1181 573 1238 acuta,
608 1172 778 1226 bruto
822 1169 1058 1239 quodam
1102 1179 1328 1237 stupore
1370 1167 1652 1226 adorabat.
1699 1172 1796 1227 Hic
1844 1175 2010 1229 multa
2115 1177 2363 1248 illarum,
2397 1179 2482 1233 vel
2525 1179 2592 1234 de
2636 1179 2836 1236 horum
2885 1183 3091 1238 saevitia
3129 1190 3541 1256 quiritabantnr.
3587 1195 3722 1262 Quia

378 1274 506 1321 sunt
526 1307 539 1328 ,
572 1279 697 1334 qua:
727 1271 784 1317 te
807 1269 861 1316 et
888 1260 1025 1315 alios
1047 1274 1261 1314 mecum
1284 1259 1579 1314 observare
1605 1262 1787 1316 velim.
1815 1263 1922 1318 Sed
1953 1264 2012 1317 il-
2113 1281 2294 1326 autem
2325 1287 2504 1341 neque
2531 1271 2676 1343 leges
2709 1281 2946 1337 nostrae,
2999 1292 3173 1349 neque
3201 1279 3378 1351 Optati
3409 1259 3730 1354 Augustini-

380 1357 474 1413 iud
506 1355 826 1426 imprimis:
860 1350 1035 1422 qualis
1083 1360 1138 1405 et
1190 1359 1390 1420 quanta
1419 1351 1492 1405 sit
1524 1355 1731 1407 vanitas
1772 1353 2012 1410 hominis
2117 1377 2222 1430 que
2249 1375 2510 1431 responsa
2540 1364 2633 1418 tibi
2677 1363 3060 1435 satisfaciunt,
3096 1372 3183 1441 qui
3219 1350 3315 1441 pro
3364 1385 3455 1427 tuo
3494 1350 3726 1443 imperio

378 1449 616 1511 ventosi.
640 1461 794 1502 casca
818 1445 900 1500 sui
931 1443 1300 1498 admiratione
1329 1442 1466 1499 ebrii
1497 1453 1660 1514 atque
1689 1448 2008 1513 temulenti,
2114 1461 2302 1506 contra
2329 1452 2546 1509 edixisti
2569 1497 2583 1521 ,
2629 1456 2926 1514 haereticos
2976 1460 3134 1531 (quos
3180 1465 3399 1534 quidem
3446 1465 3724 1523 hmreseos

381 1543 667 1613 quitamen
689 1533 1339 1606 ReligionisetEcclesite
1366 1534 1822 1590 instauratordici
1851 1545 2012 1606 atque
2115 1544 2429 1616 damnabis)
2473 1550 2690 1620 capitali
2735 1552 3006 1622 supplicio
3052 1533 3370 1613 ητηοίέηάοε
3418 1573 3539 1613 esse
3590 1578 3602 1613 ;
3636 1560 3725 1616 hic

381 1633 555 1690 videri
577 1630 826 1687 volebat.
849 1626 965 1682 Non
1002 1635 1206 1680 temere
1227 1634 1333 1692 est,
1363 1623 1510 1695 quod
1538 1624 1816 1693 desidero,
1847 1635 1900 1681 te
1927 1628 2008 1680 in-

2118 1635 2271 1691 locus
2304 1639 2632 1710 postularet,
2665 1654 2722 1700 ιιι
2773 1645 2843 1701 de
2891 1646 3128 1716 legitima
3176 1665 3362 1704 eorum
3395 1653 3729 1710 coercitione

381 1727 524 1783 tueri
552 1726 604 1780 in
644 1723 794 1777 hanc
824 1719 1055 1788 effigiem
1090 1719 1340 1773 humana:
1375 1732 1484 1773 non
1517 1715 1876 1782 infirmitatis,
1907 1718 2002 1810 sed
2035 1724 2083 1783 B
2111 1727 2362 1794 pluribus
2392 1737 2565 1787 tecum
2609 1751 2848 1806 agerem.
2882 1715 2987 1793 Sed
3033 1741 3156 1809 quia
3197 1740 3307 1810 jam
3356 1741 3585 1799 fortasse
3628 1744 3726 1799 tibi

385 1819 632 1875 insaniae.
661 1814 774 1870 Sed
807 1813 915 1868 erit
944 1812 1074 1866 satis
1098 1827 1205 1865 uno
1235 1826 1355 1865 eam
1380 1810 1570 1876 verbo,
1603 1817 1888 1877 tamquam
1920 1809 2006 1862 di-

385 1911 523 1984 gito,
565 1907 858 1963 indicasse.
888 1903 1147 1959 Audierat
1193 1903 1285 1958 ille
1327 1903 1532 1958 stultos
1579 1900 1878 1969 Principes
1915 1915 2011 1954 vo-

386 2002 560 2058 luisse
587 1995 967 2069 jusjurandum
997 1994 1204 2064 concipi
1240 2010 1336 2064 per
1366 2009 1530 2048 suum
1561 1993 1786 2062 genium
1839 2001 2003 2062 atque
2115 1999 2349 2059 Interea
2369 2045 2383 2072 ,
2409 2008 2451 2064 si
2478 2011 2559 2066 vir
2588 2013 2761 2069 bonus
2783 2029 2874 2080 es,
2905 2015 3132 2069 moleste
3175 2031 3281 2069 non
3327 2014 3470 2073 feres
3491 2060 3505 2081 ,
3556 2019 3731 2074 homi-

389 2093 758 2164 majestatetn.
792 2088 939 2143 Hanc
963 2101 1177 2158 quoque
1197 2085 1507 2141 divinitatis
1532 2085 1774 2155 speciem
1799 2085 1904 2139 sibi
1924 2100 2008 2138 ar-

2115 2107 2263 2148 nem
2294 2102 2558 2167 quondam
2586 2105 2682 2160 tibi
2712 2105 3028 2161 familiarem
3082 2107 3249 2161 libere
3295 2117 3351 2162 et
3397 2108 3732 2166 familiariter

391 2183 626 2255 τοεθνίιι
660 2195 785 2236 cum
812 2193 910 2250 Per
939 2193 1094 2234 sum“
1122 2193 1316 2234 ηοιηθη
1338 2219 1354 2246 ν
1407 2176 1571 2247 qui!Si
1602 2191 1808 2274 ῐξυιηεη
1840 2175 2012 2246 «ιυοά-
2119 2192 2323 2244 tecum
2353 2208 2531 2265 agere.
2560 2197 2712 2253 Facit
2752 2198 2856 2254 hoc
2903 2199 3001 2253 abs
3031 2207 3086 2253 te
3119 2210 3437 2266 provocatus
3487 2220 3500 2258 :
3560 2221 3734 2274 neque

392 2276 537 2338 dam,
572 2290 680 2329 non
710 2271 886 2327 noluit
906 2267 1428 2339 suosjurarezquod
1457 2278 1513 2323 et
1540 2266 1730 2322 eodem
1763 2277 2008 2337 tempore

2120 2286 2356 2352 tamen,
2384 2298 2439 2342 ut
2467 2291 2606 2356 scis,
2637 2307 2852 2346 causam
2885 2292 2994 2358 agit
3037 2305 3209 2347 suam.
3251 2293 3387 2361 Quid
3433 2298 3574 2352 enim
3619 2299 3735 2367 ejus

394 2369 448 2424 in
463 2368 639 2425 Gallia
667 2364 1047 2421 Priscillianus
1076 2365 1336 2433 impurior
1365 2362 1735 2462 haeresiarcha
1768 2363 2012 2418 volebat.
2122 2371 2386 2440 privatim
2420 2381 2674 2447 interest,
2700 2393 2756 2437 et
2785 2383 2829 2435 si
2869 2391 3082 2436 evertas
3112 2384 3368 2456 quidquid
3410 2362 3688 2462 oppugnas
3709 2393 3734 2445 ?

393 2462 530 2529 Ουίά
562 2476 671 2515 ηθη
707 2459 812 2514 Sibi
853 2465 1111 2528 3"“)83'"
1152 2455 1502 2525 ίπηρυάθηιθδ
1539 2450 1880 2555 ἣνροςτῑιωιν
2124 2465 2278 2538 Ergo
2311 2480 2461 2529 tanto
2480 2476 2652 2546 magis
2677 2489 2942 2544 agnosces
2964 2490 3086 2529 eum
3116 2450 3403 2536 liberaliter
3427 2450 3734 2555 et'ingcnuc

393 2561 602 2608 tantum
635 2551 740 2607 sibi
787 2550 1050 2604 sumunt?
1079 2547 1208 2613 Sed,
1240 2546 1500 2648 Obsecro:
1548 2557 1616 2647 aii
1649 2545 1831 2598 ιηίηιιε
1857 2543 2020 2648 ξιοάῖεξ
2124 2574 2310 2629 agere.
2344 2566 2452 2622 Sed
2484 2543 2694 2639 neque,
2717 2543 2852 2637 quia
2878 2567 3300 2629 Iurisconsultus
3323 2575 3430 2644 sit,
3457 2588 3511 2634 et
3532 2543 3731 2648 studia,

393 2646 770 2710 ἱηεοιθεειιηι,
817 2642 909 2712 qui
955 2640 1228 2697 οηιηθείη
1254 2655 1351 2694 sua
1379 2635 1762 2704 νθτδθίιπθτθ
1793 2636 2020 2692 νοιιιηιῗ
2124 2668 2248 2722 quae
2309 2635 2805 2728 tractam—alioqui
2859 2667 3089 2718 tractare
3138 2681 3244 2721 non
3292 2669 3493 2740 soleat,
3549 2635 3734 2744 iniquo

394 2740 534 2796 Nihil
579 2752 724 2795 nunc
749 2736 926 2792 dicam
973 2735 1040 2790 de
1085 2734 1495 2790 Donatistarum
1547 2731 1826 2824 martyriis
1855 2738 2018 2824 atque
2123 2748 2308 2804 animo
2337 2750 2514 2818 feres,
2550 2759 2892 2809 cumtamen
2939 2769 3042 2809 non
3075 2772 3193 2814 esse
3236 2731 3596 2822 alienum'abs
3643 2731 3734 2824 sa-

395 2833 687 2890 miraculis.
723 2829 820 2885 Illa
853 2829 1083 2899 probant
1109 2827 1276 2882 fuisse
1307 2824 1582 2880 fanaticos
1612 2821 1894 2891 homines,
1923 2823 2012 2918 qui
2121 2837 2229 2893 eris
2259 2848 2315 2895 ει
2343 2841 2754 2900 Ecclesiasticis
2802 2840 3024 2912 litteris;
3067 2849 3174 2908 imo
3219 2867 3349 2910 vero
3376 2871 3497 2914 esse
3526 2862 3733 2918 studio-

398 2939 535 2980 cazca
569 2922 835 2993 vertigine
873 2919 1069 2990 raptati
1116 2932 1238 2972 sese
1264 2917 1478 2972 dabant
1524 2914 1855 3006 praecipites,
1882 2915 2017 3006 sibi-
2119 2944 2238 2986 sum
2283 2934 2575 3006 "musque
2596 2932 2760 3004 juris,
2801 2932 2948 2993 vale,

396 3030 498 3085 que
552 3023 784 3069 mortem
826 3009 1230 3076 conciscebant,
1283 3007 1526 3079 quadam
1570 3004 1653 3078 (ut
1683 3015 1874 3061 noster
1920 3005 2008 3061 Ul-

396 3108 580 3136 ..ειηηιρ
610 3104 709 3136 ’.ἰαὶ
736 3103 1027 3136 ῗαηιαιῖηηο
1083 3100 1337 3136 Ilia-anulo
1371 3113 1509 3136 worn
1563 3111 1683 3136 num
1709 3095 1974 3136 innlnhanl

2477 3066 2856 3128 FRANCISCI
2899 3073 3151 3136 BALDUI

395 3082 581 3178 pianus
609 3104 709 3177 ait)
730 3103 1049 3174 jactatione.
1079 3100 1340 3156 Miracula
1371 3113 1531 3162 vero,
1563 3111 1683 3166 quae
1700 3095 2001 3166 iactabant,

2477 3082 2856 3128 FliAth’lSUl
2899 3082 3224 3138 BALDUINI
3258 3083 3362 3142 .lC.

392 3199 518 3271 quid
539 3196 682 3254 aliud
706 3195 1105 3267 significabant,
1134 3207 1294 3263 quam
1325 3189 1757 3262 praestigiatores
1785 3203 2003 3259 quoque
2559 3200 2844 3245 PBEFA'I'IO
2894 3206 2963 3247 AD
3001 3208 3304 3255 LECTOBEI.

394 3301 450 3347 et
474 3291 797 3360 impostores
843 3300 1070 3358 magnos
1102 3284 1297 3346 fuisse,
1330 3297 1473 3354 quos
1514 3290 1569 3335 et
1605 3279 2001 3384 .mi-rabiliarios
2415 3297 2679 3372 Prwﬁxa
2705 3306 2940 3361 secunda:
2965 3307 3195 3365 Editioni
3225 3313 3424 3384 Optati.

395 3385 624 3456 (ιυοάθιη
655 3383 776 3438 ιοοο
797 3375 1454 3487 νοοειιΑυειιδιίιιυενᾌιιιδί
1481 3387 1577 3487 θίςε
1605 3372 1807 3428 “diem
1835 3375 1998 3487 alia")
2178 3387 2262 3444 Ad
2309 3387 2585 3448 Historiae
2634 3395 2899 3454 Africanae
2952 3399 3226 3459 historiam
3267 3372 3508 3468 veterem
3557 3423 3723 3487 per-li-

389 3479 644 3552 iactasse,
679 3475 890 3531 Donato
916 3473 1090 3530 oranti
1119 3473 1288 3527 Deum
1324 3468 1394 3524 de
1436 3465 1578 3522 εαΞΙο
1622 3464 1995 3569 ξεδροηίξίεεξὲο
2108 3489 2242 3536 nent
2287 3479 2475 3552 Optati.
2537 3487 2836 3546 Milevitani
2885 3501 2934 3548 et
2987 3494 3163 3551 Victor
3216 3464 3719 3569 Uticeﬁns'is-li'bvelii.

395 3573 525 3641 Sed,
551 3573 814 3635 obsecro,
848 3582 1030 3623 nonne
1057 3573 1113 3621 te
1141 3577 1355 3634 quoque
1381 3573 1525 3672 nunc
1548 3557 1790 3672 Ιῐῐιὶεθηξι
1834 3555 1999 3672 fas?“
2107 3573 2299 3644 Neque
2322 3589 2618 3644 negavero
2650 3580 2703 3635 in
2727 3597 2913 3639 eorum
2942 3585 3173 3642 lectione
3196 3595 3484 3653 tenendam
3512 3616 3727 3672 quoque

396 3674 537 3722 nata:
581 3660 966 3728 multitudinis,
999 3660 1084 3715 cui
1115 3655 1392 3712 illuditur?
1423 3651 1584 3754 Quid"
1613 3651 2005 3754 postremolo-
2109 3679 2238 3721 esse
2267 3666 2546 3722 universa;
2574 3671 2776 3728 Africae
2818 3679 3221 3748 geographia").
3265 3683 3372 3740 sed

398 3771 532 3828 quar
558 3756 624 3813 de
649 3754 1054 3811 Donatistarum
1081 3746 1403 3811 latrociniis,
1427 3742 1750 3850 sacrilegiis,
1777 3742 2007 3856 parrici~
2111 3756 2233 3827 ejus
2294 3755 2669 3828 descriptione
2687 3805 2702 3827 ,
2763 3742 2949 3834 quam:
2973 3742 3166 3826 Strabo
3185 3814 3201 3839 ,
3244 3773 3380 3832 Mela
3402 3822 3415 3842 ,

399 3851 539 3907 diis?
566 3851 694 3907 “me
746 3846 1245 3905 circumcellionum
1294 3850 1414 3894 acta
1459 3835 1714 3892 immania
1757 3835 2008 3906 plerique
2113 3847 2448 3903 Ptolommus
2491 3849 2622 3905 olim
2671 3853 2931 3924 edidere,
2965 3859 3139 3919 fateor
3159 3835 3361 3938 aliquid
3393 3835 3528 3931 lueis
3558 3835 3718 3935 accc:

397 3945 562 3999 etiam
590 3942 887 3999 Donatistae
915 3940 1176 3996 damnare
1201 3949 1261 3991 se
1285 3931 1563 3995 dicebam:
1591 3929 1799 4040 (ἰυίιηιξ
1815 3935 2002 4032 tame."
2115 3938 2250 3995 dere
2278 3937 2432 3994 hisce
2461 3939 2691 4009 libellis,
2721 3947 2801 4002 sic
2827 3964 2894 4005 ex
2927 3950 3013 4008 bis
3042 3929 3278 4013 vicissim
3311 3961 3435 4019 dico

402 4036 707 4092 utebantur.
736 4033 876 4102 Quid
906 4047 1048 4088 nunc
1064 4031 1178 4096 fiat,
1206 4043 1315 4084 non
1346 4026 1567 4119 ignoras
1600 4040 1615 4078 :
1655 4037 1759 4094 ego
1784 4021 2013 4119 honoris
2115 4045 2235 4086 sam
2262 4029 2487 4100 ejusque
2517 4041 2572 4119 et
2600 4034 2738 4092 fines
2760 4049 2817 4095 et
2843 4043 3010 4100 urbes
3039 4062 3229 4106 rursus
3256 4021 3720 4119 illustrariﬁXd‘d-o

403 4130 480 4185 tui
503 4143 661 4184 causa
679 4136 853 4182 taceo.
869 4124 1000 4180 Nam
1020 4138 1194 4194 neque
1213 4118 1464 4176 fortassis
1484 4117 1565 4172 fas
1594 4126 1743 4172 esset
1759 4115 2010 4172 omniain
2117 4124 2286 4179 etiam
2314 4137 2420 4176 non
2452 4110 2614 4180 mo‘do
2646 4128 2821 4198 ipsum
2855 4134 3132 4206 Orosium,
3157 4143 3252 4198 lib.
3285 4160 3332 4210 ι,
3363 4162 3484 4219 cap.
3513 4152 3549 4206 2
3575 4193 3590 4217 ,
3620 4157 3715 4211 sed

399 4221 639 4278 medium
662 4218 927 4290 proferre,
945 4231 1064 4288 quae
1092 4229 1283 4270 novatn
1299 4221 1353 4268 et
1370 4209 1855 4266 mirabilemunius
1885 4209 2013 4264 anni
2116 4225 2172 4272 et
2200 4223 2445 4270 nostrum
2468 4226 2741 4284 postremo
2761 4220 3151 4298 Iustinianum,
3178 4234 3230 4288 in
3251 4209 3343 4292 lib.
3366 4256 3385 4294 ι
3406 4209 3461 4296 εἰ
3483 4258 3539 4308 tt,

400 4313 599 4370 darent
627 4310 930 4366 historiam.
954 4307 1146 4363 Vetera
1186 4319 1330 4361 nunc
1371 4312 1580 4406 tantum
1607 4302 1877 4406 legantur.
1911 4299 2016 4404 Le-
2117 4307 2264 4364 omc.
2298 4305 2459 4360 Praef.
2489 4306 2650 4406 Ρξ-ωι,
2683 4312 2826 4379 Afr”
2858 4317 2946 4374 ubi
2969 4335 3092 4377 cum
3127 4339 3323 4383 novum
3351 4341 3408 4387 et
3440 4299 3716 4406 νὴ)νίυῶ

402 4421 589 4477 geram
615 4406 781 4459 multa
817 4401 887 4457 de
920 4399 1230 4456 Judaeorum
1258 4395 1450 4452 zelotis
1477 4393 2009 4498 Hierosolyomilanis‘.
2121 4399 2315 4453 Africae
2343 4398 2593 4498 regenda:
2613 4442 2630 4469 ,
2663 4419 2823 4474 quam
2867 4408 3122 4470 Vandalis
3159 4393 3465 4493 eripuerat,
3493 4393 3720 4498 praefee;

404 4497 518 4554 Sed
543 4511 638 4552 eos
665 4496 824 4564 longe
847 4501 1168 4562 superarunt
1196 4488 1518 4544 Donatiante
1560 4485 1812 4541 factionis
1857 4483 2013 4540 satel-
2039 4493 2095 4554 Ι)
2123 4500 2232 4545 tum
2261 4489 2516 4560 praetorio
2539 4489 2725 4562 daret,
2759 4498 2913 4568 cujus
2944 4504 3103 4560 sedes
3145 4483 3293 4566 esset
3341 4514 3395 4570 in
3587 4483 3718 4577 Gar-

407 4589 558 4654 lites,
586 4588 679 4660 qui
707 4603 766 4642 se
789 4584 1218 4657 Sanctorutn(ut
1244 4585 1321 4638 ait
1347 4579 1612 4651 Dptatus)
1659 4580 1827 4635 duces
1853 4580 2016 4633 etiam
2123 4583 2457 4654 thaginensi,
2483 4599 2768 4645 enumerat
2809 4608 2945 4664 quas
2990 4613 3112 4656 esse
3159 4603 3272 4658 vult
3317 4621 3522 4679 septem
3570 4613 3717 4672 illius

407 4681 836 4753 appellabant,et
855 4680 1182 4734 interea'non
1197 4673 1611 4730 modoomnium
1630 4672 2016 4734 Barbarorum,
2123 4677 2430 4747 provincias
2449 4720 2464 4744 ,
2499 4687 2553 4734 et
2579 4680 2910 4753 singularum
2939 4691 3107 4748 veluti
3137 4672 3486 4768 metropoles.

408 4773 658 4829 omnium
687 4772 978 4832 latronum.
1009 4770 1325 4825 sicariorum
1345 4808 1358 4834 ,
1400 4767 1694 4835 piratarum
1724 4763 2015 4826 feritatem,
2195 4771 2274 4824 Ac
2302 4770 2515 4839 quidem
2546 4771 2600 4827 in
2647 4778 2879 4834 concilio
2909 4782 3217 4842 Milevitana
3260 4763 3366 4847 non
3416 4798 3518 4853 nisi
3561 4804 3719 4871 quin-

410 4866 512 4922 sed
543 4875 600 4920 et
627 4865 796 4933 ipsius
819 4861 902 4937 (ut
929 4864 1006 4916 ait
1033 4861 1388 4932 Augustinus)
1417 4857 1641 4924 diaboli,
1667 4857 1755 4926 qui
1787 4853 2020 4910 crudeli-
2123 4875 2230 4930 que
2278 4873 2608 4921 enumerata:
2675 4866 2910 4927 fuerant.
2980 4875 3088 4932 Sed
3143 4878 3478 4944 Justinianus
3542 4853 3718 4961 piri—$0

413 4969 589 5015 tatnm
606 4958 846 5013 omnium
869 4956 1120 5026 magister
1137 4964 1241 5016 est,
1264 4951 1645 5008 truculentiam
1672 4955 2016 5052 superarunt.
2127 4952 2249 5008 loco
2274 4954 2548 5026 adjnngit.
2573 4974 2733 5028 quam
2763 4975 2923 5021 vocat
2948 4967 3111 5041 Zengi
3143 4988 3157 5025 :
3187 4975 3346 5047 vulgo
3393 4951 3714 5052 impressum

412 5049 506 5107 En
534 5065 640 5121 quo
664 5049 843 5103 statim
869 5046 1138 5101 Africanae
1170 5045 1314 5101 illius
1343 5042 1746 5100 reformationis
1762 5039 2021 5111 tragtedia
2128 5054 2211 5100 est
2241 5046 2502 5103 mendose
2527 5048 2704 5122 Tingi.
2729 5052 2860 5110 Nam
2891 5061 3006 5113 haec
3033 5039 3210 5129 potius
3247 5039 3330 5123 est
3377 5039 3544 5141 ipsius

413 5143 612 5197 evasit.
638 5139 858 5198 Utinam
889 5148 1070 5194 nostra
1103 5147 1235 5193 tetas
1282 5138 1515 5192 similem
1547 5135 1777 5202 epitasin
1808 5149 1914 5243 nqn
1944 5134 2023 5243 v'i-
2129 5137 2339 5194 ritaniae
2364 5181 2378 5207 ,
2401 5156 2523 5211 qua:
2545 5151 2600 5197 et
2632 5143 2913 5216 Tingitana
2941 5162 3224 5224 propterea
3274 5134 3493 5223 dicitur.
3525 5169 3718 5243 Ζευςί-

417 5233 550 5290 deat
585 5245 678 5289 aut
723 5230 1109 5301 catastrophen
1149 5246 1265 5286 suae
1289 5230 1504 5286 fabulre.
1549 5226 1604 5284 Si
1644 5237 1824 5282 tamen
1863 5226 2023 5281 fatale
2130 5240 2268 5285 tanae
2290 5240 2468 5287 autem
2495 5235 2783 5301 provincias
2814 5240 2866 5296 in
2895 5243 3074 5300 Africa
3097 5261 3243 5319 saepe
3271 5255 3433 5311 etiam
3474 5226 3724 5322 meminit

419 5326 625 5383 malum
667 5334 773 5391 est,
830 5323 974 5394 quod
1019 5323 1334 5394 impendet,
1388 5323 1585 5377 frustra
1638 5334 2017 5390 repugnamus.
2131 5320 2315 5378 Victor
2351 5322 2657 5391 Uticensis,
2709 5341 2768 5384 ut
2816 5341 2870 5387 et
2915 5334 3138 5393 Plinius.
3190 5341 3494 5404 Secundam
3540 5320 3721 5411 autem

419 5417 560 5475 Nam
588 5426 644 5473 et
671 5416 797 5488 quid
851 5427 1181 5484 mereantur,
1239 5415 1332 5486 qui
1377 5415 1580 5468 nullam
1627 5412 2024 5469 correctionem
2130 5413 2326 5472 Africae
2357 5419 2684 5487 provinciam
2712 5420 3045 5484 JuStinianns
3068 5443 3223 5490 vocat
3243 5439 3564 5509 simpliciter
3589 5445 3721 5502 Car-

421 5508 738 5571 admittttnt,
791 5508 926 5574 scio,
973 5516 1028 5563 et
1067 5508 1278 5576 justum
1325 5521 1559 5576 agnosco
1597 5505 1689 5561 Dei
1718 5502 1977 5575 judicium
2008 5545 2023 5570 ,
2132 5507 2500 5579 thaginensem
2535 5527 2549 5565 :
2579 5527 2738 5581 quam
2769 5523 2825 5570 et
2863 5527 3016 5574 antea
3065 5534 3306 5581 vocatam
3339 5502 3458 5584 esse
3490 5547 3715 5599 procon-

423 5616 527 5660 eos
559 5599 726 5655 veluti
772 5616 930 5654 mann
970 5609 1176 5654 armata
1227 5597 1605 5669 persequentis
1629 5638 1644 5663 ,
1693 5606 1753 5653 ut
1797 5596 1889 5667 qui
1942 5595 2026 5652 lo-
2132 5601 2365 5656 sularem
2395 5601 2670 5658 admonet.
2699 5603 2858 5664 Certe
2883 5609 3106 5680 Optatus
3126 5625 3180 5669 et
3206 5615 3389 5673 Victor
3418 5595 3715 5689 proconsu—

420 5701 687 5770 quentcm
710 5708 817 5749 non
850 5692 1096 5754 audiunt,
1138 5691 1374 5747 sentiant
1402 5689 1702 5749 ferientem.
1732 5689 1840 5750 Sed
1893 5692 2029 5749 vati-
2131 5692 2298 5752 larem
2319 5695 2592 5768 appellare
2620 5699 3032 5774 solentzatque
3060 5703 3132 5758 ita
3177 5722 3390 5779 quoque
3435 5726 3579 5786 saepe
3623 5736 3723 5780 no.

721 5787 1002 5850 ΡΑτιιοι..
1055 5784 1171 5848 XI.
3121 5793 3199 5854 36

2114 1820 2446 1878 satisfecerit
2471 1828 2638 1883 altera
2662 1831 2728 1885 ad
2760 1839 2814 1886 te
2840 1846 2957 1886 mea
2990 1833 3303 1901 responsio,
3335 1848 3455 1903 qua:
3482 1849 3545 1889 ea
3576 1835 3644 1892 de
3670 1852 3731 1893 re

2116 1917 2172 1964 te
2207 1908 2522 1985 admonuit,
2567 1935 2673 1975 non
2722 1937 2818 1978 ero
2867 1937 3010 1978 nunc
3049 1923 3253 1978 diutius
3297 1925 3394 1981 tibi
3443 1927 3727 1983 molestus.
