4152 6166
574 214 709 279 1151

1220 210 1727 275 ΡΒᾹΞἘᾹΤΙΟΝΕΞ
1755 208 2081 279 ΒΑιῡυιΝι
2106 209 2145 273 Α

2248 205 2506 275 PNHAM
2543 200 2914 275 EDlTlONEM
2949 202 3225 269 OPTATI.

3692 220 3800 283 “59.

576 334 814 389 minatur
854 332 908 389 in
938 331 1127 390 codice
1155 331 1633 416 Constitutionum.
1671 330 1927 401 Reliquas
1971 326 2170 383 Africae
2200 326 2242 393 Α
2272 341 2396 383 esse
2455 340 2521 387 ex
2565 326 2799 382 concilio
2866 326 3196 382 Milevitana.
3257 322 3509 399 Equidem
3558 328 3666 390 basi
3709 336 3787 391 aii-

574 426 882 500 provincias
905 466 919 489 ,
952 438 1073 495 quae
1096 424 1444 480 nominantur
1472 424 1527 479 in
1555 421 1776 496 Synodo
1816 419 2120 479 Milevitana
2148 460 2164 486 ,

572 528 630 577 et
658 518 887 593 sparsim
915 517 969 572 in
996 514 1145 576 hisce
1170 515 1369 575 libellis
1394 513 1573 586 Optati
1617 525 1672 571 et
1714 513 1946 573 Victoris
1989 511 2167 568 nomi-

577 619 670 666 nat
698 609 947 667 similiter
975 606 1348 676 Justinianus,
1394 607 1818 678 Tripolitanam,
1867 604 2020 677 cujus
2068 604 2166 660 du-

570 720 689 761 cem
708 704 761 758 in
789 703 945 777 Lepti
974 718 1165 775 magna
1208 701 1402 761 sedere
1433 700 1576 773 vult;
1612 700 1945 775 Byzacenam
1972 740 1987 766 ,
2011 697 2167 769 cujus

570 798 681 854 dux
711 796 966 871 in‘Capsa
994 805 1050 854 et
1073 795 1229 868 Lepti
1256 795 1438 851 altera
1463 793 1683 859 sedeat;
1714 791 2040 861 Numidiam,
2072 806 2167 846 cu-

561 890 652 963 jus
678 890 789 947 dux
810 889 864 945 in
888 888 1021 950 urbe
1042 886 1524 954 Constantinensi;
1568 884 1961 953 Mauritaniam,
2008 883 2165 955 cujus

565 982 674 1039 dux
706 982 763 1037 in
784 981 1140 1048 Caesariensi;
1167 988 1553 1055 postremoque
1570 978 1874 1036 Sardiniam
1906 977 2159 1045 insulam,

564 1091 726 1150 quam
754 1075 1025 1132 Africanas
1071 1090 1286 1148 quoque
1315 1075 1616 1133 dimceseos
1657 1088 1778 1131 esse
1817 1072 1991 1144 jubet.
2027 1069 2160 1131 Nam

561 1178 618 1226 et
643 1168 784 1227 hanc
810 1183 934 1226 cum
969 1167 1186 1226 Corsica
1227 1168 1502 1227 Vandalus
1530 1166 1726 1225 Africae.
1759 1176 2019 1236 tyrannus
2059 1181 2161 1221 an-

560 1271 644 1320 tea
669 1271 1052 1339 occupaverat,
1080 1269 1142 1319 ut
1169 1261 1375 1329 Victor,
1405 1261 1497 1321 lib.
1530 1277 1569 1329 ι,
1595 1268 1800 1321 narrat.

638 1355 796 1429 123
822 1354 1091 1415 Caeterum
1129 1353 1331 1415 factum
1368 1361 1454 1411 est
1481 1354 1780 1427 ignorantia
1817 1349 2160 1424 geographia:

458 1436 462 1441 ’
558 1447 850 1519 Africanae.
872 1458 929 1503 ut
951 1462 1071 1511 cum
1094 1457 1282 1505 noster
1310 1446 1542 1519 Optatos
1564 1446 1765 1503 dicitur
1793 1443 2154 1510 Milevitauus,

555 1541 775 1613 quidam
827 1556 934 1603 non
980 1541 1142 1603 modo
1190 1539 1513 1607 dubitarint.
1561 1541 1711 1615 cujas
1748 1546 1917 1605 esset,
1958 1535 2054 1599 scd
2102 1542 2157 1595 et

555 1636 813 1701 ﬁnxerint
836 1650 960 1697 esse
988 1636 1306 1693 insularem.
1342 1634 1607 1706 Equidem
1639 1648 1759 1692 cum
1788 1633 2057 1689 Donatum
2087 1628 2155 1689 il-

2271 418 2510 493 quando,
2561 434 2684 476 cum
2735 435 3037 491 qutcrerem
3066 421 3243 477 locum
3294 420 3346 483 in
3394 419 3631 499 Numidia,
3669 427 3790 499 cujus

2268 510 2560 587 appellatio
2601 512 2822 584 propius
2865 512 3026 568 etiam
3059 527 3218 584 quam
3241 510 3447 583 Melitae,
3476 514 3717 573 accederet
3736 521 3790 579 ad

2270 605 2663 662 Milevitauum.
2696 604 2937 662 Tandem
2983 604 3268 663 commode
3298 604 3452 665 incidi
3482 606 3531 665 in
3560 606 3794 689 Augustini

2267 704 2430 776 epist.
2468 720 2692 772 curnt,
2740 704 2831 776 qui
2867 702 3100 765 Milevim
3145 703 3399 779 oppidum
3433 714 3593 769 vacat.
3633 706 3722 765 Sed
3752 716 3796 771 et

2265 812 2390 859 cum
2420 797 2470 854 in
2501 797 2918 869 Carthagineusi
2961 795 3172 873 synodo
3201 796 3471 875 Cypriani,
3495 798 3575 861 ubi
3602 799 3799 873 episcopi

2265 890 2529 951 Numidia:
2575 891 2766 951 dicunt
2809 906 2963 953 suam
2993 891 3315 955 sententiam
3355 891 3421 955 de
3458 892 3796 964 anabaptismo,

2264 986 2498 1057 legerem
2546 986 2690 1043 inter
2726 1000 2823 1043 eos
2872 987 3145 1047 numerari
3184 992 3240 1041 et
3272 984 3525 1047 nominari
3561 986 3802 1058 quemdam

2264 1075 2567 1137 Pollianum
2597 1093 2626 1135 a
2666 1077 2851 1147 Mileo,
2898 1077 3057 1133 sicuti
3112 1077 3435 1151 impressum
3479 1075 3720 1150 lagituriu
3752 1079 3803 1137 li-

2262 1170 2378 1229 bris
2398 1169 2656 1243 Cypriani
2686 1188 2698 1225 :
2730 1182 2788 1231 et
2824 1171 3135 1242 suspicarer
3158 1169 3227 1226 de
3253 1170 3432 1245 aliqua
3472 1171 3670 1237 mendo,
3701 1186 3807 1231 cou-

2257 1264 2597 1337 jiceremque
2626 1265 2919 1338 legendum
2957 1265 3135 1339 potius
3184 1279 3326 1334 esse,
3373 1264 3630 1327 Pellimur
3660 1282 3686 1319 o
3722 1265 3805 1326 tli-

2262 1359 2361 1416 lem'
2411 1375 2431 1415 :
2479 1358 2725 1417 consului
2784 1359 3013 1421 alteram
3059 1359 3381 1429 scripturam
3421 1366 3650 1423 actorum
3691 1357 3810 1417 illius

2262 1449 2505 1518 concilii,
2520 1465 2641 1522 quae
2651 1450 2904 1511 similiter
2924 1450 3223 1511 recitantur
3241 1449 3307 1507 ab
3330 1449 3636 1523 Augustino,
3654 1449 3733 1507 lib.
3747 1465 3807 1516 rt,

2260 1542 2624 1614 deaBaptism.
2669 1544 2957 1615 reperiqtte
2982 1543 3124 1615 apud
3170 1558 3291 1605 cum
3322 1544 3394 1603 ita
3422 1542 3668 1618 seriptum
3693 1556 3813 1613 esse,

2259 1644 2320 1693 ut
2343 1634 2689 1695 scribendum
2721 1650 2844 1695 esse
2880 1635 3180 1693 divinaram
3211 1653 3224 1690 :
3259 1644 3458 1693 etcum
3491 1635 3578 1691 illo
3603 1633 3812 1695 Polliana

554 1726 691 1796 lum.
715 1728 807 1801 qui
837 1743 868 1791 a
897 1727 1050 1785 Casis
1089 1729 1259 1801 nigris
1295 1728 1515 1796 dicitur,
1543 1726 1712 1789 fuisse
1747 1724 2033 1785 Numidam
2062 1721 2157 1781 ad—
2185 1715 2235 1787 Β
2261 1746 2290 1785 a
2314 1730 2515 1798 Milevi,
2539 1731 2593 1787 in
2623 1730 2817 1787 eodem
2835 1730 3068 1787 concilio
3091 1729 3249 1800 paulo
3274 1738 3406 1787 ante
3428 1727 3684 1787 nominari
3701 1727 3814 1782 alios

553 1820 763 1891 monui,
797 1821 877 1883 sic
922 1830 977 1883 et
1004 1820 1259 1895 Optatum
1303 1820 1496 1879 Donati
1540 1817 1931 1881 adversarium,
1963 1813 2155 1871 Numi-

552 1914 654 1972 dia:
680 1916 994 1986 episcopum
1020 1914 1273 1986 intelligi,
1304 1929 1427 1973 cum
1452 1913 1797 1973 Milevitanus
1818 1911 2037 1977 dicitur,
2061 1906 2157 1969 ad-

546 2007 786 2079 jeceram
813 2023 829 2062 ς
859 2022 1036 2077 neque
1084 2021 1407 2079 quemquam
1452 2005 1726 2067 hominem
1771 2002 2068 2065 litteratum
2099 1998 2153 2059 id

551 2114 783 2171 negasse
812 2098 1086 2170 putabam.
1132 2098 1202 2157 Et
1230 2112 1356 2156 ecce
1400 2098 1584 2166 audio,
1613 2096 1931 2169 quibusdam
1957 2095 2153 2153 etiam-

549 2210 681 2257 num
711 2194 887 2250 videri
933 2195 1065 2266 (quo
1105 2193 1240 2250 nihil
1288 2193 1506 2250 stultius
1546 2192 1676 2262 tingi
1726 2191 1928 2264 potest)
1969 2191 2150 2262 potius

546 2286 716 2344 fuisse
736 2286 1100 2344 Melitensem.
1123 2285 1254 2341 Nam
1281 2283 1571 2353 Quintinus
1600 2284 1843 2352 Heduus,
1874 2284 1965 2356 qui
1990 2298 2153 2355 supe-

543 2378 782 2439 rioribus
820 2379 979 2439 annis
1006 2379 1237 2441 docebat
1258 2379 1348 2451 jus
1376 2382 1459 2449 (ut
1488 2380 1705 2450 vocant)
1729 2378 2051 2439 canonicum
2092 2377 2148 2439 in

545 2488 612 2531 ea
633 2472 841 2541 schola,
870 2477 925 2533 in
965 2489 1069 2546 qua
1104 2487 1247 2531 nunc
1275 2472 1446 2528 doceo
1462 2471 1552 2544 jus
1580 2471 1762 2539 civile,
1791 2470 1985 2531 doctor
2016 2485 2147 2540 pro-

543 2566 684 2625 lecto
723 2582 989 2629 canonum
1019 2564 1247 2625 minime
1276 2565 1606 2631 illitteratus,
1641 2580 1762 2625 cum
1790 2563 2030 2621 Melitam
2057 2562 2146 2621 inv

541 2657 777 2717 insulam
808 2657 1164 2727 describeret,
1202 2665 1259 2716 et
1277 2657 1359 2730 (ut
1392 2658 1446 2713 in
1478 2672 1540 2717 ea
1568 2656 1833 2719 educatus
1854 2671 1976 2719 cum
2006 2655 2148 2715 Rho-

545 2756 686 2823 diis,
742 2762 805 2815 ut
858 2753 1225 2826 appellantur,
1280 2753 1553 2826 equitibus
1599 2752 1890 2825 aliquando
1944 2751 2144 2825 fuerat)

539 2847 764 2911 laudare
797 2847 981 2912 vellet,
1024 2846 1266 2918 scripsit,
1314 2846 1642 2913 Concilium,
1689 2846 1833 2918 quod
1882 2846 2147 2907 Milevita-

539 2956 668 2998 num
695 2941 915 3006 dicitur,
946 2939 1115 2995 fuisse
1158 2939 1441 2996 Melitense
1470 2956 1485 2994 :
1515 2949 1569 2996 et
1611 2939 1907 2997 Milevitum
1950 2940 2145 2999 urbem

538 3034 725 3091 nescio
750 3048 912 3104 quam
944 3031 1049 3087 dici
1076 3047 1108 3086 a
1134 3030 1335 3086 Melita.
1367 3030 1507 3101 Risi,
1538 3045 1662 3087 cum
1694 3030 1747 3086 id
1778 3031 1905 3102 legi,
1938 3032 2143 3087 visum-

2260 1822 2403 1880 duos
2424 1822 2669 1893 ejusdem
2711 1820 2978 1879 Numidiae
3021 1821 3317 1889 antistites,
3351 1819 3584 1885 Felicem
3608 1835 3635 1875 a
3661 1817 3813 1891 Bagai,

2258 1925 2317 1974 et
2339 1902 2691 1979 Crescentem
2724 1931 2755 1973 a
2779 1916 2950 1973 Cirta.
2976 1913 3175 1985 Crede,
3198 1928 3268 1971 ne
3293 1913 3609 1987 Quintinum
3637 1912 3821 1988 quidem

2258 2009 2507 2067 dubitare
2544 2010 2614 2067 de
2638 2007 2786 2066 Cirta
2827 2008 3115 2066 Numidiae.
3161 2006 3220 2065 Si
3248 2007 3323 2067 de
3352 2007 3512 2082 Bassi
3542 2007 3717 2081 aliquis
3738 2005 3819 2065 du-

2259 2100 2433 2166 bitat,
2489 2101 2633 2173 legat
2684 2100 3094 2163 Donatistarum
3146 2098 3446 2163 concilium
3508 2097 3820 2170 Bagaitattutn

2255 2193 2396 2265 apud
2424 2191 2808 2265 Augustinum,
2857 2192 2952 2261 lib.
2987 2208 3049 2251 ιιι
3092 2199 3281 2253 contra
3324 2189 3585 2253 Crescon.
3632 2205 3738 2260 cap.
3766 2188 3821 2244 55

2255 2292 2312 2342 et
2340 2285 2435 2353 56,
2461 2296 2518 2343 et
2544 2284 2910 2347 Milevitanum
2949 2299 2979 2340 a
3003 2282 3206 2350 Milevi,
3239 2291 3301 2340 ut
3327 2283 3669 2356 Basaitanum
3687 2293 3714 2334 a
3734 2277 3820 2343 Ba-

2252 2378 2340 2449 gai
2369 2377 2477 2435 dici
2516 2388 2794 2450 agnoscat.
2843 2376 2952 2441 Sed
2996 2391 3173 2448 neque
3211 2376 3460 2439 Milevim
3502 2382 3595 2435 aut
3635 2371 3819 2447 Bagaiut

2253 2472 2539 2543 (nusquam
2570 2471 2740 2544 magis
2770 2472 2998 2533 miretur
3025 2485 3057 2533 a
3086 2471 3243 2533 nobis
3263 2468 3470 2533 referri
3498 2470 3633 2531 inter
3658 2462 3823 2541 oppida

2252 2565 2541 2635 Numidiae,
2572 2582 2734 2638 quam
2762 2566 3062 2629 Tuburbim
3086 2576 3180 2625 aut
3205 2564 3482 2629 Cttrubim
3502 2566 3637 2627 inter
3660 2560 3824 2634 oppida

2252 2661 2473 2730 Africae,
2498 2676 2530 2716 a
2560 2661 2757 2731 Plinio,
2796 2662 2890 2719 lib.
2928 2677 2982 2719 ν.
3011 2676 3133 2731 cap.
3176 2662 3231 2719 6.
3269 2661 3523 2735 Denique
3551 2668 3722 2722 notum
3757 2662 3828 2715 est

2251 2754 2398 2825 quod
2437 2754 2580 2811 idem
2620 2754 2828 2812 Plinius
2875 2752 2972 2822 ait,
3010 2753 3341 2824 populorum
3393 2751 3591 2811 Africae
3636 2746 3827 2820 oppido-

2251 2862 2483 2919 rumque
2524 2846 2743 2906 nomina
2780 2846 2867 2905 vel
2898 2846 3133 2909 maxime
3165 2844 3475 2909 ineﬁ‘sbilia
3497 2858 3616 2907 ease
3639 2850 3828 2915 praeter-

2251 2955 2411 3012 quam
2452 2941 2693 3012 ipsorum
2745 2939 2961 3011 linguis.
2996 2937 3056 2996 ιιι
3105 2953 3243 2999 vero
3289 2938 3472 3010 mnis
3510 2937 3714 3001 dixerit,
3753 2929 3828 3002 qui

2250 3032 2433 3103 Optati
2473 3040 2529 3089 et
2574 3032 2805 3091 Victoris
2859 3031 3097 3100 libellos,
3154 3047 3302 3103 quos
3359 3032 3601 3098 edimus,
3646 3024 3829 3098 legerit.

540 3142 649 3199 que
678 3099 810 3181 mihi
849 3133 1069 3181 esttam
1102 3100 1530 3192 monstruosum,
1556 3139 1717 3194 quam
1750 3124 1795 3178 si
1836 3099 1955 3195 quis
1984 3124 2141 3181 dice-
2171 3099 2218 3164 Ο
2247 3099 2515 3199 Equidem
2545 3141 2653 3189 non
2699 3127 2890 3187 dubito
2934 3099 3099 3184 facile
3144 3099 3377 3196 probari
3423 3123 3689 3188 omnibus,
3712 3113 3833 3189 quod

539 3233 624 3279 ret
648 3221 937 3278 concilium
980 3218 1309 3276 Sardlceuse
1350 3218 1520 3275 fuisse
1549 3216 1939 3274 Sardiniense:
1973 3233 2142 3290 prop-

539 3323 798 3386 tereaque
852 3313 1058 3374 nemini
1114 3311 1332 3382 probari
1382 3310 1437 3371 id
1485 3324 1647 3382 posse
1701 3310 1975 3381 putabam.
2034 3310 2144 3367 Sed

540 3415 693 3463 tanto
725 3408 896 3477 magis
924 3405 1153 3463 miratus
1174 3418 1319 3471 sum,
1346 3418 1468 3461 cum
1499 3403 1680 3463 audivi
1709 3402 2143 3471 nostruman—

537 3499 711 3556 tiaum
742 3512 853 3557 non
878 3496 1041 3555 modo
1060 3496 1250 3553 multis
1275 3497 1392 3555 suis
1415 3494 1754 3557 auditoribus
1779 3495 2138 3567 persuasisse,

537 3591 635 3651 sed
665 3596 720 3649 et
741 3589 819 3649 illi
847 3587 1205 3647 conciliorum
1235 3588 1665 3645 consarcinatori
1689 3586 2025 3655 Coloniensi,
2047 3590 2142 3661 qui

538 3683 788 3741 similiter
814 3690 1118 3753 praemonet
1152 3679 1444 3741 concilium
1488 3680 1856 3741 Milevitanum
1892 3680 2141 3741 habitum

541 3791 667 3835 esse
698 3777 752 3833 in
779 3776 982 3844 insula,
1010 3791 1132 3846 quae
1172 3790 1317 3832 nunc
1347 3772 1503 3833 Malta
1543 3773 1756 3833 dicitur.
1786 3773 1938 3833 Itane
1965 3775 2140 3839 vero?

540 3882 643 3939 ego
668 3868 979 3938 navigando
1009 3882 1304 3937 numquam
1347 3866 1414 3925 ad
1434 3866 1585 3923 littus
1611 3864 1808 3924 Africae
1833 3876 1940 3923 tam
1967 3882 2142 3939 prope

542 3962 773 4029 accessi,
828 3976 991 4032 quam
1042 3961 1241 4017 Doctor
1286 3959 1576 4028 Quintinus
1622 3976 1845 4016 suorum
1894 3962 2141 4031 equitum

539 4056 770 4113 classem
824 4062 1072 4113 secutus.
1121 4053 1191 4109 Et
1240 4061 1422 4109 tamen
1475 4054 1593 4109 scio
1644 4068 1754 4109 non
1798 4068 1964 4124 posse
2012 4069 2142 4111 eum

543 4150 819 4216 svitiam,
868 4148 1014 4220 quod
1048 4146 1310 4214 afﬁrmat,
1351 4145 1453 4203 nisi
1493 4146 1539 4201 si
1578 4129 1791 4201 enatat
1828 4154 1884 4202 et
1925 4147 2137 4217 probet,

540 4244 629 4301 vel
653 4241 959 4300 Numidiam
985 4255 1108 4298 esse
1144 4241 1199 4297 in
1226 4239 1410 4296 Melita
1438 4240 1638 4308 insula,
1670 4241 1753 4296 vel
1784 4240 2022 4297 Melitam
2056 4242 2142 4297 in—

542 4336 717 4392 sulam
740 4349 861 4392 esse
892 4336 946 4390 in
972 4333 1243 4391 Numidis.
1279 4332 1485 4393 Vereor
1511 4333 1698 4402 etiam,
1728 4349 1798 4390 ne
1820 4335 1946 4405 quis
1978 4350 2140 4390 nasca-

543 4438 629 4485 tus
654 4428 743 4483 hic
781 4428 1024 4499 obiiciat,
1070 4428 1216 4498 quod
1258 4427 1525 4483 Lucianus
1562 4428 1710 4485 salse
1746 4428 1982 4499 scripsit,
2012 4444 2139 4485 sese

539 4522 810 4594 imperitia
835 4522 1116 4593 cujusdam
1144 4522 1339 4593 partim
1382 4520 1701 4593 geographi,
1745 4524 1938 4591 partim
1966 4524 2139 4579 histo-

535 4611 831 4687 riographi,
860 4625 1091 4686 repente
1141 4629 1207 4670 ex
1248 4613 1442 4670 Graeco
1482 4614 1682 4669 factum
1724 4628 1850 4669 esse
1896 4615 2140 4686 Babylo-

540 4709 712 4773 nium,
739 4708 1078 4779 patriamque
1099 4721 1253 4762 suam
1281 4709 1350 4761 ab
1366 4706 1723 4776 Hellesponto
1747 4706 1990 4761 avulsam
2011 4722 2136 4765 cum

536 4800 669 4870 ipsis
698 4801 977 4857 nitentibus
1024 4808 1079 4854 et
1112 4799 1356 4855 turribus
1407 4798 1721 4853 translatam
1753 4812 1877 4854 esse
1919 4800 1972 4854 in
2018 4815 2137 4856 me-

538 4891 683 4948 diam
708 4888 1172 4960 Mesopotamiam.
1203 4890 1309 4945 Sed
1336 4889 1463 4960 quid
1490 4890 1701 4945 diceret
1720 4889 1972 4961 Optatos,
2005 4892 2135 4964 quid

540 4993 723 5054 patres
749 4984 1063 5049 Milevitani,
1095 4985 1140 5039 si
1162 4983 1274 5053 jam
1298 4983 1555 5038 audirent
1578 4998 1702 5041 sese
1729 4999 1794 5039 ex
1825 4984 2001 5043 lilevi
2022 4986 2135 5042 Nu-

540 5073 723 5131 midia
751 5073 1027 5143 deportari
1058 5076 1112 5133 in
1154 5074 1386 5131 insulam
1430 5074 1687 5142 Melitam,
1716 5084 1784 5130 ut
1812 5076 1947 5131 olim
1973 5077 2133 5135 dam-

539 5167 674 5232 nati,
702 5167 759 5226 in
790 5167 1119 5225 Sardiniam.
1150 5170 1316 5233 Sane,
1348 5177 1406 5224 ut
1430 5168 1659 5239 Optatus
1687 5183 1809 5224 cum
1837 5170 2131 5231 concilium

538 5260 802 5319 Numidiae
832 5270 1008 5327 vocat,
1026 5260 1284 5333 intelligit
1310 5261 1581 5331 quoddam
1606 5263 1856 5321 Cirtense
1876 5281 1891 5318 :
1912 5265 1998 5320 sic
2022 5265 2134 5320 Au-

534 5355 783 5426 gustinus
811 5355 1174 5411 Mite-uanum
1220 5357 1363 5410 solet
1388 5356 1663 5427 appellare
1692 5358 1980 5413 concilium
2021 5358 2131 5415 Nu-

537 5446 739 5514 midiae,
767 5448 935 5503 veluti
958 5446 1019 5500 in
1047 5444 1211 5516 epist.
1250 5461 1401 5501 nm
1438 5455 1495 5502 et
1528 5463 1667 5517 uoti,
1690 5455 1749 5503 et
1772 5464 1897 5505 XCIV
1923 5461 1979 5506 et
1999 5466 2126 5519 xcv,

531 5553 693 5614 atque
710 5550 779 5598 ut
800 5539 1095 5598 Milevitaui
1126 5539 1316 5593 Patres
1352 5540 1671 5608 proﬁtentur
1696 5556 1818 5598 sese
1843 5557 1917 5599 ex
1943 5546 2128 5601 conci-

522 5635 596 5692 lio
620 5636 888 5697 Numidiae
916 5633 1159 5691 scribere
1184 5630 1253 5687 ad
1274 5631 1648 5690 innocentium
1680 5635 1902 5707 Papam,
1935 5637 2014 5693 sic
2033 5636 2123 5695 ln-

526 5730 808 5789 nocentius
835 5728 891 5789 in
916 5741 1022 5788 suo
1049 5724 1119 5789 ad
1165 5740 1259 5783 eos
1300 5737 1566 5795 response
1607 5726 1683 5784 ait
1711 5726 1814 5785 sibi
1852 5728 2118 5802 scriptum

2247 3220 2303 3276 in
2346 3219 2593 3280 Possidio
2631 3219 2701 3276 de
2747 3219 2856 3275 vita
2906 3217 3195 3290 Augustini
3241 3217 3543 3281 observavi
3586 3210 3837 3279 ﬁdeissim

2249 3309 2526 3367 Cittensem
2556 3325 2657 3382 pro
2681 3310 2963 3367 Cirteuum
3004 3308 3273 3367 mendose
3301 3310 3415 3382 legi
3451 3329 3467 3365 :
3502 3316 3564 3372 ut
3581 3316 3635 3365 et
3654 3305 3704 3365 in
3731 3316 3837 3363 nos

2249 3404 2351 3460 tris
2373 3404 2651 3475 pandectis
2673 3402 2825 3460 Flor.
2850 3403 2910 3459 ﬁt
2934 3402 3144 3460 mentio
3168 3401 3339 3473 Retp.
3365 3399 3715 3464 Cirtensium,
3735 3403 3838 3453 eum

2249 3497 2307 3553 in
2365 3497 2487 3553 aliis
2534 3496 2692 3553 libris
2737 3496 2936 3552 vitiose
2983 3493 3255 3564 scriptum
3310 3495 3424 3561 sit,
3482 3486 3842 3565 Cyrenensium

2249 3588 2289 3643 t.
2323 3605 2379 3645 rx
2405 3589 2474 3645 de
2490 3587 2605 3659 jur.
2636 3598 2693 3645 et
2740 3586 2868 3644 tacti
2895 3588 3073 3657 ignor.
3096 3585 3236 3653 Quis
3265 3595 3570 3657 promeres
3595 3583 3724 3645 lerat
3745 3576 3847 3639 Cir-

2250 3689 2362 3737 tam
2395 3698 2462 3738 ex
2491 3680 2745 3739 Numidia
2772 3679 3057 3741 transferri
3089 3680 3143 3740 ln
3163 3678 3583 3752 (ἔντεηαὶωωῖ
3600 3676 3719 3747 jut'e
3742 3683 3848 3743 PW‘

2250 3776 2397 3834 {octo
2432 3779 2548 3848 ipse
2592 3776 2884 3844 Quintinus
2921 3773 3198 3844 explicans
3237 3772 3525 3835 lunarem
3563 3769 3631 3834 de
3665 3766 3849 3829 Canon-

2252 3871 2448 3944 Apost.
2491 3870 2688 3929 irridet
2717 3884 2836 3937 eos,
2862 3868 2954 3940 qui
2991 3866 3487 3933 ex-Carchedone.
3519 3864 3574 3927 id
3617 3869 3717 3929 αἱιν
3743 3855 3852 3913 επ·

2246 3966 2472 4037 thagine
2522 3965 2801 4019 ﬁnxerunt
2843 3962 3138 4033 aliquando
3194 3960 3624 4025 Calchedouﬂm
3660 3960 3856 4023 :neque

2249 4059 2472 4129 negabit
2490 4057 2682 4115 eadem
2709 4055 3139 4127 reprehensione
3171 4053 3383 4126 dignos
3422 4068 3573 4122 esse,
3605 4050 3693 4122 sui
3711 4048 3858 4117 Bru-

2246 4149 2416 4218 eium,
2436 4148 2589 4222 quod
2610 4156 2696 4206 est
2720 4149 2776 4204 in
2797 4148 2998 4215 Africa,
3026 4147 3317 4205 somniant
3335 4160 3470 4209 esse
3488 4141 3792 4219 Byuutium
3810 4135 3858 4197 in

2247 4242 2520 4313 Thracia;
2554 4254 2609 4302 et
2642 4244 2740 4300 tali
2768 4242 2967 4300 mendo
2992 4243 3164 4299 libros
3184 4257 3424 4315 quoque
3444 4241 3590 4313 juris
3616 4229 3861 4295 contami-

2248 4347 2465 4395 narunt.
2500 4339 2659 4399 Nunc
2679 4337 2909 4410 judicet,
2942 4337 3189 4408 plausum
3215 4352 3293 4393 an
3322 4336 3513 4395 risum
3540 4335 3597 4395 in
3619 4324 3864 4391 auditorio

2241 4431 2381 4500 juris
2411 4441 2721 4500 mereatur,
2749 4431 2841 4503 qui
2867 4430 3101 4487 Milevim
3129 4430 3183 4485 in
3226 4431 3488 4488 Melitam
3516 4424 3864 4486 transfumat.

2247 4523 2352 4580 Tot
2379 4526 2479 4582 hac
2502 4527 2575 4583 de
2605 4540 2672 4582 re
2715 4523 2884 4580 verba
2926 4539 3035 4579 non
3077 4524 3357 4589 facerem,
3411 4521 3526 4581 nisi
3551 4520 3602 4579 si
3630 4510 3867 4575 auditori-

2244 4616 2346 4674 bus
2368 4618 2749 4687 Quintinitanis
2774 4633 2930 4673 error
2960 4625 3070 4672 tam
3098 4616 3384 4673 ridiculus
3413 4617 3593 4673 verbo
3619 4600 3869 4689 ιιιιοσθΐίρί

2244 4724 2352 4766 non
2382 4720 2591 4781 posset,
2632 4710 2818 4766 minus
2847 4710 2974 4765 licet
2991 4708 3195 4765 coloris
3228 4710 3474 4778 habeat,
3505 4720 3671 4781 quam
3691 4702 3738 4760 si
3764 4695 3871 4772 quis

2245 4802 2397 4859 dicat.
2428 4806 2811 4863 Milevitanum
2860 4802 3148 4859 concilium
3193 4802 3318 4860 dici
3363 4804 3472 4859 abs
3512 4801 3763 4858 Meliten:
3796 4793 3872 4849 illa

2244 4893 2517 4951 Armeniae
2552 4894 2877 4967 mretropoli,
2924 4909 3083 4966 quam
3115 4902 3435 4966 tantopere
3490 4892 3751 4967 prmdicat
3787 4896 3873 4943 nov

2245 4997 2361 5044 ster
2382 4987 2736 5045 Justinianus
2762 4989 2816 5043 in
2844 4987 3034 5044 Novel.
3061 4987 3151 5043 δι.
3181 4986 3336 5049 Nam
3366 4998 3427 5045 et
3472 4984 3757 5058 cujusdam
3788 4979 3876 5048 Sy-

2248 5082 2372 5137 nodl
2399 5082 2640 5139 Melitine
2658 5083 2773 5138 nsis
2793 5078 3038 5137 meminit
3047 5065 3438 5150 Sozomehus,
3455 5079 3556 5136 lib.
3571 5092 3648 5146 tv,
3664 5086 3778 5146 cap.
3790 5067 3873 5133 ﬂ.

2247 5173 2550 5231 Mclitensis
2569 5175 2817 5246 alitcujus
2844 5173 3079 5245 aliquem
3094 5172 3233 5228 olim
3270 5172 3614 5229 meminisse
3634 5172 3875 5236 nusquam

2246 5268 2373 5340 legi.
2417 5269 2482 5325 Et
2509 5269 2637 5341 quid
2676 5267 2900 5324 tandem
2935 5264 3129 5323 mentis
3172 5264 3395 5325 fuisset
3445 5250 3597 5323 Afris
3626 5257 3875 5321 Patri!!!»

2243 5363 2289 5417 si
2315 5361 2501 5417 relicta
2528 5370 2640 5418 tota
2678 5376 2781 5417 sua
2822 5360 3030 5426 Africa,
3066 5356 3160 5417 ubi
3186 5357 3370 5430 longe
3397 5358 3555 5417 aliud
3602 5352 3875 5413 habet-nl.

2240 5454 2676 5526 quod'agerent,
2713 5453 3016 5523 periculose
3057 5465 3156 5522 per
3208 5451 3445 5509 medias
3474 5450 3655 5517 δίνης
3682 5442 3877 5512 ωειλ·

2242 5550 2393 5605 tione
2418 5549 2780 5619 trajecis'seut
2805 5548 2859 5603 in
2885 5546 3035 5605 illam
3070 5542 3297 5601 aridam
3337 5554 3403 5603 et
3428 5553 3719 5617 angustam
3745 5538 3876 5594 Inse-

2238 5640 2369 5707 lam,
2399 5650 2467 5696 ιιι
2484 5618 2555 5697 ibi
2584 5650 2635 5694 Ia
2656 5654 2877 5711 mquam
2898 5639 2952 5694 in
2975 5649 3204 5695 carcere
3234 5635 3480 5705 inclusi,
3513 5646 3572 5693 et
3600 5641 3715 5691 toto
3736 5618 3871 5685 diviti

2233 5733 2394 5801 orbe,
2416 5731 2641 5791 detibert
2656 5741 2807 5792 arent
2828 5731 2901 5789 de
2917 5731 3079 5790 rebus
3102 5728 3179 5786 ad
3215 5728 3556 5792 Ecclesium
3584 5728 3864 5789 Atrium-

2685 5916 2729 5933 ιι
