4152 6166
365 255 512 316 1155

1294 242 1814 310 ANNOTATIONES
1853 239 2178 308 BALDUINI
2215 240 2281 300 IN
2319 242 2382 300 S.
2423 245 2775 309 0PTATUM.

3563 257 3706 316 1154

358 362 797 440 pertinentibus,
831 372 891 421 et
931 363 985 420 in
1013 363 1202 418 medio
1230 364 1365 420 mari
1395 363 1780 420 transmarinas
1807 362 1992 432 appel~
2018 360 2070 420 Α
2098 357 2228 413 dum
2268 373 2378 416 non
2412 362 2578 419 addat
2607 363 2988 422 Gildonianum
3016 408 3030 433 ,
3079 377 3136 424 et
3177 368 3502 439 simpliciter
3543 387 3703 430 vocet

360 463 596 518 lationes
620 457 783 529 (nam
820 471 920 512 eas
952 455 1210 526 reprimit
1238 455 1480 527 synodus
1502 454 1831 524 Mileiitana)
1856 453 1998 508 inhi-

364 553 580 609 berent.
621 550 775 618 Ergo
810 563 994 618 neque
1042 547 1403 602 nobilissimae
1433 549 1508 603 illi
1541 549 1766 621 synodo,
1820 562 1996 618 neque

365 641 567 714 Optato
615 647 812 697 nostro
858 640 1001 698 hanc
1045 640 1304 707 injuriam
1344 639 1574 697 ridicula
1615 641 1830 698 lictione
1878 638 1996 698 ﬂeri

369 737 571 808 patior.
602 733 669 790 Ut
693 739 885 787 autem
913 731 1116 802 Optate
1146 730 1274 786 dem
1323 746 1702 788 successorem
1733 751 1745 784 τ
1780 734 1995 800 Augus-

369 831 522 884 tinus
559 827 614 882 in
645 840 731 893 ep.
763 841 933 882 xxxiv
968 825 1034 879 ad
1072 824 1363 881 Paulinum
1396 825 1581 881 laudat
1619 824 1993 881 beatissimum

377 922 463 993 (ut
492 919 672 990 vocat)
716 916 1002 984 Severum,
1052 932 1214 973 suum
1264 917 1730 987 condiscipulum,
1782 916 1993 973 antisti-

379 1023 490 1070 tem
530 1011 788 1067 Ecclesite
832 1010 1175 1072 Milevitanzn,
1212 1008 1375 1077 bene,
1422 1008 1623 1078 inquit,
1663 1009 1806 1077 apud
1849 1023 1997 1064 eam-

376 1105 502 1161 dem
532 1104 805 1160 civitatem
840 1099 1089 1157 fratribus
1111 1101 1415 1170 cognitum.
1451 1098 1607 1155 Idem
1637 1101 1992 1174 Augustinus,

376 1198 472 1254 lib.
508 1211 569 1252 ιιι
622 1203 814 1251 contra
859 1193 1013 1249 Petil.
1048 1207 1167 1263 cap.
1197 1191 1290 1258 58,
1336 1189 1597 1248 meminit
1628 1193 1870 1262 damnati
1903 1208 2000 1248 cu-

367 1290 586 1362 jusdam
625 1289 852 1348 Honorii
880 1287 1170 1346 Milevitani
1195 1285 1252 1342 in
1292 1283 1563 1346 Africana
1598 1286 1866 1343 Ecclesia.
1895 1285 1999 1341 De-

371 1386 538 1457 nique
577 1384 846 1440 Faustum
877 1381 1025 1438 illum
1069 1378 1452 1442 Manicharum,
1482 1387 1655 1445 gente
1681 1377 1900 1446 Afrum,
1931 1380 2000 1433 ci-

371 1479 538 1534 vitate
565 1478 739 1532 !uisse
765 1474 1131 1530 Milevitanum
1153 1473 1250 1539 ait,
1279 1469 1590 1538 hominem,
1622 1471 1828 1542 inquit,
1859 1473 2000 1527 acuti

373 1570 596 1644 ingenii,
620 1579 681 1626 et
713 1567 1202 1638 expolitmlinguza,
1232 1563 1328 1626 Sed
1358 1564 1770 1634 nequissimum
1801 1565 2006 1624 calum-

375 1666 638 1720 niatorem
678 1661 1006 1718 Christiana:
1033 1655 1331 1729 religionis.

2096 452 2376 522 Optatum,
2414 465 2598 511 tamen
2629 467 2736 512 tam
2768 459 3032 514 nefarium
3061 461 3386 518 nebulonem
3423 463 3594 520 fuisse
3626 475 3705 522 te-

2097 549 2291 610 statur,
2325 555 2384 600 ut
2407 547 2558 616 ipsos
2578 547 2740 602 etiam
2769 551 3080 608 Denatlstas
3107 552 3226 622 ejus
3251 555 3496 624 puderet.
3530 557 3705 626 Quam

2096 631 2257 690 valde
2281 643 2470 692 autem
2495 637 2654 693 talem
2678 639 2952 710 Optatum,
2978 652 3037 698 ut
3053 642 3233 712 debet,
3253 645 3575 712 detestatur,
3596 657 3705 706 tam

2097 726 2269 782 etiam
2325 728 2682 786 vehementer
2727 733 2979 804 Optatum
3033 747 3282 792 neSIrum
3334 738 3706 796 Milevitanum

2097 819 2283 874 laudat
2309 837 2321 874 :
2346 838 2512 890 quem
2543 825 2784 897 quidem,
2817 827 2910 882 lib.
2935 844 2953 883 ι
2979 840 3167 885 contra
3195 832 3476 899 Parmen.,
3511 826 3608 903 ait,
3635 845 3692 892 et

2097 915 2434 972 venerabilis
2457 921 2736 976 memoriae
2757 936 2878 980 esse
2902 932 2958 980 et
2977 923 3261 982 catholica:
3282 929 3706 988 communionis.

2100 1005 2276 1072 Idem,
2306 1009 2360 1062 in
2408 1009 2503 1064 lib.
2536 1021 2656 1081 post
2685 1014 2899 1082 cellat.,
2926 1027 3084 1072 vocat
3105 1018 3450 1077 Cathelicum
3497 1023 3710 1094 episce-

2102 1117 2227 1168 pum
2254 1141 2270 1166 ,
2300 1111 2359 1156 et
2386 1102 2442 1156 in
2475 1103 2613 1160 libro
2639 1107 2706 1163 de
2735 1107 2883 1164 Unit.
2916 1126 3038 1185 cap.
3071 1113 3161 1178 16,
3187 1115 3398 1170 videtur
3429 1134 3551 1172 cum
3583 1133 3707 1172 cum

2100 1191 2220 1261 ipso
2252 1193 2552 1252 Ambrosio
2579 1213 2932 1269 comparare;
2980 1203 3139 1258 sicuti
3169 1214 3222 1260 et
3250 1203 3448 1264 deinde
3478 1207 3713 1279 Fulgen-

2101 1283 2230 1345 tius,
2261 1284 2365 1338 lib.
2401 1301 2440 1342 ιι
2478 1289 2544 1344 ad
2585 1290 2914 1358 Monimum,
2946 1293 3200 1364 Optatum
3244 1297 3389 1354 hunc
3434 1309 3711 1368 nostrum,

2102 1388 2263 1443 quem
2294 1385 2554 1434 sanctum
2585 1392 2745 1437 vocat
2768 1427 2782 1450 ,
2826 1384 3034 1455 jndicat
3069 1396 3179 1442 tam
3209 1388 3424 1446 ﬁdelem
3453 1391 3602 1447 Pauli
3633 1395 3716 1448 in-

2101 1473 2410 1560 terpretem
2439 1468 2630 1543 fuisse,
2661 1491 2821 1548 quam
2851 1487 2943 1536 aut
2969 1479 3320 1538 Ambrosium
3351 1493 3443 1540 aut
3464 1485 3719 1560 Augusti-

2107 1573 2260 1616 num.
2330 1558 2404 1616 Et
2447 1571 2626 1629 tamen
2672 1569 2838 1630 nolim
2890 1573 2982 1629 tali
3021 1577 3430 1644 comparatione
3458 1558 3719 1638 lectorem

2108 1647 2371 1720 impediri
2401 1696 2416 1722 ,
2450 1659 2579 1728 quin
2611 1659 2919 1728 discernat,
2957 1678 3220 1738 quantum
3249 1668 3506 1738 intersit;
3559 1675 3724 1729 sicuti

448 1760 505 1816 Si
535 1759 682 1814 ferre
715 1771 825 1812 non
853 1754 998 1824 potui
1021 1752 1274 1823 Optatum
1308 1758 1555 1804 nostrum
1585 1765 1652 1804 ex
1677 1747 2010 1807 Milevitano
2039 1744 2088 1808 B
2112 1753 2167 1798 θι
2195 1742 2286 1798 Ubi
2321 1748 2473 1815 quod
2505 1751 2696 1808 attinet
2725 1755 2791 1809 ad
2821 1755 3122 1814 litterarum
3152 1761 3520 1821 eruditionem
3544 1808 3560 1834 ,
3607 1768 3724 1822 Au-

380 1852 499 1910 Iieri
528 1851 878 1906 Mclitensem
902 1889 916 1912 ,
947 1855 1042 1901 aut
1071 1861 1140 1900 ex
1163 1841 1413 1899 Numidia
1441 1842 1759 1898 insularem
1787 1883 1803 1910 ,
1841 1844 2011 1901 multo

381 1948 560 2002 minus
591 1943 746 2000 ferre
775 1940 950 1996 debeo
979 1934 1236 1994 confundi
1262 1949 1387 1990 cum
1413 1933 1532 1988 aliis
1557 1931 1808 2001 Optatis.
1857 1936 2011 1992 Mitto

386 2038 538 2091 illum
568 2033 830 2106 Optatum
863 2030 1202 2085 Donatistam
1231 2069 1245 2092 ,
1294 2041 1452 2098 quem
1481 2026 1537 2080 in
1562 2025 1786 2099 synodo
1819 2028 2003 2101 Bagai-

389 2138 537 2194 tana,
564 2135 617 2182 et
637 2125 899 2195 Optatum
933 2120 1293 2184 catholicum,
1326 2131 1489 2188 quem
1518 2117 1572 2172 in
1597 2115 1842 2174 Cirtensi
1869 2121 2008 2178 cele-

390 2222 536 2280 brari
569 2221 733 2278 audio
760 2218 830 2274 ab
853 2215 1178 2286 Augustino.
1211 2212 1494 2269 Celebrier
1523 2209 1622 2264 fuit
1651 2220 1708 2265 et
1738 2210 2008 2268 famosior

389 2313 619 2383 Optatus
649 2309 1038 2372 Gildonianus,
1069 2305 1225 2374 cujus
1257 2314 1311 2359 et
1339 2301 1537 2372 smpius
1563 2302 2006 2376 meminitAugu-

393 2409 592 2460 stinus.
635 2403 742 2460 Sed
775 2402 896 2473 quis
927 2417 1032 2454 non
1063 2398 1290 2468 indigne
1318 2396 1488 2460 ferat,
1532 2394 1796 2466 quosdam
1843 2395 2005 2456 hodie

294 2511 300 2516 '
392 2497 780 2554 Gildoniauum
813 2510 842 2553 a
869 2493 1177 2550 Milevitana
1210 2505 1319 2546 non
1348 2489 1682 2554 discernere,
1707 2505 1831 2544 cum
1864 2489 2005 2547 inter

393 2605 492 2646 eos
519 2597 728 2644 tantum
762 2585 1090 2651 interfuerit,
1124 2591 1391 2656 quantum
1426 2582 1567 2635 inter
1601 2581 2001 2639 Donatistarum

390 2682 588 2738 ducem
614 2679 1101 2737 sceleratissimum
1128 2719 1140 2742 ,
1170 2684 1226 2730 et
1252 2672 1553 2728 Catholicm
1583 2672 1839 2726 Ecclesia:
1872 2689 2001 2729 san-

390 2775 696 2834 ctissimum
724 2773 1046 2828 antistitem.
1081 2771 1140 2828 Si
1174 2768 1295 2840 quis
1323 2773 1500 2837 roget,
1521 2780 1620 2821 cur
1646 2765 1734 2820 ille
1759 2765 1895 2822 alter
1925 2766 2003 2821 di-

391 2880 550 2928 catur
575 2869 953 2933 Gildonianus,
975 2864 1325 2934 respondebo
1347 2859 1491 2932 quod
1519 2860 1874 2932 Augustinus.
1906 2859 1998 2915 lib.

389 2981 429 3020 ιι
477 2972 664 3018 contra
696 2962 855 3016 Petil.
884 2977 1004 3036 cap.
1033 2959 1102 3015 92
1128 3001 1142 3026 ,
1196 2955 1421 3017 scribit,
1456 2951 1714 3023 Optatum
1748 2954 1902 3010 illutn
1936 2953 2004 3007 de

391 3056 648 3113 satellitio
675 3053 920 3110 Cildenis
963 3062 1276 3110 accusatum
1304 3089 1318 3112 ,
1354 3045 1516 3120 124
1566 3062 1756 3119 pmnas
1789 3045 2005 3102 dedisse

2115 1837 2396 1908 gustinus,
2447 1842 2543 1898 lib.
2579 1861 2636 1902 ιιι
2673 1845 2740 1908 de
2772 1848 2926 1908 Dect.
2973 1850 3177 1912 Christ.
3207 1870 3328 1926 cap.
3362 1859 3465 1925 40,
3511 1861 3725 1920 videtur

2115 1945 2237 1986 eum
2269 1933 2528 1992 conferre
2552 1953 2676 1993 cum
2704 1940 2994 2012 Cypriane,
3026 1945 3329 2016 Lactantio,
3365 1952 3665 2010 Victorino.

2186 2024 2360 2082 Porro
2390 2039 2448 2084 ut
2478 2030 2567 2086 ubi
2597 2031 2799 2088 desinit
2828 2034 3059 2105 Optatus
3083 2079 3098 2105 ,
3148 2043 3288 2111 coepi
3322 2059 3388 2100 ex
3417 2044 3722 2116 Augustino

2113 2130 2363 2191 repetere
2395 2124 2538 2194 quod
2587 2127 2834 2196 sequitur
2861 2129 2916 2186 in
2965 2130 3189 2188 historia
3220 2134 3491 2194 Africanae
3521 2140 3716 2198 Eccle-

2112 2213 2243 2268 siae:
2293 2216 2373 2270 sic
2404 2215 2496 2270 ubi
2524 2218 2858 2288 Augustinus
2882 2220 3087 2276 desinit
3111 2264 3126 2287 ,
3175 2226 3349 2282 visum
3379 2239 3465 2284 est
3493 2231 3721 2302 subjun-

2110 2319 2240 2376 gere
2266 2307 2409 2378 quod
2435 2308 2620 2364 Victor
2650 2310 2922 2367 Uticensis
2947 2313 3025 2386 (1)
3057 2314 3256 2374 deinde
3284 2330 3488 2377 narrat.
3519 2323 3625 2380 Sed
3653 2326 3722 2382 de

2115 2397 2288 2461 Utica.
2317 2411 2372 2455 ut
2399 2401 2469 2458 de
2495 2402 2698 2470 Milevi,
2734 2404 2866 2460 nihil
2897 2414 2982 2461 est
3009 2423 3238 2466 necesse
3267 2422 3322 2467 ut
3350 2429 3493 2471 nunc
3523 2417 3717 2475 addam

2110 2492 2428 2564 quidquam.
2485 2493 2690 2552 Omitto
2721 2497 2886 2552 etiam
2915 2499 3060 2568 quod
3107 2500 3162 2554 in
3204 2505 3485 2572 pandectis
3517 2512 3722 2566 nostris

2108 2583 2270 2655 lego,
2321 2585 2532 2641 Uticam
2584 2602 2692 2642 non
2743 2589 2922 2644 minus
2965 2605 3126 2660 quam
3153 2592 3540 2666 Carthaginem
3575 2600 3716 2670 juris

2109 2673 2279 2730 Italici
2309 2675 2496 2745 fuisse,
2528 2678 2565 2734 l.
2605 2679 2702 2734 ult.
2735 2679 2803 2734 de
2835 2679 3052 2737 Censib.
3083 2681 3190 2738 Sed
3219 2693 3278 2740 ut
3307 2687 3619 2746 Milevitano
3643 2695 3718 2748 si-

2109 2783 2177 2825 ve
2207 2768 2454 2825 Numida:
2491 2773 2707 2846 gratior.
2726 2772 2798 2826 sit
2829 2773 3038 2829 vicinus
3068 2775 3154 2830 hic
3180 2777 3390 2848 collega
3420 2779 3717 2850 Uticensis,

2110 2862 2286 2916 dicam
2325 2861 2497 2931 ipsam
2525 2864 2831 2920 Cirtensem
2879 2865 3145 2922 coloniam
3197 2869 3250 2924 in
3294 2869 3600 2927 Numidiam
3645 2890 3714 2929 ex

2108 2955 2350 3011 Uticensi
2401 2969 2674 3013 conventu
2716 2957 3004 3014 deductam
3059 2961 3265 3026 videri,
3318 2978 3440 3018 cum
3487 2965 3712 3036 quidem

2110 3050 2257 3104 illam
2302 3049 2657 3106 Sittianorum
2713 3061 2960 3107 vocatam
3007 3052 3174 3110 fuisse
3205 3055 3410 3114 Plinius
3462 3066 3715 3114 testetur.

388 3150 616 3206 terribili
659 3147 849 3202 mortis
885 3162 1088 3218 genere
1114 3144 1489 3200 exstinctum:
1533 3141 1696 3198 sicuti
1747 3151 1805 3200 et
1855 3141 2000 3209 leges
2026 3137 2072 3199 C
2106 3139 2166 3196 P.
2201 3148 2381 3198 autem
2428 3139 2642 3195 Sittium
2690 3141 2925 3210 equitem
2954 3141 3259 3198 Romanum
3307 3144 3376 3199 de
3427 3157 3702 3202 conventu

386 3253 587 3299 nostra:
619 3257 725 3298 non
758 3240 919 3297 modo
943 3239 1231 3297 Gildonem
1261 3237 1413 3292 illum
1440 3244 1742 3306 tyrannum
1773 3279 1788 3305 ,
1822 3235 1914 3307 qui
1946 3234 1999 3290 in

383 3336 565 3393 Africa
597 3335 853 3392 adversus
883 3334 1016 3403 lmp.
1049 3333 1352 3388 llonorium
1384 3345 1547 3387 arma
1580 3330 1818 3400 sumpsit
1845 3371 1860 3397 ,
1903 3327 2000 3385 sed

384 3439 442 3486 et
465 3429 583 3500 ejus
608 3427 868 3484 satellites
917 3427 1169 3497 persequi
1217 3440 1278 3481 se
1337 3423 1696 3494 proﬁtentur,
1732 3426 1768 3478 I.
1802 3441 1913 3487 xix,
1946 3439 1996 3478 c.

384 3523 489 3579 'I‘h.
519 3523 586 3579 de
611 3538 781 3594 poem;
808 3521 847 3576 l.
874 3537 984 3584 nx,
1011 3536 1061 3576 c.
1087 3520 1190 3574 Th.
1215 3519 1283 3573 de
1312 3518 1440 3571 bon.
1475 3517 1772 3588 proscript.
1805 3535 1818 3572 :
1843 3517 1922 3572 sic
1949 3525 2004 3572 et

386 3617 444 3672 in
463 3617 501 3673 l.
525 3631 618 3682 vn,
641 3629 691 3674 c.
714 3613 819 3670 Th.
843 3613 910 3670 dc
940 3622 1157 3678 metat.,
1182 3611 1438 3666 dicuntur
1464 3611 1765 3666 eonﬁscata
1797 3607 1997 3680 praedia

389 3707 640 3764 Gildenis
679 3705 852 3762 hostis
892 3703 1128 3775 publici,
1181 3711 1236 3757 et
1266 3700 1572 3760 satellitum
1601 3704 1722 3772 ejus
1761 3719 1774 3756 :
1807 3711 1999 3770 estque

391 3799 480 3854 lex
523 3797 823 3852 lioneriana
850 3796 914 3848 ad
947 3794 1340 3864 Pompeianum
1385 3795 1772 3862 proconsulem
1801 3791 1996 3846 Africa:

391 3891 516 3947 data
546 3889 855 3947 Mediolani.

467 3981 690 4052 Qualem
717 3988 899 4037 autem
928 3980 1044 4050 ipse
1063 3978 1398 4036 Claudianus
1422 3977 1846 4049 elegantissimis
1869 3994 1995 4034 ver-

393 4076 549 4132 sibus
573 4073 835 4129 describit
876 4073 1045 4129 luisse
1073 4072 1368 4128 Gildonem
1418 4072 1568 4126 illum
1615 4075 1667 4128 in
1694 4073 1875 4128 Africa
1912 4083 1997 4142 ly-

395 4184 624 4224 rannum
653 4175 708 4222 et
744 4166 1014 4221 latronem
1044 4207 1058 4231 ,
1099 4166 1263 4220 talem
1294 4174 1350 4219 et
1380 4166 1709 4234 Augustinus
1737 4166 1997 4234 Optatum

394 4261 687 4333 quemdam
703 4260 1066 4324 Denatistam,
1091 4258 1210 4328 ejus
1235 4259 1724 4328 Satellitem,quem
1754 4266 2000 4328 propter-

397 4371 464 4411 ea
515 4356 831 4426 plerumque
852 4351 1239 4408 Gildoniauum
1267 4359 1443 4406 vocat.
1477 4351 1673 4407 Verum
1695 4351 1800 4408 etsi
1828 4352 1994 4406 inter-

2109 3230 2350 3286 Uticensi
2380 3229 2547 3284 fuisse
2577 3231 2780 3286 Hirtius
2812 3234 3036 3288 scribat.

2181 3323 2406 3393 Reliqua
2435 3323 2503 3382 de
2523 3324 2720 3394 Optato
2745 3334 2802 3380 et
2831 3326 3046 3384 Victore
3073 3333 3142 3386 ex
3171 3331 3372 3388 nostris
3397 3330 3596 3389 deinde
3619 3347 3717 3388 an-

2107 3417 2476 3472 notationibus
2527 3428 2798 3488 petantur.
2855 3421 3027 3488 Quam
3079 3435 3261 3478 autem
3310 3426 3482 3494 priori
3528 3424 3714 3496 Optati

2109 3508 2332 3565 editioni
2362 3518 2486 3564 ante
2516 3525 2609 3566 sex
2638 3526 2812 3567 annos
2842 3513 3179 3583 przeflxeram
3211 3517 3478 3588 prolixam
3523 3519 3717 3588 praefa-

2106 3605 2309 3660 tionem
2334 3646 2347 3669 ,
2379 3620 2486 3662 non
2518 3605 2586 3661 de
2611 3603 2810 3672 Optato
2837 3607 3024 3674 modo,
3061 3609 3158 3664 sed
3189 3618 3243 3665 et
3272 3610 3340 3665 de
3371 3611 3557 3668 multis
3589 3613 3712 3668 aliis

2105 3699 2372 3768 capitibus
2403 3716 2581 3753 rerum
2610 3699 3142 3767 Ecclesiasticarum,
3173 3703 3241 3757 de
3269 3705 3469 3773 quibus
3496 3713 3554 3759 ut
3587 3715 3714 3761 tunc

2106 3808 2322 3863 agerem
2345 3834 2360 3857 ,
2401 3793 2626 3864 cogebat
2659 3808 2744 3848 me
2770 3794 3011 3848 conditio
3039 3795 3159 3865 ejus
3184 3797 3555 3852 contentionis
3579 3841 3593 3864 ,
3641 3799 3710 3854 ad

2106 3901 2266 3957 quam
2293 3886 2378 3940 vel
2409 3885 2607 3941 invitus
2636 3896 2937 3957 pertractus
2968 3903 3118 3945 eram
3143 3933 3157 3954 ,
3212 3898 3267 3945 et
3310 3892 3564 3948 acerrimi
3598 3893 3712 3950 lad-

2105 3978 2337 4034 versnrii
2362 3994 2482 4034 cum
2521 3995 2629 4050 quo
2654 3979 2786 4034 mihi
2817 3996 2906 4036 res
2936 3989 3056 4036 erat
3082 4022 3096 4046 ,
3142 3979 3429 4038 refellendi
3459 3984 3709 4053 quaedam

2108 4071 2443 4126 necessitas:
2487 4086 2629 4146 eam,
2665 4071 2904 4140 inquam,
2944 4071 3406 4127 vehementiorem
3439 4074 3712 4142 praefatio-

2108 4180 2232 4219 nem
2263 4163 2313 4216 in
2343 4162 2442 4216 hac
2473 4163 2712 4220 editione
2742 4165 2890 4219 nolui
2922 4163 3183 4218 inculcari
3211 4181 3224 4216 :
3272 4179 3431 4235 quam
3461 4167 3592 4224 satis
3621 4182 3712 4223 su-

2108 4269 2311 4328 perque
2340 4264 2421 4310 est
2450 4255 2650 4310 editam
2677 4271 2776 4312 suo
2805 4267 3049 4326 tempore
3077 4255 3245 4312 semel
3273 4255 3460 4316 fuisse.

2179 4346 2398 4400 Lutetia:
2428 4344 2770 4416 Parisiorum,
2805 4347 2946 4404 Idib.
2977 4347 3158 4402 Martii
3187 4346 3349 4404 1569.

475 4490 554 4562 (1)
583 4490 740 4545 Errat
783 4487 870 4542 hic
895 4485 1048 4542 Bald.
1080 4485 1270 4543 Victor
1295 4487 1440 4542 enim
1473 4487 1564 4543 ille
1603 4503 1709 4544 non
1739 4489 1840 4543 fuit
1867 4485 2164 4552 Uticensis,
2199 4482 2294 4539 sed
2326 4480 2589 4538 Vitensis.

1367 4715 2765 4850 ANNOTATIONES

831 4921 952 5005 IN
1028 4917 1488 5006 SEPTEM
1559 4920 1979 5008 LIBROS
2057 4917 2490 5004 ΟΡΤΑΤΙ
2563 4916 3266 5004 MILEVITANI

1180 5078 1262 5136 Ea:
1291 5076 1389 5133 Fr.
1420 5077 1668 5136 Balduini
1691 5080 1789 5138 JC.
1824 5078 2213 5138 Commentariis
2233 5093 2404 5132 rerum
2437 5075 2932 5132 Ecclesiasticnrum.
2981 5081 2995 5134 ἒ

1742 5216 2393 5248 ___—-c—————

866 5311 933 5370 IN
971 5309 1228 5372 LIBRUM
1266 5309 1556 5369 PRIMUM.

487 5463 616 5533 Pag.
675 5463 725 5516 1.
763 5459 837 5520 Ut
884 5461 1138 5533 Donatum
1181 5452 1664 5533 Carthaginensem
1703 5451 1997 5533 antistitem

411 5524 819 5592 Denaiistarnm
877 5532 1040 5588 multa
1092 5524 1376 5593 scripsisse
1423 5525 1488 5580 ad
1543 5539 1696 5583 suam
1753 5524 2001 5578 hmresim

412 5606 1000 5677 pertinentiatestatur
1031 5595 1676 5677 IlierenymusninCatal.
1712 5603 1767 5649 et
1811 5593 2002 5675 eodem

417 5665 669 5744 iempore
705 5672 976 5744 Vitellium
1025 5665 1358 5744 Aft'ttmjfjtls
1393 5665 1640 5744 factionis
1678 5665 2001 5744 aceprimum

415 5735 768 5807 defensorem
791 5743 950 5802 fuisse
988 5740 1172 5800 scribit
1207 5737 1515 5796 Gennadius
1540 5754 1553 5792 :
1582 5737 1659 5796 sic
1699 5744 1754 5794 et
1781 5735 2002 5794 Parme-

2031 5304 2086 5364 D
2113 5304 2326 5366 nianus.
2354 5303 2443 5372 qui
2473 5304 2549 5360 illi
2583 5304 2791 5362 Donato
2821 5309 3105 5373 successit,
3135 5324 3285 5369 suam
3330 5302 3534 5368 sectam
3561 5314 3703 5369 mul-

2112 5378 2180 5454 t_is
2211 5375 2410 5454 libellis
2451 5378 2703 5454 armavit.
2735 5377 2942 5434 Interea
2989 5390 3168 5454 tamen
3213 5383 3397 5437 nescio
3435 5385 3706 5454 quomodo

2105 5447 2371 5504 Catholici
2400 5449 2453 5502 in
2499 5449 2676 5504 Africa
2713 5465 2878 5518 prope
2922 5453 3052 5504 muti
3085 5463 3240 5507 erant
3270 5470 3284 5506 :
3315 5447 3467 5509 certe
3492 5456 3705 5511 libellos

2106 5535 2236 5578 suos
2279 5536 2384 5594 non
2414 5522 2795 5594 opponebam.
2823 5521 2928 5578 Sed
2958 5523 3172 5581 tandem
3219 5525 3271 5580 in
3320 5525 3562 5579 Numidia
3594 5526 3703 5594 Op-

2109 5604 2252 5664 tatus
2288 5593 2576 5662 epiSCnpus
2626 5593 3169 5664 Milevitanusrcezpit
3213 5594 3566 5659 respondere.
3627 5593 3704 5651 Ac

2106 5662 2325 5737 quidem
2373 5665 2683 5722 existimavi
2733 5663 3026 5737 aliquando
3069 5662 3234 5720 hosce
3283 5665 3462 5731 Optati
3516 5677 3703 5722 contra

2110 5733 2533 5800 Parmcnianum
2555 5737 2724 5799 libros
2747 5733 2982 5806 scriptos
3001 5734 3194 5806 fuisse,
3220 5744 3408 5796 contra
3433 5750 3554 5800 eam
3575 5739 3708 5798 Par~
