4152 6166
350 294 502 353 “37

1577 295 1645 354 IN
1677 292 2003 356 SANCTUM
2027 264 2382 362 cernua.

3530 312 3671 371 1188

347 421 574 497 mortem
617 412 975 497 quadraginta,
1005 426 1056 470 et
1099 416 1238 497 quod
1278 416 1524 497 cecurrit,
1568 415 1717 497 annis
1741 415 1962 497 peractis
1986 417 2044 478 A
2069 421 2415 497 rescripsisse
2441 416 2533 474 vel
2555 423 2913 497 respondisse
2945 440 3053 497 quo
3095 438 3237 481 anno
3276 435 3419 484 totus
3442 438 3560 485 erat
3610 430 3667 485 in

345 484 568 558 traditio
614 485 1029 558 codicumﬂfacta
1075 484 1148 542 est
1179 504 1199 542 :
1232 490 1369 540 unde
1392 495 1661 558 eruperunt
1701 484 1956 558 appellari

346 556 650 610 tradilores.
679 556 820 613 Sane
845 557 1199 629 Hieronymus
1226 559 1277 612 in
1304 556 1476 612 Calai.
1504 557 1693 611 Scribit
1718 556 1949 629 Cypria-

344 642 480 681 num
517 641 733 695 passum
759 639 811 681 et
840 628 1112 682 mortuum
1156 643 1275 683 esse
1306 629 1407 685 sub
1443 629 1724 684 Valeriano
1749 628 1804 683 et
1832 628 1956 684 Gal-

346 697 500 751 lieno
544 697 715 768 impp.
756 699 1132 766 persecutione
1170 706 1383 753 octava.
1417 698 1474 754 lu
1520 699 1739 754 Eusebii
1769 710 1953 754 autem

344 768 628 824 Chronico
648 784 823 824 annos
852 770 994 825 illius
1014 770 1278 839 passionis
1307 772 1606 840 simplicius
1635 776 1691 823 et
1715 774 1954 839 apertius

350 839 656 904 indicatur,
711 840 1013 908 diciturque
1069 841 1236 895 fuisse
1279 839 1480 896 Christi
1548 842 1951 897 ducentesimus

343 911 849 983 etisexagesimus
898 928 911 965 :
985 912 1129 967 unde
1157 912 1475 983 nvideretur
1495 913 1830 983 Augustinus
1877 912 1950 966 si-

344 982 625 1052 gnificare
669 981 1016 1037 traditionem
1072 981 1319 1038 codicum
1379 981 1606 1038 factam'
1638 998 1760 1037 esse
1808 984 1951 1037 circa

346 1051 553 1124 annum
592 1051 794 1124 Christi
824 1056 1287 1110 trecentesimum.
1331 1055 1420 1108 Sic
1447 1062 1503 1109 et
1528 1053 1859 1124 AuguStinus
1896 1055 1949 1107 iu

350 1122 557 1178 brevic.
585 1123 636 1178 id
655 1124 946 1191 signiﬁcat,
974 1141 1096 1179 cum
1127 1134 1333 1192 narrat,
1358 1125 1433 1192 id,
1464 1126 1532 1178 de
1554 1122 1662 1191 quo
1692 1124 1778 1179 hic
1807 1140 1953 1193 qua:-

350 1194 511 1259 ritur,
545 1194 742 1249 factum
789 1210 914 1251 esse
944 1194 1280 1250 Diocletiano
1321 1211 1374 1249 ιχ
1430 1208 1478 1250 et
1507 1196 1831 1251 Maximiano
1860 1210 1951 1250 vut

344 1279 520 1330 coSs.,
556 1266 645 1317 lib.
681 1282 741 1321 tu
768 1278 959 1321 contra
982 1267 1240 1321 Crescon.
1267 1281 1387 1335 cap.
1421 1267 1473 1331 7,
1505 1267 1688 1333 liabet,
1720 1267 1947 1322 Dioclet.

342 1350 443 1390 vni
494 1347 549 1391 et
591 1336 918 1390 Maximiano
947 1352 1016 1392 vn
1045 1351 1189 1393 coss.
1232 1336 1339 1392 Sed
1389 1353 1494 1392 uon
1530 1340 1751 1393 multum
1787 1338 1951 1392 inter-

340 1414 429 1462 est
466 1405 763 1475 Eusebius,
793 1407 888 1463 lib.
911 1424 1007 1464 vm
1026 1408 1228 1463 Histor.
1256 1408 1596 1477 Ecclesejus
1617 1409 1948 1476 persecutio-

338 1478 425 1533 nis
444 1479 771 1545 principium
795 1478 968 1548 rejicit
989 1480 1040 1534 in
1058 1479 1327 1534 decimum
1343 1494 1754 1535 nonumanuum
1774 1479 1950 1548 Impe-

335 1549 404 1604 rii
426 1549 774 1614 Diocletiani,
791 1550 881 1620 qui
902 1549 1003 1605 fuit
1025 1559 1249 1605 octavus
1273 1552 1586 1605 consulatus
1604 1548 1943 1606 Diocletiani.

332 1621 580 1692 Sequens
608 1630 801 1675 autem
846 1638 1042 1687 annos,
1089 1636 1211 1676 cum
1262 1622 1624 1676 Diocletianus
1664 1637 1723 1676 ιι
1757 1621 1947 1676 consul

332 1699 509 1755 esset,
539 1693 630 1747 fuit
658 1701 974 1762 postremus
1002 1707 1176 1747 annos
1206 1693 1417 1761 imperii
1448 1694 1636 1761 ipsius.
1683 1692 1763 1746 Eo
1801 1693 1945 1746 enim

333 1780 482 1836 anno
510 1779 564 1819 x1
603 1763 729 1820 Cal.
756 1763 875 1819 Maii
907 1763 1037 1836 (quo
1057 1763 1147 1818 die
1172 1762 1302 1836 olim
1334 1763 1695 1836 Diocletianus
1714 1764 1945 1833 primum

332 1834 513 1906 factus
551 1837 759 1906 fuerat,
777 1834 1095 1906 imperator)
1145 1834 1288 1888 ultro
1325 1834 1616 1906 abdicavit,
1648 1848 1769 1888 cum
1800 1846 1945 1906 esset

332 1905 683 1962 Nicomediae.
722 1905 1046 1961 Foitaotem
1077 1904 1253 1960 annus
1290 1904 1495 1960 Christi
1532 1904 1944 1972 trecentesimus

335 1987 585 2047 quartus.
618 1979 756 2031 Cum
783 1975 1010 2047 Optatos
1046 1987 1293 2031 numeret
1319 1991 1518 2031 annum
1546 1975 1943 2046 sexagesimum

335 2050 408 2102 ab
436 2064 505 2102 eo
537 2060 805 2117 tempore,
834 2049 944 2118 jam
985 2049 1118 2101 satis
1158 2048 1385 2117 intelligi
1429 2056 1629 2118 potest,
1666 2062 1773 2116 quo
1802 2063 1945 2103 anno

335 2120 571 2188 Optatos
590 2120 703 2174 haec
732 2117 1029 2187 scripserit.
1060 2118 1168 2174 Sed
1193 2134 1315 2173 cum
1337 2117 1519 2181 addat,
1549 2127 1595 2171 et
1612 2118 1750 2188 quod
1767 2134 1948 2172 excur-

336 2192 434 2254 rit,
469 2196 525 2244 et
558 2190 767 2245 Damasi
795 2193 877 2245 sui
903 2191 1033 2244 Socii
1066 2198 1248 2259 postea
1278 2189 1608 2254 meminerit,
1655 2188 1808 2243 facile
1849 2204 1943 2256 pa-

340 2262 457 2315 tior
484 2270 539 2314 ut
581 2260 960 2316 tri-centesimo
1005 2258 1405 2331 septuagesimo
1442 2275 1587 2314 anno
1614 2258 1862 2331 dicantur
1890 2260 1944 2314 bi

342 2332 469 2386 libri
504 2333 687 2402 scripti
736 2333 804 2385 ab
843 2331 1081 2400 Optato:
1127 2329 1236 2402 quo
1279 2345 1425 2385 anno
1470 2331 1634 2401 ctepit
1686 2329 1946 2402 Damasus

340 2416 584 2471 praet-see
617 2400 876 2459 Ecclesiae
921 2400 1202 2468 Romanae,
1253 2402 1414 2467 paulo
1444 2400 1724 2468 postquam
1755 2400 1948 2456 Valen-

342 2472 588 2528 tinianus
605 2484 660 2529 et
688 2474 885 2529 Valens
913 2475 1178 2542 imperare
1199 2481 1484 2542 coeperunt
1511 2489 1523 2525 :
1547 2471 1744 2536 quibus
1774 2472 1947 2542 impe-

343 2543 600 2615 rantibus
630 2545 729 2600 ltos
750 2546 818 2599 ab
857 2546 1053 2615 Optato
1085 2545 1251 2615 libros
1276 2546 1505 2613 scriptos
1530 2558 1651 2596 esse
1677 2543 1831 2596 testis
1864 2551 1948 2615 est

342 2617 514 2670 etiam
541 2613 855 2685 llieronym.
886 2613 938 2669 iii
966 2615 1137 2671 Catal.
1174 2614 1359 2684 Itaque
1384 2627 1609 2667 necesse
1636 2627 1758 2685 esse
1784 2624 1842 2667 ut
1867 2613 1945 2669 di-

343 2701 536 2741 camus
567 2684 835 2757 suspicor,
859 2687 999 2741 libro
1027 2685 1273 2756 sequeuli
1310 2686 1361 2739 in
1393 2685 1649 2751 Catalogo
1679 2684 1950 2757 Romano-

343 2773 468 2811 rum
496 2754 872 2826 episcoporum
911 2754 1326 2827 expungendum
1355 2769 1477 2827 esse
1518 2770 1716 2809 nomen
1746 2754 1944 2827 Siricii.

345 2827 450 2882 llic
502 2828 648 2882 enim
697 2829 926 2883 Damaso
965 2826 1198 2897 primum
1249 2826 1509 2882 successit
1554 2840 1699 2881 anno
1748 2826 1949 2881 Christi

346 2899 732 2972 trccentesimo
757 2902 1088 2972 octogesimo
1118 2908 1295 2972 sexto.

421 2968 575 3050 Nunc
602 2971 776 3050 paulo.
810 2967 1122 3050 diligentius
1162 2969 1461 3031 videamus,
1510 2967 1638 3050 quid
1683 2967 1778 3050 sit,
1802 2967 1949 3050 quod

344 3039 577 3109 Optatos
617 3041 705 3097 hic
729 3042 805 3096 ait
833 3040 902 3097 de
915 3039 1252 3110 itempeState
1283 3039 1670 3107 persecutionis
1696 3039 1943 3110 suigtem-

346 3108 521 3181 peris.
548 3112 676 3166 Eam
699 3128 886 3168 rursus
909 3108 1165 3167 describit
1189 3112 1325 3164 libro
1349 3111 1507 3163 tertio
1530 3125 1544 3162 :
1567 3109 1653 3163 ubi
1686 3109 1761 3164 ait
1784 3108 1948 3181 fuisse

2065 486 2259 566 edictis
2299 499 2492 547 contra
2550 486 2889 550 Christianos
2942 486 3213 566 postremo
3257 499 3498 562 edendis,
3556 515 3668 555 non

2064 559 2167 635 legi
2189 579 2217 635 3
2253 572 2626 635 praeterquam
2658 567 2798 634 quod
2830 559 2957 621 mihi
2982 582 3123 622 nunc
3145 571 3285 623 venit
3318 571 3370 623 in
3404 559 3664 635 utentem,

2059 630 2312 688 subtilem
2357 630 2505 687 illam
2554 630 2614 686 L.
2665 630 2708 688 si
2740 641 2901 691 certis
2929 640 3085 693 anuis
3112 636 3175 693 C.
3208 640 3277 694 de
3304 638 3455 695 Paci.
3483 630 3665 697 datam

2059 715 2183 758 esse
2224 704 2562 758 Diocletiano
2617 720 2713 761 vm
2753 718 2808 762 et
2856 707 3181 763 Maximiano
3224 724 3298 765 vn
3336 725 3478 765 coss.
3525 710 3664 766 Illud

2060 783 2336 840 postremo
2367 775 2522 842 juvat
2572 789 2859 849 annotare,
2897 777 3224 844 Douatistas,
3257 780 3350 849 qui
3386 782 3668 849 jactaliant

2060 852 2381 913 tantopere,
2429 858 2558 900 sese
2606 847 2788 902 odisse
2834 850 3123 905 traditores
3162 847 3420 905 librorum
3478 866 3666 907 saero-

2057 927 2398 978 sauetorum,
2419 923 2601 970 tamen
2629 932 2752 972 cum
2782 919 3038 975 Basilicas
3060 919 3458 976 Catholicorum
3477 923 3666 978 incen-

2056 982 2272 1064 derent,
2322 986 2373 1040 in
2421 1000 2515 1064 eas:
2557 988 2702 1064 ipsas
2740 988 2987 1064 ﬂatumas
3029 990 3321 1064 alujoando
3362 992 3665 1064 conjecisse

2058 1056 2206 1135 ipsos
2238 1056 2785 1135 qttoque‘dominicos
2813 1061 3047 1135 codices.
3078 1056 3257 1118 Testis
3296 1070 3381 1118 est
3410 1056 3665 1135 Augusti-

2058 1140 2161 1200 nus
2191 1127 2245 1177 iu
2275 1125 2506 1194 epistola
2533 1130 2997 1200 quinquagesima.

2127 1195 2325 1276 Porro,
2355 1200 2499 1276 quod
2526 1195 2717 1254 attinet
2739 1195 2816 1276 ad
2846 1211 3010 1257 totam
3043 1202 3345 1276 historiam,
3373 1220 3531 1273 quam
3553 1204 3666 1276 Op-

2054 1272 2201 1320 tatos
2234 1266 2321 1321 hic
2365 1266 2592 1342 delibat,
2635 1280 2697 1326 ut
2722 1270 3074 1342 Augustinus,
3117 1274 3212 1328 lib.
3244 1290 3264 1329 ι
3307 1266 3493 1333 contra
3528 1266 3663 1331 Par-

2056 1352 2205 1417 men.
2251 1340 2460 1417 capco,
2494 1357 2612 1417 eam
2641 1340 3006 1417 commendat,
3035 1345 3258 1417 etquod
3307 1346 3567 1417 quieritur
3597 1346 3667 1403 de

2052 1408 2272 1475 origine
2319 1413 2628 1485 seliismatis
2686 1413 2896 1483 Donati,
2954 1408 3021 1468 ab
3058 1408 3255 1483 Optato
3305 1408 3662 1485 repetendum

2052 1491 2179 1558 esse
2207 1489 2418 1558 monet,
2447 1483 2526 1537 sic
2547 1486 2891 1558 cuutpassim
2920 1485 3082 1541 etiam
3111 1485 3228 1554 ipse
3247 1483 3665 1553 illustret,quod

2052 1547 2250 1628 scribit
2271 1549 2522 1620 Optatos,
2554 1554 2625 1628 ab
2662 1547 2965 1626 Augustino
2993 1547 3286 1625 repetenda
3317 1568 3403 1612 est
3425 1547 3666 1628 explica.

2052 1617 2150 1701 t_io.
2188 1616 2336 1701 Nam
2361 1616 2583 1701 etquod
2615 1616 2878 1701 imprimis
2910 1628 3012 1701 hoc
3052 1616 3183 1701 loco
3209 1628 3437 1694 Optatos
3484 1616 3668 1685 narrat

2051 1690 2124 1770 de
2158 1693 2352 1770 primis
2384 1690 2738 1770 traditoribus
2778 1707 2833 1751 et
2860 1697 3126 1770 homicida
3156 1690 3443 1767 Purpurio,
3477 1712 3665 1756 narrat

2052 1762 2219 1842 etiam
2248 1762 2606 1842 Augustinus,
2638 1766 2735 1821 lib.
2763 1783 2818 1842 tu
2841 1777 3017 1823 contr.
3034 1762 3312 1842 ACresemi.
3485 1770 3580 1836 27,
3610 1782 3667 1827 et

2052 1830 2104 1913 in
2152 1830 2249 1913 lib:
2283 1830 2471 1889 contra
2505 1835 2753 1913 F_ulgeut.
2787 1839 2975 1913 Donat.
3018 1839 3173 1913 Quod
3217 1842 3348 1894 dicit
3395 1830 3663 1897 Eleual'om

2052 1903 2424 1978 t_|_iur_ilieasse_,
2441 1903 2666 1978 verboiu
2693 1919 2776 1963 est
2806 1911 2869 1963 iis
2895 1903 3225 1978 temporibus
3249 1914 3528 1972 usitatum,
3551 1927 3659 1978 quo

2049 1973 2333 2045 dicebatur
2358 1976 2550 2045 aliquis
2572 1980 2695 2033 tlios
2718 1973 3021 2034 incendisse
3049 1981 3208 2035 idolis
3233 1991 3287 2036 et
3302 1973 3661 2041 sacriﬁcasse.

2050 2042 2207 2099 Unde
2236 2056 2292 2100 et
2334 2042 2670 2105 sacrificales
2705 2053 2987 2118 vocabant,
3034 2059 3093 2106 ot
3131 2060 3219 2106 est
3260 2052 3400 2122 apud
3439 2050 3662 2125 Cypria-

2052 2130 2204 2170 num.

2124 2184 2253 2270 Pag.
2284 2186 2433 2270 lict
2481 2187 2569 2270 lli.
2615 2191 2780 2270 Quod
2818 2193 3062 2270 sequitur
3100 2194 3241 2270 apud
3287 2192 3543 2270 Optatum
3589 2196 3662 2270 de

2050 2258 2281 2338 concilio
2306 2258 2562 2338 Cirtensi,
2595 2272 2650 2315 et
2675 2264 2812 2338 actis
2831 2258 3116 2333 scriptisve
3136 2258 3417 2338 cujusdam
3445 2265 3658 2323 Nundi-

2050 2328 2186 2410 narii
2208 2368 2224 2393 ,
2255 2343 2376 2410 qua:
2403 2327 2629 2410 Optatos
2653 2336 2728 2410 ad
2751 2336 2911 2410 linem
2932 2327 3136 2410 iturum
3166 2327 3442 2410 _li_brorum
3472 2353 3535 2393 se
3561 2340 3662 2394 ad-

2045 2400 2244 2467 iecisse
2269 2402 2344 2474 ait
2373 2415 2393 2453 :
2422 2400 2664 2456 dolerem
2717 2404 3056 2459 intercidisse
3080 2447 3096 2467 ,
3126 2405 3226 2461 nisi
3259 2411 3303 2460 si
3352 2410 3522 2474 repeti
3566 2410 3656 2464 illa

2054 2482 2211 2544 posse
2238 2473 2434 2544 scirem
2463 2486 2527 2524 ex
2563 2474 2848 2544 Augustini
2870 2475 3007 2529 libro
3031 2478 3193 2530 tertio
3221 2473 3657 2534 contraCresco-

2051 2542 2225 2617 nium,
2254 2540 2485 2617 et_epis_t.
2515 2540 2672 2617 cun
2686 2557 2741 2601 et
2784 2561 2940 2617 eva.
2960 2554 3013 2600 et
3037 2546 3131 2617 lib.
3154 2546 3222 2601 de
3249 2546 3394 2603 Unit.
3419 2562 3539 2617 cap.
3558 2549 3654 2617 20,

2058 2609 2217 2682 126
2235 2621 2287 2664 et
2307 2610 2513 2666 brevic.
2545 2614 2731 2669 collat.
2757 2617 2823 2670 ad
2856 2615 3039 2671 ﬁnem.
3065 2614 3254 2671 Obiter
3277 2619 3439 2671 etiam
3465 2609 3655 2674 a'dmo;

2050 2696 2179 2762 nec,
2210 2682 2352 2751 quod
2385 2682 2469 2762 bii:
2495 2683 2725 2752 Optatos
2750 2689 2831 2762 ait
2849 2687 3050 2762 dictum
3079 2701 3204 2743 esse
3224 2704 3253 2742 a
3283 2689 3532 2762 Secundo
3559 2689 3656 2762 Ti-

2049 2755 2235 2875 gitano
2266 2767 2282 2807 :
2315 2755 2480 2807 sedete
2503 2772 2679 2810 omnes
2704 2797 2720 2823 ,
2748 2758 2916 2813 videri
2962 2757 3129 2814 fuisse
3163 2759 3449 2828 quamdam
3488 2760 3653 2816 veluti

2075 2822 2340 2875 ormulam
2367 2834 2422 2875 et
2456 2828 2673 2875 tacitam
2716 2828 3163 2875 significationem
3209 2832 3529 2875 simnimane
3558 2832 3653 2875 ah-

2075 2822 2340 2899 ormulam
2367 2834 2422 2879 et
2456 2828 2673 2899 tacitam
2716 2828 3164 2899 signiﬁcationem
3184 2822 3529 2899 'signumque
3558 2832 3654 2887 ab-

2051 2893 2377 2948 solutionis:
2408 2896 2666 2966 otrsicoti
2694 2893 2908 2954 reorum
2957 2914 3080 2954 esse
3106 2893 3325 2963 dicitur,
3348 2893 3501 2966 stare
3524 2920 3538 2955 :
3569 2905 3649 2958 sic

2052 2966 2226 3041 sessio
2244 2980 2364 3034 qua'
2388 2965 2633 3041 jodieom
2657 2985 2778 3041 esse
2805 2970 2967 3041 solet,
2984 2971 3312 3041 intelligatur
3340 2965 3503 3026 etiam
3526 2987 3651 3029 esse

2051 3035 2422 3091 absolutorum
2447 3078 2460 3096 ,
2485 3038 2575 3101 qui
2621 3040 2697 3093 rei
2730 3054 2851 3095 esse
2881 3035 3181 3095 desierunt:

2124 3105 2253 3179 Pag.
2307 3107 2411 3179 16,
2440 3106 2592 3175 Quod
2624 3121 2805 3164 narrat
2833 3110 3062 3177 Optatos
3102 3111 3172 3166 de
3198 3111 3402 3167 Locilla
3426 3112 3649 3179 faemina

347 3178 455 3236 sub
485 3182 815 3239 Diocletiano
835 3195 889 3239 et
906 3182 1405 3255 Maximiano,‘_ante
1434 3196 1701 3255 annostot
1725 3190 1780 3236 et
1799 3180 1943 3255 quod
1972 3182 2018 3247 (ζ
2053 3192 2160 3231 nou
2184 3178 2363 3255 minus
2391 3178 2609 3255 factiosa
2642 3195 2805 3255 quam
2834 3181 3121 3251 pecuniosa
3143 3222 3160 3247 ,
3196 3186 3487 3255 exponitur
3515 3201 3652 3255 quo-

347 3262 612 3320 excurrit,
644 3257 800 3309 datos
822 3270 945 3310 esse
965 3251 1513 3322 impiosjodiees,qui
1543 3251 1742 3307 bellum
1773 3252 1947 3305 chris-

350 3324 500 3378 tiano
550 3325 752 3379 numiui
805 3324 1091 3389 inferrent,
1145 3335 1198 3378 et
1251 3323 1590 3377 Christianos
1642 3322 1949 3377 sacriﬁcare

347 3403 629 3460 engereut,
652 3394 1036 3465 Christumque
1082 3409 1300 3462 negare,
1328 3395 1522 3465 templa
1559 3393 1649 3465 Dei
1681 3393 1792 3465 vivi
1820 3392 1950 3445 sub-

350 3476 587 3537 verti-re,
620 3466 765 3537 leges
790 3463 1001 3522 divinas
1049 3465 1359 3537 incendere.
1408 3463 1560 3537 Nune
1607 3463 1735 3537 illud
1771 3470 1946 3537 urget,

350 3535 497 3604 quod
544 3533 920 3603 instrumenta,
951 3549 1009 3591 ut
1035 3538 1130 3593 ait.
1189 3536 1386 3589 diviute
1428 3536 1556 3603 legis
1584 3536 1801 3604 quidam
1833 3533 1950 3604 epi-

349 3608 499 3677 copi,
529 3608 690 3677 impie
718 3608 1057 3663 tradiderint.
1089 3607 1358 3677 Eusebius
1385 3606 1522 3659 libro
1565 3616 1762 3661 (lClilVU
1789 3604 1948 3677 latius

349 3676 616 3732 describit
640 3680 1031 3749 persecutionis
1058 3676 1210 3733 illius
1235 3685 1631 3749 tempestatem.
1664 3678 1738 3732 De
1765 3676 1947 3730 Africa

352 3758 561 3802 tantum
589 3746 685 3815 ait,
715 3749 1162 3805 innumerabilem
1196 3758 1321 3802 tunc
1361 3748 1411 3800 in
1449 3746 1705 3801 caluisse
1746 3755 1949 3817 marty-

351 3834 474 3873 rum
503 3820 920 3877 multitudinem.
942 3820 1049 3877 Sed
1080 3832 1133 3873 et
1156 3818 1393 3873 thermas
1420 3817 1787 3872 Maximianiiu
1814 3818 1949 3871 urbe

354 3890 763 3961 tiartliaginensi
797 3894 889 3947 illo
918 3903 1161 3961 tempore
1203 3898 1516 3961 exstructas
1556 3888 1724 3961 fuisse
1761 3888 1857 3961 ait,
1891 3894 1950 3940 ut

355 3958 677 4016 Diocletiani
704 3964 910 4017 Romte.
937 3958 1233 4016 llis'aotem
1260 3958 1568 4013 attolleudis
1593 3958 1948 4013 subserviisse

352 4034 523 4086 multa
556 4032 719 4088 millia
748 4033 1202 4090 Christianorum.
1234 4031 1400 4086 veluti
1441 4032 1505 4084 ad
1548 4031 1758 4085 metalla
1796 4030 1947 4082 dani-

354 4114 629 4175 natorum,
662 4107 990 4175 accepimus.
1031 4104 1164 4158 Illud
1199 4117 1392 4175 novum
1419 4113 1471 4155 et
1502 4101 1740 4175 insolens
1774 4099 1872 4154 fuit
1892 4099 1945 4153 in

352 4171 535 4227 edicto
565 4171 877 4231 Diocletiani
906 4180 1166 4229 adversus
1190 4174 1547 4243 Christianos,
1591 4171 1732 4243 quod
1766 4186 1946 4243 sacro-

354 4247 560 4300 sanctis
589 4263 775 4301 eorum
810 4246 963 4300 libris
1008 4246 1204 4298 bellum
1252 4242 1505 4297 indictum
1550 4241 1638 4306 sit,
1677 4253 1732 4295 ut
1762 4241 1949 4295 abole-

353 4327 543 4369 rentur
569 4317 802 4386 undique
841 4315 1148 4386 conquisiti.
1179 4314 1451 4369 Arnobius
1483 4315 1572 4383 qui
1609 4328 1676 4386 eo
1703 4322 1948 4386 tempore

354 4387 572 4440 vivebat
601 4392 648 4441 iu
677 4384 878 4447 Al'ricn,
905 4384 998 4441 lib.
1024 4402 1073 4440 ιν
1102 4400 1289 4439 contra
1331 4394 1516 4451 gentes
1542 4402 1554 4435 :
1619 4384 1829 4444 Nostra,
1867 4384 1943 4435 in-

355 4458 492 4525 quit,
536 4461 725 4528 scripta
757 4476 850 4513 cur
874 4459 1080 4528 ignibus
1120 4463 1416 4528 uterueruttt
1451 4455 1606 4528 deti?
1649 4452 1754 4528 Sed
1780 4452 1946 4528 impii

358 4523 576 4598 chulri
624 4523 746 4584 tunc
794 4523 1143 4599 olijiCiiebattt,
1187 4525 1329 4599 quod
1374 4523 1632 4599 Ulpianus
1673 4525 1750 4579 ait
1778 4524 1944 4599 libros

356 4593 673 4668 improbata:
722 4593 965 4656 lectionis
1011 4593 1309 4653 aboleuilos
1350 4610 1491 4655 esse,
1537 4597 1627 4649 lib.
1674 4611 1727 4668 tv
1770 4593 1941 4668 famil.

355 4665 566 4737 exerc.,
598 4672 764 4747 libros
791 4682 969 4747 autem
999 4669 1428 4747 Christianorout
1457 4681 1583 4747 esse
1608 4665 1816 4747 scilicet
1846 4666 1948 4747 im-

358 4745 597 4812 probata-
628 4743 890 4798 lectionis.
938 4742 1079 4796 Sane
1123 4741 1239 4812 ipsa
1267 4737 1693 4812 Maeliabieorum
1724 4737 1944 4812 historia

356 4807 512 4887 testis
529 4825 611 4868 est
638 4827 922 4886 tyrannum
945 4812 1095 4866 illum
1119 4807 1443 4887 Antiochum
1463 4807 1945 4887 ‘Epipltauemhqui

353 4883 574 4957 Juda'os
590 4876 1193 4957 exiermiuai'econatus
1205 4876 1558 4957 est,Mos_aie_is
1569 4876 1783 4957 quoque
1796 4876 1947 4931 libris

359 4956 853 5010 bellumindixissc.
874 4953 1004 5008 Tale
1024 4952 1329 5019 exemplum
1370 4949 1735 5004 Diocletianus
1768 4950 1818 5002 in
1845 4962 1946 5019 suo

356 5027 538 5081 edicto
565 5038 785 5082 secutus
809 5040 933 5080 esse
962 5018 1215 5078 videtur:
1251 5030 1305 5077 ut
1331 5030 1388 5075 et
1412 5022 1717 5088 exemplum
1736 5018 1945 5074 Diocle-

359 5098 719 5171 tianisecutus
732 5098 942 5171 videtur
955 5106 1210 5171 tyrannus
1225 5093 1318 5147 ille
1335 5089 1609 5146 Vandalus
1626 5089 1942 5171 etArianus,

357 5169 449 5237 qui
491 5170 541 5222 in
582 5169 757 5223 Africa
789 5168 993 5235 aliquot
1018 5166 1339 5237 annisgporst
1383 5166 1942 5237 tuortetn__Aiigustiui,

353 5231 518 5309 jussit
546 5237 776 5293 flammis
802 5231 965 5292 etiam
1004 5231 1226 5309 abol_er_i'
1245 5236 1421 5309 libros
1436 5231 1858 5309 Catholicorum,
1888 5238 1947 5284 ut

359 5303 540 5365 narrat
573 5309 757 5365 Victor
788 5308 1072 5365 Uticensis.
1109 5306 1353 5359 Edictum
1391 5303 1701 5356 Diocletiani
1729 5318 1833 5355 non
1857 5317 1944 5355 re-

355 5382 493 5434 citat
532 5381 816 5443 Eusebius,
862 5378 955 5454 sed
986 5388 1164 5430 narrat
1191 5374 1478 5446 quemdam
1498 5390 1572 5454 ex
1603 5372 1789 5454 aulicis
1822 5387 1948 5454 pro:

355 5451 593 5516 ceribus,
639 5454 726 5521 qui
760 5442 1094 5521 (llirisﬁanus
1139 5442 1275 5521 erat,
1324 5459 1447 5521 cum
1498 5442 1821 5521 Nicomedia:
1845 5442 1950 5521 _ubi

356 5513 729 5578 Diocletian-us
755 5520 965 5589 agebat.
998 5519 1203 5570 videret
1240 5514 1463 5581 impium
1495 5514 1727 5568 edictum
1750 5513 1951 5589 _pa|am_

360 5594 699 5665 propositum
743 5582 816 5644 et“
848 5590 1231 5660 proscriptum,
1276 5599 1466 5639 ausum
1504 5599 1637 5665 ies~e
1666 5585 1855 5665 pallam
1904 5582 1957 5636 id

360 5655 698 5732 hiscerpere,
750 5655 1153 5732 nec'remtsassi:
1197 5671 1336 5732 quas
1364 5655 1716 5732 prttptcr_tale
1759 5657 1959 5707 factum

463 5725 564 5788 uas.
589 5730 898 5800 impendere
945 5727 1179 5800 scie_b_et._
1210 5725 1284 5800 De
1318 5725 1440 5794 jure
1484 5726 1648 5800 civili,
1690 5742 1823 5800 euut
1857 5735 1963 5800 tam

383 5800 531 5860 nulla
561 5793 719 5859 antea
747 5799 1004 5867 rescripta
1037 5793 1400 5853 Diocletianus
1439 5796 1721 5863 edidisset,
1755 5793 1960 5864 aliquid

1969 4557 2024 4619 D

2050 3262 2160 3374 aue
2201 3246 2272 3302 ab
2310 3250 2610 3318 Augustino
2643 3246 2694 3304 in
2722 3246 2883 3318 epist.
2938 3267 3079 3307 CLxu
3102 3295 3119 3317 ,
3145 3246 3201 3308 et
3241 3246 3334 3308 lib.
3368 3270 3425 3309 tu
3461 3246 3652 3311 contra

2099 3331 2311 3372 rescou.
2351 3335 2471 3374 cat).
2500 3319 2592 3374 28.
2623 3320 3025 3374 Hisuauamuue
3062 3322 3232 3374 fuisse
3255 3325 3438 3374 adiicit
3462 3326 3516 3374 in
3552 3327 3645 3374 lib.

2099 3331 2311 3393 rescou.
2351 3335 2471 3389 cap.
2500 3319 2592 3379 28,
2623 3320 3025 3393 Hispaniamque
3062 3322 3232 3379 fuisse
3255 3325 3438 3393 adjicit
3462 3326 3516 3380 in
3551 3327 3645 3381 lib.

2050 3389 2119 3466 de
2147 3386 2291 3466 linit.
2321 3386 2561 3466 captiti:
2590 3401 2645 3446 et
2673 3386 2768 3447 lib.
2795 3408 2834 3466 ll
2872 3386 3064 3466 contra
3122 3394 3277 3449 Petil.
3312 3386 3433 3466 cap.
3471 3398 3648 3453 ultim.

2051 3460 2296 3527 Denique
2340 3460 2493 3533 valde
2526 3460 2786 3533 famosam
2810 3462 2978 3518 fuisse
3002 3474 3240 3533 oportet,
3272 3460 3397 3521 cuni
3431 3478 3485 3521 et
3517 3466 3648 3523 Hie-

2050 3543 2311 3599 ronymus
2337 3530 2401 3585 ad
2425 3532 2668 3602 Ctesiph.
2700 3549 2929 3588 narrans
2962 3530 3157 3589 inultas
3196 3537 3452 3591 mulieres
3482 3537 3651 3593 fuisse

2052 3603 2529 3679 btet-eseoqveluti
2542 3604 2813 3679 nutrices,
2843 3603 3095 3679 Donatus,
3146 3606 3357 3679 inquit,
3390 3624 3480 3679 per
3504 3609 3649 3679 Afris

2050 3689 2163 3745 cum
2201 3670 2417 3745 Lucilio:
2445 3675 2627 3742 apibus
2668 3675 2878 3745 adjutus
2906 3687 2998 3729 est.
3042 3670 3278 3745 Omitto,
3309 3670 3452 3744 quod
3482 3670 3644 3734 aliam

2052 3744 2211 3816 plane
2238 3742 2469 3816 similem
2493 3745 2657 3800 fuisse
2687 3742 2964 3816 auctorem
2993 3742 3274 3816 cujusdam
3301 3742 3444 3802 inter
3474 3748 3651 3804 Dona-

2052 3813 2797 3887 tistasAscliismatistestator
2839 3813 3174 3886 Augustinus
3211 3818 3263 3871 in
3294 3821 3452 3887 epist.
3480 3834 3648 3876 cun.

2120 3884 2256 3959 Ibid.
2291 3881 2425 3959 lllud
2458 3885 2633 3959 carius
2677 3895 2732 3941 et
2766 3881 3050 3959 obscurius
3078 3899 3193 3959 est,
3220 3881 3362 3957 quod
3413 3888 3642 3959 Optatos

2052 3954 2139 4010 hic
2169 3956 2435 4029 signiﬁcat
2476 3955 2749 4029 Lucillum
2789 3957 2934 4012 illam
2992 3959 3044 4012 in
3078 3954 3316 4014 Eoi-lesia
3345 3954 3643 4029 reprelien-

2050 4041 2164 4082 sam
2206 4027 2394 4090 fuisse,
2425 4028 2567 4094 quod
2595 4038 2719 4083 ante
2744 4043 2952 4083 sacram
2993 4027 3423 4085 communionem
3455 4047 3517 4086 os
3554 4046 3653 4087 cu.

2044 4097 2260 4166 jusdam
2314 4098 2511 4152 mortui
2556 4101 2798 4154 est-ulata
2823 4109 2987 4155 esset.
3019 4101 3156 4166 Quid
3189 4103 3290 4155 hoc
3311 4102 3414 4156 sibi
3450 4104 3643 4168 vellet,

2050 4171 2136 4223 vix
2158 4169 2400 4242 divinare
2424 4184 2640 4236 possum
2666 4170 2982 4242 ;_sed_venit
3012 4174 3061 4242 in
3092 4179 3327 4225 mentem
3354 4172 3495 4242 quod
3523 4172 3646 4228 Bal-

2049 4254 2204 4311 samo
2232 4239 2498 4307 interpres
2535 4240 2751 4294 COllCllli
2788 4237 3101 4311 Carthagin.
3128 4255 3246 4310 cap.
3279 4237 3387 4305 til,’
3413 4244 3640 4311 scribit,

2050 4309 2355 4381 Donatum”
2393 4320 2667 4363 auctorem
2717 4311 3017 4381 ducemque
3077 4309 3480 4368 Donatistarum
3539 4309 3644 4370 do-

2051 4381 2256 4446 coisse,
2289 4379 2523 4449 aliquem
2575 4380 2879 4456 divinorum
2924 4379 3304 4453 mysteriorum
3332 4385 3645 4456 participem

2050 4466 2174 4577 {esse
2204 4465 2309 4505 non
2341 4466 2520 4521 posse,
2575 4452 2675 4506 nisi
2704 4469 2765 4508 os
2790 4453 2844 4508 in
2872 4452 3033 4507 manu
3065 4462 3277 4520 tenens,
3305 4454 3354 4509 id
3379 4452 3537 4526 prius
3555 4470 3643 4511 sa-

2071 4530 2201 4577 utet.

2071 4530 2201 4577 utet.

2126 4593 2253 4665 Pag.
2286 4594 2354 4649 l7
2380 4603 2434 4648 et
2467 4592 2552 4649 l8.
2578 4594 2731 4661 Quod
2757 4593 2986 4661 Optatos
3022 4605 3202 4649 narrat
3227 4594 3296 4650 de
3326 4595 3506 4651 Felice
3526 4596 3645 4652 dia-

2051 4679 2193 4720 cono
2214 4664 2308 4736 qui
2337 4678 2555 4735 propter
2583 4664 2842 4719 famosam
2867 4668 2935 4720 de
2968 4677 3194 4735 tyranno
3221 4668 3352 4735 imp.
3383 4668 3641 4736 scriptam

2053 4738 2337 4807 epistolam
2366 4737 2747 4807 accusatossit
2771 4779 2784 4799 ,
2815 4744 2999 4807 posset
3030 4738 3270 4791 revocari
3301 4736 3366 4791 ad
3400 4740 3544 4806 leges
3572 4738 3643 4794 de

2053 4805 2276 4862 famosis
2318 4806 2535 4864 libellis.
2563 4806 2670 4863 Sed
2701 4805 2827 4878 quia
2854 4808 2960 4861 alio
2990 4809 3042 4861 in
3073 4807 3191 4862 loco
3222 4807 3392 4863 fusius
3418 4805 3512 4863 eas
3546 4826 3642 4865 ex-

2052 4877 2232 4960 posui,
2262 4893 2403 4960 nunc
2430 4894 2536 4960 non
2568 4877 3161 4960 repetatu._'l‘_y_raunom
3187 4887 3367 4960 autem
3400 4879 3529 4948 imp.
3555 4880 3647 4960 hic

2051 4947 2275 5021 intelligi
2305 4947 2641 5021 Maxentium
2675 4965 2780 5003 non
2813 4947 3036 5021 dubito,
3068 4964 3229 5021 quem
3262 4959 3439 5006 tamen
3474 4947 3638 5021 paulo

2053 5028 2174 5089 past
2194 5020 2420 5087 Optatos
2448 5019 2717 5088 signiﬁcat
2753 5018 3043 5089 aliquando
3068 5019 3232 5074 fuisse
3262 5035 3429 5090 prope
3459 5018 3640 5077 indul-
3683 5065 3693 5072 .

2053 5098 2287 5159 gentem.
2322 5091 2772 5155 Constantinum,
2800 5090 2893 5159 qui
2923 5105 3045 5143 eum
3078 5091 3464 5159 pessumdedit,
3493 5108 3640 5148 seve-

2053 5175 2172 5215 rum
2206 5158 2470 5235 vindicem
2533 5158 2861 5235 famosorum
2906 5160 3251 5235 libellorum,
3285 5163 3470 5235 ipsius
3495 5165 3642 5235 leges

2052 5240 2337 5284 testantur.
2370 5228 2438 5283 Et
2476 5229 2691 5299 quidem
2740 5232 2920 5284 statim
2967 5238 3087 5297 post
3114 5228 3381 5288 soblatum
3426 5228 3640 5288 Maxcu-

2054 5302 2187 5355 tium
2213 5343 2226 5363 ,
2260 5314 2382 5355 cum
2411 5300 2479 5353 ab
2515 5300 2691 5355 Alrica
2736 5300 3030 5367 recepisset
3075 5301 3313 5357 libellum
3362 5315 3641 5359 accusato—

2054 5372 2191 5426 rium
2218 5383 2405 5426 contra
2426 5370 2770 5443 Cteciliauum
2802 5375 2942 5443 (quze
2965 5370 3169 5427 famosa
3198 5374 3375 5442 potius
3396 5376 3640 5443 qua-dam

2056 5443 2323 5496 calumnia
2356 5441 2494 5514 erat)
2540 5442 2752 5497 libellos
2797 5441 3031 5514 famosos
3075 5445 3162 5512 qui
3202 5441 3491 5510 subscripti
3537 5460 3643 5498 non

2057 5524 2241 5568 essent
2267 5555 2282 5578 ,
2312 5513 2635 5584 rejiciendos
2672 5530 2792 5569 esse
2821 5513 3008 5573 edixit,
3041 5523 3096 5568 et
3126 5515 3178 5568 in
3225 5514 3458 5569 Africam
3488 5530 3548 5568 ea
3577 5514 3645 5568 de

2063 5600 2122 5639 re
2153 5587 2295 5653 leges
2327 5583 2471 5639 misit
2497 5586 2561 5638 ad
2592 5583 2850 5640 Veriuum
2877 5600 2927 5639 et
2960 5584 3233 5640 tEliauum
3270 5604 3279 5633 :
3317 5600 3449 5654 quos
3487 5586 3646 5652 paulo

2068 5667 2185 5725 post
2216 5656 2497 5710 audiemus
2540 5657 2743 5709 laudari
2780 5658 2831 5712 iu
2860 5671 3019 5710 causa
3070 5655 3647 5725 ltoualistarum.‘Ea3-

2069 5722 2174 5797 que
2195 5730 2357 5780 etiam
2383 5728 2526 5797 leges
2556 5726 2804 5797 dicuntur
2833 5725 3144 5797 nominatim
3166 5725 3397 5797 lin_ur.be
3425 5722 3653 5797 Cartba‘

2072 5790 2281 5864 giliensi
2307 5790 2618 5867 proponite.
2648 5794 2709 5851 L.
2737 5813 2753 5851 I
2778 5806 2833 5851 et
2857 5808 2894 5851 ιι
2918 5793 2978 5847 C.
3012 5790 3115 5847 Th.
3147 5792 3216 5847 de
3239 5791 3390 5849 Fam.
3424 5795 3517 5851 lib.
