4152 6166
391 321 534 379 1145

1612 322 1679 379 IN
1716 320 2043 379 SANC'I'UM
2082 324 2417 385 οΡτΑτυιι
2428 371 2439 382 .

3550 331 3694 387 1146

389 442 471 514 vis
501 442 636 510 ergo
670 447 775 494 tam
822 439 1165 514 impudentes
1194 440 1392 514 fuerim
1423 438 1731 514 Donatista}.
1767 446 1824 491 ιιι
1844 436 1979 492 'cum
2009 444 2058 503 Α
2092 442 2195 497 huc
2220 452 2394 499 tanien
2424 444 2686 513 imprimis
2715 445 2983 514 pertinet:
3036 416 3221 498 extare
3246 443 3336 498 lib.
3371 459 3404 499 χ
3450 442 3693 500 historiae

388 509 661 581 [ingerent
704 519 758 566 et
806 513 1186 575 mentirentur,
1225 527 1255 566 a
1290 509 1642 565 Constantino
1668 510 1980 563 damnatum

385 580 557 638 fuisse
584 582 956 646 Ca'cilianutn,
988 583 1191 651 Optati,
1217 583 1376 649 cujus
1403 580 1711 636 testimonio
1741 582 1814 634 uti
1838 580 1985 635 vole-

382 652 536 717 banl,
576 653 740 708 verba
761 653 1058 720 depravare
1079 652 1378 708 cavillando
1403 652 1580 708 conati
1603 654 1741 714 sint,
1774 660 1832 706 ut
1860 668 1983 707 mox

378 724 674 794 natendam
710 733 928 794 :tamcn
968 739 1156 779 eorum
1210 723 1560 794 impudentia,
1584 739 1705 794 qum
1753 724 1983 778 maxima

377 793 506 859 fuit,
540 804 691 848 tanta
724 810 829 849 non
863 793 983 858 fuit,
1014 806 1073 849 ιιι
1093 795 1255 851 etiam
1278 793 1541 851 auderent
1570 793 1771 863 ﬁngere
1798 794 1983 849 Romae

375 866 702 921 damnatum
735 865 920 919 luisse.
948 867 1067 933 Quo
1114 867 1284 935 magis
1336 866 1609 935 obstupui,
1657 881 1777 920 cunt
1834 864 1983 920 hisee

374 937 581 992 diebus
612 938 854 991 audirem
905 938 960 991 in
990 936 1165 991 Gallia
1206 938 1259 991 id
1287 938 1621 993 conﬁdenter
1656 947 1710 991 et
1746 936 1982 1006 gloriose

371 1009 671 1077 scripsisse
695 1006 979 1078 quemdam
1005 1008 1330 1076 Morellium,
1373 1009 1643 1062 hominem
1667 1007 1863 1077 alioqui
1890 1008 1981 1063 lit-

377 1088 623 1133 teratum
667 1089 722 1133 et
774 1080 824 1131 in
866 1094 1009 1134 novo
1062 1094 1320 1134 uariorum
1362 1079 1732 1133 ministrorum
1790 1079 1981 1135 ordine

371 1152 666 1220 egregium
694 1168 710 1213 ;
737 1150 788 1203 io
824 1164 923 1205 suo
948 1148 1015 1204 ad
1048 1148 1290 1205 Viretum
1323 1151 1461 1204 libro
1488 1148 1693 1205 Gallice
1733 1150 1938 1220 scripto
1963 1192 1978 1215 ,

372 1231 429 1274 et
451 1219 739 1289 eleganter
769 1221 1050 1289 inscripto,
1073 1220 1137 1274 de
1185 1221 1462 1289 disciplina
1504 1220 1887 1275 Ecclesiaslica.
1923 1219 1978 1276 In

369 1305 485 1359 quo
512 1307 641 1346 cum
671 1291 774 1345 alia
798 1293 962 1345 multa
993 1294 1062 1345 ab
1086 1291 1233 1346 omni
1266 1290 1369 1347 ﬂde
1396 1302 1450 1345 ct
1477 1292 1701 1346 veritate
1741 1290 1980 1347 historiae

373 1362 787 1417 Ecclesiasticaa
816 1364 970 1418 valde
996 1362 1189 1421 aliena.
1240 1372 1351 1429 tum
1385 1362 1513 1417 illud
1545 1362 1812 1429 imprimis
1832 1360 1981 1417 alitr-

376 1435 517 1487 mari
543 1434 866 1503 narrarique
891 1433 1074 1497 mulio,
1101 1434 1198 1488 abs
1224 1422 1479 1498 Miltiade,
1509 1422 1757 1488 Rhetieio
1781 1442 1837 1487 et
1868 1434 1981 1488 Ma-

379 1505 505 1557 rino
536 1507 812 1574 episcopis
843 1504 1126 1568 iudicibus,
1157 1520 1262 1558 nou
1317 1505 1477 1559 modo
1518 1504 1830 1559 damnatum
1859 1519 1979 1560 esse

378 1575 760 1641 Cmeilianum,
785 1575 877 1630 sed
896 1585 951 1630 et
978 1575 1228 1630 abdicare
1256 1584 1520 1630 coactum.
1552 1574 1695 1646 Nihil
1745 1592 1811 1629 ne
1851 1574 1977 1646 ﬁngi

382 1647 603 1716 quidem
627 1657 834 1718 posset,
858 1646 999 1718 quod
1029 1648 1199 1718 magis
1227 1646 1515 1718 evidenter
1535 1645 1724 1699 falsum
1754 1646 1841 1699 sit.
1875 1645 1980 1718 ac-

385 1663 834 1773 qtttucm(possel,
858 1663 999 1718 quoa
1029 1663 1199 1717 magis
1227 1663 1506 1701 evmenter
1535 1663 1724 1699 Iatsum
1754 1663 1841 1699 su.
1875 1663 1977 1700 tie-

385 1720 489 1770 dco
518 1718 586 1772 ad
660 1727 882 1784 ptatum.
916 1716 1093 1787 luquit
1122 1736 1133 1769 :
1171 1716 1297 1787 Pag.
1325 1716 1418 1782 Ἡ,
1448 1716 1516 1769 ad
1562 1733 1716 1785 quam
1739 1717 1977 1783 appella-

385 1734 489 1770 aeo
518 1734 586 1772 au
606 1734 882 1784 Uptatum.
918 1734 990 1770 im
1016 1734 1093 1771 llll.
1122 1736 1133 1769 :
1171 1734 1297 1787 rag.
1325 1734 1418 1782 24,
1448 1734 1515 1769 aa
1562 1734 1716 1785 quam
1739 1734 1973 1783 apperta-

384 1789 576 1860 tionem
601 1788 963 1843 Constantinus
990 1734 1128 1860 imp.
1148 1789 1221 1842 sic
1250 1789 1534 1856 respondit,
1565 1803 1596 1841 o
1642 1786 1844 1852 rabida,
1869 1797 1973 1860 etc.

387 1858 542 1914 Hunc
572 1861 749 1915 locum
779 1861 829 1913 in
849 1860 1013 1929 priori
1030 1858 1265 1915 editione
1281 1861 1561 1914 emendavi
1595 1870 1790 1926 ,atque
1809 1858 1974 1912 etiam

388 1929 628 1985 hiantem
659 1932 894 1997 explevi,
939 1932 1134 1985 additis
1161 1945 1227 1986 ex
1254 1932 1475 1997 antiquo
1496 1930 1817 1993 exemplari,
1852 1931 1934 1984 his
1960 1972 1974 1993 .

386 2016 508 2084 quae
536 2001 1005 2084 desiderabantur,
1032 2001 1982 2084 vet~bis,_appeilittioiteminterposue-

389 2070 509 2126 runt
538 2088 557 2127 :
586 2081 746 2141 atque
790 2074 859 2127 ita
892 2074 1109 2142 probavi
1156 2070 1500 2137 rejicieudam
1546 2086 1668 2125 esse
1698 2070 1977 2141 cujusdam

387 2143 593 2214 alioqui
613 2144 808 2199 eruditi
836 2153 888 2214 et
912 2143 1172 2213 ingeniosi
1204 2142 1513 2211 luterpretis
1558 2144 1740 2211 legum
1774 2145 1984 2211 conjec-

392 2225 593 2279 turam,
619 2213 912 2269 divinando
940 2214 1189 2283 ﬁngentis-
1216 2230 1282 2269 ex
1330 2214 1458 2268 falsa
1508 2223 1760 2267 notarum
1804 2215 1983 2282 suspi-

386 2286 551 2340 cione
576 2287 862 2353 quamdam
915 2301 1112 2340 novam
1158 2285 1467 2348 lectionem,
1497 2300 1615 2354 qua:
1666 2294 1843 2337 tamen
1871 2301 1978 2338 non

379 2356 671 2411 'c0nsistat.
704 2356 760 2411 ld
786 2372 908 2411 cum
937 2356 1062 2411 alibi
1094 2355 1226 2410 satis
1271 2356 1625 2414 ostenderim,
1679 2370 1820 2410 nunc
1848 2356 1979 2409 nihil

387 2436 649 2495 repetam.
680 2426 946 2497 Adjiciam
974 2428 1159 2489 modo,
1202 2428 1342 2493 quod
1372 2425 1705 2494 Augustinus
1733 2427 1784 2479 in
1816 2427 1975 2494 epist.

386 2512 533 2553 cun
587 2501 661 2552 ait
710 2500 1107 2553 Donatistarum
1159 2498 1342 2552 rabida
1402 2501 1452 2551 in
1510 2498 1854 2551 Caeciliamnn
1885 2513 1980 2551 ora

384 2567 557 2640 fuisse
587 2584 600 2619 :
632 2578 692 2625 ut
717 2570 895 2624 minus
921 2571 1032 2640 jatn
1084 2570 1344 2624 miremur
1368 2568 1806 2640 Constantinum,
1838 2567 1980 2622 rabi-

384 2639 512 2693 dam
545 2640 742 2695 furoris
790 2638 1068 2696 audaciam
1111 2641 1164 2694 in
1216 2640 1279 2695 iis
1326 2654 1602 2693 accusare.
1638 2638 1794 2693 Venit
1818 2640 1977 2692 etiam

385 2726 534 2766 nunc
563 2711 614 2765 in
648 2721 879 2766 mentem
914 2711 1046 2766 ntihi
1072 2710 1318 2781 quaedam
1350 2711 1432 2765 lex
1461 2710 1818 2765 Valentiniani
1842 2709 1975 2779 Imp.

384 2783 457 2838 de
480 2783 712 2851 quodam
740 2780 1053 2851 Chronopio
1092 2780 1383 2851 ’episc0p0,
1419 2781 1509 2850 qui
1560 2782 1609 2833 io
1641 2780 1978 2851 septuaginta

382 2850 765 2921 epiScoporum
786 2850 993 2923 judicio
1024 2850 1311 2907 damnatus
1339 2852 1627 2917 appellavit
1670 2850 1979 2923 praefectum

386 2925 532 2979 urbi.
566 2922 970 2981 Valentinianus
995 2925 1264 2990 rescribit,
1292 2924 1532 2978 illicitam
1562 2922 1978 2991 appellationem

388 3010 548 3064 paena
581 2998 886 3065 pecuniaria
915 2995 1275 3052 coercendam
1313 3010 1465 3059 esse,
1491 3008 1613 3063 qua:
1655 2993 1979 3065 pauperibus

385 3064 663 3136 erogetur.
697 3068 758 3123 L.
794 3069 861 3122 l9
892 3069 954 3123 C.
982 3068 1111 3128 'l‘h.,
1135 3066 1376 3132 Quorum
1406 3066 1605 3136 appell.
1639 3080 1743 3119 non
1774 3064 1941 3136 recip.

459 3136 596 3219 Ibid.
636 3137 727 3219 A_it
763 3138 1029 3219 thatus_,
1072 3136 1271 3219 Eodem
1319 3135 1576 3219 tempore,
1608 3148 1726 3219 _etc.
1775 3135 1829 3189 In
1880 3135 1981 3191 huc

2091 515 2311 570 Eusebii
2334 557 2349 580 ,
2380 515 2647 588 integrum
2681 517 2997 583 rescriptum
3026 514 3367 588 Constantini
3394 515 3461 588 ad
3478 514 3691 588 Chres—

2090 593 2213 659 tum
2244 586 2591 659 Syracosium
2630 588 2942 659 episcopum
2973 628 2987 650 ,
3012 601 3192 659 quem
3232 600 3296 639 es
3338 586 3527 659 Sicilia
3562 602 3686 659 cum

2087 655 2301 712 duobus
2330 657 2451 712 aliis
2481 657 2633 724 jubet
2661 655 2925 725 proﬁcisci
2955 658 3020 711 ad
3062 656 3210 711 illam
3244 657 3513 725 synodum
3554 658 3694 713 Are-

2087 725 2350 783 latensem
2378 728 2717 797 judicaturus
2742 742 2864 781 cum
2894 728 3016 782 aliis
3044 728 3156 781 suis
3182 725 3403 797 collegis
3434 728 3502 783 de
3525 743 3687 784 causa

2086 800 2380 853 Caeciliani.
2428 802 2506 853 Ac
2542 798 2759 868 quidem
2801 798 3055 862 mandat,
3088 807 3145 851 ut
3184 797 3235 851 id
3275 799 3363 852 liat
3407 799 3545 853 intra
3585 798 3690 854 Ka-

2088 868 2277 923 lendas
2334 869 2748 939 Augustiased
2804 884 2912 938 quo
2962 869 3145 924 anno?
3182 869 3317 939 Quia
3364 870 3686 938 rescriptum

2084 938 2441 1011 Constantini
2466 954 2570 993 non
2623 938 2782 1011 habet
2822 941 3080 995 consoles
3116 938 3493 1011 subseriptos,
3546 940 3691 996 diffi—

2084 1010 2190 1081 cile
2219 1021 2304 1065 est
2333 1010 2386 1065 id
2417 1011 2678 1065 divinare.
2709 1010 2813 1066 Sed
2846 1027 2951 1065 non
2985 1023 3189 1066 temere
3216 1010 3463 1081 suspicor
3488 1014 3688 1067 factum

2084 1080 2139 1135 id
2170 1097 2291 1136 esse
2325 1082 2614 1136 Volusiano
2642 1092 2699 1137 et
2728 1084 2976 1136 Auniano
3006 1082 3160 1136 (loss.
3203 1080 3321 1136 hoc
3346 1091 3427 1137 est
3449 1125 3464 1146 ,
3505 1098 3685 1147 anno,

2087 1165 2205 1221 post
2232 1152 2496 1221 judicium
2524 1152 2825 1207 Romanum
2858 1154 3107 1221 proximo
3128 1193 3142 1215 ,
3175 1168 3282 1221 quo
3310 1152 3473 1207 etiam
3505 1168 3651 1209 anno
3670 1194 3687 1219 ,

2082 1239 2142 1278 ιιι
2195 1221 2304 1279 kal.
2362 1222 2624 1279 Novemb.
2684 1224 2906 1278 memini
2946 1222 3199 1278 Treveris
3237 1224 3469 1295 edidisse
3511 1225 3686 1295 legem

2082 1296 2371 1361 quamdam
2410 1295 2478 1348 de
2516 1295 2970 1364 appellationibus
3039 1294 3396 1363 recipiendis,
3441 1294 3502 1349 L.
3546 1294 3579 1349 ι
3615 1296 3682 1350 C.

2082 1365 2212 1431 'l‘h.,
2246 1367 2314 1421 de
2350 1365 2607 1434 appellat.
2641 1365 2809 1420 Porro
2847 1366 3254 1431 Constantinus,
3288 1366 3339 1419 in
3371 1366 3462 1420 illo
3487 1380 3586 1421 suo
3615 1366 3684 1420 ad

2081 1436 2370 1492 Chrestum
2413 1439 2711 1507 rescripto,
2757 1452 2861 1489 non
2903 1436 3064 1490 modo
3102 1449 3288 1506 aperte
3338 1438 3686 1505 provoc;ttio—

2083 1524 2206 1561 nem
2242 1506 2643 1563 Donatistarum
2672 1523 2777 1563 non
2808 1507 3086 1562 insimulat
3113 1508 3284 1561 rabidi
3316 1506 3548 1573 furoris,
3584 1506 3683 1562 sed

2082 1594 2153 1660 ne
2179 1578 2728 1660 Qottatistasquidem
2763 1579 3027 1660 nominat.
3059 1576 3390 1660 Simpliciter
3417 1587 3595 1632 autem
3610 1587 3686 1660 _et

2082 1650 2290 1719 placide
2323 1659 2506 1704 narrat
2530 1690 2544 1709 .
2576 1665 2672 1704 eos
2714 1650 2802 1718 qui
2862 1649 3046 1702 Romae
3080 1647 3307 1717 judicati
3346 1648 3492 1715 sint,
3534 1649 3684 1703 nolle

2081 1731 2228 1775 stare
2258 1721 2421 1775 rebus
2443 1720 2697 1788 judicatis
2717 1762 2731 1783 ,
2763 1720 2885 1790 quia
2917 1720 3234 1785 obtendant,
3258 1733 3418 1774 causa
3444 1720 3684 1775 nondum

2082 1794 2214 1846 satis
2265 1794 2515 1863 cognita,
2565 1807 2767 1863 paucos
2806 1790 3018 1859 judices
3056 1790 3423 1863 przecipitasse
3462 1800 3685 1863 senten-

2084 1864 2232 1916 tiam.
2265 1862 2481 1916 Mandat
2508 1860 2660 1932 ergo,
2694 1872 2749 1915 ut
2776 1877 2897 1917 cum
2926 1878 2994 1916 ex
3022 1862 3188 1934 variis
3214 1871 3270 1916 et
3300 1862 3523 1934 inlinitis
3554 1860 3685 1934 (sic-

2086 1941 2161 1987 uti
2196 1934 2309 2004 ait)
2345 1935 2479 1987 locis
2528 1936 2814 2003 episcopos
2852 1935 3145 1988 convenire
3176 1933 3232 2004 in
3266 1933 3454 2004 urbem
3492 1932 3681 1987 Arela-

2086 2002 2298 2059 tensem
2337 2002 2598 2072 jusserit,
2646 2004 2919 2059 communi
2967 2004 3173 2072 judicio
3214 2002 3336 2057 (luis
3377 2003 3686 2070 imponatur

2085 2075 2211 2129 huic
2238 2076 2657 2141 controversae,
2690 2090 2851 2129 causa
2881 2075 3170 2142 diligenter
3196 2074 3414 2145 cognita
3445 2082 3500 2145 et
3531 2085 3683 2144 parte

2084 2157 2311 2216 utraque
2338 2146 2539 2199 audita.
2571 2145 2872 2201 Dolendutn
2902 2156 2988 2201 est
3026 2156 3151 2200 acta
3177 2146 3297 2215 ejus
3324 2144 3516 2215 synodi
3546 2147 3685 2216 Are-

2085 2214 2311 2272 lateu'sis
2368 2217 2730 2271 intercidisse.
2787 2217 2901 2286 Ego
2956 2214 3245 2286 aliquando
3300 2214 3488 2270 eorum
3539 2214 3687 2286 frag-

2085 2298 2262 2343 menta
2294 2288 2537 2355 quedam
2570 2297 2756 2341 nactus
2796 2302 2989 2352 eram,
3038 2288 3135 2342 sed
3184 2287 3337 2342 valde
3384 2286 3682 2341 mendosa:

2082 2376 2146 2414 ex
2180 2358 2373 2428 quibus
2402 2369 2582 2412 tamen
2610 2358 2771 2430 didici
2793 2358 2944 2430 ,_i|lif
2971 2358 3181 2430 synodo
3200 2403 3214 2423 ,
3261 2359 3537 2430 praefuisse
3579 2356 3686 2430 Sil-

2084 2427 2362 2494 vestrum,
2396 2438 2612 2483 mortuo
2639 2428 2897 2483 Miltiade.
2927 2429 2983 2483 Iit
3003 2427 3367 2483 conciliorum
3410 2428 3683 2497 farragine

2083 2502 2291 2570 vulgari
2335 2498 2630 2553 recitantur
2670 2498 2917 2569 quazdam
2967 2503 3182 2570 decreta
3229 2497 3445 2570 concilii
3494 2499 3684 2570 Arela-

2083 2569 2251 2627 tensis
2270 2612 2287 2637 ,
2315 2572 2457 2639 quod
2485 2570 2681 2625 dicitur
2704 2584 2827 2625 esse
2850 2572 3099 2639 primum.
3140 2569 3250 2625 Sed
3275 2569 3517 2623 abortiva
3563 2569 3680 2637 ple-

2086 2659 2253 2708 raque
2304 2644 2574 2696 videntur.
2625 2641 2768 2695 Inter
2808 2656 2872 2694 ea
2922 2641 3241 2711 propellitur
3278 2655 3486 2711 unum.
3536 2640 3684 2708 quod

2083 2714 2408 2769 Arianorum
2438 2714 2715 2774 meminit,
2747 2720 2907 2781 atque
2926 2710 3004 2765 ita
3041 2712 3200 2784 129
3217 2710 3385 2784 etiam
3416 2711 3680 2784 allegatur

2083 2804 2110 2836 a
2140 2787 2418 2846 Gratiano,
2449 2784 2518 2837 de
2544 2795 2850 2839 consecrat.
2876 2784 3116 2837 distinet.
3144 2788 3197 2843 4.
3230 2783 3479 2837 similiter
3507 2790 3563 2835 et
3582 2783 3684 2836 abs

2083 2857 2135 2912 M
2155 2855 2632 2926 igdeburgensibus
2696 2854 3226 2909 consarcinatorihus
3259 2853 3678 2926 geenturiaruin.

2083 2923 2245 2997 Atqui
2290 2923 2525 2981 nonduin
2565 2934 2691 2994 erat
2721 2936 2909 2997 gnatum
2955 2940 3150 2979 nomen
3181 2923 3544 2997 Arianorum,
3572 2937 3683 2992 quo

2085 2994 2332 3067 tempore
2375 2997 2607 3065 primum
2649 2995 2779 3051 coiit
2818 2998 3059 3066 synodus
3086 2997 3453 3057 Arelatensis,
3482 2994 3549 3047 de
3574 3008 3683 3067 qua

2083 3063 2396 3140 qutun-imus.
2424 3068 2563 3138 Ergo
2604 3063 2862 3140 lubenter
2890 3068 3051 3120 audio
3100 3081 3362 3140 canonetu
3416 3066 3561 3118 illum
3616 3063 3671 3118 iit

2083 3134 2321 3209 antiquis
2363 3151 2419 3194 et
2463 3134 2845 3207 manuscriptis
2886 3139 3290 3209 exemplaribus
3330 3134 3427 3207 (ut
3453 3144 3682 3190 testatur

384 3207 623 3264 editione
655 3211 793 3280 jussi
817 3206 958 3265 ante
999 3210 1114 3263 haec
1150 3209 1319 3281 verba,
1349 3206 1565 3281 δυ’νίηεὶ
1608 3207 1851 3281 lacunam
1891 3221 1984 3259 νει-
2007 3211 2053 3274 C
2090 3206 2360 3281 postrema
2383 3224 2572 3264 eorum
2600 3209 2963 3281 Conciliornm
2991 3206 3197 3281 editio)
3243 3206 3417 3281 minus
3456 3221 3683 3281 corrup-

384 3293 579 3351 cuaut,
623 3278 680 3336 ut
715 3281 1072 3351 signiﬁcarem
1114 3278 1242 3333 mihi
1271 3279 1443 3351 videri
1481 3278 1678 3347 aliquid
1709 3278 1900 3330 deesse
1927 3286 1984 3331 et

383 3349 680 3406 desiderari
722 3348 847 3407 aote.
891 3353 1006 3406 hrec
1045 3352 1227 3404 verba.
1270 3348 1404 3404 Nam
1436 3366 1557 3403 cum
1592 3351 1810 3417 propius
1850 3361 1980 3401 con-

383 3421 567 3477 sidero
598 3434 796 3489 totam,
829 3439 932 3494 qua
972 3423 1041 3477 de
1083 3422 1167 3476 hic
1204 3421 1402 3491 agitur,
1447 3420 1759 3494 historiam,
1806 3419 1984 3474 sentio

386 3508 496 3547 non
531 3509 687 3561 posse
719 3489 1113 3563 hatc'eonjougi
1153 3489 1275 3547 eum
1308 3494 1372 3547 iis
1401 3507 1520 3563 qua:
1559 3489 1804 3563 proxime
1846 3505 1982 3557 prte-

385 3564 618 3618 cedunt:
652 3567 760 3620 imo
788 3562 1098 3621 interfuis-e
1126 3565 1327 3629 aliquot
1365 3576 1538 3617 annos
1557 3604 1573 3625 ,
1602 3562 1794 3630 quibus
1823 3575 1984 3616 eausa

384 3631 656 3690 Cmriliani
691 3653 877 3692 rursus
903 3647 1018 3691 acta
1051 3646 1106 3689 et
1131 3634 1347 3690 deﬁnita
1378 3636 1449 3688 sit
1476 3632 1529 3687 in
1557 3631 1766 3702 synodo
1795 3632 1985 3702 Arela-

387 3705 564 3773 tensi,
599 3710 789 3763 iterum
822 3724 942 3778 qua:
968 3705 1529 3778 judicatath-diolaui
1562 3701 1632 3778 ab
1670 3703 1795 3778 ipso
1844 3701 1988 3757 Cou-

387 3780 646 3834 stantino.
674 3780 752 3834 Ad
776 3774 933 3849 cujus
954 3774 1171 3833 demum
1197 3776 1611 3849 Mediolan_ensis
1630 3774 1817 3843 judit-ii
1852 3784 1987 3828 tem-

387 3862 492 3918 pus
519 3850 721 3906 referre
734 3846 959 3906 necesse
988 3850 1056 3902 sit
1088 3849 1203 3901 ha-c
1232 3865 1351 3918 quin
1381 3846 1642 3914 inptato
1662 3852 1980 3918 sequuntur,

386 3916 566 3973 eodem
604 3930 859 3991 tempore,
900 3929 1006 3976 etc.
1043 3919 1225 3989 Itaque
1253 3916 1568 3986 suspicarer
1606 3916 1746 3991 quod
1799 3916 1868 3969 de
1918 3930 1987 3970 eo

383 3992 594 4072 jpdicio
631 3988 889 4072 sicuti‘et
924 3992 994 4072 de
1023 3992 1335 4072 Arelatensi
1377 3990 1602 4072 Optatos
1625 3988 1981 4072 inserui-rat,

388 4060 625 4116 deletum
657 4065 753 4119 abs
792 4062 1082 4118 Donatistis
1125 4063 1322 4130 fuis~e,
1354 4058 1442 4130 qui
1480 4058 1657 4127 Optati
1686 4058 1852 4112 libras
1880 4058 1983 4111 mi-

390 4147 517 4187 sere
546 4134 1003 4189 contatniuarunt.
1050 4133 1153 4189 Sed
1188 4148 1375 4187 rursus
1403 4132 1591 4186 dubito
1612 4172 1624 4190 ,
1660 4145 1785 4183 num
1816 4130 1985 4197 Opta—

388 4211 511 4270 tus,
544 4213 601 4259 ut
632 4207 682 4259 in
712 4205 979 4261 Numidia!
1004 4204 1202 4273 angulo
1223 4245 1238 4269 ,
1267 4204 1507 4258 inclusus
1526 4240 1542 4265 ,
1564 4200 1842 4273 quidquid
1886 4198 1987 4273 bac

328 4275 335 4281 ’
386 4275 458 4329 de
496 4291 555 4330 re
591 4276 811 4343 debuit,
854 4270 1513 4341 scitiorit'scripseritque.
1559 4272 1688 4324 Nam
1731 4275 1782 4323 in
1822 4270 1988 4343 colla-

389 4348 538 4400 tione
564 4344 973 4418 Carthaginensi
994 4361 1125 4418 lcum
1150 4345 1415 4418 adversus
1448 4344 1762 4418 llonatistas
1794 4342 1988 4418 recita-

386 4425 538 4472 retur
576 4410 944 4474 tcstiutunitlnt
984 4415 1161 4484 Oplati
1204 4416 1272 4469 de
1311 4410 1942 4484 absolutionetltcciliani
1967 4454 1982 4479 ,

388 4488 521 4543 nihil
544 4488 611 4543 de
628 4489 834 4559 judicio
858 4481 1158 4543 Arelatensi
1182 4481 1676 4559 aut‘Blediolanensi
1703 4484 1980 4559 recitatur,

386 4560 531 4626 quod
559 4552 735 4616 tamen
764 4560 1095 4630 praeteritum
1126 4574 1231 4611 non
1266 4555 1450 4630 fuisset
1470 4596 1486 4619 ,
1509 4555 1550 4609 si
1584 4552 1770 4630 fuisset
1788 4553 1857 4605 ab
1879 4554 1981 4621 0p-

389 4623 504 4685 tato
524 4623 847 4701 expositum.
876 4632 939 4686 Et
962 4632 1200 4697 ineptum
1224 4639 1339 4701 erat
1370 4628 1420 4701 in
1448 4641 1510 4680 ea
1528 4623 1814 4701 collatione
1842 4640 1984 4701 qna}—

389 4717 512 4756 rere
538 4696 663 4769 quid
715 4704 944 4758 senserit
976 4696 1206 4767 Op’tatus
1238 4699 1337 4769 hoc
1369 4698 1505 4769 loco.
1539 4696 1801 4769 siuaperte
1830 4698 1990 4769 paulo

385 4783 515 4827 ante
529 4765 928 4828 a'Constzuttino
949 4765 1252 4826 absolutum
1276 4768 1440 4822 fuisse
1456 4765 1799 4820 chilianunt
1819 4766 1990 4834 serip—

386 4844 563 4898 siSset.
590 4845 672 4899 Au
694 4844 938 4899 dicemus
953 4843 1065 4914 jam
1088 4854 1244 4895 antea
1272 4838 1574 4914 Donatistas
1595 4835 1982 4914 suppressisse,

386 4930 453 4968 ac
472 4916 742 4970 delevisse
763 4917 903 4984 quod
926 4905 988 4969 ea
1019 4914 1087 4967 de
1108 4927 1166 4966 re
1188 4910 1481 4984 scripserat
1503 4906 1729 4984 optatus
1746 4905 1770 4959 ?
1788 4905 1984 4984 _V_erum

390 4996 509 5039 utut
546 4988 655 5051 sit,
696 4976 912 5041 aliunde
952 4993 1200 5055 repetere
1240 4976 1364 5036 licet
1392 4980 1535 5055 quod
1571 4977 1657 5055 bic
1685 4976 1984 5055 desiderari

387 5055 521 5111 disi.
557 5058 622 5110 Et
644 5050 1104 5125 quemadmodum
1134 5053 1550 5125 Constantinus,
1582 5050 1988 5125 initio,_qu_am-

390 5128 470 5181 vis
503 5119 718 5197 indigne
745 5128 886 5181 ferre
914 5142 973 5181 se
1004 5140 1115 5195 pra:
1142 5139 1201 5178 se
1216 5124 1413 5197 _tu_l_erit
1440 5121 1545 5197 peti
1572 5119 1671 5197 abs
1695 5120 1986 5197 se-jttdices

391 5201 445 5252 in
476 5190 641 5255 causa
672 5197 967 5258 Cteciliani,
1004 5190 1180 5249 iamen
1208 5192 1418 5262 judices
1456 5190 1873 5262 Ecclesiastieos
1889 5190 1984 5246 de-

388 5270 501 5329 dit.
533 5271 623 5339 qui
656 5281 712 5326 et
739 5268 935 5337 alioqui
960 5267 1170 5339 judices
1198 5261 1281 5336 (ut
1312 5261 1822 5339 n_ostri__loquuotu_r)
1838 5276 1985 5316 cont-

391 5330 635 5411 petentes
674 5330 977 5411 erantfsic
998 5330 1385 5411 jam_quatnvis
1415 5330 1848 5400 indignabundus
1874 5348 1981 5411 ex.

388 5402 588 5467 clamet
642 5410 884 5465 rabidam
943 5402 1065 5463 esse
1120 5402 1520 5460 Donatistarum
1578 5402 1980 5470 provocantium

389 5482 783 5552 pervicaciam:
817 5492 994 5552 tamen
1025 5476 1441 5552 appellationem
1477 5484 1765 5552 utrumque
1794 5472 1982 5552 adiuit-

391 5542 451 5608 iit
486 5594 500 5616 ,
550 5552 710 5620 cujus
758 5542 1338 5621 cognitionemrejicit
1370 5544 1442 5621 ad
1482 5542 1749 5615 synodum
1776 5544 1987 5621 _t\rela-

390 5613 637 5684 tensam:
673 5625 724 5674 in
754 5613 857 5690 qua
893 5618 1225 5690 jubetalios
1261 5615 1329 5669 de
1368 5613 1470 5668 hac
1506 5613 1667 5690 eausa
1706 5613 1986 5690 episcopos

390 5706 583 5749 rursus
619 5685 967 5759 cognalscere.
1009 5687 1067 5742 Id
1108 5686 1268 5759 toties
1307 5693 1578 5759 narrat_et
1619 5685 1850 5759 inculcat
1880 5691 1986 5759 Au-

390 5749 769 5837 gustiugsfut
808 5757 1048 5837 putidum
1076 5761 1163 5826 sit.
1198 5755 1350 5837 lqcps
1386 5751 1581 5837 passim
1609 5749 1986 5837 ⁸(ιιιγξοεῌιιιιιῇς

352 5886 357 5889 .
391 5817 540 5890 ἴτω-οι
573 5817 845 5889 θεῖοωῶ
876 5818 1124 5896 adjiciam
1156 5817 1297 5895 quad
1337 5817 1513 5881 minus
1544 5828 1625 5883 est
1658 5824 1905 5895 vulgtre,
1936 5824 1992 5882 it

2014 4596 2067 4655 D

2089 3278 2199 3337 tum
2226 3295 2378 3345 esse,
2406 3291 2463 3334 et
2489 3295 2583 3348 pro
2611 3279 2816 3333 Arionis
2844 3279 2945 3348 legi
2977 3280 3139 3346 Afris.
3168 3278 3387 3347 Legitur
3424 3286 3479 3330 et
3519 3278 3569 3329 in
3614 3291 3680 3331 ea

2088 3353 2356 3422 farragine
2385 3351 2691 3421 quippiant,
2721 3350 2863 3422 quod
2908 3350 2972 3402 ad
3015 3366 3233 3422 causam
3274 3348 3683 3422 Ca'ciliani__ac-

2085 3417 2269 3480 cedit':
2325 3417 2551 3488 net'np'e',
2602 3417 2868 3489 eos,‘qui
2915 3435 3097 3474 sacras
3143 3420 3350 3489 litteras
3395 3417 3682 3472 tradidisse

2087 3496 2318 3549 convicti
2366 3500 2558 3554 erunt,
2606 3487 2957 3559 deponendos
3008 3506 3149 3545 esse.
3193 3487 3681 3559 Couviuciautem

2087 3566 2322 3630 debere,
2344 3579 2455 3618 non
2484 3563 2643 3617 nudis
2682 3563 2891 3626 verbis,
2924 3563 3017 3615 sed
3056 3570 3299 3614 actorum
3344 3558 3680 3630 publicorum

2089 3638 2214 3692 ﬁde.
2243 3628 2536 3702 subjicitur
2560 3645 2615 3688 et
2641 3635 2911 3702 quippiam
2939 3632 3007 3687 de
3036 3634 3099 3687 iis
3130 3635 3218 3699 qui
3270 3628 3366 3702 eos
3397 3628 3681 3695 ordinant,

2087 3707 2183 3763 sed
2213 3699 2462 3761 mancum
2489 3720 2611 3759 esse
2638 3699 2748 3758 hoc
2773 3699 3125 3773 fragmentum
3160 3704 3239 3755 vel
3268 3699 3392 3773 inde
3423 3710 3680 3773 apparet,

2088 3778 2230 3847 quod
2264 3781 2531 3830 inseratur
2558 3775 2674 3847 haec
2709 3769 2950 3847 clausula
2969 3786 3024 3827 ut
3045 3774 3289 3847 diximus.
3329 3771 3488 3847 Atqui
3516 3785 3578 3823 ea
3615 3769 3686 3824 dc

2091 3842 2151 3904 re
2176 3848 2307 3902 nihil
2331 3860 2592 3918 praeterea
2615 3846 2816 3918 dit-tum
2841 3845 2912 3900 ibi
2941 3846 3153 3915 legitur.
3187 3842 3479 3898 Dolcudmu
3503 3852 3608 3918 est,
3631 3849 3690 3895 et

2090 3919 2248 3973 valde
2288 3911 2530 3987 proiecto
2566 3917 2887 3976 dolendum.
2932 3911 3037 3970 tat'u
3085 3929 3225 3969 nunc
3263 3928 3385 3987 esse
3437 3911 3683 3965 uuttilam

2088 4002 2144 4045 et
2177 3983 2596 4045 contaminatam
2638 3988 2835 4043 veteris
2866 3987 3122 4043 Ecclesia:
3159 3983 3512 4039 memoriam:
3552 3994 3690 4036 tam-

2088 4078 2194 4131 que
2227 4061 2383 4129 bujus
2410 4060 2484 4114 rei
2514 4060 2712 4113 nullam
2741 4074 2923 4114 curaui
2956 4074 3051 4112 eos
3096 4072 3286 4131 gerere
3305 4096 3320 4121 ,
3349 4055 3436 4131 ιιιιὶ
3477 4061 3684 4131 tantum

2092 4125 2270 4187 tamen
2292 4125 2352 4188 et
2373 4132 2624 4185 hauriunt
2650 4142 2698 4185 et
2724 4131 3053 4197 abliguriunt
3072 4125 3134 4182 ex
3158 4126 3352 4196 opibus
3382 4125 3679 4197 Ecclesias-

2091 4205 2243 4263 Iicis.
2280 4220 2400 4273 qua:
2434 4201 2501 4255 ad
2542 4201 2723 4254 talium
2768 4196 3240 4273 monumentorum
3285 4196 3685 4273 restitutionem

2088 4283 2145 4328 et
2170 4264 2638 4328 conservationem
2664 4280 2819 4325 erant
2852 4271 3027 4339 aliqua
3066 4270 3254 4323 saltem
3293 4282 3355 4320 ex
3398 4274 3551 4335 parte
3585 4264 3685 4318 itit-

2092 4346 2409 4415 pendcndte.

2161 4416 2383 4470 Consmt
2427 4416 2477 4467 in
2521 4411 2821 4466 Arelatensi
2869 4410 3100 4464 concilio
3148 4424 3333 4463 rursus
3371 4406 3679 4462 absolutum

2093 4486 2261 4541 fuisse
2303 4485 2674 4544 Caecilianum,
2722 4484 3033 4535 danmatum
3064 4495 3194 4533 vero
3241 4480 3502 4533 Donatum
3537 4476 3683 4531 :ite-

2092 4572 2318 4627 rumque
2365 4566 2646 4627 proltterea
2698 4551 3005 4607 Donatistas
3036 4550 3337 4618 appellasse
3371 4548 3685 4627 Constanti-

2095 4619 2245 4682 ιιιιιιιΪ
2278 4619 2443 4696 Major
2468 4619 2750 4694 proh-(ito,
2783 4633 3128 4696 quautautea
3169 4635 3328 4696 causa
3373 4619 3684 4688 rejiciendte

2094 4709 2202 4753 tam
2247 4690 2570 4768 importuine
2611 4690 2990 4763 appellt'ttionis
3028 4706 3163 4747 etat.
3210 4690 3315 4745 Sed
3348 4705 3553 4768 passus
3599 4699 3686 4744 est

2090 4764 2479 4824 Constantinus
2506 4768 2607 4821 sibi
2640 4768 2967 4835 persuaderi,
2994 4776 3045 4818 ιιι
3076 4773 3251 4835 actum
3277 4764 3359 4835 agi
3387 4768 3681 4835 pateretur,

2090 4852 2145 4894 et
2190 4841 2305 4910 ipse
2354 4831 2727 4910 cognosceret.
2779 4837 2915 4910 Ergo
2941 4832 3236 4910 Mediolani
3268 4831 3680 4910 Critistaotiuum

2089 4910 2159 4965 de
2190 4905 2289 4965 hac
2315 4905 2476 4969 causa
2518 4909 2788 4977 judicasse
2832 4908 2904 4961 ait
2924 4905 3274 4973 Augustinus,
3324 4907 3677 4977 t‘pisl._Cl.¥ll.

2093 4981 2229 5046 Quid
2258 4998 2383 5035 vero
2403 4973 2697 5048 judicavit?
2725 4979 3092 5046 Repetendunt
3140 4977 3189 5029 id
3222 4983 3305 5030 est
3330 4991 3397 5030 ex
3425 4974 3533 5029 alio
3570 4973 3681 5030 Au-

2093 5052 2289 5117 gustini
2330 5051 2471 5113 loco,
2505 5052 2606 5104 hoc
2653 5063 2755 5111 ρει,
2790 5065 2852 5103 ex
2879 5049 3028 5101 hbiti
3053 5060 3237 5117 contra
3270 5048 3527 5101 t‘rescon.
3555 5061 3675 5113 cap.

2097 5115 2189 5186 7t,
2218 5122 2304 5176 ubi
2332 5122 2587 5177 recitatur
2617 5119 2843 5187 epistola
2878 5118 3046 5184 ipsius
3087 5115 3425 5171 Constantini
3455 5132 3677 5171 narran-

2097 5193 2163 5245 tis
2190 5206 2314 5247 sese
2335 5193 2418 5316 ἓιιι
2438 5190 2693 5260 loquitur)
2721 5192 2859 5244 inter
2882 5200 3059 5256 partes
3080 5190 3417 5258 cognovisse,
3442 5199 3494 5241 et
3518 5189 3678 5241 inno-

2097 5275 2305 5316 centem
2379 5263 2681 5316 a'cilianum
2707 5258 3036 5316 conmeri~se
3081 5271 3194 5316 post
3240 5259 3564 5316 episcopalia
3592 5258 3678 5316 ju-

2094 5275 2305 5317 centem
2335 5258 2681 5317 Caicili’anum
2707 5258 3036 5329 cotnperi~se
3081 5271 3194 5328 post
3240 5259 3564 5328 epist‘upalitt
3591 5258 3678 5327 ju-

2092 5335 2228 5388 dicia
2263 5353 2274 5387 :
2310 5332 2540 5390 Percidi,
2591 5332 2782 5401 inquit,
2830 5329 3162 5383 Caecilianum
3208 5331 3345 5383 omni
3386 5329 3675 5384 innocentia

2089 5404 2385 5484 praeditam,
2420 5420 2480 5457 ac
2511 5400 2681 5484 debita
2728 5401 2986 5484 religionis
3026 5418 3133 5484 sine
3161 5401 3329 5484 ofﬁcia
3368 5414 3671 5484 servantem2

2088 5469 2231 5545 eique
2266 5477 2336 5530 ita
2364 5485 2418 5529 ut
2441 5474 2683 5546 oportuit.
2708 5469 3024 5546 servientem.
3068 5473 3172 5546 Sed
3196 5469 3306 5542 quo
3335 5482 3575 5546 tempore
3621 5469 3671 5522 id

2084 5542 2378 5617 judicatutn
2411 5542 2531 5601 est?
2553 5545 2654 5617 diu
2697 5542 2747 5597 id
2790 5546 3034 5617 quzesivi.
3069 5544 3181 5596 Non
3214 5546 3355 5596 cuitu
3382 5544 3538 5617 facile
3564 5549 3673 5617 sta-

2091 5609 2292 5688 timque
2322 5615 2660 5688 occurrebat,
2679 5620 2736 5667 ut
2761 5609 2954 5688 trusere
2978 5615 3075 5677 dis;
3097 5629 3214 5688 ersa
3244 5611 3536 5678 sunthujus
3567 5609 3675 5688 his:

2091 5680 2242 5743 toriie
2271 5689 2444 5744 lacera
2476 5680 2734 5740 membra.
2760 5685 2997 5738 Tandem
3023 5683 3249 5736 venit'iu
3273 5689 3505 5734 nn-utem
3530 5680 3671 5748 quod

2091 5756 2419 5820 Augustinus
2448 5757 2499 5810 In
2532 5755 2624 5809 lib.
2652 5767 2836 5809 contra
2866 5757 3054 5820 tinniat.
3085 5764 3201 5817 post
3222 5749 3402 5820 collat.
3432 5744 3558 5820 capi
3581 5744 3674 5820 b3,

2092 5814 2280 5885 scribit
2319 5820 2731 5883 ϐοιιιιιιιιιιιιιιιιι
2760 5822 2828 5877 de
2852 5814 3122 5874 Caciliaui
3152 5817 3465 5886 purgatione
3500 5814 3674 5891 berlpa'
