4152 6166
301 242 423 301 1153

1459 263 1462 266 θ
1492 239 1562 298 ΙΝ
1600 236 1942 302 SANCTUM
1975 237 2330 298 OP’I‘ATUM.

3471 247 3612 306 ιιδι

297 354 462 423 pheta:
487 367 608 421 cap.
639 352 742 419 22,
772 359 832 406 ιιι
860 351 1338 424 qu:e_sinipliciter
1381 349 1520 424 dicta
1551 361 1681 424 sunt
1711 354 1792 406 vel
1819 351 1890 408 de
1919 358 1971 415 Α
1998 351 2409 424 Imperatoribus
2431 394 2446 417 ,
2494 369 2589 422 pro
2640 354 2893 410 Ministris
2931 355 3139 423 eorum,
3185 365 3233 416 et
3265 360 3611 416 Poteslatibus

295 421 462 479 Judwa
495 438 618 491 quas
659 432 882 476 vocatur
908 422 1092 481 vallis,
1130 425 1216 476 vel
1258 423 1324 475 de
1367 423 1500 477 urbe
1543 421 1885 486 Jerusalem,

297 495 369 549 cui
397 493 751 548 denuntiatur
781 494 950 548 tristis
976 492 1168 561 aliqua
1190 492 1374 546 clades
1401 505 1454 546 et
1483 493 1722 557 vastitas,
1756 510 1890 548 con-

299 574 532 632 torqueat
561 563 819 632 adversus
848 565 1144 617 factionem
1175 563 1574 618 Donatistarum
1602 565 1649 617 itt
1679 565 1883 619 Africa.

297 635 498 697 Nescio,
526 650 630 704 qua
663 631 1058 704 Optatusrusus
1100 633 1175 687 sit
1203 635 1560 688 translatione
1598 637 1681 689 vel
1715 638 1885 689 inter-

298 703 586 776 pretatione
617 704 789 758 Isaize.
816 703 918 758 Sed
949 704 1298 760 dissimulare
1325 721 1431 758 non
1458 721 1700 774 possum,
1731 707 1888 762 valde

297 779 356 832 ab
376 777 491 845 ejus
519 776 805 840 Propheta:
831 784 884 828 et
906 777 1174 830 sententia
1204 784 1258 829 et
1285 776 1464 830 verbis
1495 779 1732 832 alienum
1764 793 1888 832 esse

297 844 425 919 quod
457 847 687 910 afﬁngit.
718 844 1078 919 Creilo_etiam
1110 846 1455 901 librariorum
1489 863 1610 902 esse
1641 851 1884 917 quaidam

301 916 533 989 peccata,
557 926 614 970 ot
633 932 754 970 cum
785 917 870 970 hic
893 916 1083 970 Isaiam
1112 919 1372 989 allegatis,
1399 919 1592 987 templa
1619 916 1766 989 punit
1793 933 1889 988 pro

301 988 453 1051 tecta,
481 999 536 1043 et
581 989 775 1058 virgam
817 1003 913 1055 pro
953 992 1147 1060 fugam.
1183 988 1290 1060 Sed
1324 1005 1428 1041 neu
1461 988 1676 1058 suscepi
1709 992 1888 1044 omnia

301 1077 411 1132 quae
438 1061 660 1126 Optatus
684 1100 698 1122 ,
729 1074 795 1132 ex
841 1061 1010 1132 sacris
1048 1059 1351 1132 litrterisgvel
1385 1071 1717 1132 praepostere
1759 1062 1891 1115 citat

304 1129 380 1186 vel
405 1133 582 1201 inepte
611 1130 804 1198 repetit
838 1129 1000 1198 (quod
1026 1131 1211 1184 vitium
1243 1130 1342 1184 fuit
1371 1131 1516 1185 illius
1543 1140 1599 1186 et
1633 1133 1807 1187 aetatis
1836 1140 1891 1187 et

303 1201 549 1270 regionis)
579 1201 872 1268 corrigere.

369 1275 492 1344 Pag.
522 1270 592 1326 5'5
615 1281 668 1326 et
687 1271 778 1325 54.
814 1271 966 1336 Quod
994 1270 1218 1339 Optatos
1247 1271 1317 1324 ait
1349 1271 1414 1326 de
1442 1284 1630 1327 monte
1655 1275 1806 1337 Sion,
1837 1277 1888 1329 in

301 1345 440 1415 cujus
466 1344 669 1415 vertice
699 1351 1088 1415 erantseptem
1119 1357 1432 1414 synagogaa,
1457 1353 1515 1397 et
1559 1345 1611 1398 in
1640 1362 1748 1412 quo
1773 1357 1891 1413 post

299 1412 538 1470 victorias
566 1413 882 1488 Vespasiani
930 1412 1061 1488 Imp.
1094 1412 1200 1488 _vix
1232 1417 1604 1488 Δειιιιὶψιςιιοιιιιι
1635 1416 1746 1488 Δ(ιιι
1771 1412 1889 1488 ςειίι)

299 1499 493 1543 resmnt
523 1485 800 1557 (sicenim
827 1483 1107 1557 emendavi
1138 1485 1609 1557 exf’I‘ilianolibro
1632 1484 1652 1557 )
1675 1483 1822 1541 'indii
1842 1483 1890 1541 ia

296 1564 562 1613 ruinarum
590 1573 604 1609 :
636 1556 798 1609 habet
822 1570 884 1608 ea
911 1569 998 1609 res
1019 1555 1220 1623 aliquid
1248 1556 1386 1625 quod
1413 1555 1657 1610 ltiStoria:
1685 1558 1894 1613 studio-

296 1646 380 1685 sus
417 1629 686 1682 observet.
726 1625 848 1694 Ipse
881 1625 1259 1696 Hieronymus,
1294 1626 1583 1694 inileretn.
1618 1642 1738 1696 cap.
1774 1645 1889 1697 xtx,

294 1701 472 1756 scribit
505 1698 812 1754 Iudaeorum
853 1697 1124 1752 civitatem
1159 1700 1209 1750 itt
1253 1709 1488 1752 :eteruos
1532 1698 1742 1754 cineres
1781 1706 1887 1754 col-

294 1739 490 1841 lips}...
516 1785 657 1834 esse,
686 1769 842 1836 cujus
873 1767 1043 1841 ruinae
1071 1768 1136 1841 ad
1161 1768 1687 1822 consummationem
1718 1787 1888 1840 usque
1919 1739 1966 1799 Β

293 1839 468 1898 δςιξοιιιί
509 1854 878 1911 permansura:
921 1839 1048 1911 sint.
1105 1839 1248 1894 Sane
1303 1850 1423 1907 post
1479 1849 1720 1907 tempora
1753 1839 1887 1898 ves-

295 1908 520 1984 pasiani,’
546 1913 740 1980 quibus
767 1911 896 1984 urbs
926 1908 1218 1984 illaexcisa
1243 1922 1298 1984 et
1326 1925 1515 1984 eversa
1536 1911 1706 1979 jacuit
1729 1917 1887 1968 annis

293 1980 455 2055 prope
492 1983 880 2054 quinquaginta
903 2021 918 2047 ,
951 1980 1220 2034 Adrianus
1248 1982 1382 2055 imp.
1414 1981 1498 2055 sic
1547 1997 1664 2035 eam
1698 1999 1887 2040 rursus

293 2052 639 2119 instauravit,
679 2061 737 2108 ut
770 2068 876 2105 non
909 2060 1146 2106 Veterem
1191 2052 1376 2107 urbem
1411 2053 1748 2117 instaurare,
1791 2058 1884 2110 sed

291 2129 450 2198 plane
490 2140 678 2178 novam
720 2133 1003 2198 exstruere
1039 2123 1447 2198 intelligeretur.
1484 2124 1667 2198 ltaqiie
1703 2135 1758 2180 et
1785 2142 1886 2198 no-

287 2194 408 2254 inen
441 2197 612 2265 ipsum
646 2195 889 2257 mutavit,
919 2209 981 2248 ac
1005 2209 1100 2261 pro
1127 2194 1501 2266 Hierosolyma
1520 2235 1535 2261 ,
1563 2195 1761 2249 [Etiam
1787 2197 1889 2252 Ca-

288 2269 565 2339 pitolinam
593 2266 694 2320 dici
721 2267 909 2339 voluit.
941 2270 1114 2339 Atque
1143 2265 1213 2318 ita
1237 2265 1454 2335 quidem
1479 2267 1804 2339 appellatur,
1833 2278 1889 2323 et

287 2335 356 2394 ab
378 2339 629 2405 Ulpiano,
662 2340 712 2391 in
745 2336 932 2403 paud.,
968 2341 1049 2390 tit.
1078 2335 1146 2390 de
1175 2339 1405 2402 censib.,
1440 2349 1494 2390 et
1527 2335 1596 2391 ab
1625 2338 1756 2404 ipsis
1797 2355 1890 2408 pa-

291 2413 462 2466 tribus
483 2409 713 2464 Nicaenis
743 2410 795 2462 in
825 2408 1121 2479 canonihus
1143 2409 1258 2475 ers
1281 2408 1496 2479 synodi.
1520 2408 1733 2477 Alioqui
1760 2425 1890 2464 vero

285 2482 653 2539 Tertullianus
681 2495 893 2548 quoque
936 2477 1150 2532 duobus
1199 2477 1361 2543 locis,
1413 2480 1520 2534 hoc
1563 2487 1678 2542 est,
1713 2481 1763 2534 in
1794 2482 1886 2536 lib.

284 2563 468 2610 eontra
493 2553 730 2616 Jud:eos,
745 2561 800 2606 et
825 2549 919 2604 lib.
944 2565 1000 2603 ιιι
1026 2559 1216 2604 contra
1231 2550 1417 2616 hlarc.,
1444 2550 1734 2614 exclamat,
1760 2553 1891 2606 Sion

276 2626 392 2696 jam
424 2624 692 2696 nullagest.
732 2693 765 2696 __
942 2692 953 2696 _
1032 2692 1059 2696 η
1467 2693 1477 2696 _
1774 2654 1776 2656 τ

360 2697 486 2765 Pag.
519 2694 610 2751 56.
645 2693 799 2748 Nulla
830 2692 994 2765 estin
1023 2692 1221 2762 Optato
1243 2693 1538 2756 sententia,
1567 2708 1689 2763 qua:
1715 2694 1891 2749 rarior

286 2781 411 2822 esse
440 2762 688 2820 videatur
727 2779 884 2833 quam
918 2762 1200 2834 lueeqna:
1245 2766 1491 2834 sequitur
1531 2762 1690 2831 paulo
1723 2775 1842 2832 post
1874 2783 1886 2818 :

286 2837 411 2892 Non
447 2838 586 2891 enim
616 2834 776 2906 Resp.
811 2845 886 2888 est
924 2835 979 2888 in
1025 2833 1288 2906 Ecclesia,
1320 2833 1410 2889 sed
1449 2833 1686 2888 Ecclesia
1726 2845 1799 2889 est
1837 2838 1889 2890 in

284 2909 418 2973 Rep.
461 2909 516 2962 id
545 2917 649 2971 est,
679 2904 734 2960 in
760 2906 988 2974 Imperio
1033 2904 1284 2960 Romano.
1320 2906 1423 2960 Alii
1469 2908 1893 2974 interpretaren-

286 2994 396 3034 tur.
431 2980 623 3046 Retnp.
652 2977 870 3046 quidem
901 2992 1022 3031 esse
1047 2991 1209 3045 posse
1235 2980 1352 3032 sine
1385 2978 1642 3041 Ecclesia,
1674 2987 1732 3030 ut
1758 2979 1887 3032 olim

285 3052 388 3108 fuit
416 3053 582 3119 Resp.
603 3050 756 3102 ltum.
788 3047 1086 3102 Ecclesium
1122 3063 1249 3102 vero
1279 3064 1381 3102 non
1409 3064 1568 3116 posse
1583 3048 1700 3102 sine
1726 3049 1886 3117 ltep.,

1995 422 2195 498 swcttli,
2229 439 2325 491 pro
2349 441 2519 498 rerum
2545 427 2728 498 quiete,
2757 444 2850 496 pro
2877 445 3020 482 mora
3045 422 3182 498 ﬁnis.
3212 431 3357 485 Idem
3388 432 3453 484 ad
3481 432 3609 487 Sca-

1997 493 2186 572 pulam
2219 510 2326 547 non
2359 495 2522 572 modo
2552 496 2680 572 illud
2713 493 2977 572 inculcat,
3011 493 3366 568 sacriﬁcamus
3401 518 3495 572 pro
3524 519 3610 554 sa-

1995 561 2520 636 lutelmperatoris;
2549 569 2642 621 sed
2691 579 2744 621 et
2787 569 3070 636 proﬁtetur
3099 561 3324 627 necesse
3364 561 3516 630 esse.
3552 579 3612 626 ut

1993 633 2345 710 Christianus
2376 636 2588 710 salvum
2621 638 2750 710 velit
2779 633 3183 710 imperatorem,
3215 658 3337 697 cum
3363 652 3476 696 toto
3502 643 3610 696 Ro-

1995 717 2167 779 mano
2209 705 2436 779 imperio
2462 716 2556 779 :iet
2587 708 2773 779 addit:
2809 705 3084 779 Quousque
3127 715 3370 768 secutum
3417 714 3602 778 stabit,

1993 774 2205 826 tamdiu
2239 778 2371 830 enim
2393 778 2546 831 stabit
2575 774 2884 843 Imperium.
2917 774 3059 837 Ideni
3094 785 3144 837 in
3171 783 3263 838 lib.
3295 785 3360 837 de
3401 774 3608 838 Resur;

1994 855 2145 915 rect.
2178 847 2358 900 carnis
2385 848 2464 902 sic
2492 849 2879 915 interpretatur
2904 854 3074 907 locum
3101 854 3247 908 Pauli
3277 855 3342 908 ad
3373 854 3609 910 Thessa-

1995 912 2176 970 lonic.
2212 927 2268 969 ιιι
2298 912 2748 986 quemadmodum
2781 939 2886 977 non
2915 935 2996 978 est
3029 925 3240 978 futurus
3267 925 3388 978 ﬁnis
3418 925 3604 980 satculi

1993 993 2293 1056 antequam
2339 991 2612 1044 reveletur
2653 992 3054 1056 Anticltristus.
3093 997 3172 1049 sic
3211 995 3601 1050 Antichristum

1992 1064 2292 1133 venturum
2321 1075 2426 1112 nou
2459 1073 2896 1133 esseantequam
2927 1064 3138 1120 deﬁciat
3167 1066 3468 1119 Romanum
3500 1067 3602 1121 im-

1993 1131 2234 1204 perium.
2267 1128 2452 1204 Itaque
2477 1133 2551 1204 ait
2577 1128 2874 1204 Romanum
2903 1144 3099 1190 statum
3130 1137 3366 1193 obstare.
3392 1137 3604 1204 quomi-

1995 1213 2102 1272 nus
2133 1198 2226 1272 ille
2252 1198 2451 1257 veniat.
2481 1202 2622 1258 Sane
2649 1203 2875 1272 Optatus
2903 1221 3006 1260 non
3038 1207 3169 1261 vidit
3196 1207 3334 1260 illam
3374 1198 3600 1261 Romani

1994 1269 2214 1346 imperii
2244 1276 2529 1346 maximam
2560 1269 2792 1340 ruinam,
2825 1292 2984 1346 quam
3013 1278 3231 1331 Barbari
3266 1278 3598 1340 intulerunt,

1994 1341 2210 1419 qualem
2243 1342 2371 1419 vidit
2397 1341 2731 1419 Augustinus
2759 1341 3034 1401 autetiam
3077 1348 3435 1419 Hieronymus
3459 1389 3473 1408 ,
3507 1349 3598 1418 qui

1995 1418 2051 1487 et
2075 1427 2199 1466 cum
2230 1412 2415 1467 urbem
2457 1430 2485 1468 a
2531 1414 2724 1471 Gothis
2748 1429 2959 1487 captam
2992 1419 3226 1481 videret,
3270 1412 3490 1482 scripsit
3526 1412 3598 1472 ad

1995 1481 2222 1558 Geront.
2254 1487 2689 1558 appropinquare
2715 1481 3126 1544 Ant-ichristum.
3161 1489 3267 1544 Sed
3291 1481 3419 1542 vidit
3441 1489 3600 1558 Opta-

1995 1561 2080 1606 tus
2115 1555 2321 1621 imperii
2374 1555 2600 1611 Romani
2651 1560 2834 1614 sedem
2883 1563 2961 1614 sic
3015 1561 3327 1616 translatam
3369 1555 3502 1615 esse
3542 1560 3597 1614 in

1993 1623 2270 1701 Orien_tem
2297 1640 2391 1693 per
2410 1627 2850 1701 Constantinum,
2875 1640 2932 1684 ιιι
2959 1632 3118 1686 simul
3149 1633 3432 1701 imperiunt
3464 1631 3599 1686 illud

1998 1705 2124 1771 tunc
2148 1695 2346 1771 factum
2373 1698 2449 1771 sit
2479 1697 2739 1754 Ecclesia:
2759 1701 3080 1756 Christianm
3109 1695 3596 1771 propugnaculum,

1994 1775 2048 1845 et
2081 1767 2132 1820 in
2161 1766 2534 1845 eiiimpletum
2565 1773 2727 1825 fuerit
2756 1773 2880 1845 illud
2914 1774 3087 1845 Esaia:
3286 1766 3600 1845 'atlAEccle-l

1993 1838 2158 1890 siam:
2193 1836 2260 1915 Et
2283 1855 2424 1908 reges
2449 1850 2598 1915 erunt
2629 1844 2837 1915 nutricii
2857 1845 2951 1897 tui.
2983 1836 3346 1915 Quoquidem
3371 1843 3599 1912 Optatus

1991 1909 2313 1985 Commode‘
2324 1911 2589 1985 potuisset
2610 1914 2855 1985 objicere
2905 1909 3120 1968 Donato
3147 1909 3432 1985 'rejit-ienti
3454 1915 3602 1972 elec-

1991 1994 2247 2052 trtosynas
2275 1980 2585 2052 Consumtis
2610 1980 2742 2052 Imp.

2065 2049 2193 2119 Pag.
2215 2050 2283 2106 56
2309 2061 2363 2105 et
2385 2049 2739 2121 57.0ptattts,
2771 2055 2931 2123 paulo
2955 2064 3097 2125 post,
3128 2056 3304 2111 locum
3333 2055 3598 2112 Ezechie-

1992 2119 2082 2196 lis,
2111 2136 2230 2196 cap.
2264 2138 2459 2188 xxvtn,
2482 2119 2551 2178 de
2573 2125 2738 2196 Tyro,
2767 2119 3058 2196 detorquet
3077 2119 3142 2181 ad
3171 2129 3437 2182 Donatum
3464 2130 3600 2184 Car-

1992 2193 2388 2269 thaginensem,
2407 2201 2465 2269 ut
2484 2202 2539 2249 et
2556 2193 2887 2265 Augustinus
2911 2193 2962 2251 iu
2987 2199 3062 2253 lib
3107 2199 3171 2252 tle
3192 2198 3336 2254 Unit.
3355 2214 3478 2269 cap.
3511 2202 3596 2264 14,

1994 2264 2206 2340 t_a__metsi
2234 2264 2392 2340 alibi,
2412 2266 2525 2340 _hoc
2549 2264 2662 2329 est,
2686 2268 2788 2340 lib.
2826 2285 2876 2322 xt
2918 2269 2986 2322 de
3013 2270 3214 2324 Cenes.
3247 2269 3314 2323 ad
3344 2264 3440 2324 lit.'
3473 2287 3594 2340 cap.
3620 2299 3622 2301 ν

1990 2333 2091 2392 25,
2122 2335 2368 2388 eumdem
2410 2335 2588 2389 locum
2619 2338 2814 2392 referat
2845 2339 2910 2392 ad
2943 2340 3245 2396 Diabolum.
3277 2341 3382 2396 Sed
3411 2333 3599 2398 reveia

1992 2403 2632 2480 vaticiniumglﬁzecbielis
2660 2407 2728 2480 de
2766 2409 2978 2464 excidio
3009 2409 3172 2480 Tyri,
3203 2411 3348 2464 aliud
3383 2427 3488 2466 non
3517 2423 3600 2467 est

1991 2490 2152 2544 quam
2185 2476 2325 2545 quod
2354 2491 2510 2549 antea
2539 2478 2654 2546 ipse
2694 2479 2866 2534 Isaias
2905 2476 3181 2547 ediderat,
3227 2496 3345 2549 cap.
3375 2481 3466 2537 25.
3495 2483 3602 2536 Ne-

1991 2562 2096 2624 que
2125 2557 2301 2600 tamen
2328 2548 2490 2624 “apud
2544 2549 2732 2624 Isaiam
2781 2551 3051 2624 scripturn
3069 2563 3156 2624 est
3190 2548 3340 2624 quad
3369 2552 3601 2624 Optatos

1992 2619 2105 2681 ait,
2138 2634 2290 2692 naves
2318 2618 2678 2692 Carthaginis,
2707 2621 2803 2677 sed
2835 2618 2986 2676 naves
3012 2618 3225 2676 Tltarsis
3249 2638 3267 2676 :
3294 2618 3602 2692 quo-verbo

1992 2689 2346 2763 transmarina
2380 2691 2556 2763 potius
2590 2690 2776 2749 Cilicia
2821 2694 3190 2763 signiﬁcatur,
3239 2689 3451 2748 tametsi
3491 2695 3602 2752 Au-

1992 2760 2261 2834 gustinus,
2288 2760 2349 2834 in
2372 2761 2565 2834 psalm.
2586 2777 2752 2834 XL\_lt,
2776 2760 2925 2818 malit
2947 2779 3014 2818 eo
3037 2765 3202 2818 verbo
3227 2766 3448 2834 intelligi
3470 2767 3603 2822 Car-

1993 2830 2290 2908 thaginem.
2323 2831 2433 2908 Sed
2459 2847 2635 2908 neque
2659 2832 2928 2905 Carthago
2969 2834 3069 2890 fttit
3097 2835 3274 2906 Tyrus
3308 2853 3320 2890 :
3366 2830 3476 2893 imo
3505 2853 3603 2908 po-

1995 2900 2106 2954 tius
2132 2901 2258 2972 Tyri
2283 2905 2525 2968 quaedam
2556 2905 2789 2959 colonia.

2066 2973 2193 3042 Pag.
2229 2972 2318 3027 57.
2349 2973 2518 3046 Porro
2554 2974 2619 3029 ad
2651 2991 2712 3030 ea
2745 2992 2865 3045 quae
2887 2977 3116 3046 Optatus
3146 2988 3330 3032 narrat
3360 2979 3428 3034 de
3455 2979 3600 3035 fastu

1993 3051 2049 3117 et
2089 3046 2393 3117 arroganiia
2440 3045 2670 3108 Donati,
2705 3048 2863 3116 adjici
2898 3045 3076 3114 posset
3119 3049 3263 3117 quod
3304 3049 3602 3106 Donatista:

286 3125 398 3180 itno
427 3113 586 3191 hujus
614 3131 818 3188 partem
848 3134 991 3183 esse,
1013 3134 1134 3173 cum
1167 3121 1217 3173 in
1247 3113 1550 3188 hujus'sinu
1580 3119 1738 3191 veluti
1767 3113 1889 3183 coa-
1917 3118 1962 3181 C
1989 3113 2286 3191 iactabant,
2308 3115 2474 3191 Deum
2505 3117 2572 3171 de
2601 3121 2741 3173 caelo
2770 3113 3113 3191 respondisse
3139 3113 3321 3174 oranti
3360 3122 3591 3188 Donato,

287 3196 480 3251 lescat.
503 3190 642 3247 Scio
672 3192 834 3246 etiam
874 3191 1039 3243 multa
1073 3191 1177 3244 dici
1220 3191 1465 3260 specio~e
1503 3206 1659 3260 posse
1689 3190 1741 3244 in
1773 3193 1892 3246 uni-

287 3280 508 3321 versum
532 3266 601 3318 de
629 3263 785 3328 Reip.
811 3271 866 3314 et
888 3260 1143 3316 Ecclesia:
1172 3264 1594 3332 comparatione.
1623 3263 1717 3315 sed
1753 3279 1892 3318 nunc

288 3337 435 3393 aliud
488 3336 666 3406 agitur
711 3342 765 3387 et
806 3335 1086 3406 qttteritur.
1140 3333 1321 3387 Dicam
1366 3349 1496 3406 ergo
1542 3333 1685 3406 quod
1733 3334 1892 3406 hujus

289 3408 468 3479 magis
503 3404 609 3459 loci
657 3406 766 3459 est.
794 3404 932 3457 Olim
974 3405 1247 3479 solemnes
1289 3406 1340 3479 in
1387 3404 1606 3479 Judai_c_a
1648 3405 1892 3479 Ecclesia

291 3474 454 3537 erant
481 3491 672 3546 preces
698 3490 798 3544 pro
828 3489 992 3542 regno
1025 3476 1269 3540 Davidis,
1305 3476 1357 3529 in
1388 3492 1493 3544 quo
1540 3474 1774 3529 Ecclesia
1809 3476 1893 3530 iu-

289 3549 639 3620 telligebatur
664 3561 796 3620 esse
815 3546 1050 3620 inclusm
1079 3547 1258 3620 lioque
1285 3547 1676 3620 pertinetPsal.
1705 3562 1889 3620 exitu,

294 3616 450 3680 LXXII
478 3631 532 3674 et
560 3635 722 3674 cxxu.
757 3617 997 3672 Fuerunt
1021 3617 1215 3671 deinde
1245 3618 1296 3671 in
1332 3617 1568 3672 Ecclesia
1590 3616 1893 3672 Christiana

292 3697 573 3749 soli-mnes
605 3704 793 3758 preces
820 3703 918 3756 pro
945 3686 1176 3757 Imperio
1204 3688 1357 3741 Rom.
1389 3688 1569 3742 multis
1599 3689 1667 3743 de
1695 3689 1891 3742 causis.

249 3765 540 3820 'Primum
587 3763 732 3816 enim
785 3759 888 3813 etsi
942 3760 1129 3826 primis
1164 3759 1382 3813 steculis
1431 3760 1715 3825 Imperium
1765 3759 1894 3813 illud

291 3835 458 3890 valde
487 3831 856 3889 adversarium
881 3837 936 3883 et
963 3831 1213 3884 infestum
1241 3840 1385 3884 esset
1411 3829 1685 3892 Ecclesiae,
1718 3839 1893 3884 tamen

293 3907 422 3977 ejus
449 3903 664 3977 Imperii
687 3900 1119 3977 amplitudinem
1151 3901 1407 3977 prodesse
1448 3900 1514 3954 ad
1561 3900 1899 3977 prOpagatio-

297 3971 427 4034 nem
458 3973 762 4042 religionis,
794 3971 1086 4027 Christiani
1116 3973 1531 4034 existimabant,
1587 3982 1642 4024 ut
1671 3973 1898 4026 Ambro-

296 4051 417 4106 sius
445 4056 670 4102 annotat
714 4046 765 4099 in
803 4042 999 4098 Psalm.
1033 4060 1183 4108 vat,
1224 4055 1275 4099 et
1325 4043 1588 4098 Eusebius
1619 4045 1683 4098 ad
1733 4044 1894 4098 finem

295 4122 401 4177 lib.
443 4129 534 4182 tn,
583 4117 649 4172 de
695 4115 994 4170 demoustr.
1041 4114 1245 4185 Evang.
1272 4155 1285 4174 .
1315 4125 1368 4168 et
1412 4114 1694 4185 Prudent.,
1737 4115 1827 4169 lib.
1861 4129 1900 4168 ιι

295 4201 495 4248 contra
544 4185 950 4260 Symmachum.
1000 4183 1215 4260 Deinde
1254 4183 1541 4260 Christiani
1571 4192 1901 4260 veteres,‘et

295 4265 484 4319 locum
517 4255 666 4315 Pauli
692 4259 758 4311 ad
789 4255 1306 4310 Thessalonicenses
1331 4255 1399 4310 de
1422 4259 1691 4325 apostasia
1717 4257 1794 4309 sic
1817 4255 1902 4309 in-

297 4339 510 4403 terpret
528 4333 762 4396 ibantur,
789 4338 846 4383 et
870 4326 938 4403 de
966 4325 1297 4403 Antichristo
1325 4328 1407 4403 sic
1433 4327 1576 4403 loqui
1613 4327 1862 4403 solebant
1880 4368 1894 4392 ,

297 4415 363 4461 ut
397 4396 819 4472 profiterentur,
864 4397 1254 4452 Antichristum
1275 4440 1287 4462 ,
1318 4399 1408 4467 qui
1455 4396 1746 4472 Ecclesium
1777 4411 1902 4466 gra-

295 4469 429 4559 vius
461 4473 808 4559 percelleretl,
839 4478 1125 4552 venturum
1159 4485 1263 4552 non
1295 4483 1418 4524 esse
1457 4477 1581 4559 ante
1602 4469 1900 4559 lt'uina_ttie_t
1925 4498 1978 4559 Ι)

295 4540 720 4601 dissolutionem
770 4543 996 4596 Romani
1042 4541 1254 4610 imperii
1286 4555 1300 4593 :
1332 4553 1506 4610 neque
1534 4540 1719 4593 orbem
1748 4540 1899 4608 prius

292 4633 432 4673 esse
465 4618 779 4688 periturum.
811 4614 948 4688 Ergo
975 4609 1146 4688 Deum
1174 4613 1382 4688 precari
1407 4609 1658 4688 solebant
1680 4627 1776 4679 pro
1801 4613 1900 4663 im-

297 4681 478 4760 perio'
513 4689 666 4742 Rom.
709 4687 762 4740 in
807 4681 960 4752 cujus
993 4683 1378 4760 incolumitate
1421 4681 1726 4760 sentiebant
1769 4696 1900 4760 pro-

299 4751 495 4831 pterea
528 4759 807 4833 inclusam
829 4751 965 4833 esse
991 4754 1418 4833 incolumitatem
1458 4751 1736 4833 Ecclesia}.
1769 4753 1902 4833 Ter-

295 4823 566 4886 iullianus
605 4845 763 4898 quem
797 4829 848 4881 in
891 4826 1095 4898 Africa?
1123 4825 1327 4898 legebat
1374 4826 1600 4898 Optaius
1634 4823 1792 4898 Afer,
1825 4823 1906 4877 sic

295 4903 548 4973 loquitur
570 4893 635 4955 in'
657 4899 1004 4973 Apologetico
1033 4897 1111 4973 ad
1139 4893 1409 4973 Romanos
1435 4911 1447 4947 :
1487 4893 1807 4973 Nominatim
1828 4904 1908 4946 at-

296 4967 409 5043 que
441 4967 723 5036 manifeste,
751 4981 921 5043 orate,
971 4970 1133 5043 inquit
1163 4967 1461 5043 Apostolus,
1505 4983 1596 5034 pro
1623 4968 1826 5043 regibus
1855 4975 1904 5019 et

296 5037 408 5117 pro
443 5043 786 5117 Principibus,
819 5039 1184 5117 Potestatibus.
1211 5050 1264 5091 ut
1292 5038 1462 5117 omnia
1483 5037 1760 5117 tranquilla
1781 5039 1903 5117 sint.

319 5115 598 5168 Vobiscum
624 5109 765 5167 enim
795 5112 1083 5166 concutitur
1111 5109 1394 5178 Imperium
1423 5127 1441 5162 :
1470 5111 1731 5162 concussis
1759 5112 1908 5160 etiam

298 5188 514 5241 cwteris
541 5185 772 5239 membris
813 5186 954 5255 ejus,
987 5182 1162 5255 utique
1192 5193 1247 5255 et
1294 5197 1415 5245 nos,
1451 5181 1564 5255 licet
1611 5179 1911 5255 extraneina

300 5258 480 5312 turbis
508 5247 875 5318 existimemur,
907 5247 960 5305 in
985 5247 1156 5322 aliquo
1182 5252 1291 5306 loco
1318 5267 1466 5304 casus
1487 5251 1794 5322 invenimur.
1816 5247 1912 5322 Est

297 5341 360 5384 et
393 5329 502 5382 alia
522 5331 700 5401 major
734 5325 1006 5401 necessitas
1042 5321 1185 5401 nobis
1223 5322 1537 5401 orandipro
1565 5321 1906 5401 Imperatori-

301 5402 434 5460 bns,
465 5390 628 5452 etiam'
647 5415 736 5465 pro
763 5395 902 5450 omni
943 5403 1076 5449 statu
1108 5392 1319 5463 Imperii
1356 5390 1601 5460 rebusque
1627 5390 1869 5444 Romanis
1891 5431 1906 5454 ,

299 5471 460 5544 quod
481 5473 577 5524 vim
601 5470 876 5544 maximam
897 5468 1131 5544 uniuerso
1151 5466 1262 5544 orbi
1283 5465 1624 5544 imminentem
1651 5465 1914 5544 ipsamque

299 5535 620 5598 clausuram
643 5540 815 5593 δαῖσαιὶ
845 5538 1138 5591 acerbitates
1171 5535 1452 5587 horrendas
1487 5536 1912 5596 comminantem,

301 5613 550 5672 Romani
581 5610 789 5679 Imperii
817 5619 1097 5661 commeatu
1119 5605 1597 5679 scinmsretardarj.
1623 5604 1806 5672 Itaque
1825 5620 1917 5679 n0-

301 5687 330 5742 ι
337 5702 496 5741 urnas
517 5673 760 5752 experiri,
790 5690 834 5733 et
855 5681 976 5752 dum
998 5691 1264 5748 precamur
1285 5673 1500 5752 ili/ferri,
1535 5674 1778 5752 Romana:
1803 5677 1919 5728 diu-

305 5747 842 5828 turnitati'favemus.
877 5750 1160 5805 Etrursus
1187 5751 1345 5818 paulo
1375 5756 1535 5819 post:
1567 5747 1788 5805 Oramus
1824 5762 1919 5820 pro

1997 3193 2054 3238 ttt
2082 3187 2153 3238 ait
2182 3185 2537 3263 Augustinus,
2571 3197 2726 3243 tract.
2760 3190 2825 3243 l2
2856 3185 2906 3243 in
2933 3189 3222 3263 Joannem,
3250 3203 3305 3246 et
3331 3185 3602 3263 Angelum

1993 3259 2330 3326 apparuisse,
2363 3257 2455 3326 qui
2484 3257 2601 3326 ejus
2637 3268 2841 3313 sectam
2872 3262 3312 3326 commendaret,
3347 3257 3601 3318 ut'refert

1995 3329 2138 3404 idem
2170 3329 2592 3404 Augustinusin
2621 3331 2784 3398 epist.
2812 3347 2971 3386 eva.
2998 3332 3110 3404 Sed
3143 3335 3398 3388 omnibus
3430 3349 3602 3404 prope

1995 3398 2267 3453 haereticis
2306 3399 2610 3454 volentibus
2641 3404 2946 3458 communis
2983 3403 3083 3457 fuit
3106 3405 3328 3458 ambitio
3359 3398 3602 3460 et'arr'o-

1993 3470 2194 3540 gautia,
2219 3471 2431 3538 qualem
2454 3473 2680 3539 Optatus
2702 3472 2789 3529 hic
2813 3484 3032 3528 accusat
3053 3476 3105 3528 in
3143 3475 3369 3529 Donato.
3395 3475 3598 3532 Omnes

1995 3542 2138 3617 enim
2188 3550 2396 3617 tumetit
2430 3559 2443 3595 :
2494 3551 2549 3595 ut
2593 3542 2766 3611 inquit
2793 3545 3154 3600 'l‘ertullianus
3183 3547 3251 3601 de
3289 3546 3597 3617 Prarscript.

1998 3611 2240 3689 Deniqﬁue
2264 3610 2570 3689 ut.0pt_atus
2599 3610 2780 3689 narrat
2807 3617 3120 3689 Donatistas
3143 3618 3354 3683 jurasse
3375 3633 3476 3689 per
3501 3610 3599 3674 tio—

1997 3696 2118 3756 t_neu
2152 3681 2374 3756 Donati,
2407 3683 2486 3736 sic
2530 3693 2584 3737 et
2630 3685 3066 3756 Priscillianistas
3119 3681 3213 3756 per
3263 3681 3457 3744 nomen
3507 3691 3593 3743 sui

1997 3751 2353 3831 Priscilliani,
2382 3765 2581 3831 narrat
2619 3753 2879 3831 sulpitius
2911 3751 3164 3831 Severus.
3199 3759 3335 3814 Illud
3382 3776 3598 3831 quoque

1999 3822 2133 3876 mihi
2160 3821 2358 3900 legenti
2382 3823 2482 3900 hoc
2509 3823 2630 3900 loco
2658 3821 2922 3900 Denatum
2955 3829 3054 3882 sibi
3087 3844 3369 3900 arrogasse
3397 3821 3599 3899 pririci-

2001 3903 2182 3961 patum
2213 3893 2588 3972 Carthaginis,
2616 3898 2978 3972 adjiciendum
3008 3893 3239 3966 videtur:
3283 3893 3426 3972 quod
3466 3903 3595 3958 Hie-

2000 3976 2524 4037 ronymusﬁannotat
2569 3969 2621 4022 in
2667 3984 2768 4024 suo
2815 3970 3105 4036 ChroniCo,
3147 3969 3414 4028 Donatum
3454 3973 3598 4031 hunc

2003 4036 2218 4109 tandem
2249 4036 2574 4102 Carthagine
2603 4041 2813 4109 pulsum
2847 4042 3011 4097 fuisse
3031 4083 3044 4101 .
3075 4059 3217 4098 anno
3254 4045 3450 4099 Christi
3485 4057 3594 4101 tre-

2001 4108 2304 4162 centesimo
2325 4108 2683 4178 sexagesimo,
2719 4113 2818 4165 hoc
2842 4121 2946 4178 est,
2979 4129 3084 4166 non
3111 4115 3293 4168 multis
3314 4116 3470 4168 anuis
3500 4133 3596 4170 att-

2005 4189 2216 4256 tequam
2257 4179 2355 4231 hos
2385 4177 2554 4256 libros
2578 4182 2841 4256 scriberet
2868 4184 3112 4256 Optatus.
3158 4184 3286 4256 Pag.
3317 4185 3405 4240 58.
3440 4186 3595 4254 Quod

2005 4251 2163 4318 paulo
2191 4258 2311 4318 post
2336 4249 2616 4322 subjicitur
2642 4251 2709 4304 de
2739 4253 3114 4322 persecutione
3143 4249 3374 4311 excitata
3406 4249 3593 4313 a’Dio-

2003 4321 2234 4394 cletiano
2288 4320 2567 4394 sexaginta
2616 4320 2774 4377 annis
2818 4333 3104 4394 antequam
3167 4325 3284 4382 Itzrc
3332 4329 3598 4386 scriberet

2003 4391 2266 4464 Optatos,
2279 4389 2635 4464 explicatum
2658 4403 2742 4448 est
2788 4395 2927 4450 libro
2957 4389 3148 4464 primo,
3177 4398 3262 4453 ubi
3300 4407 3354 4452 et
3382 4400 3450 4455 de
3488 4404 3598 4456 An-

2007 4463 2213 4535 nullino
2235 4460 2376 4535 dixi,
2406 4461 2558 4531 cujus
2586 4463 2675 4518 hic
2703 4480 2915 4535 quoque
2937 4460 2997 4521 ﬁt
3025 4460 3246 4524 mentio.
3277 4470 3412 4525 Illud
3438 4473 3598 4527 modo

2003 4534 2196 4611 addam
2219 4531 2364 4611 quod
2392 4548 2496 4587 non
2519 4531 2958 4611 omnes'fortzisse
2986 4540 3181 4611 alioqui
3210 4541 3595 4611 intelligerent,

2006 4604 2292 4681 provincia:
2326 4603 2704 4681 _Proco_nsula_ri
2737 4609 2952 4681 nomine
2997 4609 3080 4664 hic
3112 4603 3411 4681 signiﬁcari
3449 4603 3597 4667 Afri;

2005 4691 2145 4730 cam.
2188 4675 2340 4748 Quod
2383 4685 2435 4730 et
2483 4677 2533 4730 iu
2565 4677 2769 4748 legibus
2814 4678 3066 4746 frequens
3090 4675 3194 4736 est:
3227 4684 3287 4738 ι..
3322 4698 3409 4740 ιι.
3437 4684 3496 4738 C.
3531 4685 3599 4739 de

2007 4756 2212 4824 erogat.
2231 4745 2570 4824 miiit._ann.i
2588 4745 2648 4802 L'.
2673 4749 2769 4803 ult.
2795 4749 2856 4824 Cf.
2878 4745 3002 4824 Th.,
3029 4751 3096 4824 de
3117 4754 3416 4824 tyronibus;
3444 4755 3476 4808 Ι.
3504 4772 3599 4810 xm

2008 4817 2068 4895 (ξ.
2104 4818 2207 4895 :I_‘_h.
2238 4818 2348 4870 ind.
2379 4817 2504 4895 dub.
2537 4819 2704 4895 Porro
2737 4823 2902 4876 multa
2933 4817 3347 4880 deinde'narrat
3373 4817 3600 4895 Optatus

2009 4889 2076 4970 de
2097 4887 2605 4970 Circumcellionuni
2634 4894 3138 4970 imman_itate._l’ag.
3170 4895 3260 4963 59,
3292 4898 3381 4970 60.
3413 4887 3601 4970 Augu-

2009 4961 2185 5014 stinus
2218 4960 2410 5027 partim
2442 4962 2674 5026 similia,
2706 4966 2897 5033 partim
2937 4960 3114 5020 etiam'
3142 4960 3406 5024 atrociora
3438 4960 3602 5030 defiis

2010 5034 2206 5101 passim
2237 5041 2440 5102 narrat,
2471 5040 2526 5085 et
2552 5035 2738 5102 quales
2767 5034 2964 5091 fuerint
2995 5037 3068 5091 illi
3092 5037 3492 5096 Donatistarum
3516 5058 3602 5097 sa—

2011 5100 2545 5176 tellites,_diligenter
2565 5100 2803 5176 exponit.
2832 5106 2964 5161 Nam
2996 5119 3049 5161 et
3079 5109 3226 5176 plura
3257 5127 3446 5167 eorum
3480 5129 3600 5169 sce-

2013 5172 2336 5255 lera_vidit,.
2373 5187 2530 5255 quam
2572 5172 2818 5255 optatus.
2851 5176 3004 5255 _Ill_ud
3044 5172 3203 5255 modo
3247 5185 3600 5255 comparabo,

2013 5243 2422 5321 quodutemini,
2453 5241 2809 5321 Augustinum
2832 5247 2900 5303 de
2923 5250 3135 5320 injuria.
3160 5267 3278 5321 quae
3309 5241 3461 5311 ﬁe'bat
3487 5241 3606 5310 ore;

2015 5315 2280 5395 ditoribus
2309 5325 2361 5369 et
2392 5315 2624 5395 dominis
2651 5319 2848 5395 similia
2876 5315 3094 5376 narrare
3117 5315 3421 5394 in'epistola
3445 5329 3608 5395 quin-

2015 5388 2354 5456 quagesima,
2386 5401 2507 5442 cum
2537 5388 2829 5444 Donatistae
2857 5401 2912 5445 et
2948 5406 3136 5448 servos
3174 5388 3248 5449 ad'
3272 5388 3476 5452 Pileum
3509 5413 3606 5449 vo-

2017 5473 2140 5513 care
2180 5458 2510 5524 viderentur,
2543 5470 2598 5514 et
2631 5461 2966 5518 debitoribus
2991 5464 3161 5519 veluti
3195 5481 3361 5523 novas
3402 5468 3610 5522 tabulas

2018 5531 2208 5584 darent
2233 5549 2246 5583 :
2283 5528 2432 5594 Quis,
2458 5532 2627 5600 inquit
2651 5532 2998 5602 Augustinus,
3023 5553 3125 5588 non
3147 5537 3385 5592 dominus
3410 5550 3610 5592 servum

2018 5617 2166 5677 suum
2191 5602 2368 5656 timere
2403 5604 2696 5674 compulsus
2724 5616 2795 5658 est
2813 5647 2828 5668 ,
2851 5608 2893 5659 si
2919 5607 2986 5659 ad
3020 5604 3409 5677 Donatistarum
3438 5617 3614 5677 patro-

2019 5673 2208 5746 cinium
2233 5691 2404 5746 servus
2444 5678 2794 5744 confugisset?
2835 5679 2944 5746 quis
2982 5676 3250 5745 quemlibet
3279 5673 3474 5746 poterat
3508 5677 3617 5731 exi-

2021 5760 2139 5816 gere
2165 5742 2441 5802 debitorem
2467 5742 2718 5802 auxiliarii
2744 5742 2918 5803 eorum
2943 5742 3386 5819 defensionemque
3405 5765 3618 5825 poscen-
