4152 6166
567 265 712 326 1159

1700 255 2275 320 OBSERVATIONES
2303 254 2735 316 ALBASPINIEI

3680 262 3785 320 1160

568 387 769 448 cestam
798 375 1167 448 petulantiam,
1200 389 1319 448 qua:
1361 345 1625 448 tempore
1653 374 1852 448 Juliani
1899 375 2061 438 impie
2103 383 2158 428 et
2185 375 2235 436 Α
2265 383 2474 448 gutture
2493 374 2682 448 alieno,
2707 369 2838 426 illud
2860 370 3039 448 alieno
3069 369 3593 448 proprlesignilicare
3615 375 3795 446 ﬁcto.ut

571 445 909 516 impudenter
933 459 1175 516 grassata
1205 447 1395 500 fuerat.
1448 445 1554 500 Sed
1598 445 1997 500 Donatistarmn
2029 460 2152 513 pro-

571 519 852 573 caeitatem
893 527 949 572 et
977 516 1361 586 impudicitiam
1393 517 1537 571 nulla
1568 517 1649 570 lex
1677 530 1932 571 coercere
1962 518 2153 583 potuit.

640 587 767 657 Pag.
801 588 889 653 95,
919 588 1009 643 94.
1057 587 1225 642 Porro
1250 588 1533 642 commode
1563 602 1704 641 nunc
1735 586 1863 640 mihi
1915 588 1968 639 in
2007 602 2159 657 inen-

573 667 678 713 tem
707 655 899 713 revoco
924 700 939 723 ,
991 657 1331 729 Fulgentium
1363 660 1550 714 Afrum
1581 657 1671 727 qui
1698 659 1852 711 annis
1891 655 2160 729 postOp-

575 730 667 783 tati
698 741 926 800 mortem
960 728 1238 800 plusquam
1277 739 1494 784 centum
1543 731 1593 783 in
1622 729 1872 784 Africana
1898 728 2157 800 Ecclesia

570 800 717 854 fulsit
743 799 1028 867 ﬂoruitque
1053 840 1069 866 ,
1117 801 1254 854 libro
1281 802 1520 856 secundo
1565 800 1630 853 ad
1678 815 1832 855 suum
1864 799 2155 853 Monimum

572 886 639 926 ex
663 870 766 926 hoc
788 871 967 938 Optati
991 873 1126 928 libro
1150 883 1304 928 sexto
1327 913 1343 937 ,
1373 873 1460 925 ubi
1502 873 1568 926 de
1601 871 1905 940 Virginibus
1949 871 2154 939 agitur,

569 941 790 997 laudare
811 942 990 1013 Optati
1024 944 1546 1013 interpretationem,
1575 943 1815 1013 Paulinae
1845 941 1912 995 de
1940 941 2006 995 iis
2036 955 2160 995 sen-

571 1013 752 1068 tentia:
780 1013 848 1068 ad
873 1012 1200 1081 Corinthios,
1223 1024 1278 1069 et
1302 1015 1513 1068 consilii
1545 1012 1712 1083 magis
1738 1027 1896 1082 quam
1924 1026 2160 1083 praecepg

569 1083 608 1138 ti
634 1101 647 1137 :
676 1099 904 1153 eamque
933 1084 1430 1154 interpretationem
1459 1083 1706 1139 conferre
1727 1100 1845 1136 cum
1879 1082 2160 1154 Augustini

570 1164 626 1210 et
657 1152 932 1211 Ambrosii
971 1152 1457 1223 alia—expositione.
1510 1155 1576 1208 Et
1603 1154 1724 1222 quia
1753 1156 1952 1223 integra
1983 1152 2162 1222 Optati

573 1227 735 1280 verba
766 1228 952 1282 recitat
982 1227 1296 1296 Fulgentius
1322 1268 1338 1293 ,
1380 1229 1555 1282 locum
1585 1227 1835 1294 inSpiciat
1867 1229 2033 1278 lector
2059 1266 2073 1291 ,
2107 1236 2161 1279 et

572 1311 696 1351 cum
729 1308 912 1351 nostra
935 1299 1170 1353 editione
1195 1299 1455 1353 conferat.
1503 1296 1637 1351 Nam
1669 1307 1721 1352 et
1753 1296 1802 1350 id
1842 1296 2057 1361 majoris
2079 1304 2162 1349 est

574 1369 832 1422 momenti
859 1409 874 1431 ,
906 1384 1064 1438 quam
1092 1371 1232 1439 quod
1261 1384 1522 1438 praeterea
1552 1367 1781 1439 Optatos
1827 1367 2061 1421 inculcat
2091 1366 2162 1421 de

572 1439 704 1493 velis
727 1481 741 1506 ,
773 1439 969 1510 quibus
996 1438 1312 1510 tegebantur
1340 1451 1394 1495 et
1422 1440 1584 1496 veluti
1625 1438 2036 1510 ohnubehantur
2068 1453 2162 1510 ca-

572 1509 680 1581 pita
699 1509 971 1565 sacrarum
1004 1509 1289 1582 virginum.
1322 1513 1449 1582 Pag.
1474 1512 1564 1575 95,
1589 1509 1657 1564 94
1683 1520 1738 1564 et
1766 1509 1854 1564 95.
1907 1509 2163 1563 Mitrellas

571 1591 724 1652 vocat
749 1624 764 1647 ,
793 1585 946 1652 quasi
980 1598 1172 1652 parvas
1201 1584 1390 1639 mitras
1420 1583 1586 1636 diras.
1642 1583 1796 1636 Mitra
1827 1582 2054 1652 verbum
2079 1589 2161 1635 est

572 1651 856 1725 Syriacum
889 1671 902 1706 :
935 1651 1111 1708 Graeci
1161 1655 1345 1709 dicunt
1375 1652 1598 1725 διάδημα
1614 1668 1638 1725 ;ν
1659 1652 1855 1725 Latini,
1875 1651 2083 1725 vittam,
2110 1659 2165 1704 et

573 1719 790 1793 proprie
818 1724 1085 1795 signiﬁcat
1112 1726 1382 1780 vinculum
1411 1736 1501 1778 aut
1526 1719 1924 1778 redimiculum.
1977 1719 2047 1777 Ut
2068 1737 2166 1776 au-

574 1803 680 1848 tem
705 1805 860 1849 erant
888 1795 1032 1850 vitta:
1077 1796 1366 1866 virginales
1385 1836 1400 1860 ,
1434 1797 1513 1850 sic
1540 1802 1596 1849 et
1620 1796 1742 1849 alia:
1770 1802 2165 1866 erant_matro-

571 1866 740 1920 nales.
769 1865 903 1920 Nam
933 1876 1111 1936 nupta:
1139 1864 1400 1921 matrona:
1427 1866 1586 1921 aliter
1623 1882 1782 1936 quam
1814 1864 2052 1934 virgines
2078 1877 2167 1918 ca-

573 1944 670 2005 put
702 1937 951 1993 velabant
988 1949 1045 1992 et
1073 1939 1364 1993 ornabant.
1417 1936 1568 1992 Unde
1595 1937 1944 2006 Propertius:

663 2048 828 2099 Cinxit
845 2057 897 2100 et
919 2056 1146 2114 acceptas
1169 2050 1324 2101 altera
1351 2050 1472 2102 vitta
1495 2062 1674 2100 comas.

649 2141 807 2215 134
827 2142 954 2214 Pag.
985 2143 1078 2200 95.
1112 2143 1264 2212 Quod
1297 2143 1398 2198 sub
1426 2143 1586 2197 ﬁnem
1619 2142 1696 2215 ait
1711 2141 1958 2215 Optatus,
1983 2140 2052 2195 de
2078 2155 2163 2206 ea,

572 2229 693 2284 qua:
723 2214 962 2270 secundo
989 2215 1141 2268 nubit
1167 2233 1180 2268 :
1211 2231 1315 2268 non
1342 2215 1397 2267 in
1422 2215 1584 2267 altum
1606 2214 1822 2277 tollitur,
1852 2220 2166 2284 annotatum

573 2283 652 2340 est
683 2285 752 2341 ab
779 2286 897 2340 aliis
925 2327 940 2352 ,
970 2285 1172 2340 dictum
1207 2285 1378 2339 videri
1406 2299 1470 2340 ex
1503 2301 1654 2339 more
1684 2284 1953 2338 Africana:
1987 2283 2166 2351 potius

569 2371 731 2426 quam
758 2356 925 2412 Latia:
953 2357 1160 2412 Gentis.
1212 2355 1403 2410 Fuisse
1429 2357 1568 2410 enim
1601 2356 1742 2425 apud
1770 2355 1998 2418 Pmnos,
2028 2363 2086 2407 ut
2114 2364 2169 2426 et

570 2425 710 2498 apud
738 2426 1023 2498 Egyptios
1045 2437 1102 2483 et
1123 2426 1366 2487 (ἔτερος,
1400 2427 1454 2480 in
1483 2442 1657 2490 more,
1688 2439 1743 2481 ut
1774 2427 2036 2481 nubentes
2062 2425 2169 2478 sel-

571 2497 638 2552 la:
665 2497 1188 2564 curuli’iiisiderent,
1211 2513 1482 2568 curruque
1506 2498 1762 2552 sublimes
1793 2507 1983 2559 vectae,
2015 2512 2042 2548 a
2060 2510 2170 2568 pa-

571 2569 668 2623 tris
689 2569 852 2624 domo
879 2569 934 2624 in
955 2570 1286 2626 domicilium
1306 2566 1483 2623 mariti
1503 2568 1940 2624 transferrentur.
1971 2569 2041 2622 At
2059 2566 2171 2623 Ro-

569 2654 732 2695 mano
759 2656 909 2696 more
941 2642 1204 2696 nubentes
1236 2641 1412 2710 potius
1441 2654 1602 2694 manu
1632 2639 1986 2695 ducebantur.

641 2710 769 2782 Pag.
802 2711 871 2767 97
901 2722 956 2767 et
981 2712 1071 2768 98.
1118 2709 1290 2778 Quam
1321 2719 1598 2782 postremo
1636 2713 1937 2781 elegantem
1973 2709 2165 2764 simili-

571 2780 810 2838 tudinem
857 2783 1056 2853 repetit
1100 2784 1168 2836 ab
1213 2780 1513 2850 aucupibus
1551 2780 1821 2853 Optatus,
1860 2781 2075 2836 videtur
2114 2789 2170 2836 et

571 2854 902 2925 Augustinus
924 2852 1052 2925 eum
1083 2855 1325 2925 imitatus
1356 2853 1638 2925 repetiisse
1662 2855 1713 2906 in
1737 2852 1827 2906 lib.
1853 2853 1918 2925 ad
1945 2853 2164 2925 llonor.

567 2924 636 2980 de
663 2923 780 2979 util.
809 2924 964 2981 cred.
993 2940 1114 2995 cap.
1146 2925 1200 2979 1.
1234 2924 1349 2994 Ego
1384 2939 1527 2978 nunc
1555 2923 1658 2978 edo
1685 2923 2120 2978 emendationem
2153 2964 2167 2987 ,

570 2996 658 3050 ubi
687 3011 784 3064 pro
805 2998 1036 3051 vivarum
1063 2997 1337 3050 volentium
1365 3037 1377 3057 ,
1408 3010 1473 3049 ex
1509 2995 1720 3049 meliori
1751 2996 2048 3063 exemplari
2084 3007 2166 3047 re-

570 3067 717 3121 stitui
746 3069 917 3121 avium
947 3068 1245 3121 volantium.
1281 3067 1494 3136 Memini
1525 3067 1708 3130 etiam,
1739 3065 1882 3136 quod
1911 3081 2034 3120 cum
2065 3080 2166 3117 nu-

571 3152 674 3207 per
697 3153 782 3191 me
803 3138 1062 3193 inviseret
1092 3137 1407 3194 Foroierius
1433 3135 1733 3192 Juriscons.
1758 3135 2166 3207 Aurelianensis

565 3203 620 3264 et
645 3203 714 3263 de
741 3207 939 3278 Optato
969 3210 1107 3264 forte
1135 3209 1416 3264 incidisset
1439 3223 1640 3273 sermo,
1669 3208 2036 3267 adn-tonuisse.
2060 3206 2164 3260 sibi

568 3279 741 3335 videri
769 3280 822 3335 in
857 3298 956 3347 eo,
985 3280 1128 3352 quod
1176 3280 1336 3350 paulo
1376 3288 1497 3349 post
1518 3281 1743 3350 Optatos
1791 3280 1905 3345 ait,
1954 3287 2164 3333 cantare

2197 1760 2247 1821 B

2264 441 2404 516 apud
2432 444 2732 516 Horatium,
2763 441 2915 496 malis
2947 441 3200 516 rideutmt
3227 441 3442 516 «licitis,
3481 443 3528 498 id
3554 441 3625 499 est
3651 488 3662 511 ,
3688 449 3794 516 ﬁctis

2265 525 2312 566 et
2339 515 2591 568 simulatis
2618 515 2762 584 genis
2784 554 2798 576 ,
2849 523 2906 568 et
2933 512 3183 567 similiter
3215 512 3354 582 apud
3395 512 3792 572 Homerumeed

2266 585 2516 658 respondi
2546 626 2560 650 ,
2589 587 2728 654 apud
2757 586 3010 658 Optatum
3037 598 3166 637 aves
3209 584 3298 638 hic
3325 584 3427 639 dici
3452 587 3588 654 quasi
3626 587 3682 640 de
3704 599 3796 658 gut-

2268 665 2383 710 ture
2404 657 2582 710 alieno
2606 665 2847 718 cantare,
2878 656 3001 725 quia
3025 669 3209 709 earum
3239 665 3423 709 cantus
3460 659 3542 725 qui
3575 656 3799 713 verus'est

2267 742 2364 796 per
2389 741 2631 781 errorem
2661 726 2925 781 habeatur
2949 741 3049 796 pro
3081 739 3243 780 cantu
3276 727 3489 780 aliarum
3519 729 3675 781 avium
3695 729 3800 783 alie-

2309 800 2358 851 ui
2391 797 2634 851 fictarum
2659 808 2819 865 atque
2850 808 3136 850 mutarum.
3167 797 3384 861 Addidi,
3420 798 3551 867 apud
3580 799 3802 855 Valerium

2309 813 2358 851 ut
2391 813 2634 851 actarum
2659 813 2819 865 atque
2850 813 3136 850 mutarum.
3167 813 3384 861 Adutat,
3420 813 3551 867 apnu
3583 813 3801 855 valerium

2266 813 2540 942 gflaccum,
2583 869 2707 942 illud
2736 885 2750 920 :
2780 867 3127 942 Errantesque
3141 885 3334 942 gente,
3365 879 3507 940 atque
3529 871 3677 925 alieno
3700 888 3801 942 gau-

2266 938 2355 993 dia
2371 927 2538 1007 vultu,
2566 940 2744 994 simile
2776 954 2900 995 esse
2928 927 3106 994 versui
3138 927 3446 994 Horatiano:

2673 1055 2738 1110 IN
2779 1054 3038 1112 LIBRUM
3076 1055 3447 1113 SEPTIMUM.

2338 1149 2464 1219 Pag.
2500 1149 2588 1204 99.
2629 1147 2943 1218 Suspicatus
2967 1164 3086 1202 sum
3132 1149 3415 1218 aliquando
3438 1149 3574 1205 hunc
3597 1149 3769 1206 librum
3798 1194 3809 1216 ,

2266 1220 2450 1289 (quiet
2473 1221 2527 1274 in
2549 1219 2785 1274 editione
2807 1219 3130 1274 Germanica
3153 1221 3452 1280 praeteritus
3475 1221 3697 1290 fuit)non
3717 1239 3814 1278 esse

2266 1289 2444 1358 Optati
2471 1331 2488 1355 ,
2523 1305 2643 1346 cnm
2674 1291 3037 1362 Hieronymus
3066 1293 3299 1362 nonnisi
3339 1289 3629 1362 sexiibrOs
3666 1294 3724 1348 ab
3760 1309 3813 1348 eo

2267 1362 2498 1430 scriptos
2519 1378 2639 1416 esse
2665 1362 2889 1425 scribat,
2922 1372 2974 1416 et
3004 1362 3120 1431 ipse
3149 1361 3393 1432 Optatus,
3425 1361 3517 1416 lib.
3549 1379 3592 1427 ι,
3619 1379 3711 1418 non
3737 1364 3817 1418 nisi

2268 1448 2362 1487 sex
2407 1433 2668 1487 librorum
2712 1443 3090 1499 argumentum
3123 1443 3405 1503 proponat.
3450 1432 3552 1490 Sed
3601 1451 3708 1488 cum
3749 1435 3816 1489 hic

2270 1503 2408 1556 liber
2433 1518 2487 1556 γι
2537 1504 2845 1572 reperiatur
2873 1505 2923 1558 in
2957 1506 3154 1570 tribus,
3186 1506 3379 1574 quibus
3407 1521 3531 1559 usus
3556 1520 3700 1570 sum,
3723 1520 3816 1558 nia-

2269 1575 2561 1641 nuscriptis
2590 1574 3016 1648 exemplaribus,
3046 1586 3101 1630 et
3132 1575 3302 1648 stylus
3325 1591 3518 1647 resque
3548 1577 3819 1637 conveniat,

2269 1659 2558 1714 agnoscam
2585 1661 2705 1699 esse
2731 1646 2950 1713 Optati:
3001 1646 3196 1701 verum
3221 1647 3396 1700 dicam
3437 1646 3561 1702 esse
3600 1649 3819 1716 scriptum

2274 1727 2396 1784 post
2420 1717 2594 1770 editos
2622 1732 2717 1770 sex
2745 1718 3078 1787 superiorts.
3131 1719 3272 1772 Bene
3302 1727 3484 1773 autem
3513 1718 3683 1780 habet,
3708 1717 3825 1786 quod

2277 1787 2458 1840 multa:
2488 1788 2729 1858 paginte,
2758 1804 2878 1858 qua:
2903 1789 3372 1857 desiderabantur,
3409 1790 3630 1844 inventae
3658 1799 3761 1843 sunt
3784 1789 3824 1840 in

2275 1858 2486 1912 Tiliauo
2525 1860 2822 1928 exeiuplari
2846 1877 2858 1912 :
2897 1867 2962 1930 iet
3002 1869 3266 1927 postrema
3293 1875 3420 1928 pars
3449 1875 3566 1930 qua:
3595 1860 3645 1914 in
3668 1874 3726 1914 eo
3748 1859 3825 1912 de-

2273 1939 2420 1994 erat,
2453 1931 2504 1983 in
2551 1929 2670 1982 aliis
2695 1929 3096 1998 exemplaribus
3144 1930 3417 1986 exstiterit
3454 1929 3482 1982 εί
3502 1931 3702 1985 tametsi
3745 1944 3830 1983 non

2272 1999 2627 2054 dubitaverim
2658 1999 2952 2055 detrahere
2978 2014 3030 2057 et
3066 2002 3249 2056 delere
3273 2044 3288 2066 ,
3321 2002 3468 2069 quod
3499 2018 3562 2056 ex
3607 2003 3702 2056 line
3728 1999 3826 2054 libri

2270 2086 2327 2124 Ill
2373 2072 2441 2124 de
2470 2086 2629 2126 causa
2669 2071 2884 2125 Macarii
2916 2082 3119 2128 temere
3143 2072 3229 2127 liie
3259 2073 3552 2141 repetitum
3575 2113 3590 2137 ,
3615 2083 3664 2126 et
3688 2073 3834 2138 inepte

2272 2141 2510 2196 additum
2539 2153 2698 2212 atque
2718 2155 2957 2196 assutum
2980 2143 3155 2197 fuerat
3175 2144 3238 2198 ad
3268 2145 3437 2198 finem
3464 2146 3617 2212 hujus
3640 2143 3744 2196 libri
3761 2157 3832 2193 ru.

2271 2211 2378 2286 sed
2410 2214 2554 2286 nolui
2583 2211 2758 2286 neque
2795 2213 2958 2268 debui
2990 2216 3266 2284 praeterire
3317 2230 3484 2286 quam
3531 2211 3581 2269 in
3607 2214 3836 2286 exempla-

2274 2283 2422 2356 ribus
2468 2283 3073 2356 duobusappendicem
3112 2283 3456 2355 postremam
3506 2284 3709 2356 reperi,
3738 2284 3841 2356 licet

2273 2355 2491 2410 deesset
2523 2357 2572 2409 in
2604 2354 2838 2410 Tiliano.
2874 2356 3005 2410 illud
3038 2353 3198 2411 modo
3224 2358 3498 2414 confiteor
3541 2353 3591 2411 in
3621 2353 3837 2410 emenda-

2275 2427 2418 2496 tione
2449 2428 2607 2492 huius
2635 2426 2755 2482 libri
2787 2429 3043 2496 postremi
3069 2427 3296 2483 minime
3341 2429 3476 2483 mihi
3527 2428 3621 2496 ipsi
3662 2441 3736 2480 me
3772 2439 3840 2477 Sa-

2272 2495 2538 2553 tisfecisse
2567 2539 2583 2565 ,
2640 2495 2814 2568 neque
2857 2511 3077 2569 propter
3108 2500 3434 2555 varietatem
3467 2495 3732 2569 scriptura:
3772 2510 3847 2565 po-

2273 2570 2461 2623 tuisse.

2351 2639 2642 2713 Caeterum,
2677 2647 2735 2694 ut
2757 2639 2898 2713 quod
2927 2639 2992 2695 ad
3024 2656 3136 2696 rem
3166 2642 3346 2712 magis
3372 2645 3645 2713 pertinet,
3682 2648 3732 2694 et
3755 2638 3846 2713 ple-

2275 2710 2394 2764 nior
2425 2709 2820 2764 Donatistarum
2849 2711 3071 2766 historia
3105 2709 3672 2782 postulatfexpleam,
3703 2719 3751 2766 et
3771 2709 3853 2777 0p-

2273 2789 2384 2835 tato
2413 2781 2514 2836 hac
2534 2785 2744 2837 ratione
2765 2783 3037 2837 cumulate
3057 2783 3423 2850 satisfaciam,
3450 2786 3621 2838 visum
3644 2792 3716 2838 est
3737 2793 3852 2833 nunc

2272 2852 2510 2925 adjicere
2539 2853 2801 2922 integram
2834 2853 3229 2922 expositionem
3261 2855 3658 2925 disputationis
3688 2854 3748 2907 de
3774 2852 3854 2925 lic-

2272 2923 2510 2998 clesiain
2534 2925 2872 2998 amplissimo
2893 2934 3161 2998 conventu
3189 2923 3620 2998 Carthaginiensi
3643 2940 3750 2998 cum
3775 2923 3856 2973 DO-

2272 2994 2485 3049 natistis
2529 2994 2729 3068 habita;
2769 3009 3038 3068 prasente
3078 2994 3440 3068 Augustino:
3491 2999 3643 3053 annis
3687 2995 3856 3068 aliquot

2274 3074 2396 3140 post
2437 3076 2669 3140 mortem
2699 3061 2901 3140 optati.
2953 3067 3084 3122 Nam
3117 3061 3263 3140 et'in
3305 3085 3372 3124 ea
3421 3061 3520 3140 (ιιι
3549 3077 3727 3124 vocata
3750 3061 3860 3140 iuit)

2270 3138 2557 3192 collatione
2585 3179 2599 3203 ,
2652 3137 2818 3209 ipsius
2857 3154 3076 3208 quoque
3116 3139 3307 3209 Optati
3358 3135 3718 3196 et'librorum
3763 3135 3859 3209 ejus

2269 3222 2426 3262 causa
2457 3205 2998 3282 quoilatnmodoacta
3027 3218 3112 3265 est
3137 3205 3183 3275 ,⁷
3207 3220 3271 3264 tit
3318 3227 3389 3267 ex
3424 3213 3492 3267 iis
3520 3255 3538 3280 ,
3583 3225 3698 3282 qua:
3727 3205 3859 3278 paulo

2269 3289 2394 3334 ante
2419 3280 2676 3334 annotavi
2710 3280 2933 3351 intelligi
2966 3289 3166 3350 potest.

569 3411 3828 3442 ,______________________________.____________.

1108 3508 2079 3640 GABRIELIS
2212 3509 3359 3640 ALBASPlN/El

1688 3694 2046 3758 EPISCOPI
2110 3693 2750 3760 AURELIANENSIS

1479 3868 2976 3986 OBSERVATIONES

667 4081 788 4165 IN
842 4077 1408 4166 SANCTUM
1467 4074 2048 4164 OPTATUM
2127 4077 2803 4164 EPISCOPUM
2878 4078 3788 4172 MILEVITANUM.

1004 4371 1442 4431 OBSERVATIO
1480 4372 1712 4431 PRIMA.

744 4463 823 4522 De
851 4467 1108 4522 erroribus
1139 4477 1186 4523 et
1215 4467 1515 4523 criminibus
1547 4463 1964 4523 Donatistarum.

625 4579 706 4635 Ex
736 4581 986 4637 omnibus
1014 4581 1210 4638 Africm
1241 4582 1604 4652 Scriptoribus
1634 4582 1724 4652 qui
1751 4593 1936 4637 contra
1977 4583 2150 4637 luere.

551 4652 688 4723 ticos
717 4666 817 4722 pro
853 4652 1098 4710 Ecclesia
1128 4654 1490 4723 scripserunt,
1541 4669 1645 4706 non
1689 4664 1770 4723 est
1805 4656 1892 4722 qui
1928 4663 2034 4707 tam
2061 4653 2153 4707 diu

549 4722 1013 4794 interpretationis
1052 4727 1169 4780 luce
1214 4722 1486 4790 caruerit,
1532 4738 1692 4794 quam
1733 4722 1963 4791 Optatus
2007 4724 2154 4779 Mile-

548 4793 778 4849 vitanus.
809 4795 874 4849 Et
901 4797 1030 4850 licet
1058 4796 1234 4849 lumen
1267 4794 1481 4862 aliquod
1507 4809 1535 4846 a
1569 4793 1858 4849 Francisco
1890 4795 2152 4850 Balduino

545 4863 940 4937 Jurisconsulto
968 4865 1269 4934 acceperit;
1316 4867 1438 4933 quia
1484 4873 1662 4919 tamen
1695 4881 1781 4920 res
1823 4870 1996 4934 potius
2030 4883 2150 4937 qua:

546 4935 613 4990 ad
656 4936 934 4992 historiam
982 4938 1351 5003 pertinerent,
1399 4937 1451 4988 in
1491 4950 1592 5003 qua
1634 4938 1876 5007 apprime
1903 4935 2150 4994 versa—tus

543 5017 698 5079 erat,
731 5023 890 5076 quam
919 5021 980 5060 ea
1009 5023 1129 5076 qua:
1165 5007 1232 5061 de
1263 5009 1430 5060 veteri
1470 5007 1724 5063 Ecclesia:
1763 5009 2051 5079 disciplina
2092 5009 2143 5063 in

541 5077 636 5132 illo
693 5089 920 5150 auctore
957 5086 1284 5150 occurrunt,
1330 5079 1653 5146 eitplicavit,
1693 5083 1809 5134 sine
1855 5077 2145 5150 interprete

541 5161 668 5228 eum
697 5147 873 5228 adhuc
899 5147 1060 5228 fuisse
1084 5193 1107 5228 ,_
1137 5151 1328 5202 merito
1355 5165 1642 5221 possumus
1671 5151 1852 5228 dicere
1874 5196 1889 5219 ,
1917 5147 2058 5223 quod
2091 5161 2145 5207 et

540 5219 875 5290 antiquitatis
920 5219 1374 5290 investigatores,
1405 5229 1461 5274 et
1487 5219 1982 5277 controversiarum
2023 5233 2142 5277 stu-

539 5286 680 5363 diosi
731 5288 932 5343 diutius
974 5286 1258 5344 ferre'non
1307 5291 1640 5356 debuerunt;
1684 5308 1806 5348 cum
1849 5294 1902 5348 iu
1942 5294 2138 5363 Optato

539 5358 708 5433 multa
754 5363 1036 5430 utriusque
1073 5371 1286 5433 exstent
1322 5365 1546 5433 vestigia
1567 5405 1579 5426 ,
1615 5380 1734 5430 qnzie
1764 5364 1817 5418 in
1847 5365 1965 5420 aliis
1995 5358 2130 5419 'ane-

539 5429 749 5484 t0ribus
768 5445 874 5485 n0n
897 5429 1173 5490 notantur.
1195 5431 1302 5486 Sed
1331 5429 1614 5502 antequam
1636 5429 1708 5487 ad
1730 5450 1790 5488 ea
1821 5435 2136 5490 illustranda

535 5502 850 5573 veniamus,
896 5517 1063 5573 pauca
1101 5504 1168 5556 de
1217 5503 1612 5558 Douatistarunt
1645 5504 1921 5560 erroribus
1959 5515 2013 5561 et
2043 5507 2138 5560 ila-

536 5572 685 5643 gitjis
714 5572 1042 5643 praelibanda
1071 5582 1216 5628 sunt.

607 5642 845 5699 Primum
877 5664 1005 5718 ergo
1039 5645 1433 5718 Donatistarum
1461 5647 1700 5713 crimen,
1740 5663 1769 5700 a
1801 5660 1908 5715 quo
1937 5656 2134 5702 cmtera

535 5727 724 5771 eorum
754 5715 990 5790 ﬂagitia,
1021 5719 1214 5791 quibus
1251 5715 1430 5774 Africa
1463 5718 1663 5773 tamdiu
1701 5733 1954 5791 Oppressa
1992 5718 2129 5786 fuit,

2187 4481 2240 4541 D

2266 4372 2527 4450 originem
2575 4371 2845 4450 duxerunt
2874 4415 2888 4439 ,
2940 4373 3079 4430 istud
3128 4388 3267 4446 est,
3318 4381 3478 4450 quod
3512 4382 3688 4436 altare
3722 4389 3884 4450 contra

2267 4443 2436 4523 altare
2472 4444 2801 4523 _Carthagine
2836 4457 3167 4523 erexerunt_,
3230 4443 3354 4523 hoc
3394 4461 3518 4519 est,
3551 4453 3696 4523 quod
3738 4449 3883 4523 M3101

2265 4516 2440 4588 riuum
2472 4515 2526 4569 in
2559 4516 2789 4570 ecclesia
2815 4558 2830 4581 ,
2882 4518 2934 4570 in
2970 4533 3069 4588 qua
3105 4517 3470 4579 Caecilianus
3505 4514 3770 4588 sedebat,
3811 4514 3885 4587 qui

2263 4587 2366 4666 rite
2406 4586 2754 4666 inauguuatus
2783 4599 2965 4654 esset,
2988 4586 3381 4666 ordinarunt.
3441 4586 3889 4666 Hujusceimpie-

2264 4656 2389 4730 tatis
2429 4655 2579 4730 multi
2607 4655 2960 4713 fabricatores
2990 4662 3385 4730 exatiterunt;
3433 4655 3550 4721 sed'
3568 4664 3773 4720 Lucilla
3797 4655 3886 4715 Te:-

2261 4727 2423 4804 niina_
2456 4727 2688 4804 llispana
2743 4730 2886 4784 hunc
2942 4743 3151 4804 motum
3212 4727 3409 4802 prima
3443 4738 3748 4802 excitavit,
3790 4745 3888 4804 quin

2259 4813 2380 4852 cum
2413 4800 2687 4854 inimicum
2737 4815 2896 4854 suum
2929 4800 3302 4859 Caacilianuin
3348 4806 3409 4860 in
3461 4811 3557 4864 illa
3598 4800 3745 4865 sede
3771 4800 3888 4858 [ἐπεὶ

2260 4884 2385 4945 noui
2419 4880 2600 4945 posset
2624 4912 2638 4934 ,
2682 4871 2947 4945 plurimos
2983 4874 3305 4945 Episcopus
3341 4893 3478 4934 cuin
3509 4879 3760 4936 Secundo
3798 4872 3889 4929 Nu-

2259 4938 2437 5021 midia:
2479 4939 2985 5021 Drimateupecunia
3027 4938 3299 5021 curru-pit
3327 4991 3345 5014 ,
3379 4953 3583 5021 eisque
3617 4948 3886 5021 persuasit.

2257 5011 2872 5085 utdepo‘sitoilazciliano
2888 5011 3222 5085 Majorinuni
3241 5011 3534 5077 lectorem
3557 5011 3885 5076 domesticum

2253 5095 2407 5158 suum
2423 5081 2698 5158 Ecclesia:
2719 5081 3129 5158 Carthaginensi
3169 5094 3556 5158 prmlicerent
3588 5111 3603 5147 :
3637 5092 3759 5150 huic
3787 5101 3890 5144 ιιιοι

2253 5152 2536 5236 Ξιιψίιίυει
2575 5154 2807 5236 quidam.
2844 5152 3037 5236 Doirus
3084 5169 3146 5212 et
3170 5152 3463 5219 -Silesius
3485 5207 3502 5230 ,
3537 5167 3632 5236 qui
3663 5159 3885 5219 eumdem

2252 5222 2637 5304 Episcopatum
2669 5226 3015 5304 ambiebant,
3070 5243 3325 5298 operam
3376 5245 3438 5289 et
3488 5222 3728 5290 studium
3773 5245 3888 5304 ιπτιξο

2251 5296 2511 5379 inierunt
2552 5317 2564 5352 :
2595 5299 2838 5379 seniores
2865 5296 3448 5379 denique—nonnulli,
3472 5308 3572 5379 qui
3620 5296 3886 5378 depositam

2243 5364 2504 5440 Ecclesia:
2535 5369 2930 5438 supellectilem
2959 5364 3249 5440 negabant
3276 5417 3293 5440 ,
3333 5364 3526 5434 his'se
3566 5364 3884 5435 addiderunt,

2245 5447 2406 5507 atque
2433 5439 2607 5519 plebis
2639 5449 2925 5519 partcnt_a
2956 5439 3284 5519 Caeciliano
3321 5448 3676 5508 subtractam
3715 5456 3767 5506 et
3791 5445 3882 5519 jam

2243 5520 2521 5583 nutantem
2540 5512 2604 5583 _i_n
2640 5511 2780 5565 idem
2801 5513 3035 5566 schisma
3063 5513 3466 5583 impulerunt.

2308 5580 2408 5660 .llis
2437 5579 2603 5635 initiis
2631 5590 2685 5636 et
2711 5585 3022 5660 auctoribus
3056 5579 3517 5646 Donatistarum
3540 5591 3880 5648 dissensioves

2241 5654 2481 5722 primum
2502 5661 2634 5705 orta:
2659 5663 2802 5706 sunt.
2842 5654 3036 5709 Verum
3059 5667 3204 5711 cum
3245 5660 3480 5718 interea
3510 5665 3880 5722 animadverte.

2242 5732 2365 5779 rent
2386 5721 2630 5792 Majoriui
2654 5725 3047 5783 ordinationem
3063 5736 3236 5786 stare
3258 5748 3381 5789 non
3408 5751 3604 5809 posse,
3627 5741 3758 5809 quod
3775 5733 3882 5788 sine
