4152 6166
595 257 730 317 1163

1711 248 2286 309 OBSERVATIONES
2324 246 2767 308 ALBASPINJEI

3698 256 3803 316 lilii

594 370 851 434 iirmatio,
877 366 1171 438 ordinatio,
1213 366 1525 438 ptcnitentia
1549 409 1562 431 ,
1595 366 1931 438 benedictio,
1946 366 2182 438 curatio-
2211 372 2258 433 Α
2286 365 2551 423 doxornm
2581 364 2907 438 exurebant,
2937 363 3135 438 calices
3166 362 3502 438 frangebant,
3542 367 3739 436 parietes
3767 383 3813 428 et

595 461 713 510 nes,
744 439 1019 497 miracula.
1069 436 1175 493 Sed
1213 436 1339 507 quia
1363 453 1451 493 res
1491 450 1571 492 est
1598 438 1771 563 spissa
1817 452 1881 493 ac
1905 436 2145 492 difficilis
2166 479 2182 504 ,

595 516 890 563 mammae
916 509 1160 563 pulchra.
1190 508 1323 563 mihi
1364 509 1578 563 videtur
1646 510 1766 563 iana
1794 524 1914 563 aure
1954 510 2182 563 diligen-

595 508 890 584 eademque
916 509 1160 584 pulchra,
1190 508 1323 564 mihi
1364 509 1578 584 videtur
1606 508 1766 584 digna
1794 524 1914 584 qure
1954 510 2187 584 diligen-

595 590 702 643 tius
730 580 1069 640 eiiucleetur.
1128 580 1205 637 De
1245 596 1311 637 ea
1361 581 1523 653 igitur
1550 581 1602 635 in
1650 581 1755 635 alia
1806 581 2190 637 observatione

597 659 948 715 disseremus.

508 774 511 777 ,
671 729 945 784 Decimum
968 765 983 787 ,
1014 722 1157 794 quod
1186 723 1469 794 episcopos
1516 723 1661 778 nulla
1700 723 1862 794 iusta
1906 722 1973 778 de
2026 737 2190 778 causa

596 793 1045 856 exauctorarent,
1075 808 1276 866 eosque
1320 793 1383 849 in
1414 796 1581 866 laicus
1625 793 1929 866 referrent,
1954 806 2074 865 quae
2100 808 2191 850 res

597 868 993 927 Ecclesiastica'
1017 865 1316 936 diaciplinte
1357 865 1485 921 olim
1518 867 1752 921 maxime
1778 865 2188 931 adversabatur;

596 951 650 1000 et
677 942 805 996 licet
832 937 1545 1011 plurimisin‘monumentis
1569 936 1922 1011 historiarum
1948 936 2192 1006 legamus

596 1006 883 1084 episcopos
910 1024 939 1064 a
963 1009 1133 1084 sacris
1152 1006 1613 1084 fuisseremotos,
1644 1017 1697 1062 et
1720 1007 1788 1084 ad
1817 1008 2007 1084 laicam
2041 1022 2190 1062 com-

597 1078 911 1140 munionem
965 1079 1336 1145 redactos,‘id
1377 1091 1554 1135 tamen
1603 1096 1709 1133 non
1739 1080 1838 1133 nisi
1880 1078 2042 1149 justis
2074 1094 2190 1133 ma-

592 1159 822 1227 gnisque
869 1154 938 1227 de
975 1152 1164 1227 :causis
1199 1160 1263 1227 _et
1298 1153 1569 1227 atrocibus
1620 1149 1940 1227 criminibus
1991 1152 2189 1227 factum

597 1221 798 1290 fuisse,
832 1225 906 1278 uti
939 1224 1009 1278 ob
1048 1223 1441 1288 idololatriam;
1486 1238 1668 1278 verum
1698 1223 2010 1292 episc0pum
2044 1221 2191 1275 nulla

597 1299 666 1354 de
691 1311 853 1353 causa
880 1295 1137 1364 dignitate
1167 1309 1262 1349 sua
1293 1305 1347 1348 et
1399 1292 1603 1349 honore
1637 1304 1928 1348 consessus
1956 1291 2191 1364 spoliare

598 1370 789 1437 ingens
833 1363 1195 1437 crimenerat
1226 1381 1239 1417 :
1268 1364 1373 1420 hoc
1420 1367 1563 1420 enim
1594 1372 1712 1420 erat
1735 1379 1856 1419 eum
1888 1378 2088 1437 exuere
2105 1363 2193 1437 dif

597 1434 835 1512 gnitate,
881 1453 1002 1509 qme
1055 1435 1234 1512 locum
1277 1446 1588 1512 etpartem
1623 1437 1674 1512 in
1721 1450 1953 1504 corpore
1987 1434 2190 1490 Christi

596 1507 1012 1566 eminentiorem
1040 1509 1256 1564 creteris
1284 1508 1552 1563 tribuebat
1582 1551 1594 1573 ,
1626 1507 1854 1577 ideoque
1881 1514 1934 1561 et
1964 1520 2110 1577 eum,
2135 1517 2191 1560 et

597 1581 897 1638 Ecclesiam
930 1579 1129 1650 pariter
1151 1580 1342 1650 injuria
1366 1578 1671 1650 afficiebat,
1698 1576 1858 1650 atque
1890 1576 2187 1650 Ijlctzlesiam

598 1654 703 1709 hoc
727 1646 971 1708 membro
1020 1646 1281 1720 privabat.
1320 1648 1463 1705 Idem
1514 1649 1583 1705 de
1616 1646 1946 1721 presbyteris
1991 1657 2045 1703 et
2073 1647 2191 1703 dia-

593 1724 750 1781 conis
779 1726 907 1779 licet
932 1735 1200 1791 asserere,
1256 1735 1390 1791 quos
1426 1723 1714 1777 Donatista:
1742 1724 1859 1775 sine
1888 1734 2047 1791 causa
2097 1727 2191 1775 aut

596 1796 827 1853 crimine
855 1795 924 1849 ab
954 1790 1321 1849 ecclesiastica
1366 1792 1744 1848 communione
1774 1790 2147 1846 removebant.

668 1866 1024 1924 Undecimutn
1067 1865 1272 1931 scelus,
1322 1863 1463 1934 quod
1502 1864 1690 1919 eadem
1739 1862 1872 1917 falsa
1910 1861 2090 1930 Opinio
2132 1875 2188 1934 et

595 1938 1000 1993 fundamentum
1035 1935 1087 1989 in
1117 1936 1313 1989 animis
1340 1932 1547 1990 eorum
1583 1933 1835 2005 gignebat
1858 1976 1872 1998 ,
1902 1941 2012 1996 est,
2043 1932 2187 2000 quod

595 2024 785 2063 omnes
815 2006 1154 2062 orthodoxae
1179 2006 1424 2075 quamvis
1451 2007 1764 2060 innocentes
1816 2006 1883 2058 ad
1925 2006 2190 2074 paeniten-

596 2082 725 2135 tlam
771 2087 1050 2149 cogerent,
1083 2076 1672 2149 quodEcclesiasticis
1718 2076 1843 2129 olim
1893 2075 2190 2149 canonibus

595 2152 833 2206 maxime
848 2147 1218 2219 repugnabat.
1249 2148 1471 2215 impium
1499 2161 1731 2219 namque
1753 2157 1868 2202 erat
1886 2147 2188 2219 membrum

597 2222 667 2278 de
695 2216 1149 2289 corpore'Cliristi
1175 2218 1275 2272 nisi
1309 2226 1464 2288 putre
1494 2229 1548 2273 et
1576 2217 1831 2272 infer-tum
1852 2216 2186 2289 rescindere,

597 2305 653 2347 et
678 2294 731 2347 in
759 2288 1090 2360 poenitentiae
1116 2289 1291 2343 locum
1323 2289 1573 2359 redigere
1606 2306 1620 2343 :
1656 2302 1776 2342 nam
1806 2290 2051 2359 quamvis
2075 2288 2191 2345 haec

692 2359 917 2417 nitentia
947 2359 1156 2430 publica
1186 2375 1413 2414 summae
1430 2375 1491 2414 ac
1518 2360 1773 2430 singulari
1804 2360 2018 2416 utilitati
2046 2370 2189 2415 esset

597 2431 664 2490 iis
695 2435 787 2505 qui
835 2432 1086 2503 baptismi
1137 2432 1369 2500 primum
1400 2432 1688 2487 candorem
1715 2440 1776 2505 et
1829 2431 2191 2485 innocentiam

592 2503 909 2569 amiserant,
943 2517 1323 2572 summumque
1350 2517 1413 2557 ac
1446 2512 1685 2571 praesens
1712 2503 1763 2556 in
1791 2514 1853 2557 ea
1884 2512 2029 2557 esset
2053 2516 2191 2572 pra:-

596 2576 793 2632 sidium
824 2574 1085 2629 adversus
1112 2574 1316 2641 peccati
1367 2573 1633 2639 maculas,
1665 2574 1836 2628 invisa
1861 2581 2042 2628 tamen
2072 2581 2193 2628 erat

598 2647 1005 2708 innocentibus,
1038 2660 1213 2714 neque
1259 2643 1339 2698 fas
1364 2653 1482 2700 erat
1516 2658 1635 2699 eam
1665 2646 1945 2713 imponere
1974 2645 2075 2698 nisi
2126 2645 2192 2700 iis

593 2718 687 2789 qui
733 2716 791 2773 in
847 2715 1166 2789 criminibus
1201 2714 1626 2789 detinebantur:
1693 2730 1836 2789 namA
1867 2716 2193 2789 ptenitentes

593 2785 723 2845 olim
745 2790 799 2844 in
826 2788 1110 2843 numerum
1143 2786 1553 2841 interdictornm
1575 2795 1730 2842 erant
1752 2785 2020 2842 referendi
2041 2796 2193 2843 ante-

635 2877 758 2916 nam
787 2860 852 2914 ad
897 2857 1271 2929 pmnitentiam
1305 2859 1682 2927 pervenirent,
1714 2867 1767 2929 et
1795 2858 1867 2911 ita
1899 2858 2051 2927 quasi
2084 2867 2195 2929 tra-

635 2877 758 2916 nam
787 2877 852 2914 au
897 2877 1271 2929 pwnltenuam
1305 2877 1682 2927 pervenirent,
1714 2877 1767 2911 Cl.
1796 2877 1867 2911 lla
1899 2877 2051 2927 quaSI
2084 2877 2192 2912 "'3-

596 2877 697 2987 giti
745 2933 962 2986 Satanae
1011 2928 1372 2993 habebantur;
1405 2938 1669 2997 praeterea
1716 2926 1767 2981 in
1819 2929 1993 2999 primo
2024 2928 2192 2997 gradu

597 3005 863 3076 lacrymis
882 3011 936 3076 et
979 2999 1191 3076 veniam
1210 2999 1665 3076 deprecabantur
1690 3007 1745 3076 et
1772 3010 1945 3053 Status
1977 3001 2057 3053 sui
2086 3001 2191 3055 mi-

598 3069 796 3130 seriam
836 3072 1145 3133 deliebant.
1192 3071 1388 3126 deinde
1435 3070 1487 3124 in
1521 3069 1760 3127 secundo
1801 3080 2069 3140 tamquam
2100 3086 2193 3126 ca-

2220 1760 2267 1821 Β

2290 435 2905 511 pavimentaEcclesite
2948 436 3102 506 quasi
3169 436 3371 506 polluta
3435 435 3813 500 Ortbodoxorum

2293 508 2573 564 sacrificiis
2606 508 2876 563 lavabant.

2367 580 2643 663 Decimum
2670 587 2919 663 quartum
2943 618 2959 645 ,
2986 576 3134 662 quod
3165 578 3427 663 solrmnia
3462 580 3696 653 virginum
3718 592 3819 641 vota

2294 648 2568 734 solverent
2594 659 2648 704 et
2685 648 2829 734 inter
2855 648 3184 734 pmpilentes
3240 648 3601 734 dclfuderenl,
3637 662 3686 709 ut
3725 673 3820 726 qua

2294 722 2435 794 apud
2488 723 2673 793 lapsos
2722 730 2813 776 aut
2856 720 3170 778 idololatras
3229 720 3480 794 professae
3529 720 3820 794 essent,'ac

2296 794 2523 866 proinde
2552 795 2618 849 iis
2641 807 2764 866 non,
2788 800 3141 866 tenerentur,
3165 810 3340 866 neque
3369 807 3479 850 rata
3508 808 3690 853 essent.

2367 867 2645 939 Decimum
2668 864 2968 939 quintum,
2986 863 3147 939 _quod
3176 865 3227 919 in
3248 863 3390 939 locis
3436 869 3484 939 vi
3512 870 3756 939 occupatis
3780 870 3824 926 in

2297 937 2489 1011 quibus
2519 934 2722 1011 templa
2766 934 3145 1005 possidebant,
3208 937 3414 1011 civibus
3450 934 3717 1011 incolisq‘ne
3741 941 3826 995 Ca-

2299 1009 2517 1063 tholicis
2570 1007 2865 1082 sepulturae
2909 1018 3105 1082 pacem
3156 1016 3213 1082 et
3241 1079 3250 1082 Α
3282 1009 3534 1082 honorem
3580 1007 3827 1082 negarent,

2296 1089 2582 1152 propterea
2614 1078 2754 1150 quod
2786 1094 2883 1134 eos
2909 1078 3091 1149 lapsos
3121 1079 3503 1152 etidololatria
3532 1078 3732 1137 infectos
3752 1078 3829 1152 per

2293 1150 2569 1206 Czeciliani
2622 1152 3065 1207 communionem
3106 1150 3475 1206 existimarent
3515 1162 3568 1208 et
3615 1150 3833 1209 praedica-

2293 1231 2420 1277 rent
2470 1241 2482 1278 :
2527 1232 2582 1278 et
2623 1221 2766 1294 quod
2795 1222 3039 1278 defuncti
3090 1236 3185 1293 per
3229 1224 3556 1294 sepulturam
3581 1221 3694 1279 olim
3731 1240 3831 1280 cum

2294 1294 2606 1349 viventibus
2651 1295 3060 1349 communicare
3128 1297 3509 1360 censebantur,
3550 1311 3833 1365 precumque

2296 1373 2349 1436 et
2380 1365 2636 1420 sacrificii
2682 1379 2745 1419 ac
2788 1366 3032 1421 omnium
3058 1367 3497 1421 communionqu
3523 1381 3632 1436 qua:
3662 1366 3835 1422 tiuntin

2298 1434 2539 1508 Ecclesia
2570 1478 2584 1502 ,
2639 1443 2695 1492 et
2734 1438 2786 1491 in
2843 1437 3040 1508 sacris,
3069 1452 3175 1492 non
3223 1438 3401 1492 minus
3454 1434 3561 1493 fieri
3593 1440 3836 1508 participes

2297 1522 2459 1578 quam
2488 1506 2767 1564 viventes:
2792 1508 2862 1563 ob
2902 1506 3042 1563 hanc
3072 1524 3289 1564 causam
3322 1524 3391 1565 ne
3411 1525 3532 1564 cum
3556 1506 3839 1565 cannons

2298 1586 2418 1648 post
2462 1588 2688 1635 mortem
2722 1580 3125 1651 communicare
3162 1593 3511 1651 cogerentur,
3544 1596 3654 1636 cum
3682 1581 3842 1651 quibus

2294 1651 2605 1722 viventibus
2654 1665 2722 1707 ne
2749 1649 2929 1705 cibum
2963 1650 3186 1722 quidem
3234 1649 3449 1707 sumere
3488 1649 3772 1722 volnerant,
3800 1651 3843 1722 in

2299 1716 2566 1848 Ecclzsiis‘
2592 1732 2644 1779 et
2689 1716 3020 1779 etenieterii's
3058 1738 3179 1793 quae
3229 1723 3568 1794 occupabant
3606 1720 3762 1779 locum
3784 1721 3846 1779 eis

2299 1808 2434 1848 neua
2476 1808 2543 1848 an
2575 1832 2590 1847 .

2297 1801 2590 1865 negabant.

2826 1880 3267 1942 OBSERVATIO
3305 1886 3376 1941 ll.

2372 1975 2640 2041 Quomodo
2670 1986 3010 2102 congrueregt
3044 1986 3139 2062 aur
3164 1976 3439 2104 alterum
3470 1972 3735 2033 Navaliarti
3757 1987 3797 2031 et

2998 2059 3165 2104 onum
3240 2088 3253 2103 .

2998 2059 3253 2105 onatt‘auz.

2368 2140 2484 2195 Non
2517 2141 2612 2214 abs
2654 2154 2713 2198 re
2745 2143 2849 2197 erit
2892 2142 3186 2199 enucleare
3244 2158 3307 2198 ac
3350 2144 3588 2214 penitius
3630 2140 3854 2214 irrepicere

2298 2227 2424 2265 num
2458 2227 2563 2282 qua
2587 2213 2641 2267 in
2673 2226 2730 2269 re
2761 2213 3061 2269 Donatistae
3092 2210 3459 2270 convenirent
3489 2222 3605 2270 cum
3634 2210 3851 2267 Novati:-

2297 2284 2381 2339 nis
2412 2299 2427 2337 :
2455 2298 2579 2338 nam
2611 2285 2764 2339 multi
2812 2300 2878 2342 ex
2926 2287 3325 2341 recentioribus
3369 2288 3600 2342 innuere
3645 2283 3853 2338 videntur

2299 2354 2396 2409 has
2424 2366 2600 2410 sectas
2644 2354 2836 2411 eodem
2869 2365 2963 2411 aut
2985 2358 3139 2413 nixas
3159 2358 3554 2425 fundamento,
3584 2360 3666 2411 aut
3691 2353 3855 2425 saltem

2301 2426 2356 2480 in
2379 2427 2560 2498 multis
2590 2429 2936 2498 consensisse
2968 2447 2979 2482 :
3006 2427 3101 2483 sed
3126 2426 3392 2484 falluntur
3409 2422 3621 2498 egregie
3639 2422 3858 2498 quidquid

2297 2512 2362 2571 ex
2406 2496 2640 2553 Eusebio
2662 2542 2689 2571 ,μ’
2722 2494 3027 2571 Epiphanio
3057 2494 3495 2571 ethheodorefo
3524 2494 3619 2570 pro
3657 2494 3742 2552 Sua
3767 2495 3859 2571 opi-

2299 2568 2460 2643 nione
2485 2568 2786 2643 conradere
2827 2568 3059 2626 valeant.
3094 2570 3228 2625 Nam
3256 2573 3497 2643 primum
3526 2568 3734 2643 constat
3761 2568 3860 2643 llo-

2297 2640 2543 2713 valianos
2611 2642 2983 2710 paenitentiam
3038 2637 3295 2699 militibus
3375 2652 3517 2713 pene
3581 2637 3856 2696 criminibus

2298 2710 2599 2779 denegasse
2626 2728 2640 2777 ;
2691 2722 2881 2768 eontra
2914 2728 3044 2769 vero
3070 2710 3393 2770 Donatistas
3422 2730 3528 2770 non
3561 2713 3723 2767 solum
3763 2722 3861 2763 eain

2297 2786 2637 2839 concessisse
2693 2784 2998 2840 idololatris
3042 2792 3097 2840 et
3146 2782 3482 2851 bomicidis,
3525 2799 3700 2838 verum
3748 2780 3862 2851 ultro

2300 2868 2417 2907 eam
2476 2854 2638 2908 etiam
2698 2856 3093 2911 reluctantibus
3152 2850 3864 2912 autcerteimmerentibus

2304 2924 2627 2999 imposuisse
2654 2968 2667 2993 ,
2695 2935 2750 2981 et
2777 2927 2932 2999 quasi
2978 2928 3305 2999 innocentes
3333 2928 3667 2999 pcenitentiae
3696 2923 3865 2999 legibtt?

2299 2989 2601 3062 subiecisse
2635 2989 2956 3064 :scctindo,
3006 2998 3152 3054 inter
3199 2989 3544 3055 Novatianos
3596 2989 3762 3057 Ιειῑςὶςῖ
3799 2989 3865 3064 νει

2298 3066 2745 3141 etiamnentibus
2766 3080 2821 3126 et
2849 3063 3058 3141 crimen
3093 3069 3532 3141 deprecantibus
3582 3063 3870 3141 ptepitentize

599 3147 906 3201 techumeni
930 3154 985 3199 et
1016 3132 1195 3197 rerum
1222 3140 1653 3197 Christianarum
1687 3132 2003 3212 imperiti'et
2028 3141 2193 3197 rudes
2220 3144 2266 3212 α
2300 3140 2597 3212 remedium
2629 3154 2735 3194 non
2768 3140 2984 3211 patebat
3005 3148 3107 3212 ;rat
3157 3132 3209 3197 i'n
3262 3143 3372 3198 hac
3428 3132 3622 3197 haeresi
3654 3132 3869 3208 Episcopi

597 3217 1025 3273 erudiebantnr:
1074 3227 1138 3268 ac
1190 3212 1425 3280 denique
1478 3213 1530 3267 in
1590 3211 1747 3269 tertio
1793 3213 2113 3267 exorcismis
2163 3228 2193 3267 a

601 3287 867 3344 daemonis
898 3292 1189 3357 potestate,
1213 3283 1646 3357 vindicabantur,
1676 3292 1732 3337 et
1761 3284 1879 3357 ejus
1922 3284 2195 3357 afﬂatibus

601 3355 1008 3429 purgabantur;
1051 3356 1194 3428 quod
1242 3356 1477 3429 maxime
1534 3356 1936 3429 abliorrendum
1985 3365 2100 3429 erat
2128 3355 2195 3409 iis

598 3424 1035 3500 qttiiniiocentes
1056 3424 1235 3500 erant.
1264 3424 1535 3500 Caeterum
1566 3426 1859 3500 notandum
1897 3434 1981 3500 est
2015 3427 2192 3500 Dona-g

601 3496 755 3572 t'istas
786 3499 1154 3572 paenitentiam
1185 3497 1266 3550 his
1295 3496 1547 3572 omnibus
1575 3512 1681 3551 non
1735 3496 2074 3572 imposuisse;
2090 3496 2193 3552 nisi

600 3571 755 3626 initio
779 3567 1087 3627 schismntis
1134 3573 1189 3622 et
1213 3581 1333 3622 cum
1363 3568 1591 3636 primum
1638 3569 2005 3623 secessionem
2050 3567 2194 3624 fece-

598 3651 763 3708 runt,
789 3650 846 3697 et
874 3641 938 3695 iis
963 3642 1242 3694 dumtaxat
1270 3638 1359 3708 qui
1386 3639 1634 3705 baptizati
1663 3647 1845 3693 essent
1868 3648 1991 3693 ante
2020 3640 2193 3695 schis-

599 3728 688 3768 ma
716 3729 729 3766 :
760 3726 882 3767 nam
910 3712 975 3766 iis
1002 3711 1091 3781 qui
1120 3710 1374 3780 baptizati
1408 3721 1590 3765 essent
1619 3719 1741 3781 post
1762 3708 1995 3781 schisma
2023 3712 2194 3780 pumi-

601 3782 822 3838 tentiam
856 3797 959 3837 non
992 3779 1241 3852 poterant
1273 3781 1575 3852 imponere,
1606 3779 1749 3851 quod
1778 3779 1987 3836 scilicet
2010 3779 2193 3837 essent

600 3854 995 3920 rebaptizandi.
1043 3852 1227 3921 Itaque
1273 3851 1415 3920 quod
1464 3852 1539 3905 ait
1575 3853 1838 3920 Optatus.
1890 3865 1985 3905 eos
2032 3853 2190 3907 inno-

600 3932 789 3979 centes
806 3926 944 3977 inter
975 3936 1099 3977 reos
1132 3932 1187 3976 et
1215 3925 1541 3991 ptenitentes
1575 3924 1876 3993 relegasse,
1909 3924 1961 3976 id
1986 3938 2095 3977 non
2121 3923 2191 3979 ad

600 3995 779 4065 Optati
804 4003 1043 4064 tempora
1074 3993 1269 4065 quibus
1299 4007 1665 4065 quoscumque
1692 3993 1915 4065 allicere
1943 4004 1995 4047 et
2021 3994 2190 4050 abdu-

600 4062 728 4122 cere
757 4062 1049 4135 poterant,
1083 4062 1523 4129 rebaptizabant,
1558 4063 1653 4119 sed
1701 4064 1768 4117 ad
1823 4063 1972 4118 initia
2017 4066 2191 4122 scitis-

602 4134 767 4193 matis
800 4134 1145 4192 referendum
1195 4143 1314 4202 est,
1367 4148 1475 4204 quo
1528 4145 1771 4203 tempore
1820 4135 1973 4190 multi
1998 4137 2061 4190 ad
2094 4152 2189 4193 eos

603 4209 906 4265 transibant
932 4207 1023 4277 qui
1055 4206 1208 4261 tincti
1240 4216 1426 4261 essent
1470 4214 1595 4260 ante
1637 4205 1908 4262 Czcciliani
1970 4208 2189 4263 ordina-

602 4281 803 4336 tionem
827 4320 842 4347 ,
870 4288 927 4334 et
973 4278 1063 4349 qui
1093 4278 1307 4349 purgari
1347 4278 1643 4333 secundum
1670 4292 1764 4334 eos
1806 4288 1911 4332 nun
1938 4289 2187 4348 poterant

599 4351 701 4422 nisi
728 4350 1063 4422 pmnilentia.

674 4419 1060 4476 Duodecimum
1105 4419 1311 4475 crimen
1352 4426 1469 4475 erat
1500 4440 1513 4475 :
1546 4419 1752 4490 publica
1787 4419 1887 4476 hac
1915 4421 2185 4490 pce-niten-

601 4492 673 4547 tia
698 4504 897 4562 pueros
940 4492 1256 4546 innocentes
1290 4490 1607 4562 et_nondum
1636 4493 1841 4562 peccati
1869 4504 2097 4562 capaces
2121 4508 2186 4548 eo

599 4559 717 4634 ipso
744 4562 961 4618 nomine
1004 4562 1144 4633 quod
1176 4576 1296 4617 cum
1337 4559 2184 4634 Caecilianor'communicassent,

601 4632 934 4690 mulctabant
960 4649 973 4700 ;
999 4632 1099 4704 qua
1128 4633 1180 4687 in
1216 4649 1273 4688 re
1303 4634 1403 4687 hoc
1431 4633 1759 4689 concedatur
1786 4643 2003 4704 oportet
2021 4632 2187 4703 Opta-

602 4718 712 4761 tum
744 4706 888 4776 loqui
918 4707 987 4776 de
1016 4703 1201 4775 primis
1228 4705 1422 4773 quibus
1459 4713 1642 4776 natum
1674 4703 2019 4776 estschisma
2046 4713 2186 4759 tem-

604 4774 847 4848 poribus,
878 4787 932 4831 et
962 4774 1032 4848 de
1057 4778 1380 4848 puerisante
1411 4774 1641 4828 schisma
1678 4774 1815 4848 natis
1836 4788 1972 4842 quos
2004 4774 2183 4848 Dona-

602 4849 743 4903 lista’.
792 4845 902 4902 non
958 4846 1363 4914 rebapliZabani
1415 4861 1427 4896 :
1470 4859 1591 4897 nam
1636 4847 1725 4915 qui
1782 4857 1901 4913 pOSt
1950 4845 2186 4903 scliisma

604 4918 963 4973 nascebantur
976 4917 1041 4968 ad
1072 4917 1414 4985 pmnitcntes,
1433 4916 1509 4985 uti
1529 4914 1665 4982 dixi,
1691 4933 1795 4970 non
1830 4927 2075 4985 poterant
2096 4933 2183 4973 re-

604 4988 787 5051 scribi,
811 4990 934 5057 quia
968 4984 1456 5054 reliaptizabantur.
1481 4984 1749 5041 Caeterum
1776 4984 1974 5057 pueros
2003 4988 2186 5057 rudes,

602 5070 657 5113 et
689 5059 739 5112 in
770 5068 927 5113 :etate
971 5060 1293 5113 constitutos
1322 5073 1440 5127 quae
1470 5058 1674 5128 peceati
1703 5074 1806 5112 non
1854 5069 1936 5113 est
1968 5059 2183 5128 idonea,

600 5128 917 5200 paenitentia
949 5129 1260 5200 (iterabant,
1313 5143 1378 5185 eo
1408 5130 1616 5184 scilicet
1667 5132 1895 5185 consilio
1916 5173 1931 5195 ,
1965 5142 2070 5185 non
2129 5142 2185 5186 ut

602 5199 695 5259 eos
718 5216 747 5255 a
791 5208 1010 5272 peccato
1035 5199 1325 5272 liberarent
1351 5243 1364 5266 ,
1402 5201 1497 5256 sed
1522 5209 1579 5255 ut
1607 5215 1700 5256 eos
1728 5203 1777 5256 in
1812 5216 2127 5272 perpetuum
2155 5219 2184 5258 a

600 5270 982 5327 communione
1036 5271 1406 5326 Ecclesiastica
1439 5281 1493 5325 et
1522 5286 1552 5326 a
1594 5273 1763 5328 sacris
1792 5270 2070 5329 ordinibus
2098 5288 2185 5329 ar-

599 5355 789 5398 cerent
822 5359 835 5396 :
867 5357 992 5413 nam
1013 5340 1138 5413 olim
1172 5357 1274 5413 non
1306 5343 1500 5397 licebat
1527 5346 1876 5413 pmnitentem
1902 5347 1955 5400 in
1977 5348 2181 5399 clerum

600 5413 936 5491 adsciscere;
963 5411 1156 5466 deinde
1181 5423 1235 5465 ut
1265 5412 1335 5466 ita
1365 5411 1992 5491 cogercnmrorthodoxi
2027 5416 2185 5491 136

603 5486 917 5556 peregrinos
942 5496 1185 5554 quaerere
1212 5494 1261 5538 et
1294 5492 1498 5552 petere,
1524 5496 1577 5540 et
1617 5484 1740 5538 alibi
1773 5496 1926 5541 natos
1956 5484 2182 5556 quarum

598 5558 703 5611 vita
721 5556 824 5611 illis
850 5564 1100 5613 constare
1122 5569 1227 5608 non
1254 5563 1458 5626 posset,
1484 5567 1537 5611 et
1565 5557 1615 5610 in
1645 5556 1803 5610 sedes
1834 5570 1927 5611 eos
1955 5556 2181 5626 Episco-

598 5629 746 5697 pales
774 5638 831 5682 et
887 5624 1285 5699 presbyterales
1336 5624 1637 5683 inducere:
1685 5626 1827 5697 quod
1879 5624 2180 5699 antiquitus

598 5700 818 5771 vetitum
851 5699 1099 5771 legimus.

667 5767 943 5829 Decimum
994 5770 1211 5829 tertium
1250 5767 1455 5827 crimen
1485 5807 1499 5836 ,
1553 5768 1696 5841 quod
1734 5768 1923 5828 altaria
1983 5770 2179 5832 Ortho-

2212 4534 2265 4597 D

2300 3206 2369 3285 ad
2416 3206 2819 3285 paenitentiam
2872 3211 3259 3282 adigebantur,
3337 3214 3488 3285 quod
3554 3221 3669 3285 erat
3699 3206 3870 3263 contra

2300 3278 2562 3336 Ecclesiae
2609 3278 3002 3355 disciplinam?
3056 3278 3593 3355 tertio‘Novatianis
3619 3282 3872 3355 ius_cl_p0-

2302 3357 2469 3425 testas
2501 3367 2608 3408 non
2639 3349 2768 3409 eraf
2786 3353 2984 3410 delicta
3010 3355 3371 3412 condonandi
3391 3398 3407 3420 ,
3437 3354 3582 3425 quod
3616 3349 3872 3407 Ecclesiam

2302 3423 2401 3476 hac
2437 3427 2761 3480 auctoritate
2788 3440 2976 3481 carere
3016 3423 3875 3485 existimarent.Donatistaet'el‘o

2298 3496 2628 3549 contrarium
2658 3496 2881 3571 omnino
2911 3496 3216 3571 docebant;
3247 3516 3380 3555 nam
3408 3498 3721 3571 paenitentia
3749 3492 3871 3571 fulic-

2301 3572 2384 3643 tos
2415 3575 2466 3619 et
2493 3580 2749 3643 purgatos
2776 3568 2829 3623 in
2855 3567 3173 3643 societatem
3224 3567 3603 3643 admittebant
3653 3585 3667 3621 :
3718 3569 3875 3643 quarto

2299 3634 2375 3689 illi
2403 3650 2431 3709 a
2482 3634 2735 3709 secundis
2779 3639 2981 3709 nuptiis
3012 3641 3438 3709 abhorrebant,
3486 3639 3543 3696 bi
3575 3654 3698 3695 vero
3727 3636 3814 3692 hac
3835 3634 3880 3687 in

2296 3720 2356 3761 re
2380 3708 2447 3761 ab
2478 3706 2814 3768 Orthodoxis
2846 3706 2953 3765 non
2986 3709 3423 3770 dissentiebant.

2367 3778 2559 3848 Negari
2589 3792 2767 3835 tamen
2795 3797 2902 3836 non
2937 3791 3115 3851 potest
3157 3786 3437 3841 nonnulla
3466 3781 3608 3839 inter
3630 3796 3717 3835 cos
3745 3776 3879 3833 fuisse

2296 3848 2489 3924 similia
2515 3892 2529 3915 ,
2563 3848 3016 3921 quemadmodum
3047 3853 3279 3913 Cathari
3315 3873 3526 3912 nomen
3574 3869 3679 3924 Quo
3701 3850 3881 3924 ultith

2297 3922 2583 3989 puritatem
2616 3939 2767 3978 suam
2803 3924 3186 3994 ostentabant,
3221 3930 3327 3983 sed
3372 3922 3656 3983 diversam
3696 3923 3759 3977 ob
3777 3932 3883 3994 catt:

2294 3985 2407 4044 sam
2440 4011 2472 4069 _:
2515 4008 2635 4069 nam
2691 3994 2979 4052 Novatiani
3030 3985 3200 4069 puros
3233 4014 3367 4055 sese
3410 3985 3883 4069 jaclabatit._qu°.d

2293 4076 2413 4141 cum
2439 4063 2637 4141 lapsis,
2683 4081 2857 4141 neque
2891 4063 3296 4141 penitentibus
3317 4113 3333 4130 .
3368 4063 3553 4141 neque
3605 4063 3885 4141 ρωιιίιριιιίι

2293 4130 2507 4208 functis
2542 4130 3014 4192 conimtn'iicarcnt
3066 4157 3079 4193 ε
3122 4130 3623 4197 Donatistm'vero
3671 4135 3884 4208 puriores

2295 4204 2546 4293 videriet
2571 4208 2831 4293 appellari
2859 4209 3161 4293 volebant:
3199 4227 3317 4268 non
3343 4212 3499 4293 quod
3520 4230 3563 4293 _a
3602 4202 3884 4293 pténitenti-

2291 4274 2396 4349 blls
2431 4274 2819 4344 abhorrerent,
2855 4279 2951 4335 sed
2987 4282 3127 4349 quod
3183 4274 3381 4339 suam-
3403 4274 3704 4339 Ecclesiam
3729 4295 3755 4331 ιι
3778 4288 3886 4331 (ξοα-

2294 4345 2508 4473 tagnionte
2540 4358 2594 4405 et
2636 4351 2863 4406 crimine
2911 4345 3196 4409 Caeciliani
3238 4354 3558 4412 immunem
3595 4356 3887 4411 conservare

2294 4432 2356 4473 ve
2398 4434 2463 4473 en
2502 4460 2511 4473 .

2292 4432 2511 4475 VCIICIlI.

2812 4514 3268 4574 OBSERVATIO
3295 4474 3391 4576 Ill.

2438 4612 2712 4669 Nonnulla
2738 4624 2853 4685 quia
2888 4616 2940 4669 in
2980 4615 3079 4670 hac
3107 4617 3344 4674 historia
3375 4628 3505 4675 sunt
3533 4618 3766 4675 obscura.

2360 4702 2417 4778 l‘n
2472 4703 2571 4760 hac
2634 4705 2897 4778 historia,
2955 4708 3210 4778 quamvis
3262 4720 3536 4767 accurate
3576 4706 3826 4777 descripta
3862 4713 3888 4754 ι

2274 4773 2553 4853 'Baldui‘no
2578 4788 2631 4853 et
2659 4791 2691 4853 a_
2717 4773 2987 4853 Euromo,
3014 4780 3188 4853 multa
3242 4783 3616 4853 reperiuntur
3640 4773 3763 4853 quae
3798 4788 3888 4853 non

2289 4847 2358 4919 ita
2384 4848 2541 4903 facile
2577 4847 2753 4903 decidi
2780 4849 3154 4919 explicarique
3192 4846 3462 4919 possunt.
3497 4846 3735 4908 Primum
3760 4846 3887 4903 enim

2289 4916 2427 4998 duos
2483 4934 2671 4998 omnes
2723 4916 2957 4990 produnt
3011 4916 3308 4998 exstitisse
3386 4926 3635 4981 Donatos
3695 4920 3890 4998 hujusce

2293 4988 2598 5044 schismatis
2629 4987 2881 5047 auctores
2929 5001 2983 5047 et
3038 4992 3425 5053 fabricatores
3462 5016 3476 5052 :
3513 5012 3680 5051 unum
3703 5010 3733 5047 a
3759 4987 3889 5045 διεὶς

2291 5059 2458 5141 nigris
2483 5102 2496 5125 ,
2531 5058 3289 5141 Carthaginensetnalterum
3313 5110 3327 5131 ,
3348 5067 3555 5141 illiugni
3576 5140 3579 5141 ν
3597 5060 3891 5141 cognomine

2289 5130 2590 5212 illustrem,
2638 5130 3068 5213 _de_’quibus_iu
3127 5130 3493 5213 auctoribus
3532 5130 3762 5213 plurima
3822 5136 3891 5187 esi

2290 5204 2493 5255 mentio
2513 5245 2527 5269 ,
2560 5203 2655 5282 sed
2682 5203 2850 5273 adeo,
2879 5203 3152 5282 ni_fallor,
3183 5211 3432 5282 confusa
3460 5203 3887 5282 ae'perturllalﬁo

2290 5282 2347 5327 ut
2380 5289 2485 5329 non
2514 5268 2647 5330 Satis
2673 5268 2878 5330 certum
2911 5276 2980 5332 sit
3033 5268 3157 5331 uter
3189 5281 3501 5340 amborum
3532 5268 3585 5339 ἐ
3616 5268 3889 5338 )lclchiade

2289 5343 2477 5421 ξίωιιιω
2525 5346 3047 5421 fuerit_damnatus,
3093 5357 3385 5421 etquem
3442 5372 3513 5411 ex
3562 5356 3669 5412 illis
3707 5350 3888 5421 duobus

2291 5416 2470 5472 hmccc
2494 5417 2651 5473 verba
2681 5417 2993 5496 designent;
3036 5420 3187 5496 q_lrojd
3210 5416 3501 5496 confessus
3523 5426 3593 5480 sit
3620 5441 3672 5479 se
3695 5416 3887 5496 rebaptij

2288 5503 2433 5567 susse
2482 5497 2530 5542 ct
2573 5504 2780 5567 "tanton
2800 5484 2991 5567 '(apst's
3024 5484 3347 5567 ΔΕρίιεεομὶἓ
3400 5496 3746 5567 imposuisse.

2287 5560 2511 5613 alienum
2544 5569 2616 5613 est
2645 5561 2707 5614 ab
2737 5558 2983 5616 Ecclesia.
3016 5558 3158 5629 Quin
3190 5558 3378 5620 verba
3410 5558 3688 5624 habentur
3715 5558 3762 5620 in
3783 5558 3886 5616 selt-

2292 5631 2455 5685 tentia
2476 5628 2751 5699 etjudicio
2784 5632 2923 5700 quod
2950 5634 3000 5686 in
3039 5628 3335 5692 Donatum
3367 5653 3401 5692 a
3428 5628 3733 5696 ﬂelchiade
3776 5646 3884 5689 con-

2288 5702 2529 5774 stitutnm
2548 5700 2785 5774 legimus
2815 5718 2979 5774 :_quu:
3007 5717 3100 5774 res
3133 5705 3523 5766 adeoinccrla
3559 5712 3655 5767 fuit
3682 5718 3866 5774 seth

2235 5783 2245 5791 -
2288 5741 2785 5830 ἷιὶ”ἷὶι““ἕὸιϊᾷ¹ἷὶὅὶἱὲ”
2812 5741 3291 5846 cantasset",
3305 5741 3883 5851 ’ἶέιέιῖέιῖῗὶῗίίὶἕῦὲί
