4152 6166
308 361 448 420 1169

305 553 435 609 here
463 552 722 622 relinquit
749 554 889 608 inter
909 556 1254 623 pmnitentcs.

371 623 511 680 lbid.
544 624 845 691 Septimum
877 641 943 681 ex
975 626 1060 681 his
1093 643 1106 680 :
1141 624 1460 696 Paupertate
1487 639 1668 696 sensus
1693 622 1776 696 sui
1802 622 1906 696 circ

305 696 558 752 cumventi
588 706 707 749 sunt
727 738 742 761 ,
773 712 897 765 quos
927 698 1163 767 decipere
1200 693 1481 767 potuistis;
1514 694 1746 767 praefecti
1770 693 1906 747 enim

303 770 507 838 fuerant
527 766 612 839 illi
634 783 790 839 opere
802 768 1005 839 scilicet
1043 768 1164 834 Dei,
1194 766 1282 839 qui
1309 769 1363 822 in
1403 769 1516 836 ejus
1555 766 1760 839 nomine
1787 768 1904 836 fue-

304 837 417 894 rant
462 837 716 893 ordinati.
773 837 907 893 Nam
950 854 1071 894 cum
1122 837 1497 909 superioribus
1551 838 1730 891 verbis
1780 844 1908 891 sunt

304 909 674 967 connectenda
704 950 718 972 ,
747 919 801 964 et
828 910 895 963 de
924 910 1116 965 iisdem
1156 912 1427 979 episcopis
1465 910 1667 978 quibus
1708 921 1905 979 manus

306 982 478 1038 fuerat
500 981 756 1051 imposita
782 980 1092 1049 accipienda
1114 1023 1128 1047 ,
1157 977 1405 1052 hancque
1456 977 1676 1052 sensum
1705 977 1906 1052 habere

305 1052 830 1122 videnturzepiscopi
870 1066 1007 1122 quos
1030 1050 1348 1122 poeniteutes
1371 1051 1599 1116 fecistis,
1630 1059 1685 1105 et
1710 1050 1906 1115 quibus

311 1125 473 1179 vitam
496 1121 703 1178 ordinis
728 1121 793 1177 et
810 1122 1031 1178 honoris
1062 1123 1361 1191 eripuistis,
1397 1128 1559 1175 erant
1588 1121 1818 1175 ordinati
1851 1122 1904 1174 in

306 1197 519 1251 nomine
549 1193 785 1262 Domini,
818 1201 874 1248 et
904 1192 1021 1248 hinc
1043 1195 1310 1249 ordinatio
1324 1202 1442 1249 erat
1471 1206 1611 1262 opus
1639 1192 1900 1255 divinum,

303 1266 436 1335 quod
487 1264 736 1320 vectibus
785 1264 1006 1319 malitia:
1052 1265 1584 1333 disjecistiszquare
1638 1264 1706 1317 de
1746 1263 1903 1335 vobis

301 1337 593 1392 Donatistis
632 1345 781 1391 recte
812 1335 1010 1390 dicitur
1040 1353 1054 1390 :
1096 1352 1211 1406 qua:
1241 1335 1378 1391 Deus
1406 1335 1657 1407 perfecit,
1674 1334 1778 1401 ipsi
1807 1335 1899 1407 de-

304 1416 601 1464 struxerunt
627 1423 647 1462 :
672 1420 795 1478 quae
822 1422 943 1461 cum
968 1408 1043 1462 ita
1070 1405 1195 1468 sint.
1217 1405 1431 1462 constat
1464 1405 1778 1478 Donatistas
1805 1405 1904 1459 ali-

304 1480 422 1550 quid
464 1480 661 1533 iecisse
687 1476 739 1533 in
772 1479 1058 1550 episcopos
1098 1478 1239 1548 quod
1285 1492 1424 1548 Opus
1471 1476 1566 1532 Dei
1594 1485 1892 1550 everteret;
1949 1478 1958 1487 ’

303 1548 397 1607 lioc
421 1559 608 1605 autem
648 1550 881 1604 maxime
918 1549 1081 1607 [iebat
1113 1549 1428 1619 poenitentia
1457 1563 1618 1618 quam
1656 1548 1900 1616 impone-

303 1623 424 1678 bant
456 1620 732 1691 episcopis
759 1635 897 1691 quos
925 1619 1184 1688 decipere
1213 1630 1483 1689 poterant,
1507 1628 1562 1674 et
1585 1620 1676 1688 qui
1707 1619 1774 1691 ad
1804 1634 1899 1674 eos

304 1690 601 1749 transibant
627 1690 787 1755 .non’
807 1702 992 1747 autem
1037 1691 1439 1747 reordinatione
1469 1709 1481 1743 :
1510 1705 1634 1744 nam
1661 1690 1900 1760 antiqui-

303 1774 384 1822 tus
408 1763 616 1833 aliquid
641 1763 851 1833 injuria:
877 1762 987 1818 Deo
1007 1774 1062 1817 et
1095 1762 1213 1831 ejus
1254 1771 1599 1817 sacramento
1622 1769 1678 1815 et
1701 1759 1896 1833 obara—

305 1837 438 1891 cteri
472 1832 592 1890 ﬁeri
640 1832 894 1905 putabant
926 1833 973 1888 si
1002 1834 1292 1904 episcopus
1322 1842 1413 1887 aut
1441 1834 1723 1905 presbyter
1754 1832 1899 1905 inter

336 1877 941 1964 (nilimniesrviscretur
976 1877 1377 1975 (A'ugusiinus,
1417 1877 1555 1957 libro
1605 1877 1782 1970 primo
1833 1903 1900 1975 de
1929 1877 1975 1936 Β

345 1976 810 2050 ςιριίεῐηολεηυωᾴ
848 1978 892 2032 si
928 1974 1298 2050 paenitentiam
1328 1974 1690 2050 imposuerint
1738 1974 1902 2045 lapsis

298 2043 1243 2119 episcopisDonatistai,'verisimile
1281 2055 1366 2100 est
1406 2043 1723 2119 Melchiadis
1770 2043 1902 2100 seu-

301 2115 524 2175 tentiam
556 2120 624 2174 de
645 2133 706 2173 ea
749 2135 943 2174 manus
973 2119 1320 2188 impositione
1357 2115 1728 2188 accipiendam
1756 2131 1900 2182 esse,

299 2200 407 2247 non
435 2202 616 2246 autem
645 2188 711 2246 de
737 2187 1147 2246 reordinatiOne
1172 2205 1278 2261 qua
1308 2202 1448 2258 opus
1482 2187 1580 2243 Dei
1613 2202 1721 2241 non
1750 2198 1905 2257 pote-

299 2273 383 2318 rat
409 2262 672 2318 subverti.
728 2288 732 2292 Α

368 2334 501 2405 Pag.
523 2333 612 2389 46.
642 2332 898 2389 Octavum
931 2349 1001 2389 ex
1033 2332 1153 2405 his:
1184 2330 1373 2387 Docete
1404 2329 1494 2384 ubi
1523 2328 1663 2405 vobis
1679 2330 1901 2405 manda-

298 2415 402 2459 tum
435 2402 509 2459 est
541 2405 725 2458 radere
748 2406 922 2477 capita
947 2403 1313 2477 sacerdotum;
1346 2418 1470 2477 nam
1501 2402 1693 2477 eodem
1728 2402 1903 2471 respi-

296 2478 445 2531 ciunt
475 2488 584 2547 quo
614 2472 897 2545 superiora
916 2520 930 2543 ,
959 2486 1014 2530 et
1043 2475 1110 2531 de
1135 2475 1326 2547 eadem
1364 2472 1563 2547 injuria
1606 2482 1673 2547 e_t_
1710 2483 1903 2547 contu-

298 2542 603 2617 ntclia‘qua
633 2542 921 2617 episcOpos
960 2546 1273 2617 alliciebaut
1297 2587 1312 2612 ,
1345 2542 1898 2617 suut_intelligenda:

296 2629 350 2673 at
371 2634 477 2673 nou
513 2614 687 2684 major
719 2614 908 2674 fuisset
933 2619 1127 2688 injuria
1158 2616 1350 2672 radere
1367 2614 1549 2688 capita
1576 2614 1628 2667 in
1659 2615 1900 2688 secunda

298 2691 640 2746 ordinatione
685 2706 843 2761 quam
897 2690 950 2743 iu
987 2684 1216 2761 'prima;
1283 2687 1377 2741 sed
1426 2684 1899 2761 contumeliosum

299 2777 519 2833 prorsus
546 2770 663 2833 erat
704 2755 765 2816 et
789 2777 817 2814 a
843 2761 952 2816 Deo
974 2755 1304 2833 prohibitum
1343 2756 1535 2812 radere
1583 2755 1899 2827 episcopum

299 2831 351 2889 et
381 2843 603 2888 unctum
636 2832 731 2887 Dei
763 2833 1095 2901 poenitentia:
1124 2831 1361 2887 tradere.

368 2904 505 2961 Ibid.
549 2898 854 2959 Nonum—ex
882 2902 969 2958 bis
1002 2919 1017 2956 :
1046 2902 1125 2957 Tu
1154 2904 1267 2974 quis
1292 2918 1343 2956 es
1388 2901 1478 2968 qui
1528 2901 1736 2974 auferas
1764 2898 1903 2965 quod

299 2993 400 3030 non
435 2975 672 3029 dedisti?
694 2973 845 3029 Hanc
864 2975 1005 3029 enim
1052 2968 1321 3043 accipiunt
1351 2968 1854 3040 interpretationem
1884 2987 1897 3023 :

301 3048 443 3102 Deus
470 3047 647 3117 potuit
669 3044 881 3101 auferre
910 3046 1090 3102 oleum
1120 3060 1274 3100 suum
1318 3053 1373 3117 et
1408 3050 1809 3117 sacramentum
1834 3056 1901 3096 ex

300 3113 483 3181 Saule,
528 3118 625 3173 sed
668 3117 872 3182 noluit,
900 3124 960 3169 ut
983 3126 1034 3172 te
1061 3117 1281 3172 doceret
1303 3155 1317 3177 ,
1350 3113 1601 3182 iujuriam
1626 3127 1747 3182 ruou
1778 3127 1902 3167 esse

301 3187 601 3244 faciendam
652 3187 831 3243 unctis
858 3181 1014 3256 suis;
1045 3188 1140 3243 sed
1193 3198 1247 3242 tu
1287 3181 1467 3240 aufers
1494 3181 1639 3252 quod
1667 3197 1772 3256 non
1800 3183 1899 3238 de-

1522 365 1587 422 IN
1629 362 1957 423 SANCTUM
1994 366 2353 441 OPTA'I‘UM.
2431 354 2435 360 ’

307 483 483 548 tione,
513 490 801 538 conservat
831 492 1012 539 autem
1038 498 1161 546 cum
1192 482 1445 538 miseram
1487 480 1536 537 ei
1580 479 1747 536 vitam
1792 487 1903 536 tra-
1932 483 1993 546 Α

3476 385 3617 442 M70

2090 486 2340 565 l’ag.‘48.
2372 491 2664 565 _Decimum
2698 504 2950 565 quartum
2994 511 3061 550 ex
3102 496 3186 552 bis
3230 514 3244 553 :
3286 496 3610 565 Deuterium,

2013 553 2346 643 Plartc'nium,
2360 560 2628 643 Donatum
2648 575 2695 620 et
2719 553 3096 643 Catulum,_Dei
3112 569 3398 643 episcopos,
3421 553 3614 643 lingula

2012 627 2193 713 gladio
2211 635 2535 757 jugulastis;
2561 652 2682 690 nam
2715 627 3026 706 paenitentia
3053 627 3151 695 eos
3172 627 3499 710 jttgdlarant.

2088 700 2225 756 Ibid.
2317 720 2546 757 cetmum
2584 708 2827 757 animum
2856 724 2926 757 ex
2961 709 3044 757 his
3077 727 3090 757 :
3118 708 3300 757 Multis
3338 722 3499 757 notum

2088 700 2227 756 Ibid:
2271 700 2546 759 Decimum
2584 700 2828 774 quintum
2856 724 2927 763 ex
2961 709 3044 763 his
3077 700 3300 767 :bfuliis
3337 722 3511 766 notum
3537 719 3613 768 est

2015 780 2063 851 et
2094 773 2365 853 probatum
2389 773 2772 853 persecutionis
2799 788 3073 853 ζεῖηυκξνβ,Δ
3099 782 3365 852 episcopos
3414 783 3613 853 aliquos

2012 845 2200 897 inertia
2229 863 2261 899 a
2279 849 2595 921 con[essione
2618 850 2841 904 nominis
2870 849 2969 903 Dei
2991 845 3227 921 delapsos
3267 845 3609 921 ihuriﬁcasse,

2014 920 2061 993 et
2085 922 2255 996 tamen
2280 918 2454 970 nullus
2493 934 2669 972 eorum
2695 921 2784 996 qui
2805 932 3074 996 evaserunt
3099 918 3188 975 aut
3217 918 3424 996 manuni
3447 918 3607 996 lapsis

2011 987 2287 1062 imposuit,
2317 997 2407 1040 aut
2444 998 2497 1042 ut
2532 1006 2699 1060 genua
2747 993 2964 1062 ﬁgerent
3012 992 3321 1062 imperavit;
3362 987 3509 1048 nam'
3539 994 3610 1049 de

2012 1068 2118 1129 una
2146 1056 2444 1129 eademque
2473 1056 2662 1114 manus
2687 1056 3030 1129 imp'usitioue
3061 1056 3147 1117 hic
3178 1075 3234 1118 et
3256 1056 3310 1118 in
3336 1068 3605 1120 sententia

2010 1123 2328 1205 Melcbiadis
2356 1123 2439 1205 est
2467 1145 2680 1205 sermo:
2711 1123 3164 1203 quemadmodum
3198 1136 3340 1205 enim
3369 1139 3446 1190 ait
3494 1135 3605 1205 Op-

2012 1205 2201 1280 tatusn
2236 1198 2972 1280 la_p_si_sepiscopis—manum
3022 1204 3343 1280 imposuisse
3385 1198 3605 1280 Donaii-

2008 1276 2158 1345 stas,_
2187 1269 2260 1323 ita
2284 1269 2613 1345 Melchiades
2630 1269 2854 1329 eosdem
2881 1269 3125 1341 damnat,
3147 1277 3287 1345 quod
3304 1276 3467 1345 lapsis
3489 1277 3606 1345 epi-

2009 1340 2188 1429 scopis
2218 1356 2435 1429 manum
2458 1343 2843 1429 imposuissent
2875 1369 2889 1400 :
2923 1356 2978 1401 at
3006 1346 3092 1400 illa
3111 1340 3303 1429 maiius
3334 1340 3608 1429 iinpositio

2008 1412 2242 1476 pertinet
2269 1412 2337 1466 ad
2364 1416 2738 1483 pmniteutiam
2760 1456 2774 1480 ,
2811 1432 2917 1472 non
2944 1426 3122 1472 autem
3148 1417 3215 1472 ad
3244 1412 3607 1473 reordinatio-

2006 1493 2170 1563 nem,.
2190 1492 2335 1563 tttex
2362 1484 2451 1563 _|_i_is
2480 1486 2658 1540 verbis
2676 1527 2694 1563 _,
2726 1497 2815 1563 aut
2844 1498 2900 1563 ut
2925 1505 3094 1563 genua
3119 1489 3332 1563 ﬁgerent
3374 1489 3606 1563 impera-

2004 1552 2102 1631 uit,
2136 1552 2264 1607 licet
2293 1553 2548 1626 colligere
2580 1575 2593 1609 :
2623 1552 3286 1631 adgeuicula'tioues'enim
3335 1552 3604 1628 poeniten-

2006 1630 2139 1675 tium
2167 1633 2325 1678 erant
2372 1640 2698 1700 argumenta
2734 1630 3124 1686 liumiliationis
3158 1640 3209 1685 et
3247 1632 3604 1700 exomologe«

2003 1706 2131 1773 sees
2159 1705 2329 1773 a_ctus_
2343 1698 2433 1766 qui
2458 1699 2578 1773 sine
2604 1699 2807 1768 pudore
2834 1711 2888 1757 et
2915 1701 3318 1773 dedecorenon
3351 1698 3605 1770 poterant

2006 1762 2123 1844 ﬁeri
2151 1765 2218 1847 ab
2245 1762 2555 1847 e‘piSiEOpiS;
2589 1762 2668 1847 ea;
2718 1786 2847 1826 vero
2873 1787 2993 1842 qua!
3021 1772 3074 1825 in
3108 1762 3391 1847 ordinibus
3434 1772 3606 1847 susci-_

2004 1835 2215 1912 piendis
2266 1835 2481 1912 tierent,
2531 1835 2665 1895 nulli
2709 1835 2956 1910 poterant
2994 1856 3117 1897 esse
3155 1842 3411 1898 dedecori
3438 1859 3451 1895 :
3475 1842 3607 1912 quid

2010 1905 2155 1986 enim
2186 1908 2356 1976 magis
2383 1905 2808 1986 consentaneum
2839 1914 3244 1986 disciplinazque
3271 1914 3442 1984 magis
3472 1905 3606 1967 eon-

2008 1980 2230 2054 veniens
2256 1994 2416 2054 quam
2443 1980 2802 2054 ordinandum
2838 1980 3011 2054 genua
3054 1983 3295 2052 ﬂectere,
3336 1980 3390 2039 et
3418 1997 3605 2038 coram

2008 2047 2419 2126 ordinatorilius
2445 2053 2811 2126 adgeuiculari
2839 2047 2868 2107 i7
2889 2054 3032 2126 quod
3061 2054 3107 2108 si
3136 2055 3206 2107 ita
3237 2047 3322 2126 est
3341 2098 3365 2126 ,ν
3388 2069 3498 2108 non
3518 2063 3610 2126 est

2006 2116 2389 2193 disputandum
2428 2121 2497 2177 de
2517 2116 2922 2193 "explicatione.
2947 2126 3232 2180 sententiae
3269 2116 3606 2181 Melcliiadis.

2081 2187 2212 2271 Ibid.
2254 2190 2535 2271 Decimum
2574 2187 2785 2250 sextum
2838 2195 3037 2271 ex_ltis
3086 2213 3099 2250 :
3147 2193 3292 2271 Dant
3339 2208 3606 2271 peccatum

2006 2258 2229 2336 immittis
2255 2266 2539 2336 percutitur
2571 2280 2590 2318 :
2625 2281 2818 2320 manus
2846 2267 2987 2321 enim
3015 2258 3364 2336 impositione
3391 2266 3461 2321 de
3497 2282 3605 2336 qua

2005 2328 2332 2406 Melcbiades
2360 2345 2415 2387 et
2444 2336 2668 2404 Uptatus
2720 2328 3150 2406 conquerantur,
3177 2347 3454 2403 peccatum
3484 2328 3605 2392 illo-

2006 2416 2127 2455 rum
2169 2404 2546 2473 episcoporum
2587 2422 2723 2475 quos
2775 2404 3096 2474 pteniteutes
3131 2406 3425 2462 Donatista:
3459 2408 3601 2462 lece-

2006 2480 2159 2555 rant,
2200 2489 2516 2555 percussum
2547 2476 2723 2555 fuerat
2756 2479 2942 2555 :_quod
2989 2478 3376 2533 reurdinationi
3402 2493 3602 2555 conve-

2009 2546 2132 2598 nire
2158 2546 2365 2620 nequit,
2398 2547 2492 2602 sed
2516 2546 2872 2618 ptenitentiae,
2901 2564 3006 2620 qua
3039 2559 3257 2619 peccata
3284 2551 3603 2619 percutiun-

2007 2624 2095 2671 tur
2119 2624 2174 2670 et
2194 2616 2467 2672 delentur.

2077 2685 2213 2763 Ibid.
2236 2687 2535 2763 ‘Decimum
2566 2690 2854 2763 septimum
2895 2705 2960 2763 ex
2993 2691 3076 2745 bis
3111 2709 3123 2744 :
3158 2690 3299 2747 Nam
3337 2708 3452 2763 qua:
3489 2709 3601 2746 ma-

1995 2760 2088 2831 jor
2119 2758 2399 2831 infelicitas
2424 2775 2580 2828 quam
2621 2759 2720 2816 Dei
2763 2761 3052 2816 sacerdotes
3100 2763 3266 2818 vivere
3287 2809 3302 2830 ,
3350 2758 3445 2817 nec
3491 2780 3603 2818 esse

2004 2829 2143 2902 quod
2188 2829 2442 2899 fuerant?
2472 2832 2733 2887 Eumdent
2767 2833 2914 2888 enim
2961 2843 3116 2902 urget
3158 2829 3402 2889 errorem
3450 2849 3599 2889 eam-

2005 2901 2239 2975 demque
2287 2917 2487 2975 manus
2545 2903 2946 2975 impositionem
2988 2901 3305 2975 perstringit
3355 2921 3477 2973 qua:
3529 2905 3599 2961 ad

2007 2971 2464 3028 reordinationem
2505 2973 2694 3029 referri
2737 2976 2945 3045 nequit,
2978 2971 3101 3047 cum
3138 2971 3285 3031 dicat
3313 2971 3599 3047 episcOpos

2006 3056 2109 3116 per
2131 3057 2390 3116 eampou
2414 3059 2536 3099 esse
2558 3046 2791 3116 amplius
2812 3044 2952 3116 quod
2981 3044 3213 3101 fuerant.

2078 3112 2206 3187 Pag,
2260 3112 2328 3187 72
2367 3126 2421 3169 et
2467 3116 2561 3187 _75.
2603 3112 2884 3171 Decimum
2939 3124 3184 3172 octavum
3230 3133 3295 3174 ex
3348 3116 3433 3187 bis
3473 3119 3598 3175 libri

2010 3183 2192 3258 quarti
2209 3186 2388 3240 verbis
2409 3205 2435 3258 :7
2455 3185 2563 3241 Nec
2587 3188 2848 3256 apostolos
2871 3188 3063 3242 imitari
3078 3189 3331 3257 voluistis,
3360 3206 3392 3244 a
3417 3184 3600 3258 quibus

299 3259 447 3323 disti,
478 3271 535 3316 et
564 3259 698 3315 facis
731 3258 983 3330 injuriam
1002 3253 1199 3314 'unetis
1225 3258 1334 3330 Iliei,
1370 3257 1496 3326 quia
1526 3269 1621 3330 eos
1647 3253 1795 3307 radis
1840 3262 1897 3308 et
1921 3258 1967 3321 C
2001 3257 2155 3330 etiam
2176 3253 2630 3330 negatordilectus
2642 3268 2716 3313 est
2742 3258 2925 3330 Petrus
2954 3275 2972 3313 :
2998 3260 3193 3328 quibus
3212 3253 3393 3328 ducet,
3419 3253 3598 3316 Dona-

298 3332 365 3386 ad
398 3332 771 3398 paenitentiam
786 3323 1027 3384 'damnas
1059 3345 1218 3400 :quae
1256 3323 1631 3398 interpretatio
1663 3338 1770 3378 nou
1800 3339 1897 3395 po-

300 3411 407 3458 test
427 3403 722 3457 conrenire
745 3417 866 3456 cum
888 3401 1312 3456 reordinatione.

374 3473 507 3527 ibid.
558 3472 834 3528 Decimum
882 3487 947 3527 ex
999 3473 1083 3527 his
1126 3490 1138 3524 :
1173 3471 1313 3539 Quid
1340 3468 1548 3539 prodest
1574 3466 1697 3531 quia
1726 3467 1897 3539 uiuunt

301 3543 535 3599 homines
554 3586 568 3608 ,
603 3555 649 3599 et
677 3544 833 3599 occisi
870 3554 990 3598 sunt
1022 3538 1240 3598 honores
1265 3560 1297 3596 a
1324 3538 1651 3607 uobis?Qu:e
1676 3538 1892 3607 quidem

298 3629 410 3671 non
441 3616 667 3671 dixisset
702 3615 748 3670 si
808 3615 1098 3669 Donatista:
1152 3613 1563 3669 reordinassent
1610 3609 1896 3678 episcopos

298 3702 438 3755 quos
466 3687 1002 3752 circumveniebant,
1035 3687 1159 3754 quia
1205 3683 1892 3755 reordinatione__non_ma-

298 3752 391 3829 g'isr
420 3759 788 3827 spoliabantur
811 3752 1319 3829 ant_ticcidebaiitiir
1344 3769 1501 3829 quam
1532 3752 1889 3829 ordinatione.

375 3821 505 3900 Pag.
557 3829 627 3885 46
674 3840 728 3885 et
758 3830 847 3884 47.
889 3826 1249 3903 Undeciuium
1296 3821 1372 3880 ex
1409 3824 1493 3878 bis
1525 3839 1543 3876 :
1575 3821 1895 3903 Extendistis

301 3892 514 3954 ηιαηιιῖη
542 3916 698 3969 super
747 3915 897 3953 omne
937 3909 1115 3968 caput.
1145 3898 1272 3953 Haec
1316 3892 1893 3969 matius__extensio_ad

298 3961 759 4026 reordinatiouem
798 3985 905 4025 non
940 3961 1113 4039 potest
1152 3968 1341 4024 referri
1366 4008 1383 4039 ,
1415 3975 1475 4021 ut
1505 3965 1670 4032 liquet
1699 3978 1765 4018 ex
1807 3961 1893 4017 his

297 4058 423 4112 qua:
452 4053 753 4113 sequuntur
786 4062 799 4096 :
838 4038 949 4097 Hoc
976 4052 1051 4096 est
1072 4038 1446 4113 impatientibus
1472 4052 1680 4113 inuitum
1698 4108 1709 4113 _
1736 4050 1893 4103 super

298 4106 505 4167 onmem
532 4106 752 4168 atatem
791 4112 861 4168 ad
890 4106 1185 4168 evertendas
1211 4112 1428 4164 animos.
1463 4106 1734 4162 lnvenistis
1761 4121 1891 4174 puc-

296 4200 410 4249 ros,
445 4186 508 4240 de
531 4186 826 4258 poenitentia
852 4185 1143 4258 sauciastis,
1168 4199 1231 4258 ite
1258 4182 1418 4252 aliqui
1445 4178 1675 4232 ordinari
1698 4177 1893 4258 potuis-

296 4266 413 4309 sent
445 4270 464 4319 ;
492 4249 583 4311 sed
607 4256 785 4326 pntius
808 4255 873 4310 ad
903 4255 1296 4324 paenitentiam,
1322 4249 1424 4319 qua
1442 4259 1637 4326 _statns
1665 4249 1892 4302 clerico—

300 4342 428 4381 rum
487 4321 803 4400 etmaxime
838 4321 1227 4400 Episcoporum
1257 4321 1599 4400 evertebatur
1629 4326 1891 4400 :praeter-

296 4414 368 4451 ea
402 4399 700 4454 verisimile
730 4407 814 4454 est
866 4392 989 4453 eum
1023 4392 1164 4464 loqui
1195 4394 1264 4448 de
1284 4392 1472 4464 eadem
1509 4404 1699 4464 uiantis
1728 4392 1892 4457 impo-

295 4470 506 4524 sitione
531 4479 929 4541 propterquam
980 4482 1010 4521 a
1058 4462 1356 4541 Melcliiade
1394 4462 1633 4541 damnati
1679 4462 1891 4514 fuerant

299 4533 602 4595 Donatistae
630 4533 647 4595 Ξ
680 4533 841 4595 aut'si
867 4541 918 4594 id
952 4554 1055 4594 non
1079 4535 1416 4613 conceditur,
1440 4533 1652 4613 doceat,
1681 4546 1883 4613 quaeso,

295 4627 553 4681 quamam
598 4621 743 4668 esset
799 4612 885 4666 illa
939 4606 1422 4681 manus‘exteusio
1461 4619 1563 4681 qua
1597 4603 1889 4681 Donatista:

2004 3328 2160 3381 ti5tas
2186 3327 2561 3401 apostolorum
2601 3329 2851 3399 exemplo
2873 3372 2887 3393 ,
2919 3327 3023 3396 qui
3044 3330 3260 3387 Petrum
3297 3331 3508 3401 lapsum
3539 3341 3598 3388 et

2003 3407 2317 3473 negatorem
2384 3399 2724 3473 dilexerunt,
2777 3401 3061 3473 episcopos
3122 3402 3307 3473 lapsos
3358 3399 3595 3473 diligere

2002 3468 2283 3542 debuisse,
2320 3470 2464 3542 unde
2489 3471 2660 3542 magis
2703 3472 2764 3525 lit
2795 3468 3087 3527 verisimile
3119 3468 3428 3529 Donatistas
3469 3468 3596 3542 cpi-

2001 3539 2188 3612 sc0pis
2214 3540 2589 3608 pmnitentiam
2618 3542 2945 3612 imposuisse
2973 3558 3133 3611 quam
3161 3544 3382 3599 ordines
3409 3539 3601 3605 coniu-

2002 3610 2172 3674 lisse;
2213 3612 2301 3677 qui
2334 3613 2476 3666 cnim
2508 3610 2832 3667 ordinantur
2878 3624 2971 3667 aut
2994 3610 2997 3611 ⁷
3021 3614 3423 3681 reordinantur,
3452 3618 3594 3669 inter

2000 3681 2424 3754 reordinationis
2462 3683 2600 3737 ritus
2636 3686 2825 3738 osculo
2854 3683 3143 3750 donantur,
3184 3697 3240 3741 et
3271 3700 3367 3754 pro
3394 3687 3596 3740 fratri-

1998 3752 2101 3806 bus
2122 3751 2196 3825 ab
2225 3752 2625 3807 ordinatoribus
2652 3755 3031 3825 adsciscuntur
3058 3772 3073 3825 ;
3105 3756 3196 3824 qui
3244 3751 3375 3810 vero
3418 3758 3594 3825 potni—

2001 3823 2225 3877 tentiam
2258 3832 2448 3892 agunt,
2484 3839 2585 3894 pro
2613 3824 2887 3880 extraneis
2914 3835 2967 3880 et
2993 3840 3022 3878 a
3054 3823 3392 3883 fraternitate
3418 3823 3597 3883 divul-

1998 3894 2077 3948 sis
2114 3893 2521 3966 repudiantur:
2580 3894 2697 3949 htrc
2751 3896 2983 3966 denique
3040 3895 3162 3952 libri
3214 3899 3352 3952 sexti
3403 3899 3590 3966 verba,

2000 3964 2245 4036 pag.r98,
2278 3981 2405 4034 quos
2434 3976 2522 4019 aut
2558 3964 2959 4036 rebaptizatione
3000 3977 3089 4021 aut
3133 3969 3430 4036 pa’nitentia
3471 3964 3595 4024 saui-

1999 4035 2194 4101 ciastis,
2225 4038 2553 4111 conveniunt
2582 4035 2703 4093 cum
2740 4039 3010 4111 sententia
3039 4035 3356 4094 Melcbiadis
3382 4081 3396 4105 ,
3431 4051 3594 4111 atque

1996 4121 2117 4161 eam
2147 4122 2421 4176 exponere
2448 4109 2729 4175 videntur;
2759 4120 2814 4164 et
2840 4110 2982 4179 quod
3005 4111 3113 4166 illic
3140 4126 3236 4179 per
3273 4125 3464 4165 manus
3492 4109 3593 4164 im-

1997 4179 2321 4259 positionem
2351 4180 2705 4249 signiliCatur,
2731 4180 2818 4235 hic
2845 4181 3100 4250 explicari
3130 4195 3229 4252 per
3257 4182 3592 4251 poenitentia

1997 4258 2423 4319 imposttionem.

2505 4341 2939 4399 OBSERVATIO
2991 4343 3075 4399 Vl.

1995 4433 2064 4489 In
2091 4451 2194 4507 qua
2223 4450 2287 4489 ea:
2313 4434 2536 4505 antiqua:
2580 4433 2872 4509 disciplina:
2907 4436 3189 4493 rationibus
3216 4437 3393 4493 eodeni
3424 4439 3591 4509 expli-

2523 4507 2657 4559 catio
2688 4508 3042 4575 conﬁrmatur.

2071 4594 2206 4653 Cum
2228 4596 2577 4662 Melcbiades,
2605 4597 2846 4669 pontifex
2879 4598 3165 4663 maximus,
3187 4600 3242 4654 in
3269 4599 3446 4669 elogio
3463 4600 3589 4655 etin

297 4648 1895 4754 KKE'émc'épETFSdéBSni'?"£{ii£id"EiVEi‘é'feé'qu'ioquau'ﬁ
1922 4648 1979 4709 D
2005 4686 2100 4726 sua
2131 4672 2221 4725 illa
2254 4669 2518 4754 sententia
2562 4648 2801 4750 allii-met
2825 4684 3090 4754 manuum.
3110 4648 3258 4724 illam
3288 4648 3594 4751 impositio—

296 4744 586 4810 fatendum
637 4764 721 4811 est
772 4744 1095 4809 sententiam
1152 4746 1464 4804 Melcbiadis
1488 4746 1557 4800 de
1588 4744 1902 4817 poenitentia

298 4826 717 4900 intelligendam
745 4841 885 4900 esse.
1128 4892 1179 4900 __
1306 4888 1328 4900 ,
1470 4889 1482 4900 ,
1518 4889 1545 4900 _,

390 4888 519 4951 lbid'.
568 4898 949 4952 Duodecimum
1004 4909 1071 4950 ex
1128 4892 1213 4948 his
1254 4888 1575 4963 :Invenistis
1622 4888 1902 4963 diaconos,

295 4968 655 5044 presbyteros,
680 4969 968 5044 episcopos,
1002 4966 1196 5044 fecistis
1217 4959 1400 5044 laicos.
1430 4959 1564 5044 Nam
1594 4975 1660 5016 ex
1684 4960 1769 5014 liis
1794 4959 1907 5044 colf

300 5033 500 5110 'ligitur
559 5033 866 5095 Doiiatistas
915 5033 1058 5094 inter
1105 5038 1277 5110 laicos
1325 5033 1581 5110 rejecisse
1631 5045 1728 5087 eos
1770 5043 1907 5100 quos

298 5106 603 5183 episcOpns
659 5112 997 5177 invenerant,
1027 5110 1080 5165 in
1107 5108 1211 5163 illis
1245 5106 1399 5183 locis
1444 5118 1563 5173 qua:
1603 5115 1903 5183 occupavef

300 5175 477 5238 rant:
506 5175 649 5241 ouod
677 5183 721 5237 si
758 5183 828 5237 ita
873 5175 995 5248 est,
1028 5177 1297 5251 quomodo
1322 5175 1648 5251 interpretes
1679 5180 1907 5242 possunt

298 5253 499 5309 dicere
525 5254 833 5310 Douatistas
858 5245 989 5307 usos
1008 5245 1173 5306 fuisse
1205 5245 1610 5304 reordinatione
1630 5285 1644 5309 ,
1674 5252 1731 5299 et
1759 5257 1907 5298 reor-

300 5325 535 5398 dinasse
560 5327 848 5395 episcopos
869 5339 1006 5398 quos
1026 5319 1336 5398 capiebant?
1448 5387 1481 5398 η
1554 5386 1566 5398 ⁸

394 5396 530 5451 Ibid.
575 5387 850 5452 Decimum
884 5387 1106 5450 iertiutn'
1156 5408 1219 5447 ex
1279 5391 1362 5444 his
1395 5406 1407 5440 :
1443 5387 1629 5442 Socius
1657 5396 1703 5440 et
1742 5400 1909 5439 comes

296 5478 483 5525 uester
517 5468 831 5542 jamdudum
876 5466 1072 5542 fuerat__
1094 5463 1181 5519 cui
1230 5477 1369 5542 nunc
1393 5475 1580 5513 manus
1607 5458 1798 5542 infer-re
1823 5472 1910 5542 ca-

300 5549 473 5597 natus
501 5529 554 5594 e's
576 5557 595 5605 ;
620 5551 674 5594 et
703 5554 767 5592 ex
811 5529 1161 5607 sequentibus
1185 5575 1201 5601 ,
1224 5532 1440 5607 quibus
1483 5539 1690 5607 constat
1714 5529 1908 5607 _D_0uat

301 5615 480 5669 tistas
511 5597 744 5679 aliquam
777 5597 967 5663 manus
999 5597 1401 5675 impositionem
1432 5601 1664 5655 voluisse
1707 5597 1912 5679 inferre

301 5670 653 5742 orthodoxis
682 5680 952 5748 episcopis
983 5670 1091 5747 qua
1118 5690 1216 5728 eos
1242 5684 1667 5748 tamquamreos
1701 5670 1915 5748 judica-

301 5758 458 5813 bant
500 5760 557 5808 ct
604 5742 1077 5813 condemnabam,
1113 5744 1256 5816 quod
1284 5742 1621 5816 commodius
1668 5742 1920 5816 tribuitur

306 5824 663 5954 iai’positioni
730 5834 983 5877 manuum
1042 5813 1380 5890 paenitentia:
1428 5828 1589 5886 quam
1640 5813 1924 5873 reordina-

306 5908 333 5953 t
410 5908 510 5952 inst

302 5908 510 5953 ιὶῡίιιολ

2008 4757 2131 4796 nem
2170 4758 2290 4812 quae
2338 4757 2368 4796 a
2427 4738 2716 4812 Donatistis
2771 4741 3030 4812 adversus
3078 4741 3258 4811 lapsos
3307 4738 3594 4811 episcopos

2008 4811 2395 4882 usurpabatur,
2420 4812 2641 4865 omnino
2685 4811 3080 4867 Ecclesiasticm
3122 4812 3420 4880 disciplina:
3469 4826 3594 4868 esse

2007 4885 2357 4944 contrariam.
2388 4884 2599 4952 ipsique
2630 4891 2867 4938 statuere
2892 4897 2953 4935 ac
2985 4884 3311 4953 persuadere
3339 4883 3590 4951 velimus,

2010 4954 2166 5008 istam
2190 4969 2445 5008 manuum
2470 4954 2866 5023 impositionem
2893 4969 2998 5008 non
3021 4954 3085 5010 ad
3116 4954 3589 5019 reordinationem,

2011 5025 2105 5080 sed
2135 5026 2202 5079 ad
2236 5026 2607 5095 pmnitentiain
2647 5027 2833 5081 referri
2864 5036 3117 5093 oportere
3151 5046 3164 5081 :
3194 5025 3515 5082 certissimis
3537 5036 3592 5081 et

2013 5097 2202 5151 lucidis
2224 5094 2554 5165 argumentis
2580 5103 2634 5148 et
2658 5096 2957 5166 rationibus
2986 5112 3121 5166 opus
3149 5108 3234 5152 est
3260 5098 3596 5154 demonstre-

2013 5183 2133 5239 mus
2161 5183 2224 5221 ex
2248 5167 2491 5239 antiquis
2521 5175 2575 5220 et
2602 5178 2783 5239 vetere
2812 5165 3098 5239 disciplina
3149 5184 3255 5224 non
3285 5170 3592 5239 impositam

2012 5237 2179 5294 fuisse
2215 5236 2584 5311 pmnitentiam
2637 5236 2940 5311 Episcopis,
2988 5253 3328 5311 quocumque
3364 5236 3591 5311 demum

2012 5307 2225 5382 scelere
2248 5324 2368 5364 sese
2398 5307 3042 5382 obstrinxissent;neque
3062 5307 3401 5368 {etatis'illius
3427 5309 3597 5382 pieta-

2016 5391 2123 5436 tem
2153 5381 2359 5447 tulisse,
2400 5388 2458 5433 ut
2506 5379 2647 5433 inter
2694 5379 2940 5451 lugentes
2982 5379 3442 5440 adscriberentur:
3472 5381 3594 5435 Pri-

2017 5469 2162 5509 mum
2190 5452 2244 5507 in
2273 5454 2390 5523 ipso
2418 5450 3034 5525 patiitentiaevestibulo
3067 5456 3387 5525 pmuiteutes
3417 5454 3597 5521 lacry-

2018 5527 2121 5608 mis
2164 5522 2381 5595 peccata
2434 5522 3019 5608 suaudetestabantur;
3058 5522 3112 5579 at
3156 5525 3432 5608 indignum
3471 5532 3597 5608 Erat

2018 5590 2353 5668 episcopum,
2378 5596 2469 5665 qui
2495 5595 2669 5668 aliena
2694 5594 2869 5666 potius
2882 5590 3039 5666 quam
3068 5611 3165 5668 sua
3185 5590 3380 5668 delicta
3399 5590 3599 5647 deﬂere

2024 5664 2292 5735 debebat,
2321 5664 2462 5722 inter
2491 5664 2713 5731 ﬂentes,
2736 5664 3002 5735 eiulantes
3038 5674 3094 5723 et
3138 5667 3286 5719 humi
3329 5665 3598 5735 jacentes,

2028 5730 2178 5793 extra
2206 5739 2462 5812 Ecclesia:
2490 5736 2671 5812 limina
2696 5730 2935 5812 conspici
2953 5781 2968 5803 ,
2998 5747 3052 5792 et
3075 5730 3401 5812 transeuntis
3430 5732 3603 5812 plebis

2032 5811 2257 5878 vestigia
2285 5808 2609 5878 deosculari.
2636 5805 2904 5878 Secundo,
2930 5811 2980 5862 in
3004 5806 3193 5878 eodem
3223 5805 3317 5860 illo
3350 5805 3611 5878 poeniten-

2035 5876 2129 5936 tia:
2156 5866 2324 5951 gvradu
2346 5872 2468 5937 cum
2497 5866 2902 5937 cateChumcnis
2938 5866 3323 5934 erudiebantur
3350 5866 3611 5948 innitens
