4152 6166
573 325 704 380 1173

1673 318 2249 380 OBSERVATIONES
2272 319 2708 380 ALBASPFNASI

3665 323 3776 382 ll'ili

567 441 814 510 puriores
834 451 887 496 et
915 440 1213 494 sanctiores
1240 438 1347 494 dici
1391 453 1451 494 se
1473 438 1748 510 volebant.
1795 439 1957 506 etqui
2004 452 2154 493 seve-
2186 441 2234 500 Α
2263 436 2412 510 illius
2433 437 2625 506 capitis
2642 436 2873 492 lectione
2897 434 3243 510 perspicitur,
3275 450 3381 491 non
3401 445 3568 510 autem
3604 438 3781 508 imposi-

571 509 731 568 rioris
750 527 811 568 se
858 510 1154 581 disciplina:
1186 510 1585 578 Ecclesiasticae
1605 509 1847 565 vindices
1875 521 1930 564 et
1959 524 2155 580 propu—

567 593 819 656 gnatores
852 582 1025 653 palam
1059 581 1466 656 profitebantur.

641 651 864 722 Quarta,
889 667 1112 707 necesse
1138 654 1359 706 omnino
1404 662 1520 707 erat
1551 661 1607 705 ut
1649 652 1723 706 illi
1755 651 1992 722 episcopi
2022 666 2159 721 quos

572 727 755 779 volunt
779 726 1102 794 interpretes
1142 741 1170 776 a
1206 724 1496 778 Donatistis
1524 723 1884 781 recrdinatos.
1933 723 2160 777 idolola-

573 797 684 850 tria:
699 797 926 850 crimine
940 795 1350 849 absolverentur
1374 795 1681 865 priusquam
1697 795 2157 857 reordinarentur;

573 883 746 935 neque
768 868 912 921 enim
933 883 998 920 ex
1029 881 1213 920 eorum
1237 867 1517 935 disciplina
1549 876 1602 920 et
1627 867 1976 927 moribus,nti
2003 875 2160 919 antea

571 938 876 1002 docuimus,
901 937 1004 990 ulla
1037 947 1247 1006 poterat
1297 938 1434 991 inter
1483 951 1579 991 eos
1605 948 1656 991 et
1683 937 1910 991 crimine
1935 936 2164 990 obstric—

571 1017 655 1062 tos
700 1010 1011 1064 communio
1043 1019 1097 1063 et
1145 1009 1376 1062 societas
1418 1008 1774 1062 intercedere.
1827 1007 1939 1060 Duo
1983 1018 2164 1061 autem

574 1079 710 1146 apud
735 1097 829 1133 eos
862 1080 926 1133 ad
974 1079 1257 1132 eluendani
1291 1079 1591 1133 traditionis
1629 1077 1892 1133 maculam
1926 1078 2164 1132 remedia

572 1152 1016 1220 proponebantur
1045 1167 1058 1204 :
1088 1153 1401 1219 poenitentia
1425 1160 1479 1204 et
1507 1149 1875 1218 rebaptizatio.
1920 1149 2072 1215 Quod
2099 1149 2166 1202 ad

573 1223 1058 1288 rebaptizationem
1089 1223 1302 1288 attinet,
1335 1222 1521 1288 primis
1552 1222 1658 1276 illis
1679 1222 1988 1275 sebismatis
2010 1221 2168 1275 annis

577 1308 683 1346 non
711 1301 868 1346 erant
892 1292 1261 1362 rebaptizandi
1293 1291 1716 1362 episcopi,quod
1753 1308 1942 1346 omnes
1987 1301 2169 1346 essent

575 1363 830 1432 baptizati
870 1373 992 1418 ante
1033 1364 1301 1426 sebisma,
1343 1378 1448 1416 non
1490 1365 1632 1418 enim
1685 1363 1749 1415 ad
1800 1363 2170 1432 episcopatum

576 1434 997 1488 admittebantur
1035 1435 1291 1505 neophyti
1327 1452 1340 1487 :
1389 1435 1586 1489 idcirco
1616 1436 1667 1488 in
1701 1434 1808 1488 illis
1838 1435 1990 1503 quasi
2022 1435 2174 1487 incu-

576 1506 790 1558 nabulis
809 1506 1113 1559 schismatis
1137 1522 1241 1559 non
1276 1515 1520 1574 poterant
1546 1507 1878 1573 rcbaptizare
1892 1506 2173 1574 episcopos

578 1576 908 1644 Donatistm,
940 1585 1000 1629 ut
1026 1593 1120 1631 eos
1165 1595 1193 1630 a
1243 1577 1466 1631 crimine
1514 1577 1819 1631 traditionis
1867 1577 2170 1630 abluerent.

581 1646 838 1702 ltestabat
877 1649 1037 1717 igitur
1084 1649 1423 1718 pmnitentia,
1447 1663 1552 1718 qua
1595 1663 1780 1703 revera
1816 1648 1890 1700 uti
1926 1656 2176 1716 poterant

585 1733 712 1790 erga
743 1720 1030 1790 episcopos
1085 1722 1203 1773 illos
1233 1733 1369 1788 quos
1417 1722 1527 1773 suis
1557 1720 1764 1774 teclinis
1813 1730 1867 1771 et
1899 1718 2178 1790 fraudibus

581 1785 1081 1845 ciﬁuimveniébant
1111 1811 1123 1845 :
1150 1785 1336 1844 verum
1371 1791 1571 1844 nullum
1625 1805 1875 1858 umquam
1905 1799 2059 1842 vetus
2086 1789 2175 1842 illa

584 1859 867 1928 disciplina
916 1862 981 1916 ad
1031 1863 1399 1931 episcopatum
1431 1859 1668 1923 admisit,
1715 1862 1804 1928 qui
1835 1861 2178 1931 interpa‘nif

585 1938 762 1986 tentes
779 1932 924 1986 visus
949 1929 1116 1997 esset,
1144 1933 1311 1986 multo
1335 1934 1512 1986 minus
1537 1932 1826 1985 Donatistae
1850 1933 1936 2000 qui
1962 1929 2179 1985 Catliari

586 2003 942 2072 vocabantur.
971 2005 1336 2070 Quamobrem
1364 2004 1579 2057 obvium
1611 2003 1804 2072 cuique
1823 2011 1878 2054 et
1907 2013 2176 2070 apertum,

589 2071 738 2125 nullo
787 2084 940 2138 pacto
987 2090 1016 2127 a
1069 2073 1358 2127 Donatistis
1401 2071 1727 2127 reordinari
1756 2072 2044 2141 episcopos
2092 2081 2184 2127 aut

591 2144 939 2214 presbyteros
984 2146 1221 2214 potuisse
1253 2146 1441 2213 primis
1469 2143 1774 2198 schismatis
1801 2143 2135 2212 temperibns
2165 2161 2178 2197 :

593 2213 828 2284 indeque
887 2213 1062 2284 sequi.
1109 2215 1422 2270 Melcliiadis
1475 2216 1818 2277 sententiam,
1869 2229 1988 2282 quae
2031 2215 2186 2270 initio

592 2283 900 2355 scltisniatis
931 2283 1078 2350 data,
1101 2286 1170 2341 de
1201 2285 1606 2340 reordinatione
1633 2300 1738 2340 non
1773 2284 2017 2355 intelligi.

670 2354 820 2409 Nunc
851 2365 1027 2410 autem
1056 2357 1124 2411 de
1155 2357 1442 2426 postremis
1467 2357 1627 2425 hujus
1650 2354 2187 2426 schismatis'tempo-

594 2425 743 2480 ribus
772 2427 1062 2498 agendum,
1113 2425 1165 2482 in
1221 2429 1416 2496 quibus
1456 2427 1655 2498 largior
1700 2427 1750 2480 id
1798 2442 1902 2480 non
1959 2425 2124 2498 mgre,
2156 2443 2186 2482 a

598 2499 888 2570 Donatistis
917 2497 1203 2568 episcopos
1223 2500 1595 2561 reordiuatos;
1618 2498 1761 2566 quod
1786 2498 1940 2570 facile
1957 2507 2042 2552 est
2065 2514 2190 2570 pro-

593 2568 721 2622 bare
734 2583 800 2622 ex
825 2570 889 2622 iis
918 2571 1050 2625 locis
1071 2585 1206 2640 quos
1237 2581 1420 2640 postea
1444 2571 1747 2629 citabimus:
1773 2568 2188 2625 videndum've-

595 2652 658 2711 ro
691 2648 745 2693 et
770 2640 1230 2710 perpendendum,
1261 2641 1532 2710 quomodo
1562 2652 1617 2696 et
1643 2641 1840 2711 quibus
1861 2642 2192 2695 conditioni-

597 2709 699 2764 bus
725 2727 819 2766 seu
848 2709 1026 2766 causis
1058 2713 1110 2767 id
1141 2709 1532 2769 concederetur
1555 2723 1608 2767 et
1634 2709 1822 2766 liceret
1848 2729 1860 2765 :
1888 2727 2008 2766 cum
2034 2713 2193 2779 igitur

639 2783 864 2852 uispiam
898 2782 1184 2856 episcopus
1230 2795 1324 2839 aut
1359 2784 1644 2856 presbyter
1666 2783 1734 2837 ab
1783 2783 2100 2856 orthodoxis
2123 2782 2191 2838 ad

648 2855 908 2908 onatistas
943 2853 1202 2910 deficeret
1235 2853 1539 2925 postremis
1564 2855 1668 2910 illis
1697 2855 2028 2922 temporibus
2073 2869 2194 2924 quae

603 2925 910 2996 scliismatis
939 2935 1114 2996 ortum
1139 2927 1630 2996 consequebantur,
1666 2927 1814 2980 illum
1835 2926 1900 2981 ad
1935 2925 2200 2993 pteniten-

603 2994 735 3066 tiam
792 3012 897 3050 non
938 2995 1226 3066 adigebant
1258 2994 1337 3052 uti
1392 2999 1492 3052 sub
1528 2998 1791 3066 Majorino
1825 3017 1836 3051 :
1866 2997 1960 3051 sed
2001 2998 2196 3051 iterum

606 3063 984 3134 baptizabant.
1033 3063 1096 3124 et
1153 3069 1478 3125 inordinem
1532 3063 1791 3124 laieorum
1850 3067 2194 3133 referebant,

606 3137 770 3208 unde,
797 3153 920 3192 cum
949 3139 1142 3207 dignus
1171 3142 1318 3196 visus
1345 3151 1512 3207 esset,
1544 3141 1596 3194 iu
1623 3139 1827 3194 clerum
1858 3140 2085 3208 repetita
2111 3155 2200 3194 or-

2269 508 2473 562 tionem
2504 523 2763 581 manuum
2780 523 2881 577 qua
2905 508 3174 581 ordinatio
3206 507 3541 581 peragebatur
3563 528 3574 562 :
3595 507 3783 581 quapro-

2260 590 2380 661 pter
2405 579 2675 661 verba-illa
2697 579 2763 633 ad
2792 594 2904 661 rem
2926 579 3055 661 nihil
3075 579 3326 634 attinere.
3351 579 3578 636 Secundo
3606 579 3785 661 globum

2263 649 2413 704 illum
2449 649 2732 724 manifeste
2753 660 2816 724 et
2840 651 3121 724 perspicue
3142 665 3377 722 pugnare
3414 662 3583 706 contra
3609 651 3788 724 illorum

2263 720 2606 776 sententiam.
2625 720 2756 775 Nam
2777 722 2820 774 si
2841 721 3125 775 verborum
3139 720 3332 776 Sensus
3353 730 3489 777 recte
3509 723 3789 790 attendatur,

2264 792 2432 846 voluit
2460 793 2642 847 dicere
2673 793 2734 846 D.
2769 792 3102 862 Augustinus
3147 808 3396 849 manuum
3438 793 3568 847 illam
3609 794 3792 862 imposi-

2267 865 2466 919 tiOnem
2496 864 2664 932 repeti
2703 879 2881 932 posse,
2926 879 3032 917 non
3061 876 3241 918 autem
3276 865 3599 931 baptismum;
3651 879 3793 933 neque

2266 935 2442 988 obstat
2472 935 2610 1004 quod
2640 950 2704 989 ex
2731 935 3069 990 correctione
3097 946 3144 989 et
3175 937 3538 990 emendatione
3558 946 3798 1003 postrema:

2270 1005 2546 1066 editionis,
2574 1014 2629 1059 et
2648 1022 2712 1060 ex
2734 1007 2951 1075 antiqua
2983 1007 3359 1073 impressione,
3387 1007 3532 1061 aliter
3560 1006 3799 1076 legendum

2271 1093 2392 1132 cs<e
2441 1085 2631 1145 pment
2677 1078 2916 1145 quidam,
2963 1093 3024 1132 ac
3053 1077 3379 1132 contendant
3417 1079 3636 1131 ultimam
3684 1077 3800 1130 illam

2277 1149 2596 1215 particulam
2625 1166 2725 1202 non
2771 1148 3057 1202 delendam
3089 1163 3247 1202 esse:
3279 1164 3396 1202 nam
3424 1147 3803 1203 emendationem

2275 1220 2420 1272 illam
2454 1221 2616 1273 verba
2658 1223 2772 1274 bare
2813 1219 3056 1287 ejusdem
3099 1221 3288 1287 capitis
3318 1227 3594 1287 respuunt:
3630 1219 3730 1286 quid
3747 1225 3806 1269 est

2275 1290 2410 1362 enim
2457 1289 2604 1344 aliud
2651 1291 2749 1344 nisi
2805 1292 2969 1344 oratio
3021 1307 3176 1362 super
3198 1291 3494 1362 hominem?
3543 1291 3721 1362 quibus
3750 1289 3806 1362 _D.

2276 1361 2610 1429 Augustinus
2641 1363 2836 1415 asserit
2880 1373 2934 1416 et
2968 1362 3035 1416 ita
3069 1360 3275 1416 sentire
3304 1361 3528 1426 videtur,
3559 1360 3812 1428 impositio—

2280 1446 2378 1486 nea
2411 1431 2530 1486 illas
2554 1448 2806 1485 manuum
2836 1433 3031 1500 quibus
3061 1432 3202 1486 dona
3230 1432 3458 1500 Spiritus
3489 1432 3642 1486 sancti
3667 1439 3810 1483 trans-

2279 1504 2650 1567 tnittebantur,
2701 1502 2770 1557 de
2813 1503 3010 1571 quibus
3054 1503 3215 1574 paulo
3244 1519 3402 1572 supra
3443 1503 3694 1563 disseruit,
3727 1513 3814 1553 non

2282 1574 2383 1627 nisi
2425 1574 2700 1630 orationes
2739 1575 3118 1644 episcoporum
3147 1575 3509 1644 appellandas,
3532 1590 3628 1628 non
3671 1581 3817 1625 autem

2283 1653 2640 1711 sacramenta,
2672 1647 2897 1714 ideoque
2923 1660 3078 1714 posse
3105 1651 3274 1713 repeti
3301 1665 3314 1700 :
3340 1647 3644 1716 baptismum
3671 1652 3817 1695 autem

2283 1730 2404 1769 esse
2434 1727 2852 1776 sacramentum.
2889 1726 3281 1787 proptereaque
3308 1715 3419 1770 non
3447 1715 3642 1782 iterari,
3665 1729 3721 1768 es
3745 1727 3820 1787 cu-

2209 1831 2258 1890 B
2285 1786 2374 1890 jusl
2401 1788 2687 1890 sentelntim
2715 1783 2962 1842 sensu—et
2992 1783 3309 1890 argutii'ento
3337 1788 3586 1858 liquidum
3612 1789 3663 1838 lit
3688 1783 3823 1890 parti-

2289 1872 2352 1890 I'III
2382 1873 2465 1890 nm
2519 1875 2528 1890 I
2579 1876 2658 1890 ιιοιι
2716 1876 2815 1890 “nn
2864 1874 3164 1890 ιινηιιιὶηηιιι
3190 1875 3270 1890 nn-
3301 1876 3406 1890 nnnl
3438 1874 3551 1890 “can
3602 1872 3685 1890 ιηη·
3719 1867 3823 1890 'h‘lllﬂ

2288 1857 2466 1911 colam
2517 1859 2658 1912 illam
2716 1876 2815 1912 non
2863 1855 3273 1928 expungendum
3301 1855 3408 1914 non
3438 1874 3573 1921 esse,
3602 1855 3827 1923 verbaque

2293 1928 2379 1982 illa
2412 1930 2570 1983 aliter
2599 1929 2771 1999 accipi
2796 1945 2956 1999 quam
2987 1931 3229 1984 nonnulli
3259 1932 3583 1986 existiment.

2359 1999 2532 2067 Objici
2578 2003 2738 2055 etiam
2800 2010 2977 2070 potest
3007 2017 3178 2056 canon
3207 2003 3295 2057 ille
3329 2003 3623 2070 trigesinius
3651 2008 3830 2070 octavus

2288 2071 2503 2125 concilii
2536 2067 2979 2142 Cartliaginensis
2997 2082 3239 2140 tempore
3270 2067 3654 2128 Donatistarum
3677 2067 3831 2131 habiti,

2289 2157 2416 2210 quo,
2445 2153 2500 2195 ut
2531 2158 2596 2196 ex
2647 2143 2860 2198 duobus
2901 2145 3296 2212 superioribus,
3329 2143 3496 2198 multa
3529 2155 3772 2211 perperam
3795 2146 3838 2190 et

2291 2213 2693 2268 inconsiderate
2718 2215 2935 2268 inducta
2961 2233 2988 2265 ει
3023 2217 3314 2269 Donatistis
3347 2215 3729 2280 resrinduntnr:
3757 2223 3835 2262 non

2292 2283 2438 2336 liceat
2461 2286 2572 2349 ﬁeri
2594 2286 3040 2352 rebaptizationes,
3063 2297 3152 2340 aut
3175 2287 3594 2349 reordinationes,
3622 2282 3688 2336 vel
3704 2292 3836 2333 trans-

2293 2354 2508 2429 Ψίίθβὲδ
2539 2357 2918 2426 θρίεεοροηιηιι
2947 2358 3153 2429 Quibus
3173 2358 3352 2413 verbis
3375 2358 3583 2429 videtur
3603 2352 3840 2429 concilium

2295 2424 2427 2478 illud
2461 2424 2861 2481 Donatistarum
2892 2428 3328 2483 reordinationes
3358 2427 3632 2499 repudiare
3663 2424 3837 2499 al:_|fell‘

2293 2511 2439 2568 cere,
2486 2509 2546 2551 ut
2588 2511 2642 2552 et
2675 2499 2891 2552 illorum
2925 2499 3384 2568 rebaptizationes
3421 2492 3690 2568 respuunt.
3716 2492 3845 2562 quue

2294 2567 2455 2638 adeo,
2477 2569 2682 2624 clarum
2711 2577 2766 2623 et
2797 2567 3141 2638 perSpicuum
3171 2581 3277 2635 est,
3307 2581 3366 2625 ut
3391 2567 3576 2625 omnes
3626 2569 3842 2638 interpre°

2297 2647 2378 2712 tes
2423 2636 2600 2694 Gnaei
2628 2651 2682 2694 et
2711 2633 2897 2694 Latini
2928 2633 3094 2697 'hanc
3119 2633 3545 2712 eitplicationem
3577 2633 3844 2712 comproba-

2300 2710 2406 2764 rint
2437 2727 2449 2762 :
2481 2720 2537 2764 at
2565 2727 2665 2781 ego
2693 2713 2759 2766 ad
2809 2713 2923 2766 limo
2963 2728 3228 2768 canouem
3279 2714 3407 2768 dico
3437 2710 3777 2781 factumesse
3806 2710 3846 2756 in

2297 2783 2446 2835 exitu
2466 2775 2624 2854 illius
2649 2783 2982 2849 scliismatis,
3025 2799 3089 2838 ac
3121 2785 3353 2854 proinde
3381 2785 3580 2838 nullam
3613 2780 3708 2832 vim
3727 2775 3846 2828 adea

2299 2867 2419 2921 qua:
2447 2852 2680 2908 diximus
2732 2852 3382 2918 laliel'acutmlahabere,
3426 2856 3549 2924 quia
3597 2859 3843 2924 nonnega-

2302 2939 2442 2996 mu_s,
2466 2925 2562 2980 sed
2590 2925 2866 2980 credimus
2899 2925 3205 2980 Donatistas
3232 2921 3500 2996 quosdam
3540 2921 3848 2980 reordinasse;

2301 2994 2399 3067 sed
2443 2997 2542 3049 sub
2597 2997 2756 3050 linem
2789 2996 3096 3051 schisniatis
3124 3009 3177 3051 et
3203 2994 3302 3052 eos
3341 3013 3480 3067 quos
3524 3006 3697 3067 rursus
3728 3000 3851 3043 sacro

2309 3064 2457 3121 fonte
2484 3067 2800 3130 abluissent,
2824 3085 2928 3121 non
2957 3079 3138 3123 autem
3167 3069 3326 3124 initio
3355 3064 3658 3125 Schismatis
3695 3073 3742 3118 et
3773 3071 3855 3113 non

2307 3139 2536 3207 repetito
2570 3139 2911 3206 baptismate.

611 3200 890 3265 dinatione
965 3200 1350 3280 revponebatnr,
1386 3200 1652 3280 nemoque
1694 3200 2035 3265 reordinatus
2100 3210 2198 3264 fuit
2224 3216 2270 3278 ρ
2368 3200 2532 3262 ἈιΙὼ)
2561 3219 2616 3263 et
2640 3200 2796 3276 illud,
2827 3225 3090 3265 eauonem
3115 3227 3220 3265 non
3254 3211 3433 3266 videri
3465 3210 3532 3266 de
3554 3200 3856 3280 reordinatio-

606 3295 886 3364 umquam
909 3283 1005 3364 cui
1041 3285 1092 3363 id
1138 3301 1242 3338 non
1283 3285 1396 3364 ipsa
1430 3280 1852 3364 rebaptizatione
1881 3283 2199 3364 interposita

606 3353 914 3423 contigerit.
965 3352 1240 3421 Primum,
1299 3352 1394 3408 illo
1441 3353 1671 3408 crimine
1720 3369 1828 3423 quo
1870 3354 2203 3407 orthodoxos

605 3421 856 3478 laborare
905 3423 1250 3491 dictitabant,
1289 3427 1496 3480 solutos
1523 3434 1579 3479 et
1609 3421 1810 3478 liberos
1837 3438 1958 3479 esse
1985 3433 2205 3492 oporte-

607 3492 734 3546 bat:
765 3492 962 3547 deinde
993 3497 1122 3548 nihil
1155 3511 1289 3564 opus
1313 3507 1429 3549 erat
1456 3495 1771 3563 poenitentia
1823 3503 1880 3548 ut
1912 3509 2205 3564 purgaren-

610 3572 718 3628 tur,
749 3579 872 3618 cum
905 3565 1202 3633 baptismus
1230 3582 1350 3621 eam
1379 3565 1482 3620 vim
1513 3566 1725 3628 habeat,
1752 3575 2043 3620 utomnem
2076 3579 2204 3634 pec-

610 3647 854 3690 catorum
905 3637 1171 3692 maculam
1219 3637 1417 3692 deleat.
1467 3636 1674 3701 Tertio,
1715 3636 2069 3704 rebaptizatio
2113 3635 2210 3691 dea

607 3707 897 3775 positionis
943 3719 1123 3762 notam
1163 3709 1415 3764 elidebat.
1454 3708 1548 3762 His
1569 3709 1708 3763 adde
1752 3723 1818 3762 ex
1852 3707 1964 3761 Divi
1992 3705 2204 3774 Augus-

611 3779 707 3830 tini
731 3776 866 3831 libro
898 3780 1054 3834 tertio
1091 3793 1280 3834 contra
1307 3781 1511 3834 litteras
1541 3779 1810 3846 Petiliani,
1862 3779 2206 3833 manifestum

612 3849 727 3901 fleri
754 3847 1059 3905 Doiiatistas
1102 3851 1277 3905 nullos
1299 3852 1399 3904 sibi
1445 3850 1806 3919 rebaptizatos
1839 3849 2204 3914 reordinasse,

611 3928 748 3990 etex
771 3921 952 3974 multis
991 3921 1298 3975 collationis
1323 3921 1456 3974 locis
1485 3935 1579 3974 eos
1611 3921 2032 3990 rebaptizatione
2082 3935 2209 3974 usos

615 3989 926 4057 priusquam
953 3991 1368 4046 reordiuationis
1398 4007 1586 4043 manus
1612 3992 2044 4060 in'iponereutzet
2066 3992 2212 4044 reba-

613 4062 933 4132 ptizaverunt
958 4062 1104 4133 illum
1140 4060 1397 4115 hominem
1425 4059 1826 4127 nonagenarium
1859 4059 2212 4133 Episcopum:

615 4136 768 4194 item,
799 4133 908 4206 ipse
945 4143 1018 4187 est
1047 4132 1333 4206 Episcopus
1359 4133 1445 4206 qui
1476 4135 1819 4206 rebaptizatus
1847 4149 1917 4185 est
1957 4142 2003 4186 et
2045 4132 2214 4206 [actus

616 4213 690 4258 est
727 4205 940 4276 audiens
969 4221 986 4258 :
1017 4203 1144 4259 item
1171 4245 1185 4269 ,
1215 4206 1324 4276 ipse
1351 4203 1699 4272 rebaptizabat
1723 4214 1833 4276 post
1861 4214 2060 4270 partem
2098 4203 2210 4258 Do-

615 4276 746 4340 nati;
775 4275 1118 4342 rebaptizatus
1141 4285 1214 4330 est
1236 4286 1406 4336 antea,
1436 4284 1483 4328 et
1503 4277 1577 4329 sic
1605 4286 1676 4330 est
1718 4275 1986 4330 ordinatus
2009 4291 2028 4328 :
2059 4278 2210 4343 item,

615 4348 709 4400 iste
742 4345 928 4403 Vitulis
958 4348 1208 4400 diaconus
1241 4347 1339 4415 {uit
1369 4344 1663 4401 Catholicus
1690 4349 1744 4400 in
1770 4347 1972 4401 civitate
1995 4345 2212 4415 Sitifen-

615 4418 682 4479 si,
738 4419 1081 4488 rebaptizatus
1137 4420 1302 4488 factus
1351 4427 1424 4470 est
1477 4419 1772 4488 presbyter,
1821 4420 2084 4488 projectus
2137 4429 2213 4473 est

615 4503 772 4560 causa
799 4489 1062 4560 adulterii,
1091 4500 1138 4542 et
1171 4490 1337 4558 {actus
1368 4499 1440 4541 est
1470 4499 1643 4556 postea
1675 4488 1978 4560 Episcopus.

691 4555 980 4613 Conclusio
1007 4555 1182 4629 igitur'
1201 4559 1359 4627 hujus
1394 4555 1618 4628 capitis:
1651 4555 1963 4614 Melcbiadis
1993 4569 2214 4615 senten-

620 4630 748 4701 tiam
779 4645 884 4682 non
912 4645 1075 4701 posse
1098 4630 1306 4685 traduci
1351 4629 1418 4684 ad
1448 4630 1928 4696 reordinationem,
1974 4632 2215 4699 quando-

615 4700 833 4772 quidem
859 4700 964 4755 isto
992 4703 1169 4771 capite
1197 4702 1504 4764 docuimus,
1535 4701 1844 4772 Donatistas
1872 4718 1976 4755 non
2013 4704 2214 4768 potuis-

616 4788 675 4826 se
705 4772 1020 4828 rcordinare
1047 4787 1142 4829 eos
1181 4773 1271 4843 qui
1315 4773 1453 4826 intra
1486 4773 1688 4841 primos
1712 4771 2020 4828 scliismatis
2045 4789 2216 4830 annos

619 4843 835 4898 deserta
866 4844 968 4898 lide
994 4845 1185 4898 fierent
1216 4843 1530 4898 Donatistae.
1743 4850 1750 4864 ‘

1137 4957 1576 5013 OBSERVATIO
1613 4957 1703 5012 IX.

658 5026 946 5082 Solvuntur
965 5030 1202 5098 quadam
1231 5039 1412 5084 contra
1442 5032 1731 5102 proximam
1760 5031 2177 5089 observationem.

692 5119 890 5195 _Co_ntra
927 5138 1087 5195 quam
1118 5123 1352 5195 diximus
1385 5124 1712 5190 Donatistas,
1739 5125 1837 5179 sub
1863 5125 2146 5195 Majorino,
2180 5144 2209 5182 a

621 5191 812 5267 primis
865 5191 1173 5267 sebisniatis
1219 5196 1374 5249 annis
1408 5195 1809 5267 reordinatione
1857 5191 2077 5252 nti'non
2112 5191 2208 5267 po-

617 5265 807 5335 tuisse,
837 5264 1036 5332 opponi
1069 5276 1291 5332 possunt
1319 5267 1478 5322 verba
1504 5267 1595 5320 illa
1643 5266 1706 5320 D.
1738 5271 1986 5335 August.,
2022 5264 2204 5326 libIm

616 5339 684 5388 de
711 5334 983 5402 Baptisnio
1008 5344 1194 5389 contra
1227 5337 1527 5391 Donatistas
1556 5352 1674 5406 cap.
1705 5339 1770 5394 l6
1789 5357 1801 5392 :
1822 5334 2014 5394 Munus
2029 5351 2198 5395 autem

617 5406 878 5481 impositio
901 5421 1000 5481 non
1037 5405 1166 5481 sicut
1196 5406 1476 5481 baptismus
1528 5405 1687 5478 repeti
1719 5425 1818 5462 non
1863 5420 2026 5480 potest
2056 5413 2211 5481 :qui-

621 5477 720 5531 bus
776 5477 1058 5546 Augustini
1106 5477 1286 5550 verbis
1326 5479 1540 5550 quidam
1583 5477 1641 5532 Se
1695 5477 1971 5534 assecutos
2021 5477 2212 5550 putant

620 5561 684 5602 ex
747 5550 1000 5618 opinione
1047 5558 1102 5602 et
1124 5547 1329 5615 judicio
1375 5547 1520 5602 illius
1565 5564 1669 5603 non
1726 5551 1844 5619 plus
1894 5547 2210 5610 reordinare

619 5635 778 5694 quam
813 5619 1147 5694 rebaptizare
1173 5621 1374 5672 licitum
1402 5633 1544 5694 esse.
1575 5619 1779 5694 Sedad
1821 5620 1950 5676 illud
1984 5638 2208 5694 respon-

617 5689 718 5765 deo
751 5690 943 5760 primo,
977 5690 1117 5765 illam
1147 5705 1270 5765 esse
1305 5704 1494 5765 manus
1520 5690 1915 5765 impositioneni
1939 5689 2208 5765 Aqua'Spi-

619 5761 750 5829 ritus
772 5765 941 5816 sancti
972 5763 1107 5815 dona
1150 5763 1277 5816 olim
1308 5761 1839 5829 transfundebantur,
1874 5763 1951 5818 uti
1978 5761 2201 5822 donum

623 5827 944 5902 linguarum,
981 5834 1301 5904 prophetia),
1332 5835 1668 5890 curationum
1701 5847 1754 5890 et
1785 5827 2000 5908 similia;
2042 5851 2098 5895 ut
2128 5831 2197 5896 εὶ

2307 3294 2375 3333 ne
2405 3280 2648 3350 ejusdem
2683 3270 2926 3352 personze
2958 3281 3125 3351 loqui,
3167 3284 3262 3338 sed
3296 3293 3506 3344 vetare,
3554 3297 3618 3335 ne
3655 3290 3748 3332 uno
3771 3270 3859 3352 φ’

2306 3343 2546 3420 scopoin
2575 3343 2694 3405 una'
2719 3353 2935 3408 civitate
2965 3343 3236 3420 ordinato,
3268 3357 3413 3410 alter
3444 3343 3655 3421 insuper
3680 3363 3762 3419 per
3777 3343 3860 3421 lac:

2307 3409 2481 3476 tiones
2536 3424 2958 3491 reordinaretur,
3015 3425 3160 3494 quod
3211 3409 3348 3482 alibi
3398 3409 3858 3482 ostem'lemt'ts;sed

2261 3491 2270 3498 ’
2307 3494 2442 3575 satis
2471 3510 2739 3565 superque
2781 3497 2948 3565 prima
2995 3491 3268 3553 solutione
3321 3496 3650 3553 satisfactum
3677 3500 3751 3546 est
3789 3497 3860 3539 ca-

2309 3578 2459 3618 ιιοηι.

2388 3634 2542 3707 141
2570 3635 2649 3712 Ad
2679 3646 2980 3712 extremum
2997 3637 3102 3712 dici
3125 3649 3308 3710 potest
3325 3641 3391 3695 D.
3412 3636 3750 3712 Augustinum
3777 3625 3867 3712 ntﬂj

2311 3704 2431 3784 lini
2443 3704 2772 3784 mentionem
2800 3711 2992 3765 fecisse
3009 3711 3074 3765 de
3104 3704 3429 3779 paenitentia
3453 3704 3608 3784 quam
3627 3704 3866 3784 Donatista

2312 3775 2592 3852 Episcopis
2623 3778 2999 3850 imponerent,
3034 3775 3209 3852 neqiie
3252 3799 3449 3840 contra
3472 3775 3644 3838 'illum
3670 3781 3867 3832 errorem

2310 3850 2626 3916 scripsisse,
2685 3855 2930 3920 quamvis
2986 3850 3176 3909 omnes
3237 3851 3870 3920 Donatisuirumierl";res

2313 3913 2641 3995 persecutus
2663 3913 2734 3976 sit
2779 3940 2791 3975 :
2848 3934 3180 3994 quapropter
3233 3928 3541 3982 verisimile
3592 3913 3870 3995 νὶᾀιῖτὶιθοσ

2315 3992 2538 4065 natistas
2559 3993 2841 4063 episcnpos
2863 3990 3002 4049 inter
3021 3990 3382 4065 pmnitentes,
3398 4009 3493 4052 aut
3515 4012 3617 4052 non
3632 3990 3871 4065 deﬁgi-69’

2313 4071 2405 4114 aut
2460 4063 2562 4117 hoc
2595 4057 2720 4118 'non
2747 4057 2935 4122 fuisse
2962 4057 3151 4122 contra
3180 4057 3430 4126 veterem
3466 4057 3712 4124 Ecclesia:
3742 4057 3874 4112 disci-

2316 4133 2539 4199 plinam,
2569 4145 2660 4188 aut
2690 4135 3217 4212 deniquemantiuin
3263 4140 3672 4212 impositionem
3713 4129 3773 4212 tle
3792 4135 3873 4212 il“?

2316 4214 2399 4257 est
2421 4218 2600 4280 sermo
2630 4213 2683 4280 in
2717 4209 2984 4262 sententia
3017 4209 3432 4268 Melcbiadis'ad
3462 4209 3874 4280 reordinatiouclp

2317 4277 2616 4352 pertinere.
2652 4277 2976 4352 lieSpontleo
3005 4265 3085 4334 D.’
3116 4265 3515 4352 Augustinum
3537 4296 3640 4335 non
3671 4269 3795 4341 loqui
3823 4265 3876 4352 de

2315 4345 2436 4425 aliis
2465 4345 2782 4425 criminibus
2810 4391 2825 4414 ,
2848 4367 3028 4425 quam
3058 4353 3122 4406 de
3154 4345 3229 4406 iis
3244 4371 3372 4424 qua:
3429 4348 3876 4425 ipsiu.~‘._tetttp.0|‘0.Aa

2319 4415 2613 4495 _Do_natistis
2665 4410 3151 4495 conimitiereittur,
3185 4410 3372 4495 ireque
3419 4410 3553 4480 vero
3592 4421 3658 4475 de
3680 4410 3881 4495 aliis-dit:

2316 4485 2500 4542 buisse
2544 4491 2874 4569 mentionem
2901 4493 3104 4569 facere
3135 4485 3148 4548 ἑ
3184 4485 3486 4569 propterea
3535 4509 3658 4569 non_
3683 4485 3880 4569 ρξιιιιίξξιξ

2239 4596 2295 4658 D
2318 4571 2730 4658 igere-teritum.
2768 4563 3138 4647 puepiitecntiam
3169 4556 3339 4636 quam
3374 4568 3470 4639 qui
3490 4561 3661 4658 Jprimi

2324 4619 2616 4687 Dvonalisla:
2647 4619 2918 4708 episcopis
2965 4619 3338 4706 impouei‘ent,
3369 4619 3653 4708 quod'ejus
3681 4637 3819 4684 aetate
3843 4619 3881 4700 id

2321 4709 2590 4771 tamquam
2623 4705 2924 4779 obsoletum
2949 4705 3056 4762 non
3079 4711 3320 4777 amplius
3349 4705 3726 4779 admittebatur
3750 4708 3884 4779 all“?

2320 4785 2552 4850 eumque
2567 4779 2708 4830 enim
2732 4778 2798 4850 D;
2817 4776 3098 4849 Augustini
3119 4775 3374 4850 tempore
3393 4775 3883 4850 lierentDonatiststi

2324 4845 2376 4923 lii
2404 4860 2600 4923 omnes
2619 4850 2731 4901 sive
2759 4845 3032 4920 Episcopi,
3062 4851 3175 4923 sive
3204 4845 3544 4923 presbyteri,
3562 4849 3740 4923 denuo
3760 4847 3884 4923 αφξξξ

2325 4915 2989 4992 ᾖῳιηεςεθὺθιιιυι’,ἐιίιυὲ
3020 4915 3090 4976 ita
3122 4915 3242 4977 sine
3277 4915 3605 4992 paenitentia
3636 4935 3662 4970 a
3691 4917 3887 4992 ρεοωιξξ

2323 4984 2722 5063 liberabantur;
2754 4984 2848 5048 sed
2899 4984 2945 5046 si
2989 4992 3052 5048 Ι).
3095 4984 3446 5063 Augustinus
3475 4984 3885 5063 viiiisset'DQlli‘fl

2329 5059 2682 5132 temporibus,
2706 5073 2797 5117 aut
2816 5063 3081 5132 Majorini,
3107 5058 3278 5120 multa
3306 5067 3456 5121 illius
3482 5063 3680 5120 erroris
3697 5058 3886 5119 vestis|a

2322 5131 2374 5184 in
2408 5129 2551 5186 illius
2579 5133 2798 5204 scriptis
2837 5129 3225 5203 reperirentur.

2835 5227 3285 5285 OBSERVATIO
3328 5230 3401 5284 Χ.

2774 5321 2854 5376 De
2889 5323 3109 5376 concilio
3138 5323 3465 5378 Arelatensi.

2392 5413 2463 5467 De
2493 5413 2724 5468 concilio
2757 5413 3065 5470 Arelatensi
3122 5431 3230 5468 non
3269 5416 3458 5470 minor
3486 5423 3572 5468 est
3592 5405 3886 5482 diSputatiOf

2318 5498 2438 5539 nant
2464 5484 2532 5538 ab
2553 5484 2874 5540 adversariis
2886 5487 3141 5554 objicitnr
3161 5501 3447 5555 suprenim
3489 5485 3632 5540 illius
3651 5483 3888 5555 potestatis

2316 5571 2475 5624 quam
2510 5555 2668 5610 hodie
2698 5543 3308 5626 usurpant'pontilicés.
3343 5558 3398 5611 in
3429 5571 3499 5611 eo
3531 5543 3739 5626 vestigia
3758 5543 3884 5626 nulla

2317 5611 2551 5682 exstare.
2602 5627 2712 5681 lmo
2739 5611 2899 5679 ans'os
2943 5611 3066 5682 esse
3098 5611 3418 5681 Donatistas
3462 5644 3493 5681 a
3526 5611 3880 5683 lilelcliiade-ad

2316 5699 2700 5766 imperatorem
2722 5698 3026 5768 appellare;
3051 5698 3184 5752 alios
3201 5698 3432 5767 judices
3466 5713 3584 5765 p05t
3616 5690 3877 5769 pontiﬁcem

2313 5765 2610 5838 qna-sisse;
2664 5779 2718 5822 et
2760 5765 3176 5824 Constantinum
3205 5765 3357 5822 alios
3409 5772 3579 5839 etiam
3616 5765 3874 5839 ξερίξςριξξνε

2309 5827 2526 5898 deilis‘se
2550 5827 2638 5912 qui
2661 5840 2730 5898 de
2753 5839 2942 5898 cadem
2971 5855 3130 5898 causa
3151 5855 3282 5909 qua:
3303 5855 3335 5894 a
3362 5827 3874 5906 Melchiade'judiCdln
