4152 6166
313 176 320 181 '
358 191 505 248 uss

350 408 572 454 secreta
623 402 997 470 praebuerint:
1028 408 1159 463 nihil
1201 421 1260 466 ut
1301 414 1368 469 ab
1418 430 1484 469 eo
1535 425 1719 473 tenore
1750 420 1956 473 sanctio

348 500 543 544 nostra
574 492 860 560 diminuat,
887 498 975 564 qui
1008 498 1135 554 dato
1163 502 1364 558 dudum
1396 507 1460 559 ad
1491 507 1784 566 Nitentium
1822 527 1958 581 prm—

346 590 514 651 cepto
543 581 724 639 fuerat
761 589 1110 644 constitutus.
1143 594 1297 660 Quod
1325 597 1368 650 si
1401 613 1649 657 errorem
1693 621 1847 659 suum
1876 605 1958 660 di—

345 671 546 744 ligunt,
577 677 690 731 suis
727 680 881 734 malis
906 681 1320 758 domesticoque
1345 704 1583 760 secreto,
1613 698 1713 752 soli
1751 709 1955 767 tamen,

345 765 571 824 foveant
597 770 743 827 viros
788 773 965 844 impia:
996 774 1323 849 disciplinae.
1370 784 1494 840 Dat.
1543 805 1629 845 xvr
1673 790 1779 846 kal.
1821 792 1954 848 Nov.

344 877 432 917 cr.
464 862 722 919 Gratiano
753 882 805 920 Α.
840 882 891 920 ιν
918 879 972 921 et
1001 868 1336 930 Merobaude
1364 876 1518 935 Coss.

888 958 1040 1016 Auno
1077 961 1267 1021 DOMINI
1289 968 1416 1024 595.

1108 1055 1198 1112 IV.

562 1141 930 1200 DECRETUM
960 1145 1411 1208 HIPPONENSIS
1447 1154 1753 1214 CONCILII

347 1247 416 1291 DE
471 1248 782 1292 DONATIS'I‘IS
831 1253 1072 1295 CLERICIS
1121 1257 1174 1296 IN
1207 1258 1422 1301 Νωιειιο
1470 1263 1746 1307 ιΑιοοιιυιιι
1808 1269 1958 1310 BECI-

1034 1349 1238 1391 PIENDIS
1256 1379 1270 1404 ,

451 1421 752 1478 Recitatum
785 1425 838 1480 in
865 1428 1099 1482 concilio
1130 1430 1537 1504 Carthaginiensi
1563 1441 1695 1496 anni
1721 1442 1846 1498 397.

414 1513 626 1571 Placuit
658 1518 839 1584 etiam,
874 1527 934 1573 ut
975 1521 1097 1590 quia
1151 1522 1202 1577 in
1235 1527 1680 1594 praecedentibus
1709 1535 1955 1592 conciliis

338 1616 604 1664 statutum
634 1619 716 1664 est
746 1609 822 1683 (1)
842 1653 856 1679 ,
907 1629 974 1668 ne
1003 1615 1123 1683 quis
1149 1616 1546 1675 Donatistarum
1583 1638 1717 1679 cum
1748 1625 1954 1683 honore

1224 204 1316 261 AI)
1357 205 1892 267 DONA'I‘ISTARUM
1932 208 2334 272 HISTORIAM
2376 216 2870 292 PERTINENTIA.

349 287 561 359 ifiscalis
586 304 1398 386 publicatiocomprehendet,si
1428 322 1678 390 piaculari
1701 324 1961 380 doctrinae
1992 330 2041 390 Α
2071 343 2304 386 versam
2332 331 2574 398 Africam
2604 388 2616 412 ,
2652 348 2751 404 hoc
2786 359 2867 406 est
2889 394 2904 418 ,
2950 367 3044 422 per
3083 354 3418 418 Provinciam
3450 365 3520 419 Pr

3547 254 3688 314 H86

3523 382 3686 423 OCOII‘

2064 420 2318 478 Sularem
2349 467 2362 488 ,
2409 429 2746 506 Numidiam,
2786 442 3154 503 Mauritaniam
3188 493 3201 517 ,
3250 452 3582 525 Byzacenam
3627 469 3684 515 et

2067 513 2325 582 Tripolin
2357 529 2667 585 constitutis
2690 572 2705 598 ,
2755 535 2848 590 sed
2889 546 2942 590 et
2984 513 3322 612 Presbyter-is
3349 587 3362 608 ,
3396 548 3637 605 diaconis
3662 591 3676 617 ,

2065 615 2127 661 et
2156 605 2423 669 universis
2454 619 2704 687 plebibus
2727 668 2741 691 ,
2769 625 2822 680 in
2852 629 3078 684 veritate
3099 605 3372 705 Evangelii
3397 641 3673 697 nobiscum

2067 699 2475 773 militantibus,
2549 712 2889 785 Victorinus,
2945 699 3310 792 Fortunatus,
3379 740 3433 784 et
3491 731 3672 788 Victo-

2066 794 2291 860 rianus,
2330 796 2598 872 Migginus
2627 849 2642 872 ,
2695 809 3048 880 Saturninus,
3101 817 3449 879 Constantius
3476 865 3490 888 ,
3539 825 3678 882 Can-

2065 883 2288 953 dorius,
2337 889 2686 953 Innocentius
2711 942 2726 965 ,
2776 902 3099 962 Cresconius
3125 950 3140 974 ,
3173 910 3482 970 Florentius
3509 958 3523 982 ,
3553 917 3674 974 Sal-

2064 977 2210 1044 vius,
2235 977 2373 1036 alius
2398 983 2638 1056 Salvius,
2666 991 2928 1062 Donatus,
2962 997 3262 1070 Geminius,
3315 1005 3672 1069 Praetextatus

2066 1066 2449 1139 (Assuritanus
2489 1081 2820 1157 episc0pus),
2871 1087 3245 1162 Maximianus,
3308 1097 3630 1160 Theodorus
3657 1146 3673 1171 ,

2069 1159 2392 1220 Anastasius
2418 1209 2433 1232 ,
2486 1170 2820 1232 Donatianus
2850 1219 2866 1244 ,
2909 1180 3149 1239 Donatus
3176 1227 3187 1248 ,
3218 1187 3357 1243 alter
3385 1191 3628 1251 Donatus
3653 1237 3668 1262 ,

2061 1250 2398 1324 Pomponius
2422 1302 2437 1325 ,
2495 1262 2812 1325 Pancratius
2838 1312 2854 1337 ,
2902 1272 3192 1332 Ianuarius
3219 1321 3234 1346 ,
3284 1281 3628 1343 Secundinus
3653 1330 3668 1354 ,

2061 1343 2425 1418 Paschasius,
2472 1354 2795 1416 Cresconius
2824 1403 2839 1428 ,
2896 1365 3266 1440 Rogatianus,
3319 1375 3457 1431 alius
3500 1378 3673 1436 Maxi-

2060 1437 2278 1495 mianus
2302 1483 2318 1506 ,
2370 1443 2678 1508 Benenatus
2699 1494 2713 1516 ,
2755 1455 2990 1514 Gaianus
3015 1502 3031 1528 ,
3077 1463 3386 1523 Victorinus
3411 1512 3426 1534 ,
3469 1471 3674 1530 Gunta-

2060 1529 2176 1584 sius
2201 1573 2217 1599 ,
2249 1533 2566 1601 Quiutasius
2585 1585 2599 1608 ,
2649 1545 2958 1607 Felicianus
2983 1595 2998 1621 ,
3047 1554 3266 1614 Salvius
3291 1601 3307 1627 ,
3361 1563 3630 1636 Migginus
3652 1610 3669 1637 ,

2060 1621 2331 1682 Proculus
2360 1669 2376 1695 ,
2424 1632 2646 1692 Latinus
2699 1649 2754 1695 et
2801 1646 2981 1701 caeteri
3026 1648 3115 1719 qui
3154 1651 3205 1705 in
3237 1621 3496 1712 Concilio
3530 1661 3671 1731 apud

335 1716 440 1758 suo
492 1703 784 1773 recipiatur
833 1721 862 1759 a
911 1707 1069 1764 nobis
1093 1748 1109 1774 ,
1166 1712 1261 1764 sed
1294 1712 1346 1766 in
1396 1729 1636 1771 numero
1666 1716 1951 1787 laicnrum,
1981 1728 2030 1788 Β
2057 1712 2385 1778 Cabarsussi
2420 1728 2617 1786 fuimus
2639 1774 2652 1798 ,
2686 1733 2739 1788 in
2769 1735 2995 1796 Domino
3021 1752 3279 1802 aeternam
3310 1751 3563 1810 salutem.

338 1806 566 1868 propter
611 1799 840 1856 salutem
882 1817 1003 1872 qua:
1036 1803 1168 1857 nulli
1195 1805 1508 1877 deneganda
1552 1819 1650 1866 est
1694 1813 1951 1885 (tantum

339 1899 525 1946 autem
574 1892 767 1962 inopiae
818 1895 1147 1950 clericorum
1189 1898 1622 1956 ordinandorum
1670 1904 1726 1958 in
1771 1905 1952 1964 Africa

337 1986 624 2054 patiuntur
647 1986 929 2053 Ecclesiae,
960 1998 1017 2043 ut
1043 1990 1288 2058 quaedam
1326 1993 1441 2049 loca
1472 1998 1707 2053 omnino
1737 1998 1952 2058 deserta

338 2077 497 2148 sint),
529 2089 774 2135 servetur
796 2083 1012 2150 quidem
1053 2084 1105 2138 in
1138 2084 1260 2140 istis
1282 2128 1294 2151 ,
1328 2088 1470 2156 quod
1496 2089 1611 2157 jam
1645 2105 1802 2146 antea
1833 2109 1952 2150 cre-

340 2169 518 2225 ditum
545 2172 637 2246 (al.
671 2175 948 2246 traditum)
983 2186 1068 2232 est
1097 2196 1110 2232 :
1139 2178 1232 2234 sed
1261 2182 1510 2251 exceptis
1543 2183 1663 2248 his,
1697 2201 1834 2255 quos
1860 2199 1953 2252 aut

340 2277 454 2318 non
498 2264 862 2336 rebaptizasse
899 2270 1253 2338 constiterit,
1285 2282 1377 2327 aut
1413 2275 1500 2344 qui
1531 2291 1658 2330 cum
1692 2278 1804 2332 suis
1837 2282 1952 2350 ple-

339 2356 505 2412 bibus
549 2359 616 2414 ad
652 2363 1092 2419 communionem
1134 2365 1468 2421 Catholicam
1499 2369 1737 2426 transire
1767 2374 1953 2430 volue-

339 2448 473 2505 rint.
510 2451 604 2507 Sic
634 2455 775 2508 enim
825 2456 1092 2526 scriptum
1123 2469 1206 2511 εει
1231 2501 1245 2524 ,
1277 2459 1420 2528 quod
1444 2460 1658 2518 duobus
1688 2463 1731 2516 si
1759 2479 1952 2524 conve-

340 2543 490 2597 nerit
532 2542 893 2614 Christianis,
943 2549 1204 2620 quidquid
1254 2552 1511 2622 petierint
1577 2555 1952 2624 impetrabunt

338 2631 574 2704 (Matth.
612 2638 791 2708 xvm).
820 2638 937 2694 Non
991 2651 1209 2711 oportet
1252 2643 1521 2712 dubitari,
1565 2647 1710 2718 quod
1739 2661 1950 2708 remoto

338 2725 600 2782 seandalo
629 2729 987 2788 dissensionis
1011 2734 1283 2790 universae
1307 2738 1499 2806 plebis,
1528 2740 1771 2796 invitata:
1802 2746 1949 2812 pacis

338 2821 787 2888 compensatione
836 2833 889 2878 et
947 2828 1212 2882 sacrificio
1260 2829 1540 2885 charitatis
1594 2832 1943 2906 abolcantur,

339 2927 462 2980 qum
485 2913 750 2983 majorum
783 2933 1008 2973 suorum
1043 2921 1417 2978 auctoritatem
1441 2936 1755 2994 sequentes,
1788 2946 1945 2999 repe-

339 3004 536 3060 titione
557 3005 809 3076 baptismi
839 3013 1254 3068 commiserunt.
1288 3015 1395 3070 Sed
1430 3016 1568 3073 hanc
1595 3036 1708 3074 rem
1742 3022 1947 3091 placuit

337 3112 451 3152 non
496 3100 804 3156 confirmari
850 3104 1168 3177 priusquam
1210 3109 1405 3165 exinde
1446 3115 1802 3170 transmarina
1842 3117 1941 3173 Ec-
1968 3126 2012 3188 ο

338 3190 506 3246 clcsia
545 3195 880 3251 consulatur.

765 3313 926 3387 205
965 3316 1114 3373 Anno
1152 3317 1344 3375 DOMINI
1385 3320 1509 3376 595.

1122 3411 1184 3466 V.

513 3498 845 3558 EPISTOLA
879 3503 1464 3564 CABARSUSSITANI
1503 3509 1795 3568 CONCILII

581 3609 612 3647 Δ
644 3608 950 3651 DONA'I‘ISTIS
995 3613 1476 3657 MAXIUIANENSIBUS
1521 3618 1702 3658 ΗΔΒΙΤΙ

409 3685 612 3740 Contra
643 3686 975 3745 Primianum
1005 3692 1336 3748 Donatistam
1367 3695 1862 3768 Carthagincnsem.

579 3778 765 3853 (Edita
790 3800 856 3838 ex
874 3785 1158 3854 Augustino
1184 3786 1239 3840 in
1260 3787 1458 3842 Psalm.
1490 3793 1700 3864 xxxvr.)

407 3873 776 3929 Sanctissimis
818 3873 1097 3933 Fratribus
1143 3886 1306 3949 atque
1351 3878 1616 3952 Collegis,
1676 3898 1772 3954 per
1821 3888 1938 3942 uni-

2130 1916 2314 1977 Nemo
2339 1907 2422 1979 est
2447 1917 2534 1996 qui
2561 1933 2802 2002 nesciat,
2834 1936 3032 1996 fratres
3074 1943 3456 2022 dilectissimi,
3489 1955 3554 2012 de
3583 1973 3670 2013 sa-

2057 2011 2381 2073 cerdotibus
2433 2020 2680 2091 Domini,
2737 2044 2842 2085 non
2899 2038 3132 2106 propriae
3181 2044 3514 2116 voluntatis,
3573 2054 3672 2110 sed

2056 2104 2260 2162 divina
2287 2109 2423 2182 legis
2451 2115 2683 2186 impulsu
2709 2163 2725 2188 ,
2759 2131 2866 2180 tam
2892 2125 2943 2181 in
2969 2139 3434 2197 reossentcntiam
3461 2144 3664 2214 dicere,

2056 2211 2219 2266 quam
2265 2201 2651 2264 innocentibus
2682 2211 2939 2272 inﬂictam
2970 2261 2983 2282 ,
3008 2221 3132 2290 jure
3162 2226 3231 2281 ab
3258 2230 3338 2284 eis
3375 2247 3438 2288 ac
3477 2239 3672 2296 merito

2054 2291 2404 2350 submovere.
2466 2297 2584 2354 Non
2641 2303 2748 2358 levi
2809 2310 2953 2363 enim
3025 2317 3268 2382 periculo
3321 2324 3665 2399 subjacebit,

2055 2383 2302 2454 quisquis
2340 2399 2432 2442 aut
2477 2407 2571 2446 reo
2603 2402 2947 2469 pepercerit,
2997 2415 3090 2460 aut
3120 2409 3463 2472 innocentem
3496 2424 3665 2477 conti-

2128 2777 2240 2833 Hoc
2286 2780 2447 2851 igitur
2502 2786 2680 2844 edicto
2731 2791 2867 2864 legis
2923 2797 3226 2870 admoniti,
3280 2823 3507 2870 necesse
3556 2833 3660 2876 nos

2051 2871 2227 2928 fuerat
2265 2874 2521 2934 Primiani
2567 2897 2784 2940 causam
2815 2929 2830 2952 ,
2881 2907 3038 2959 quem
3087 2897 3238 2966 plebs
3283 2916 3468 2961 sancta
3523 2909 3657 2966 Car-

2055 2962 2391 3034 thaginensis
2434 2971 2692 3030 Ecclesia:
2723 2979 3036 3049 episcopum
3077 2985 3251 3044 fuerat
3294 2993 3346 3047 in
3385 2999 3526 3054 ovile
3558 3001 3653 3058 Dei

2049 3057 2240 3109 sortita
2267 3099 2280 3123 ,
2323 3062 2596 3118 seniorum
2644 3067 2838 3125 litteris
2875 3075 3118 3143 ejusdem
3163 3080 3422 3141 Ecclesia:
3466 3103 3652 3160 postu-

2047 3145 2311 3216 lantibus,
2347 3154 2535 3211 audire
2564 3166 2728 3229 atque
2777 3162 3050 3225 discutere
3091 3173 3192 3228 sub
3231 3191 3337 3243 eo,
3373 3192 3428 3235 ut
3456 3185 3652 3256 expla-

2048 3244 2194 3298 natis
2222 3248 2474 3304 omnibus
2499 3261 2593 3307 aut
2619 3254 2962 3316 innocentem
2993 3306 3006 3329 ,
3040 3269 3181 3336 quod
3207 3273 3445 3341 optabile
3473 3244 3652 3338 fuerat

2049 3427 2258 3484 meritis
2271 3445 2391 3486 esse
2405 3433 2739 3494 damnatum.
2755 3440 3166 3510 Optatissimum
3188 3455 3331 3510 enim
3349 3460 3504 3516 nobis
3525 3461 3649 3532 fuit,

2047 3528 2107 3573 ut
2139 3519 2291 3589 plebs
2330 3534 2515 3581 sancta
2557 3527 2998 3602 Carthaginensis
3027 3539 3300 3612 Ecclesiae,
3348 3565 3414 3604 eo
3452 3566 3510 3607 se
3556 3519 3650 3610 ιωί

2047 3619 2251 3667 teretur
2276 3615 2534 3688 episcopo
2562 3622 2907 3681 suhlimatam
2937 3669 2951 3694 ,
2984 3631 3074 3698 qui
3105 3633 3157 3687 in
3187 3638 3366 3694 omnia
3393 3653 3644 3712 sanctus,

2043 3713 2100 3756 et
2163 3703 2217 3757 in
2277 3708 2425 3764 nullo
2487 3715 2938 3780 rcprehcnsibilis
2986 3721 3296 3784 haberetur.
3351 3731 3648 3804 Propterea

2039 3797 2228 3866 utique
2279 3801 2440 3858 talem
2492 3821 2614 3861 esse
2660 3819 2876 3878 oportet
2918 3814 3132 3872 Domini
3174 3823 3557 3894 sacerdotem,
3589 3839 3648 3885 ut

2041 3890 2186 3960 quod
2221 3897 2577 3971 papulus'pro
2615 3917 2675 3958 se
2705 3905 2844 3975 apud
2878 3906 3045 3965 Deum
3080 3929 3186 3971 non
3221 3917 3497 3991 valuerit,
3529 3890 3646 3996 ipse

1714 4002 2264 4067 ANNOTATIONES.

331 4101 653 4157 magnarum
685 4088 969 4143 domorum
1011 4104 1105 4145 seu
1136 4089 1420 4146 fundorum
1463 4092 1648 4149 illicile
1685 4094 1936 4166 frequen-

331 4167 532 4214 tantes.
1130 4179 1350 4218 JACOBUS
1389 4179 1787 4252 GO'I'IIOFBIEI'JUS.
1829 4239 1866 4252 η

412 4227 486 4252 Il\
516 4228 572 4252 1..
605 4231 999 4252 μ--..--.ι---.ει-.-
1026 4249 1104 4252 --η
1148 4235 1239 4252 '19.,
1300 4247 1309 4252 .
1352 4243 1420 4252 λη.
1594 4247 1604 4252 -
1732 4247 1742 4252 -

409 4227 488 4300 (Ι)
508 4228 572 4282 In
603 4231 1243 4322 ertccedentiousconciliis
1268 4243 1511 4322 statu-turn
1533 4247 1626 4322 est.
1648 4235 1812 4322 vetus
1829 4239 1931 4322 Ec:

331 4301 518 4356 clesia:
563 4302 833 4356 Africana:
880 4302 1165 4368 disciplina
1229 4305 1342 4358 lucc
1389 4305 1528 4371 fuit,
1572 4315 1632 4360 ut
1692 4308 1930 4365 lizcretici

330 4384 387 4428 et
404 4373 732 4430 schismatici
751 4375 802 4428 iu
826 4374 973 4428 clero
995 4375 1273 4428 constituti
1289 4376 1352 4428 ad
1379 4375 1676 4431 Ecclesiam
1697 4379 1930 4436 redeun-

330 4453 440 4509 tes,
482 4445 598 4499 sive
622 4445 770 4512 prius
812 4445 867 4499 in
898 4446 1175 4500 Catholica
1199 4445 1456 4514 ordinati,
1479 4448 1564 4502 vel
1588 4448 1727 4515 apud
1758 4451 1930 4507 luere-

331 4517 472 4570 tictis
515 4523 607 4569 aut
633 4517 1008 4572 schismaticos
1040 4518 1294 4584 promoti,
1329 4533 1388 4572 ea
1427 4519 1736 4574 conditione
1760 4524 1926 4578 susci-
1953 4515 2008 4576 D

329 4597 625 4657 pcrentur,
681 4596 739 4640 ut
805 4588 1263 4642 communicarent
1324 4595 1530 4644 tantum
1572 4599 1628 4643 ut
1673 4591 1830 4658 laici,
1872 4603 1926 4650 et

330 4660 469 4714 satis
499 4661 761 4714 haberent
781 4660 922 4729 quod
947 4660 1364 4744 admitterentur
1391 4659 1456 4714 ad
1489 4675 1696 4743 pacem,
1719 4664 1921 4744 nullam

327 4743 515 4786 autem
541 4729 899 4786 ordinationis
937 4741 991 4785 et
1023 4730 1244 4818 hongris
1276 4729 1686 4818 praerogativam
1728 4737 1925 4818 retine-

325 4812 480 4858 rent.
508 4803 582 4856 Ita
605 4801 768 4873 Cypr.
795 4818 881 4872 ep.
928 4818 1092 4858 Lxxn.
1128 4801 1386 4855 Eamdem
1406 4803 1576 4872 legem
1608 4803 1837 4873 primum
1873 4809 1923 4861 in

328 4817 480 4858 rent.
508 4817 582 4856 tta
605 4817 646 4856 υ
690 4819 768 4870 pr.
795 4818 881 4872 ep.
928 4818 1092 4858 Lxxn.
1128 4817 1576 4872 namaemlegem
1608 4819 1837 4873 primum
1873 4823 1920 4861 tn

328 4873 578 4928 Romana
644 4817 886 4929 Ecclesia
938 4875 1172 4942 viguisse
1225 4883 1440 4927 constat
1506 4890 1572 4929 ex
1643 4873 1920 4931 Innocent.

328 4944 354 4999 l
383 4961 468 5013 ep.
495 4962 605 5000 χχιι
638 4945 702 4999 ad
730 4946 1014 5031 episcgpps
1031 4943 1830 5031 biacedoni:c._ldetnstatutum
1856 4948 1930 5031 lc-

324 5016 477 5085 gitur
529 5019 581 5071 in
614 5015 843 5072 concilio
875 5015 1222 5102 liliberit'ano,
1251 5030 1484 5102 can._t.t.
1546 5020 1926 5102 Attamenmi-

329 5087 442 5142 tius
488 5097 666 5143 actum
713 5096 798 5142 est
842 5087 1132 5153 aliquando
1168 5100 1290 5140 cum
1318 5089 1713 5155 schismaticis,
1766 5099 1822 5143 ut
1872 5092 1924 5146 in

327 5159 566 5214 concilio
580 5159 796 5214 Niczeno
815 5173 937 5212 cum
954 5156 1284 5240 Novatian‘i‘s,
1304 5175 1438 5240 quos
1454 5160 1507 5213 iu
1534 5160 1681 5215 clero
1708 5176 1926 5240 manere

325 5231 576 5298 synodus
595 5230 856 5315 permisit,
887 5235 942 5281 et
969 5227 1087 5315 cum
1119 5227 1406 5315 Melitianis
1433 5231 1814 5315 ,“quoset'iam
1834 5233 1924 5315 .ul-

327 5301 504 5356 terius
547 5301 771 5371 provehi
825 5300 1204 5371 nondvctavit.
1259 5300 1400 5355 Idem
1448 5301 1743 5355 Donatistis
1775 5303 1926 5359 initio

322 5369 1163 5457 schismatisindultumﬁammt
1177 5373 1500 5457 observats.
1518 5371 1655 5457 Anu'g.
1669 5387 1921 5443 ep.x1.ut,

326 5441 598 5498 Miltiades
650 5444 856 5497 Donato
897 5442 1013 5496 solo
1045 5442 1271 5522 expulso
1295 5453 1517 5529 paratus
1548 5446 1646 5527 fuit
1675 5441 1921 5529 CCII-tlan

325 5515 716 5569 municatnrias
749 5515 962 5567 mittere
983 5513 1305 5598 δείδιθι-ἑψιιὶ
1339 5528 1368 5598 a
1396 5514 1658 5598 Majorino
1687 5515 1919 5598 ordinati

323 5587 546 5642 fuerant
569 5624 583 5646 ,
615 5599 816 5653 eosque
847 5597 944 5652 pro
975 5582 1242 5662 episcopis
1284 5581 1527 5670 habere}
1558 5587 1628 5640 ita
1671 5594 1735 5669 ut
1775 5586 1825 5640 in
1858 5589 1921 5670 iis

326 5658 468 5713 locis
516 5654 608 5710 ubi
653 5650 760 5707 duo
787 5650 970 5739 essent
995 5650 1236 5739 episcopi
1277 5667 1422 5739 quos
1453 5654 1919 5739 dissensiohgemi-

328 5736 518 5786 nasse;
546 5767 560 5794 ,
608 5739 730 5782 eum
771 5723 1080 5780 confirmari
1130 5720 1305 5778 vellet
1334 5724 1425 5794 qui
1465 5725 1604 5785 foret
1638 5720 1915 5786 ordinatus

2042 4103 2208 4170 prior.
2246 4104 2306 4161 ln
2353 4112 2587 4168 concilio
2621 4115 2926 4195 Arelatensi
2989 4124 3120 4180 nihil
3177 4131 3298 4184 novi
3344 4133 3486 4189 circa
3536 4135 3642 4195 hoc

2041 4184 2327 4260 statutum,
2356 4196 2684 4270 quamquam
2713 4187 2876 4270 hujus
2906 4197 3098 4263 synodi
3131 4209 3308 4266 patres
3357 4184 3639 4270 optassent

2040 4255 2098 4297 ut
2153 4250 2401 4349 severiorI
2445 4253 2497 4306 in
2542 4250 3634 4349 'Donatis'tas."septetitia;proferretuc;

2037 4318 2500 4404 qtiemadmodum
2523 4339 2590 4380 ex
2613 4341 2798 4404 eorum
2827 4318 3633 4404 epistolte'ad—hlihiademvver:

2035 4384 2469 4477 bi‘sgintelligere
2495 4406 2616 4477 est;
2651 4396 2722 4477 _At
2768 4384 3223 4474 subsequentibus
3280 4413 3334 4467 in
3359 4384 3628 4477 “conciliis

2034 4456 2306 4550 :Africanis
2331 4456 2555 4521 vetitum
2574 4466 2757 4549 fuisse
2781 4516 2794 4540 ,
2830 4456 3049 4550 nequis
3080 4456 3633 4550 Donatistarum‘ctinat

2037 4532 2240 4619 honore
2290 4549 2393 4619 suo
2421 4532 3102 4619 susciperetur,djserte
3130 4532 3220 4608 hic
3269 4558 3532 4615 asseritur

2034 4604 2716 4698 conci'l’itoﬁarthaginensi.
2746 4604 2870 4697 anni
2897 4616 3022 4674 401.
3058 4604 3633 4698 Ini—hoc

2033 4675 2167 4756 anni.
2189 4677 2315 4742 595,
2349 4675 2667 4749 proponitur
2703 4683 2863 4754 hujus
2893 4675 3217 4769 severitatis
3231 4675 3544 4769 relaxatio:
3573 4675 3628 4761 iii

2033 4748 2259 4829 gratiam
2291 4748 2488 4834 eorum.
2508 4763 2712 4808 tantum
2742 4748 2987 4836 quaeaut
3015 4779 3120 4818 non
3141 4748 3486 4836 rebaptizasse
3507 4748 3631 4829 έοη-

2033 4817 2258 4902 stiterit“,
2286 4831 2377 4874 aut
2402 4824 2488 4890 qui
2519 4833 2641 4902 cum.
2678 4817 2784 4902 suis
2830 4830 3062 4900 plebibus
3106 4817 3632 4902 adﬁc'tirmmunt‘onem

2037 4885 2356 4944 Catholicam
2407 4885 2932 4984 transire'voluer'int.
2979 4885 3420 4984 Sta—{antequam
3469 4885 3629 4984 quid-

2034 4971 2596 5046 qpam'statueretur,
2629 4975 3042 5046 transmarinam
3077 4971 3373 5037 Ecclesi'atn
3415 4971 3626 5046 consuli

2035 5027 2255 5095 placuit.
2289 5033 2344 5086 In
2367 5027 2603 5118 concilio
2632 5027 3373 5118 Carthaginensiianuivgg'l,‘
3403 5027 3627 5115 1333523

2033 5107 2144 5187 tum
2157 5110 2260 5183 est.
2280 5113 2340 5157 ut
2357 5107 2769 5187 consulerentur
2783 5107 3046 5187 pftesules
3059 5107 3334 5180 Romanus
3350 5107 3630 5187 letale-(lio-

2033 5166 2269 5257 lanensis
2294 5214 2309 5240 ,
2362 5185 2568 5257 utrum.
2594 5166 2836 5239 infantes

2029 5239 2232 5330 clerum
2264 5239 2568 5330 promoveri
2605 5265 2842 5330 possent.
2870 5239 3072 5330 (lterrum
3099 5261 3151 5318 in
3179 5269 3412 5323 concilio
3434 5269 3620 5330 Carth.

2034 5315 2159 5367 anni
2188 5314 2510 5405 4tl'>i,"miss'a
2541 5314 2737 5404 legatio
2765 5327 2831 5380 ad
2879 5314 3402 5405 eosdetnwantistvites
3429 5381 3443 5405 ,
3479 5353 3534 5396 ut
3565 5315 3629 5399 li:

2032 5393 2182 5441 ceret
2204 5387 2442 5468 clericos
2469 5387 2873 5468 Donatistarum
2919 5399 2970 5453 in
2996 5387 3624 5468 ordinibus-suissusci-

2032 5469 2177 5538 pere.
2204 5456 2444 5550 TandLem
2474 5461 2526 5515 in
2553 5465 2782 5544 concilio
2819 5456 3342 5550 universaﬁliﬂgfrivca:
3373 5483 3618 5550 ejusdem

2027 5527 2186 5593 anni,
2218 5545 2315 5621 pro
2344 5531 2487 5586 bono
2516 5537 2661 5621 pacis
2691 5547 2746 5592 et
2781 5540 2852 5621 ob
2884 5527 3120 5621 impiam
3147 5527 3493 5621 clericortim,
3524 5569 3621 5621 po-

2025 5605 2191 5654 testas
2216 5601 2355 5683 facta
2381 5612 2466 5658 est
2493 5607 2744 5683 omnibus
2763 5601 3035 5683 episcopis
3055 5601 3342 5676 catholicis
3354 5601 3621 5678 6ὄὶῐεὶιᾷ

2024 5677 2194 5725 tarum
2219 5673 2446 5728 clericos
2475 5673 3430 5748 suscipiendi-cuinordinibus-suis.
3463 5691 3513 5747 J.
3545 5693 3613 5754 Ο.
