4130 6170
561 279 694 342 1187

1774 256 2240 323 ΓΜΟΝΙΕΜΙΞΝΤΑ
2282 255 2561 318 VETERA

3670 266 3775 321 “88

557 413 654 465 pro
704 391 900 464 populo
947 398 1213 447 mereatur
1255 383 1396 458 quod
1450 383 1761 455 poposcerit
1811 377 2103 450 impetrare
2139 392 2151 428 :
2183 379 2230 438 Α
2265 375 2398 428 teret
2427 391 2438 425 :
2465 371 2605 442 quod
2646 367 2854 427 obsessi
2886 371 2991 424 sint
3020 370 3259 440 episcolii
3286 371 3440 426 simul
3461 381 3508 427 et
3528 373 3784 439 clerici,ct

554 488 677 557 quia
722 487 979 555 scriptum
1009 493 1127 539 est:
1162 481 1205 537 si
1247 479 1530 552 peccaverit
1562 478 1786 551 papulas
1811 520 1824 543 ,
1862 471 2026 528 orabit
2059 487 2153 542 pro

555 596 614 633 eo
641 577 877 632 sacerdos
905 592 922 630 :
947 575 989 630 si
1015 585 1183 629 autem
1209 572 1452 626 sacerdos
1486 567 1769 643 peccaverit
1800 610 1813 633 ,
1843 567 1956 639 quis
1990 564 2153 620 orabit

555 689 649 743 pro
681 687 737 724 eo
762 669 787 722 .9

627 757 886 817 Scandala
921 747 1079 830 igitur
1108 753 1360 812 Primiani
1390 799 1404 822 ,
1451 765 1503 809 et
1551 744 1720 824 ipsius
1751 749 1992 820 nequitia
2038 739 2150 800 sin~

556 853 793 924 gularis,
832 847 991 906 sicin
1035 867 1093 906 se
1123 849 1343 905 cmleste
1388 845 1648 918 judicium
1702 841 2052 916 provocavit,
2100 849 2158 893 ut

559 947 747 1000 borum
800 945 1085 1000 eriininuni
1141 952 1415 998 auctorem
1472 955 1693 995 necesse
1745 948 1887 993 esset
1946 935 2158 1004 penitus

557 1045 840 1107 amputare
892 1056 905 1092 :
952 1035 1043 1107 qui
1090 1049 1278 1090 recens
1319 1027 1635 1095 ordinatus,
1677 1029 2024 1099 presbyteros
2069 1041 2159 1079 su—

561 1132 815 1202 pradiclzr.
863 1127 1033 1200 plebis
1078 1128 1144 1183 ad
1192 1124 1618 1196 conjura'tionem
1652 1123 1831 1192 impiae
1875 1115 2157 1187 con‘spira-

553 1224 720 1280 tionis
750 1223 1035 1294 impellens
1063 1264 1077 1288 ,
1107 1222 1206 1275 hoc
1237 1222 1304 1275 ab
1329 1221 1408 1275 eis
1442 1217 1584 1272 velut
1619 1213 1862 1286 precario
1882 1204 2159 1282 jure'pos-

562 1315 752 1372 tulavit
777 1358 790 1380 ,
825 1326 881 1370 Iit
911 1315 977 1370 ad
1017 1309 1354 1369 damnandos
1399 1323 1631 1381 quatuor
1674 1308 1932 1361 diaconos
1967 1344 1982 1369 ,
2010 1303 2161 1355 viros

560 1412 806 1480 egregios
830 1450 843 1473 ,
871 1423 932 1461 ac
960 1403 1324 1476 singularibus
1352 1401 1560 1457 meritis
1611 1399 1936 1470 approbatos
1954 1437 1968 1460 ,
2002 1388 2164 1448 Maxi-

563 1505 799 1558 miannm
851 1498 1101 1566 scilicet,
1145 1497 1527 1569 Rogatianum,
1580 1495 1848 1549 Donatum
1879 1531 1893 1555 ,
1929 1490 2164 1556 itemque

561 1595 890 1666 Salganiiuin
919 1637 932 1658 ,
981 1594 1391 1657 consentirent,
1449 1600 1502 1645 et
1535 1581 1908 1643 incunctanter
1949 1583 2000 1638 ei
2036 1597 2161 1652 pro-

562 1689 838 1744 mitterent
867 1685 1278 1741 acconnnodare
1305 1697 1653 1738 consensum.

2261 478 2444 534 postea
2471 464 2538 519 ab
2567 465 2684 534 ejus
2710 463 3035 520 satellitibus
3073 463 3290 532 lapidati
3330 482 3342 518 :
3372 465 3500 535 quod
3531 466 3576 519 in
3602 467 3784 523 basilica

2259 558 2762 614 carsisintseniores
2782 599 2796 622 ,
2825 556 2964 627 quod
2994 556 3207 625 indigne
3240 556 3785 616 ferrentClaudianistas

2259 651 2327 708 ad
2355 653 2789 707 communionem
2817 650 3023 704 admitti
3063 667 3074 702 :
3115 650 3255 720 quod
3287 651 3580 706 innocentes
3607 653 3791 708 clericos

2262 747 2533 816 putaverit
2555 761 2675 800 esse
2697 743 3139 800 condemnandos
3167 761 3179 795 :
3214 743 3355 813 quod
3392 759 3447 798 se
3667 745 3794 800 nobis

2261 837 2585 894 audiendum
2616 839 2845 892 noluerit
2869 825 3159 902 exhibere,
3186 851 3309 890 cum
3346 835 3659 891 basilicarum
3684 836 3799 890 fores

2264 947 2332 986 ne
2356 925 2785 1002 ingrederentur,
2808 927 3152 983 nmltitudiue
3167 938 3222 982 et
3243 927 3421 982 cilicio
3447 928 3795 983 intercluserit:

2208 1077 2226 1098 ι
2263 1026 2406 1097 quod
2437 1026 2644 1096 legatos
2672 1041 2701 1079 a
2734 1013 2889 1079 nobis
2915 1022 2981 1077 ad
3028 1038 3088 1077 se
3125 1021 3322 1075 missos
3361 1021 3604 1090 iniuriose
3643 1021 3804 1090 rejece-

2264 1120 2330 1175 rit
2367 1137 2378 1174 :
2435 1119 2578 1188 quod
2624 1120 2740 1174 loca
2793 1117 2956 1171 multa
2981 1116 3035 1170 vi
3063 1117 3240 1185 primo
3264 1155 3278 1179 ,
3321 1115 3510 1169 dehinc
3535 1115 3804 1169 auctoritate

2259 1213 2540 1281 judiciaria
2617 1209 2955 1279 usurpaverit
3004 1225 3017 1262 :
3083 1217 3281 1276 praeter
3345 1208 3447 1260 alia
3497 1206 3662 1260 illicita
3715 1206 3808 1275 ejus

2270 1298 2524 1368 admissa,
2556 1320 2674 1372 qum
2704 1318 2803 1373 pro
2850 1301 3138 1356 honestate
3176 1301 3300 1371 styli
3322 1299 3488 1355 nostri
3511 1300 3728 1355 siluimus
3751 1342 3759 1361 ,
3782 1316 3804 1352 a

2265 1395 2588 1450 sacerdotali
2636 1395 2804 1450 choro
2834 1402 3096 1464 perpetuo
3144 1407 3265 1447 esse
3295 1391 3594 1446 damnatum
3627 1408 3637 1441 :
3669 1405 3724 1444 ne
3758 1404 3809 1442 eo

2268 1490 2480 1559 palpato
2508 1530 2521 1552 ,
2577 1489 2664 1542 Dei
2725 1487 2965 1542 Ecclesia
3014 1495 3107 1539 aut
3153 1486 3472 1555 contagione
3502 1525 3515 1547 ,
3545 1493 3627 1538 aut
3665 1483 3809 1553 aliquo

2267 1579 2494 1635 crimine
2533 1579 2852 1632 maculetur.
2887 1577 3043 1644 Quod
3071 1577 3122 1631 id
3158 1577 3329 1646 ipSum
3362 1576 3552 1630 Paulus
3580 1573 3812 1643 apostolus

2269 1661 2592 1724 exhortatur
2641 1681 2695 1725 et
2746 1668 3037 1723 admonet:
3085 1667 3434 1736 Prwcepimus
3473 1676 3628 1720 autem
3668 1665 3810 1726 vobis,

635 1781 802 1851 Cujus
842 1773 919 1835 illi
949 1779 1086 1833 mala
1135 1778 1550 1847 praesumptione
1578 1769 1863 1842 stupefacti
1894 1783 2018 1823 cum
2051 1757 2162 1820 rem
2195 1759 2243 1832 Β
2274 1768 2492 1834 fratres,
2550 1761 2604 1815 in
2649 1762 2851 1814 nomine
2905 1751 3112 1814 Domini
3169 1761 3327 1814 nostri
3373 1759 3496 1812 Jcsu
3542 1756 3740 1821 Christi,
3774 1766 3816 1810 ut

566 1873 784 1928 silentio
837 1871 1206 1932 refellissem,
1239 1885 1336 1938 per
1381 1883 1440 1921 se
1483 1867 1776 1936 cogitatum
1830 1863 2008 1917 scelus
2059 1876 2164 1912 non

568 1966 832 2022 dubitavit
875 1965 1142 2033 implere,
1187 1978 1356 2032 usque
1399 1962 1536 2015 adeo
1581 1969 1638 2014 ut
1678 1960 1731 2012 in
1780 1955 2168 2011 Maxiiiiiannm

568 2057 889 2124 diaconum,
921 2055 1120 2124 virum,
1154 2056 1293 2109 Sicut
1337 2045 1593 2108 omnibus
1639 2059 1824 2106 notum
1868 2057 1967 2111 est,
2015 2047 2170 2101 inno-

569 2151 782 2205 cenlem
816 2191 830 2214 ,
880 2151 998 2204 sine
1045 2161 1206 2203 causa
1234 2189 1248 2212 ,
1282 2147 1400 2203 sine
1458 2153 1775 2200 accusatore
1799 2184 1814 2209 ,
1846 2142 1963 2196 sine
1995 2147 2129 2193 teste
2150 2183 2166 2205 ,

571 2245 851 2299 absentem
901 2245 962 2296 ac
1014 2241 1153 2296 lecto
1205 2241 1530 2303 cubantem,
1588 2238 1910 2309 sententiam
1958 2241 2174 2305 putaret

575 2347 700 2389 esse
742 2333 1095 2402 promendum
1133 2348 1145 2385 :
1192 2333 1281 2403 qui
1307 2329 1633 2402 jampridem
1664 2328 1893 2384 clericos
1925 2341 2032 2381 non
2063 2325 2174 2379 dis-

573 2425 741 2480 simili
761 2426 941 2480 furore
966 2423 1270 2479 damnarat.

647 2518 781 2573 Nam
811 2525 934 2574 eum
968 2519 1233 2584 incestos,
1266 2523 1454 2571 contra
1497 2513 1669 2585 legem
1703 2511 2026 2582 decretaque
2053 2515 2173 2564 om-

577 2614 723 2668 nium
771 2613 1111 2669 sacerdotum
1134 2654 1149 2679 ,
1179 2609 1547 2666 communioni
1574 2619 1776 2665 sanctae
1807 2607 2124 2677 adjnngeret
2159 2603 2173 2658 ξ

576 2723 806 2778 cumque
859 2708 1155 2762 obsistente
1205 2705 1433 2760 maxima
1479 2715 1628 2773 parte
1653 2702 1826 2772 plebis
1851 2743 1864 2767 ,
1893 2702 2054 2755 etiam
2085 2717 2174 2752 sea

579 2805 788 2856 niorum
821 2799 1281 2855 nobilissimorum
1316 2797 1510 2852 litteris
1540 2797 1944 2860 conveniretur,
1978 2803 2034 2848 ut
2079 2801 2178 2863 per

577 2910 636 2949 se
673 2895 973 2965 'corrigeret
1023 2894 1164 2963 quod
1208 2892 1539 2957 admiserat;
1577 2899 1671 2944 Sua
1703 2888 2006 2944 temeritate
2048 2890 2175 2956 pos-

577 2991 792 3052 Sessus,
818 2987 1110 3042 emendare
1135 2985 1482 3055 contempsit.
1503 2984 1596 3038 llis
1627 2984 1806 3052 itaque
1833 2981 2064 3051 permoti
2091 2996 2178 3036 se-

578 3081 760 3133 niores
791 3078 1047 3134 Ecclesiae
1073 3079 1399 3148 supradictae
1427 3119 1440 3139 ,
1492 3075 1560 3130 ad
1603 3075 1909 3128 universum
1951 3071 2177 3126 chorum

2275 1852 2546 1907 discedatis
2573 1843 2635 1905 ab
2663 1853 2801 1905 omni
2829 1855 2991 1921 fratre
3031 1851 3325 1905 inordinate
3351 1841 3629 1904 ambulante
3653 1865 3668 1901 :
3692 1856 3817 1915 atque

2275 1945 2412 2000 adeo
2443 1962 2548 1998 non
2584 1945 2935 1999 innnemorcs
2979 1941 3230 2012 puritatis
3279 1942 3570 2005 Ecclesize,
3615 1935 3820 1995 conduci-

2275 2039 2382 2094 bile
2415 2037 2841 2093 existimavimus
2865 2079 2879 2104 ,
2904 2051 3096 2091 omnes
3122 2045 3340 2091 sanctos
3382 2029 3759 2090 Consacerdotes
3780 2035 3820 2084 et

2277 2145 2468 2185 omnes
2499 2128 2728 2184 clericos
2746 2172 2760 2197 ,
2791 2137 2847 2184 et
2876 2144 3067 2184 omnes
3095 2127 3327 2199 p0pulos
3354 2129 3444 2198 qui
3469 2144 3525 2183 se
3545 2125 3823 2182 Christianos

2279 2223 2677 2288 meminerunt,
2735 2225 2837 2279 hac
2888 2233 3072 2278 nostra
3115 2223 3371 2277 tractoria
3412 2235 3750 2285 commonere,
3781 2227 3824 2272 ut

2278 2331 2470 2372 omnes
2521 2318 2638 2387 ejus
2684 2318 3122 2379 communienem
3152 2360 3165 2382 ,
3204 2325 3395 2387 utpote
3456 2317 3695 2380 damnati,
3727 2313 3826 2366 dili-

2278 2406 2425 2477 genti
2476 2425 2600 2463 cura
2655 2410 2929 2463 horreant.
2972 2411 3086 2478 ipse
3131 2408 3278 2464 enim
3321 2416 3391 2464 de
3430 2424 3526 2464 suo
3551 2406 3737 2461 interitu
3763 2418 3829 2456 ra-

2277 2501 2484 2556 tionein
2539 2501 2756 2566 reddet,
2799 2503 2890 2572 qui
2923 2501 3027 2558 hoc
3062 2512 3310 2557 nostrum
3349 2489 3618 2558 decretum
3646 2512 3732 2554 non
3758 2510 3828 2548 au-

2282 2593 2480 2650 diendo
2513 2583 2807 2649 tentaverit
2837 2595 3060 2650 violare.

2357 2685 2563 2743 Placuit
2593 2695 2724 2743 sane
2753 2687 2908 2742 nobis
2940 2698 2994 2742 et
3026 2687 3254 2758 Spiritui
3275 2698 3488 2752 sancto,
3512 2683 3642 2757 quod
3667 2685 3834 2749 tempus

2286 2780 2453 2834 tardis
2492 2778 2556 2833 ad
2597 2780 3022 2836 convertendum
3067 2777 3386 2835 reservetur
3417 2779 3515 2834 sub
3554 2792 3650 2842 eo,
3676 2784 3724 2827 ut
3744 2771 3834 2841 qui-

2284 2888 2517 2942 cumque
2569 2871 3019 2926 consacerdotum
3067 2872 3152 2926 vel
3196 2872 3526 2927 clericorum
3557 2883 3659 2924 sua:
3685 2862 3833 2920 salutis

2288 2967 2636 3023 immemores
2663 3009 2676 3034 ,
2706 2984 2732 3019 a
2765 2967 2855 3022 die
2885 2965 3252 3022 damnationis
3286 2964 3576 3036 supradicti
3608 2952 3829 3015 Primiani,

2286 3059 2339 3113 id
2389 3068 2473 3115 est
2525 3077 2554 3114 a
2599 3059 2686 3114 die
2733 3076 2824 3114 \‘Ill
2866 3059 3220 3114 kalendarum
3266 3043 3562 3122 Juliarum,
3610 3065 3756 3121 usque
3785 3043 3836 3098 ad

576 3171 782 3224 litteras
809 3170 1123 3242 legatosque
1153 3173 1416 3226 miserunt
1444 3210 1458 3236 ,
1490 3168 1683 3238 quibus
1716 3181 1823 3221 non
1855 3167 1972 3219 sine
1998 3165 2177 3235 lacry-
2209 3159 2256 3231 ρ
2286 3153 2430 3207 diem
2462 3157 2550 3207 vin
2576 3151 2929 3208 kalendarum
2952 3151 3554 3217 Januariaruni,tninus
3580 3163 3607 3217 a
3628 3131 3835 3236 Primiani

580 3264 681 3318 niis
705 3263 978 3334 deprecati
1008 3274 1132 3319 sunt
1158 3306 1172 3331 ,
1203 3274 1258 3318 ut
1298 3266 1362 3319 ad
1405 3277 1465 3317 se
1495 3261 1796 3316 ferventius
1825 3258 2178 3323 Veniremus;

578 3379 686 3432 quo
725 3372 994 3429 perpenso
1035 3358 1320 3414 libramine
1366 3355 1814 3411 iutentationibus
1840 3353 2136 3424 exploratis
2162 3387 2177 3418 ,

579 3452 908 3510 exiStiinatio
945 3453 1200 3507 Ecclesire
1231 3457 1572 3520 pnrgar'etur.

657 3547 736 3602 Ad
765 3546 903 3601 hanc
943 3545 1190 3616 proinde,
1242 3551 1362 3597 cum
1409 3542 1708 3596 secundum
1753 3549 2180 3595 memoratorum

580 3645 791 3698 litteras
815 3641 1152 3698 veniremus;
1185 3647 1310 3691 nota
1341 3651 1436 3690 sua
1467 3635 1558 3690 ille
1589 3636 1801 3689 ratione
1833 3633 2141 3689 fervescens
2164 3673 2181 3699 ,

545 3736 872 3791 adventum
931 3741 1172 3786 nostrum
1227 3729 1444 3800 penitus
1486 3727 1794 3783 declinavit.
1841 3725 1940 3792 Qui
1987 3739 2185 3795 nsque-

581 3841 796 3897 quaque
821 3825 1010 3880 rebelli
1039 3825 1221 3878 animo
1244 3822 1593 3877 recalcitrans
1620 3820 1671 3874 in
1698 3820 1839 3875 malo
1861 3819 2182 3890 permansit,

583 3930 639 3974 u‘t
666 3959 681 3984 ,
714 3919 980 3972 conducta
1015 3916 1356 3970 multitudine
1396 3914 1725 3983 perditorum
1756 3955 1769 3976 ,
1815 3921 1976 3982 atque
2018 3913 2184 3982 impe-

584 4013 740 4066 tratis
792 4010 1114 4064 ofticialibus
1135 4051 1149 4072 ,
1197 4007 1542 4062 basilicarum
1571 4007 1765 4077 januas
1795 4007 2183 4070 obsedissent,

583 4105 675 4175 qui
703 4101 1040 4174 ingrediendi
1073 4101 1229 4156 nobis
1255 4110 1420 4170 atque
1461 4099 1651 4170 agendi
1697 4099 1959 4155 solemnia
2013 4101 2185 4154 inter-

583 4197 826 4251 dicerent
855 4194 1185 4249 facultatem.
1220 4191 1348 4247 Haec
1376 4193 1421 4245 si
1464 4193 1776 4262 episcopum
1815 4192 2078 4246 convenit
2110 4193 2184 4245 fa-

584 4306 712 4344 cere
738 4329 753 4353 ,
781 4289 823 4341 si
852 4284 1173 4342 Christianis
1206 4285 1337 4340 licet
1381 4284 1668 4340 admittere
1696 4327 1710 4348 ,
1763 4287 1805 4337 si
1861 4283 1963 4338 hoc
2013 4281 2188 4338 Evan-

586 4385 729 4456 gelia
801 4395 1212 4454 protestantur;
1276 4382 1467 4452 probet
1533 4392 1626 4436 aut
1671 4382 1878 4452 judicet
1941 4381 2187 4451 quisquis

589 4486 800 4531 uitiator
849 4486 943 4530 aut
989 4488 1227 4532 assertor
1268 4487 1350 4532 est
1399 4471 1658 4531 veritatis.
1701 4476 1821 4531 Hoc
1860 4477 2002 4531 enim
2035 4475 2188 4530 nobis

590 4570 782 4625 inﬂixit
813 4569 977 4625 frater
1022 4568 1312 4641 aliquando
1369 4567 1618 4641 preprius
1644 4610 1658 4638 ,

588 4663 790 4721 faceret
821 4664 1052 4720 alienus.

666 4757 1010 4813 Decrevimus
1037 4771 1226 4812 omnes
1252 4755 1562 4810 sacerdotes
1599 4755 1689 4806 Dei
1714 4794 1726 4815 .
1761 4761 2031 4820 praesente
2061 4753 2174 4823 Spi-

589 4849 695 4904 ritu
725 4855 913 4904 sattcto
938 4890 953 4915 ,
981 4848 1123 4902 hunc
1153 4845 1401 4901 eumdem
1442 4845 1772 4899 Primiannm
1801 4885 1813 4906 ,
1848 4843 2024 4914 primo
2045 4845 2188 4913 quod

590 4951 752 5013 super
781 4944 930 4996 vivos
976 4941 1300 5010 episeopos,
1355 4937 1490 4994 alios
1543 4937 1850 5007 subrogarit
1878 4957 1890 4993 :
1922 4940 2060 5009 quod
2112 4943 2192 4993 in-

589 5046 767 5090 cestos
793 5047 914 5087 cum
945 5043 1256 5087 sanctorum
1287 5030 1671 5085 cammunione
1699 5030 1975 5086 miscuerit
2009 5032 2190 5102 :quod

593 5128 939 5198 presbyteros
985 5125 1051 5180 ad
1099 5124 1526 5194 conjurati‘b‘nem
1575 5123 1866 5178 ineundum
1919 5126 2193 5179 constrin-

589 5235 719 5289 gere
748 5217 1066 5287 pertentarit
1098 5235 1111 5271 :
1144 5209 1288 5288 quod
1331 5215 1684 5272 Fortunatum
1719 5217 2098 5289 presbyterum
2133 5217 2188 5273 in

592 5311 831 5364 cloacam
883 5308 1066 5362 iecerit
1111 5309 1288 5374 mitti,
1335 5323 1455 5362 cum
1504 5309 1892 5379 aegrotantibus
1921 5310 2191 5378 baptismo

594 5402 950 5456 succurrisset
1004 5417 1016 5454 :
1069 5401 1210 5470 quod
1245 5401 1675 5455 communionem
1719 5401 1991 5456 Demetrio
2031 5416 2188 5472 pres~

596 5495 789 5565 bytero
834 5493 1113 5562 denegarit
1137 5532 1151 5556 ,
1179 5495 1239 5544 'ut
1266 5501 1482 5560 cogeret
1512 5491 1680 5546 lilium
1709 5490 1961 5547 abdicare
1997 5510 2009 5544 :
2043 5491 2189 5562 quod

594 5591 735 5647 idem
765 5592 1046 5660 presbyter
1075 5583 1388 5656 obiurgatus
1414 5586 1484 5639 sit
1513 5626 1527 5650 ,
1571 5585 1712 5654 quod
1744 5587 2027 5656 episcopos
2056 5585 2186 5640 lios~

594 5685 727 5753 pitio
755 5683 1084 5752 suscepisset
1115 5696 1127 5732 :
1157 5677 1301 5750 quod
1331 5677 1676 5746 supradictus
1705 5678 2011 5733 Primianus
2041 5680 2184 5733 mul-

593 5778 872 5834 titudinem
901 5773 1110 5833 miserit
1137 5813 1152 5842 ,
1180 5788 1301 5845 quae
1329 5769 1759 5828 Christianorum
1794 5771 1984 5829 domos
2029 5789 2182 5830 ever-

2289 3245 2524 3299 damnati
2585 3245 2970 3299 communione
3033 3243 3408 3307 recesserint,
3477 3237 3566 3294 tali
3622 3227 3837 3291 sententia

2288 3339 2750 3410 constringuntur.
2798 3337 2946 3392 Laici
2983 3345 3198 3407 quoque
3229 3338 3337 3392 nisi
3369 3349 3430 3390 se
3486 3352 3512 3386 a
3561 3343 3705 3399 supra
3731 3324 3841 3379 dicto

2248 3495 2250 3498 ι
2289 3431 2378 3486 die
2405 3432 2769 3486 damnationis
2802 3432 2948 3485 illius
2973 3473 2986 3496 ,
3019 3431 3157 3484 intra
3183 3431 3334 3485 diem
3368 3429 3587 3485 Pascha:
3612 3423 3775 3477 futura:
3794 3413 3844 3466 ab

2289 3523 2407 3590 ejus
2453 3527 2728 3577 consortio
2777 3525 3145 3593 separaverint
3177 3564 3190 3587 ,
3239 3537 3351 3576 non
3390 3533 3548 3591 posse
3575 3520 3845 3586 quemquam

2291 3616 2394 3670 nisi
2441 3632 2533 3685 per
2585 3616 2996 3684 paenitentiam,
3043 3615 3324 3685 siquidem
3371 3608 3732 3669 meminerint,
3769 3600 3846 3654 Ec-

2290 3707 2476 3762 clesia:
2505 3706 2810 3760 reformari.

2375 3799 2680 3854 Victorinus
2746 3798 3176 3853 Munacia'nensis
3237 3800 3536 3868 episeopr
3585 3778 3849 3853 subscripsi.

2295 3889 2624 3944 Fortunatus
2699 3889 3144 3960 Dionysianensis
3220 3892 3523 3961 episeojius
3586 3872 3849 3945 subscripsi-

2299 3984 2638 4040 Victorianus
2711 3987 3160 4042 Carcabianensis
3235 3988 3534 4057 episcopus
3592 3963 3852 4038 δυιιεοῐῖρδί·

2298 4076 2609 4137 Florentius
2638 4077 2706 4131 ab
2735 4078 3034 4132 Adrumeto
3067 4079 3371 4148 episcopus
3411 4070 3714 4139 subscripsi.
3754 4063 3858 4126 ΜΨ

2297 4169 2456 4238 ginus
2505 4172 2572 4222 ab
2603 4169 2988 4239 Eleptiantar'ra
3033 4171 3333 4241 episcopus
3380 4162 3690 4234 subscripsi.
3732 4157 3858 4211 lmIO‘

2295 4263 2506 4315 centius
2566 4259 2945 4316 Thebaltensis
3007 4265 3305 4333 episc0pus
3345 4256 3659 4328 subscripsi.
3707 4247 3861 4316 Μίδεω

2298 4368 2396 4421 pro
2420 4353 2625 4422 collega
2653 4368 2776 4408 meo
2802 4351 2985 4409 Salvio
3013 4354 3481 4412 Meinbressitano
3507 4353 3742 4423 episeopo
3765 4337 3863 4395 διώ·

2297 4444 2516 4514 scripsi.
2569 4444 2783 4499 Salvius
2837 4444 3149 4501 Ausat’ensis
3232 4449 3534 4517 episcopus
3598 4431 3862 4502 subscripsi-

2301 4538 2544 4593 Donatus
2617 4539 2961 4594 Sabratensis
3024 4539 3326 4610 cpiscopus
3403 4533 3712 4607 ‘sub‘s'cripsi.
3786 4523 3866 4580 GC-

2299 4636 2492 4688 tnelius
2546 4649 2575 4685 a
2619 4632 2870 4688 Tamlieis
2925 4633 3218 4702 episeopus
3283 4631 3615 4702 subscripsi.
3675 4621 3870 4680 Praetex-

2299 4741 2440 4783 tatus
2483 4727 2840 4783 Assuritanus
2869 4731 3158 4798 episcOpus
3196 4728 3534 4799 subscripsi.
3565 4717 3870 4780 Maximianus

2298 4821 2635 4877 Stabatensis
2684 4822 2970 4891 episcOpos
3035 4821 3367 4892 subscripsi.
3427 4819 3682 4876 Datianus
3726 4805 3870 4866 Cami-

2299 4913 2536 4969 celcnsis
2568 4915 2854 4985 episcopus
2885 4912 3202 4983 subscripsi.
3259 4912 3515 4970 Donatus
3554 4894 3869 4966 Fiscianensis

2303 5010 2589 5076 episcopus
2609 5007 2927 5076 subscripsi.
2960 5005 3292 5062 Theodorus
3319 5006 3608 5063 Usulensis
3633 5001 3872 5070 episcoW

2297 5103 2614 5170 subscripsi.
2651 5101 2989 5156 Victorianus
3010 5100 3243 5170 iubente
3277 5101 3497 5172 collega
3529 5094 3753 5169 Agnusio
3779 5083 3871 5155 epi-

2298 5207 2464 5262 scopo
2501 5185 2818 5263 subscripsi.
2881 5191 3117 5247 Donatus
3163 5185 3577 5249 'Cebrisetauus
3631 5189 3871 5257 episeop“s

2300 5287 2620 5357 subscripsi.
2652 5287 2925 5342 Natalicus
2952 5286 3245 5343 Thelensis
3274 5288 3571 5359 episcopus
3595 5267 3866 5345 subscriPSiv

2300 5377 2631 5448 Pomponius
2669 5374 3056 5434 Macrianensis
3084 5379 3388 5450 episcbptts
3419 5374 3730 5444 subscripsi.
3762 5367 3869 5422 Pal!-

2297 5473 2500 5526 ci-atius
2559 5473 2890 5528 Baliancnsis
2927 5474 3220 5544 epi'Sco‘pus
3267 5473 3598 5542 "subscripsi.
3627 5458 3866 5526 Januarilﬁ

2298 5569 2636 5637 Aquenensis
2675 5569 2964 5639 episcopus
3001 5568 3335 5637 subscripsi.
3386 5565 3666 5622 Secundus
3708 5560 3866 5614 Journ-

2296 5659 2570 5714 diancnsis
2616 5661 2909 5731 episcopus
2979 5661 3311 5732 subscripsi.
3369 5659 3653 5717 Pascasius
3690 5668 3715 5708 a
3764 5647 3863 5699 Vico

2295 5752 2521 5823 Augusti
2542 5752 2826 5824 episcopus
2847 5754 3167 5826 subscripsi.
3193 5751 3542 5811 Cresconius
3565 5737 3861 5809 'I‘aciattensls
