4130 6170
339 205 488 267 1189

1241 215 1333 273 ΑΙ)
1375 203 1896 279 DONATISTARUM
1939 208 2321 281 HISTORIAM
2363 219 2856 288 PERTINEN'I‘IA.

3541 241 3682 304 libb

330 325 632 395 episcopus
713 322 1045 394 subscripsi.
1109 320 1432 400 Rogalianus
1489 331 1768 406 episcopus
1820 339 1948 394 sub-
1981 347 2023 406 Λ
2057 337 2169 392 bilo
2193 351 2295 391 nec
2323 349 2405 392 ρει
2431 343 2654 400 confusa
2684 345 2978 402 criminum
3012 347 3187 420 Sylva,
3216 355 3434 410 rum‘ad
3468 373 3682 427 ptenam

327 418 555 485 scripsi.
617 415 987 470 Maximianus
1036 419 1462 481 Erununinensis
1503 430 1788 498 episcopus
1827 432 1954 486 sub-

322 511 550 578 scripsi.
633 507 951 564 Benenatus
1012 510 1434 582 Tugutianensis
1486 521 1769 592 episcopus
1823 525 1952 580 Sub—

321 600 550 671 scripsi.
623 601 858 657 Ritanus
941 604 1239 676 episcopus
1329 611 1639 682 subscripsi.
1710 614 1950 675 Gaianas

319 694 676 766 Tignaleusis
733 694 1034 763 episcopus
1084 699 1404 770 subscripsi.
1451 704 1756 763 Victorinus
1811 709 1952 780 Lep-

321 789 689 862 timaguensis
729 789 1028 858 epismpus
1070 792 1394 864 subscripsi.
1429 800 1721 856 Guntasius
1771 803 1943 859 Bene-

319 889 495 944 [ensis
553 886 848 956 cpiscopus
913 882 1246 954 subscripsi.
1305 889 1616 957 Quintasius
1655 892 1947 964 Capsensis

319 985 616 1054 episcopus
642 977 960 1046 subscripsi.
982 976 1296 1034 Felicianus
1322 983 1366 1035 Μ
1375 987 1644 1040 ustitanus
1659 987 1950 1057 episcopus

318 1075 616 1145 subcripsi.
678 1070 1024 1126 Victorianus
1065 1085 1132 1124 ex
1177 1071 1520 1144 delegatione
1563 1077 1780 1148 Miggini
1827 1079 1949 1148 epi-

319 1169 474 1240 scopi
505 1165 824 1234 subscripsi.
870 1163 1101 1218 Latinus
1150 1163 1442 1235 Mugiensis
1497 1170 1790 1238 episcopus
1823 1171 1949 1225 sub-

315 1263 538 1333 scripsi.
598 1257 857 1314 Proculus
908 1255 1228 1312 Girbitanus
1278 1261 1576 1331 episcopus
1624 1263 1948 1332 subscripsi.

316 1361 561 1414 Donatus
609 1351 955 1412 Sabratensis
1000 1352 1290 1421 episcopus
1322 1368 1420 1422 pro
1452 1354 1633 1408 fratre
1663 1348 1718 1410 et
1746 1357 1954 1427 collega

316 1469 437 1510 meo
491 1450 748 1506 Marratio
795 1446 1118 1514 subscripsi.
1153 1446 1419 1501 Proculus
1476 1445 1813 1504 Girbitanus
1859 1466 1957 1517 pro

313 1548 524 1617 collega
579 1557 704 1598 meo
753 1539 1008 1597 Gallione
1035 1537 1351 1606 subscripsi.
1375 1537 1796 1615 (Secundianus
1845 1542 1960 1597 Pri-

2055 433 2340 502 desiguala
2387 441 2510 491 Sttlll
2564 439 2804 493 nomina.
2841 437 3205 512 Indulgentim
3251 449 3396 504 enim
3430 463 3554 505 ante
3587 453 3687 511 hac

2057 527 2237 580 fuerat
2270 542 2282 578 :
2310 525 2439 582 dum
2473 527 2778 586 clementiae
2825 532 3158 591 dimittimus
3191 537 3390 596 lineam
3421 585 3433 602 ,
3479 545 3689 602 invenit

2051 627 2220 674 causa
2260 631 2398 687 quos
2430 624 2618 691 puniat
2660 623 2812 694 (Lib.
2859 627 2923 678 de
2958 625 3100 682 Gest.
3148 647 3263 685 cum
3305 633 3478 690 Emer.
3523 635 3684 712 207

2052 721 2103 767 et
2132 709 2226 766 lib.
2250 722 2305 766 tv
2330 723 2502 771 contr.
2533 717 2705 773 Cresc.
2740 735 2857 788 cap.
2891 717 2986 789 '51,
3024 722 3111 777 lib.
3141 741 3174 780 ιι
3223 740 3390 785 contr.
3440 709 3686 793 Parnicri'.

2055 821 2176 873 cap.
2208 803 2293 874 5).

2127 896 2236 952 Sed
2266 900 2508 958 veridica
2535 905 2680 959 unda
2712 903 2767 958 in
2814 915 3047 975 nepet‘os
3098 917 3352 985 scopulos
3406 921 3692 980 nonnullo—

2054 995 2179 1046 rum
2238 993 2499 1067 naufraga
2534 999 2778 1068 projecta
2812 1003 2942 1055 sunt
3000 1009 3240 1064 membra
3263 1054 3276 1078 ,
3323 1017 3377 1068 et
3408 1013 3694 1090 {Egyptio-

2059 1101 2180 1139 rum
2234 1084 2300 1139 ad
2375 1090 2598 1147 modum
2643 1091 2936 1162 exemplo,
3001 1103 3340 1168 pereuntium
3412 1109 3696 1172 funeribus

2063 1176 2224 1244 plena
2261 1186 2390 1233 sunt,
2440 1181 2621 1239 Ιίιιοιιει
2658 1202 2670 1238 :
2703 1183 2902 1255 quibus
2936 1189 2989 1244 in
3041 1194 3154 1262 ipsa
3186 1209 3358 1255 morte
3401 1205 3572 1274 major
3611 1209 3697 1265 est

2064 1285 2222 1338 paena
2243 1313 2258 1337 ,
2284 1277 2429 1342 quod
2460 1287 2584 1346 post
2624 1287 2901 1335 extortam
2932 1287 3089 1356 aquis
3119 1289 3398 1351 ultricibus
3425 1299 3693 1373 animam,

2066 1373 2171 1417 nec
2230 1363 2400 1432 ipsam
2456 1365 2741 1426 inveniant
2821 1377 3152 1444 Sepultnram
3208 1384 3371 1456 (Lib.
3439 1405 3494 1445 IV
3525 1363 3691 1450 contr:

2069 1451 2312 1510 Creatori.
2332 1471 2452 1528 cap.
2475 1463 2563 1532 lli)
2577 1504 2590 1516 .

2148 1548 2479 1622 Loquamur,
2508 1555 2818 1612 charissim!
2852 1559 3078 1632 fratres,
3111 1561 3419 1629 schismatis
3448 1581 3640 1633 causas
3675 1594 3687 1634 :

2245 1613 2259 1621 _
2875 1613 3078 1632 -,_-_--,
3111 1613 3419 1629 η..........ι.σ
3448 1613 3640 1633 causas
3675 1622 3686 1634 .

314 1613 586 1697 siaucnsis
632 1635 916 1706 episcopus
965 1630 1285 1699 subscripsi.
1361 1625 1680 1729 Helpidius
1734 1633 1961 1690 Tusdri-
2009 1721 2012 1724 Ι
2067 1642 2191 1710 quia
2221 1644 2330 1710 jam
2390 1662 2499 1702 non
2559 1665 2854 1719 possumus
2891 1661 3071 1713 tacere
3105 1675 3387 1729 personas.
3421 1658 3690 1726 Maxima-

314 1747 476 1791 lanus
516 1733 803 1803 episcopus
846 1723 1166 1792 subscripsi.
1210 1723 1457 1777 Donatus
1499 1717 1957 1784 Sau'rurdatcnsis
2068 1750 2174 1789 anu
2228 1736 2348 1792 lidei
2391 1740 2692 1807 :cmulum,
2739 1745 2986 1802 Veritatis
3034 1747 3339 1810 adulterum
3366 1799 3381 1821 ,
3425 1760 3683 1816 Ecclesia:

313 1829 608 1898 episcopus
648 1819 964 1887 subscripsi.
1001 1815 1279 1871 Getnlicus
1324 1813 1782 1915 Victoriimensis
1835 1822 1955 1890 epi-

313 1935 518 1990 scopus
535 1913 852 1982 subscripsi.
885 1907 1224 1964 Annibooins
1248 1907 1625 1960 liabautensis
1655 1911 1953 1982 episeopus

315 2009 645 2081 subscripsi.
702 2006 835 2061 Item
866 1999 1440 2077 Anuibonins‘petitus
1495 2012 1525 2050 a
1573 2001 1799 2074 collega
1833 2022 1955 2062 meo

319 2103 594 2175 Augendo
641 2097 832 2154 Arensi
865 2096 1123 2166 episcopo
1154 2089 1467 2157 subscripsi.
1502 2087 1796 2148 Tertullus
1827 2097 1954 2153 Abi-

322 2200 498 2254 tensis
539 2195 830 2264 episcopus
877 2185 1199 2254 subscripsi.
1252 2181 1610 2235 Primulianus
1658 2186 1952 2258 episcopus

323 2289 650 2358 subscripsi.
726 2271 1105 2341 Secundianus
1159 2275 1950 2378 Aurisili‘anensis'episcopus

324 2381 652 2451 subscripsi.
685 2375 951 2431 Maximus
975 2370 1282 2427 Pitancnsis
1306 2370 1589 2437 episcopus
1621 2370 1944 2441 subscripsi.

322 2473 758 2530 Crescentiailu's
805 2463 1105 2522 Mnrrensis
1149 2461 1438 2530 cpiscOpus
1481 2456 1793 2530 Subscrip‘si.
1841 2463 1948 2518 Do-

329 2577 487 2623 natus
521 2561 854 2620 Beliniensis
878 2558 1167 2628 episeopus
1209 2549 1527 2622 subscripsi.
1584 2549 1946 2611 Perseveran-

328 2660 434 2716 tins
507 2655 842 2713 chestinns
914 2651 1207 2721 episcopus
1271 2644 1612 2730 subscripsi.
1654 2644 1946 2703 Fausdnus

329 2754 584 2810 Binensis
619 2732 908 2817 cpiscopus
953 2741 1271 2812 subscripsi.
1319 2737 1507 2793 Victor
1549 2735 1948 2842 Altiburilanus

329 2849 620 2916 cpiscopus
665 2841 980 2909 subscripsi.
1031 2836 1234 2892 Omnes
1294 2841 1520 2888 numero
1560 2836 1944 2902 Quinquaginta

332 2951 466 2997 πρε.

875 3046 1023 3102 ANNO
1056 3043 1250 3100 Deum
1281 3037 1406 3100 594.

1097 3160 1184 3214 VI.

573 3279 959 3338 SENTENTIA
987 3275 1277 3333 CONCILII
1318 3271 1728 3331 BAGAIENSIS

695 3411 727 3449 Λ
773 3401 1082 3448 ΒΟΝΑΤΝΤΙΒ
1127 3402 1393 3444 Ειηςαοιηε
1423 3397 1554 3442 CCCX

443 3489 549 3543 Pro
575 3487 846 3542 Primiano
877 3484 1064 3549 habiti,
1097 3483 1147 3536 in
1181 3481 1561 3536 Maximianum
1589 3477 1812 3549 ejuSque

609 3579 950 3633 ordinatores
980 3591 1042 3630 ac
1074 3577 1253 3630 socios
1286 3572 1649 3643 pronuntiata.

612 3667 720 3741 (Ex
761 3670 917 3723 variis
939 3667 1216 3738 Augustini
1245 3664 1370 3718 locis
1397 3662 1661 3731 collecta.)

400 3787 537 3841 Cum
569 3785 954 3855 Omnipotentis
985 3783 1077 3837 Dei
1123 3791 1178 3835 et
1225 3775 1427 3836 Christi
1473 3778 1589 3847 ejus
1631 3775 1932 3833 Salvatmis

329 3877 508 3935 nostri
573 3878 878 3939 voluntate,
936 3890 1003 3930 ex
1060 3873 1328 3928 universis
1391 3870 1680 3940 provinciis
1735 3867 1932 3960 Alricze

327 3971 650 4034 venientes,
710 3969 759 4022 in
804 3965 1044 4021 Ecclesia
1093 3973 1280 4020 saneta
1324 3957 1601 4034 Bagaiensi
1644 3957 1929 4017 concilium

328 4062 642 4137 gereremus
663 4105 676 4128 ,
717 4060 988 4116 Gamalius
1011 4103 1023 4126 ,
1055 4057 1356 4113 Primianus
1382 4102 1395 4124 ,
1429 4057 1650 4112 Pontius
1672 4100 1685 4122 ,
1719 4055 1927 4110 Secun-

329 4159 562 4222 diauus,
619 4153 939 4216 Januarius,
983 4150 1348 4215 Saturninus,
1396 4149 1578 4212 Felix,
1631 4145 1923 4215 Pegasius,

333 4253 589 4312 Rutinus,
620 4248 936 4314 Fortunius,
964 4246 1277 4316 CriSpinus,
1307 4245 1641 4309 Florentius,
1676 4243 1924 4313 Optatus,

331 4346 598 4409 Donatus,
637 4341 985 4403 Donatianus,
1031 4346 1088 4393 et
1109 4338 1314 4403 caueri,
1359 4351 1586 4391 numero
1619 4335 1842 4390 trecenti
1871 4344 1928 4390 et

330 4439 522 4494 decem
570 4454 582 4490 :
633 4434 842 4489 Placuit
874 4430 1096 4502 Spiritui
1135 4433 1323 4485 saneto
1349 4473 1363 4496 ,
1411 4431 1497 4500 qui
1533 4429 1584 4482 in
1612 4428 1766 4483 nobis
1798 4434 1925 4494 est,

2034 4240 2397 4298 bressitanum
2415 4287 2430 4311 ,

2065 1828 2252 1882 matris
2296 1831 2573 1888 inimicum
2600 1878 2614 1900 ,
2650 1836 2896 1903 Dathan,
2926 1839 3106 1897 Chorc
3152 1856 3206 1900 et
3265 1849 3470 1905 Abiron
3518 1855 3681 1907 mini-

2063 1933 2232 1977 Strum
2260 1966 2272 1988 ,
2299 1926 2367 1981 de
2399 1929 2550 1996 pacis
2579 1932 2792 1999 gremio
2823 1939 3109 1990 sententia:
3152 1925 3356 1996 fulmen
3391 1948 3632 2000 excussit
3663 1965 3674 1999 :

2061 2016 2277 2084 etquod
2301 2018 2480 2073 adhuc
2512 2036 2636 2074 eum
2690 2018 2984 2080 dehiscens
3036 2037 3182 2082 terra
3216 2048 3326 2086 non
3354 2035 3676 2104 absorbuit,

2060 2106 2126 2161 ad
2153 2109 2323 2177 majus
2345 2111 2671 2181 supplicium
2695 2118 2910 2184 superis
2943 2113 3268 2176 reschabit.
3299 2124 3505 2195 Raptus
3529 2132 3674 2185 enim

2059 2213 2271 2268 pinnam
2316 2215 2471 2258 suam
2499 2208 2828 2275 compendio
2857 2211 3165 2267 intraverat
3194 2213 3446 2285 funeris;
3481 2229 3675 2280 usuras

2058 2310 2199 2347 nunc
2224 2298 2508 2364 graviores
2538 2299 2746 2370 colligit
2774 2301 3002 2359 fauoris
3029 2343 3043 2370 ,
3074 2314 3198 2361 eum
3241 2313 3470 2369 martuis
3507 2316 3675 2373 inter-

2053 2395 2132 2439 est
2157 2386 2310 2439 vivns
2339 2387 2399 2456 (l.
2432 2389 2495 2442 de
2526 2388 2668 2446 Gest.
2702 2407 2820 2446 cum
2847 2393 3070 2466 Emer.).

2125 2474 2236 2530 Nec
2288 2478 2466 2532 solum
2496 2479 2640 2535 hunc
2685 2483 2909 2539 sceleris
2935 2487 3016 2539 sui
3053 2502 3199 2542 lllOl‘S
3237 2489 3381 2559 justa
3410 2495 3669 2552 condem-

2055 2577 2168 2623 nat.
2224 2567 2412 2626 Traliit
2459 2569 2621 2629 etiam
2652 2576 2718 2630 ad
2749 2565 3085 2634 couSortiuih
3118 2575 3360 2639 criminis
3402 2585 3668 2656 plurimos

2052 2668 2244 2716 eatena
2271 2667 2578 2737 sacrilegii,
2603 2669 2671 2725 de
2716 2667 2914 2740 quibus
2945 2676 3206 2743 scriptum
3239 2687 3321 2732 est
3354 2695 3366 2731 :
3401 2672 3666 2739 Venenum

2050 2755 2292 2825 aspiciam
2334 2759 2427 2812 sub
2465 2759 2616 2815 labiis
2644 2771 2850 2830 earum,
2893 2777 3112 2834 quorum
3146 2783 3199 2822 os
3231 2771 3590 2829 maledicllone
3617 2786 3666 2831 et

2050 2848 2401 2905 amaritudine
2436 2849 2647 2922 plenum
2698 2867 2806 2922 est,
2839 2862 3035 2916 veloces
3085 2863 3240 2933 pedes
3282 2879 3458 2920 eorum
3491 2870 3560 2922 ad
3586 2876 3665 2940 ef-

2049 2940 2377 3009 fundendum
2404 2944 2748 3018 Sanguinem;
2803 2955 3045 3007 contritio
3071 2963 3118 3008 et
3143 2957 3419 3028 infelicitas
3466 2957 3519 3015 in
3564 2959 3662 3016 viis

2050 3042 2252 3100 eorum,
2283 3047 2329 3089 et
2360 3039 2494 3091 viam
2534 3043 2674 3108 pacis
2718 3051 2819 3097 non
2851 3060 3195 3118 cognoverunt
3224 3067 3243 3105 :
3274 3068 3375 3107 non
3403 3067 3475 3109 est
3507 3058 3664 3114 timor

1972 3123 2017 3183 C
2053 3123 2152 3179 Dei
2182 3135 2300 3182 ante
2340 3131 2518 3186 oculos
2543 3145 2740 3188 eorum.
2776 3135 3053 3195 Nollemus
3085 3143 3303 3212 quidem
3332 3158 3661 3218 quemquam

2049 3227 2079 3274 e
2131 3221 2336 3289 proprii
2387 3227 2912 3298 corporisjunctura
2972 3235 3190 3303 prrccidi
3233 3239 3370 3303 ;scd
3401 3243 3657 3306 quoniam

2050 3310 2377 3368 tabescentis
2411 3316 2648 3372 vulneris
2699 3323 2932 3389 putredo
2966 3325 3222 3394 pcsnfera
3259 3329 3377 3398 plus
3410 3325 3570 3387 habet
3602 3333 3657 3389 in

2046 3401 2381 3459 abscissionc
2435 3403 2715 3465 solaminis
2761 3427 2920 3483 Quam
2955 3417 3008 3471 in
3039 3417 3361 3477 remissione
3411 3425 3657 3480 medica-

2047 3497 2237 3559 minis;
2271 3498 2486 3555 iureuta
2533 3514 2615 3557 est
2658 3519 2820 3561 causa
2868 3510 3167 3579 salubrior,
3198 3529 3266 3569 ne
3321 3533 3415 3585 per
3460 3527 3654 3574 cuncta

2043 3587 2284 3644 membra
2320 3591 2579 3659 pestilens
2614 3593 2811 3668 irrepat
2851 3601 3016 3669 virus,
3054 3609 3108 3656 ut
3139 3608 3528 3676 compendiosa
3558 3611 3656 3664 do-

2041 3681 2157 3735 lore
2176 3693 2362 3737 natum
2389 3686 2604 3742 decidat
2632 3691 2827 3745 vulnus
2852 3691 2992 3764 (eod.
3017 3695 3157 3765 lib).

2113 3771 2329 3829 Famosi
2360 3793 2486 3848 ergo
2509 3784 2754 3838 criminis
2782 3799 2904 3840 reos
2928 3830 2941 3852 ,
2968 3771 3336 3848 Victoriannm
3364 3791 3653 3857 Careabia-

2043 3883 2264 3924 neusem
2285 3912 2298 3935 ,
2336 3872 2655 3930 Martialium
2681 3877 3032 3936 Sullectinum
3052 3927 3066 3950 ,
3095 3885 3351 3942 Baianum
3383 3885 3651 3949 Baianeué

2038 3975 2184 4030 sem,
2237 3957 2478 4021 Salvium
2533 3965 2984 4041 Ausaphensem,
3039 3975 3389 4037 Theodorum
3418 3973 3650 4044 Usulen-

2036 4053 2149 4109 sem
2174 4097 2188 4119 ,
2225 4056 2489 4114 Donatum
2513 4061 2893 4121 Sabrateusem
2918 4111 2931 4134 ,
2971 4067 3270 4139 Miggenem
3320 4075 3649 4144 Elepbauta-

2035 4149 2271 4202 riensem
2293 4191 2308 4215 ,
2338 4149 2722 4210 Prietcxtatum
2755 4155 3136 4216 Assuritanum
3162 4205 3176 4229 ,
3210 4161 3446 4228 Salvium
3481 4168 3648 4226 Meni-

2510 4245 2784 4304 Valerium
2868 4247 3249 4320 Melzilauum,
3310 4257 3644 4322 Felicianum

2036 4333 2412 4400 Muslitanum,
2444 4337 2497 4392 et
2528 4339 2829 4398 Martialem
2864 4341 3242 4403 Pertusenscm
3275 4392 3286 4413 ,
3317 4352 3402 4421 qui
3429 4351 3643 4415 l‘uiiesto

2035 4437 2227 4498 opere,
2265 4429 2582 4498 perditionis
2615 4450 2708 4490 vas
2759 4437 3037 4494 sordidum
3080 4443 3305 4500 collecta
3338 4447 3642 4510 faceulcutia

332 4547 521 4605 pacem
575 4531 787 4585 [innare
837 4499 1148 4598 perpetuam
1176 4567 1192 4590 ,
1243 4536 1298 4581 et
1343 4526 1635 4580 schismata
1676 4539 1928 4579 resecare
1953 4499 2008 4562 Β
2035 4519 2366 4593 glutinarunt
2401 4525 2459 4595 (l.
2497 4543 2553 4582 Ill
2583 4539 2751 4583 contr:
2779 4529 2952 4588 Cresc.
2986 4554 3103 4604 cap.
3150 4538 3244 4608 5'5)
3279 4544 3408 4596 :scd
3457 4555 3509 4599 ct
3537 4545 3639 4603 cie?

334 4624 594 4694 Sacrilega
629 4621 765 4694 (Lib.
798 4638 851 4676 IV
885 4633 1048 4675 contr.
1076 4618 1318 4674 Crescon.
1354 4635 1470 4686 cap.
1506 4615 1617 4689 I0).

406 4716 593 4786 Optata
622 4714 836 4785 quidem
867 4713 1012 4784 pacis
1042 4719 1096 4766 et
1124 4711 1427 4766 concordiae
1464 4717 1548 4765 est
1581 4709 1764 4779 juncta
1801 4725 1928 4778 ger-

337 4809 599 4876 manitas,
629 4807 766 4862 sicut
788 4807 1046 4876 scriptqu
1074 4813 1156 4859 est
1192 4822 1204 4857 :
1232 4801 1445 4858 Justitia
1473 4812 1520 4856 et
1550 4817 1654 4872 pax
1683 4801 1934 4855 osculata:

336 4913 455 4957 sunt
485 4897 698 4955 invicem
728 4899 891 4970 (Ibid.
922 4916 1038 4968 cap.
1074 4890 1186 4999 1-6):
1336 4990 1345 4999 Ι
1553 4995 1566 4999 Α
1731 4997 1734 4999 _
1897 4987 1930 4999 Δ.

411 4995 562 5050 Licet
584 4993 724 5049 enim
756 4993 954 5063 viperei
980 4990 1198 5046 seminis
1226 4990 1413 5043 noxios
1450 4995 1635 5059 partus
1678 4990 1932 5043 venenati

341 5088 482 5144 uteri
514 5088 697 5143 alveus
744 5085 833 5139 diu
873 5085 1067 5138 texerit
1108 5099 1120 5136 :
1171 5091 1223 5136 et
1262 5080 1510 5150 eonccpti
1562 5079 1784 5134 sceleris
1826 5079 1932 5134 uda

341 5185 564 5252 coagula
586 5225 600 5250 ,
628 5182 680 5236 in
703 5177 948 5250 aspidum
981 5177 1216 5230 membra
1255 5175 1407 5230 tardo
1443 5189 1502 5229 se
1539 5173 1721 5228 calore
1760 5175 1931 5241 vapo-

342 5277 614 5343 raverint;
663 5273 839 5328 tamen
870 5277 1183 5339 conceptum
1209 5267 1354 5323 virus
1379 5309 1392 5333 ,
1424 5275 1785 5321 evanescente
1813 5277 1935 5319 um.

343 5369 603 5434 braculo,
639 5363 899 5423 occultari
929 5375 1032 5416 non
1073 5362 1243 5432 potuit
1283 5377 1296 5414 :
1337 5371 1458 5414 nam
1496 5357 1597 5413 etsi
1629 5368 1786 5421 sero,
1835 5369 1930 5426 pu.

344 5464 540 5518 blicnm
597 5463 770 5513 tamen
828 5454 1035 5510 facinus
1080 5461 1134 5508 et
1172 5451 1513 5522 parricidium
1556 5465 1755 5515 suum,
1803 5446 1930 5506 lteta

343 5555 612 5613 scelerum
638 5555 759 5605 vela
777 5553 1112 5618 pepererunt.
1128 5544 1280 5611 Quod
1306 5552 1430 5597 ante
1465 5539 1776 5612 praedictum
1802 5551 1887 5597 est
1911 5559 1925 5596 :

351 5643 604 5700 Parturiit
651 5641 986 5712 injuslitiam,
1042 5635 1270 5706 concepit
1319 5628 1584 5702 dolerent,
1637 5647 1682 5690 et
1733 5635 1932 5705 peperit

351 5738 688 5811 iniquitatem.
728 5731 830 5789 Sed
878 5727 1126 5801 quoniam
1156 5742 1400 5785 serenum
1429 5731 1538 5801 jam
1566 5729 1733 5801 fulget
1768 5747 1799 5785 e
1829 5741 1930 5786 nu-

2037 4617 2178 4672 ricos
2201 4617 2491 4686 aliquando
2516 4620 2775 4677 Ecclesia:
2818 4624 3163 4696 Carthaginis
3187 4671 3200 4693 ,
3231 4632 3318 4698 qui
3345 4632 3470 4689 dum
3504 4629 3638 4692 iaci;

2038 4713 2155 4764 nori
2191 4711 2706 4783 iutersuutillicito,
2758 4716 2983 4772 incestui
3035 4717 3381 4788 pra-buerunt
3432 4727 3642 4785 lenoci-

2041 4802 2186 4856 nium
2213 4845 2226 4867 ,
2264 4803 2353 4858 Dei
2390 4805 2728 4874 prarsidenlis
2761 4809 3026 4876 arbitrio,
3065 4813 3385 4870 uiiivcrsalis
3421 4813 3643 4878 Concilii

2040 4899 2135 4949 ore
2165 4896 2402 4950 veridico
2429 4939 2442 4962 ,
2488 4895 2772 4957 damnatos
2799 4918 2919 4958 esse
2963 4899 3290 4973 Cognoscite.
3322 4903 3426 4965 Eos
3457 4920 3639 4969 autem

2042 5001 2178 5058 quos
2223 4990 2494 5060 sacrilegii
2529 4995 2729 5049 surculi
2760 5011 2864 5050 non
2908 4996 3153 5068 polluere
3198 4997 3464 5069 plantaria
3487 5049 3501 5070 ,
3534 5001 3639 5064 hoc

2042 5089 2127 5136 est
2149 5123 2162 5146 ,
2193 5082 2280 5150 qui
2310 5095 2338 5135 a
2391 5081 2697 5141 Maximiani
2728 5089 2902 5156 capite
2929 5131 2943 5155 ,
2998 5087 3244 5159 proprias
3270 5103 3461 5153 manus
3486 5115 3639 5154 vere-

2043 5171 2217 5228 eundo
2250 5172 2369 5227 ﬁdei
2406 5173 2608 5243 pudore
2638 5189 3017 5244 t'etraX'ertlul,
3069 5181 3133 5237 ad
3187 5195 3414 5242 matrem
3448 5171 3637 5246 Eccle-

2042 5267 2174 5322 siam
2204 5266 2383 5322 redire
2415 5270 2757 5338 permisimus
2787 5272 2845 5344 (l.
2877 5272 2940 5327 de
2967 5271 3108 5330 Gest.
3142 5295 3257 5333 cum
3287 5277 3506 5353 Eruet).

2115 5359 2322 5415 Placuit
2344 5365 2519 5415 tamen
2545 5361 2763 5418 decreto
2800 5367 3013 5421 Cuncilli
3037 5411 3050 5434 ,
3079 5369 3393 5428 dilationem
3430 5385 3639 5444 tempo-

2042 5451 2116 5508 ris
2159 5451 2295 5519 dari,
2331 5453 2470 5507 intra
2495 5455 2638 5523 quod
2683 5456 2726 5511 si
2761 5457 2881 5526 quis
2924 5461 3120 5531 corrigi
3164 5463 3454 5530 voluisset,
3487 5462 3639 5521 iuno;

2039 5558 2169 5602 cens
2218 5544 2510 5602 haberetur
2554 5547 2615 5620 (l.
2653 5566 2705 5605 IV
2747 5561 2911 5608 contr.
2945 5553 3119 5610 Cresc.
3157 5569 3271 5628 cap.
3320 5555 3432 5627 54).
3465 5557 3639 5642 Quam

2041 5647 2151 5692 tum
2184 5640 2325 5693 enim
2356 5637 2423 5694 de
2476 5653 2696 5696 reorum
2742 5654 2914 5701 morte
2961 5645 3275 5716 purgamur,
3310 5655 3515 5703 tantum
3567 5637 3643 5710 de

2039 5730 2404 5787 innocentium
2439 5732 2614 5789 reditu
2642 5737 2973 5806 gratulamur
3020 5735 3249 5808 (Eodem
3279 5739 3317 5794 ι.
3343 5757 3388 5795 c.
3420 5741 3535 5812 35).
3629 5805 3636 5819 ι
