4130 6170
619 225 756 284 1191

617 444 838 490 aretata:
878 435 983 490 diei
1026 449 1277 504 pressura
1310 435 1610 501 subducat;
1643 435 2065 504 agnoscentibus
2095 434 2217 504 qui-

615 526 854 583 buslibet
889 529 1047 598 longe
1080 528 1428 584 manentibus
1467 527 1903 599 prmcedentibus
1959 528 2179 581 statutis
2204 568 2217 590 ,

617 621 889 678 universis
916 636 1086 691 usque
1111 621 1179 676 ad
1200 622 1344 678 diem
1371 631 1622 678 octavum
1650 621 2002 676 kalendarum
2025 618 2221 674 Janua-

616 713 684 770 rii
715 713 958 784 proxime
982 713 1278 770 futurarum
1301 756 1316 781 ,
1349 715 1640 786 agnitionis
1669 714 1955 781 pandimus
1977 713 2219 783 januam,

620 813 682 860 ut
703 805 900 875 integri
953 806 1174 862 honoris
1216 822 1280 863 ac
1320 808 1444 862 ﬁdei
1487 807 1722 878 regressi
1764 805 2001 862 habeant
2029 805 2223 860 funda-

613 905 792 954 menta
829 912 1032 968 :quam
1060 897 1106 953 si
1157 897 1440 969 quisquam
1472 896 1682 969 ingredi
1727 898 2031 968 nequiverit
2070 895 2222 968 pigra

621 990 884 1062 segnitie;
927 990 1066 1046 sciat
1093 990 1199 1046 sibi
1246 991 1313 1047 ad
1363 1007 1554 1048 omnes
1597 991 1841 1048 veniales
1877 992 2086 1058 aditus,
2127 1006 2223 1046 sua

615 1081 898 1138 voluntate
939 1081 1082 1137 viam
1117 1098 1240 1139 esse
1266 1085 1608 1142 subductam.
1641 1085 1874 1141 Manebit
1910 1085 2052 1139 ettim
2079 1083 2222 1138 circa

618 1189 714 1231 eos
731 1175 878 1230 dicta
899 1177 1187 1243 sententia,
1205 1186 1259 1231 et
1282 1185 1404 1246 post
1432 1177 1794 1248 praestitutum
1817 1177 1960 1231 diem
1990 1175 2223 1230 redeun-

616 1267 762 1324 tibus
791 1265 896 1322 ﬁxa
932 1267 1248 1336 paenitentia
1281 1269 1343 1341 (ι.
1379 1285 1436 1324 1v
1469 1280 1636 1324 contr.
1689 1268 1863 1324 Cresc.
1884 1286 2000 1336 cap.
2031 1267 2112 1340 4).

690 1361 825 1416 Data
853 1360 1017 1432 Bagai
1075 1362 1126 1415 in
1155 1360 1403 1417 Numidia
1455 1379 1550 1417 vnt
1581 1362 1844 1418 kalendas
1891 1362 2056 1416 Maias
2106 1370 2229 1432 post

617 1454 958 1508 consulatum
1010 1453 1302 1509 Theodosii
1355 1455 1581 1526 Augusti
1608 1454 1710 1521 III,
1736 1456 2020 1512 consulatu
2045 1455 2230 1526 Augu-

615 1555 824 1604 storum
854 1547 1076 1604 Arcadii
1106 1548 1174 1603 III
1205 1558 1261 1603 et
1312 1548 1534 1604 llonorii
1574 1551 1770 1605 iterum
1829 1549 1888 1620 (ι.
1948 1565 2002 1606 nt
2047 1557 2229 1604 contra

616 1639 788 1695 Cresc.
818 1655 936 1712 cap.
962 1641 1052 1707 56,
1079 1650 1128 1695 et
1155 1641 1194 1695 ι.
1221 1656 1273 1695 ιν
1294 1657 1340 1695 c.
1374 1640 1493 1713 39).

1027 1734 1399 1791 lnteriuerunt
1425 1736 1681 1807 Episcopi
1713 1737 1842 1792 510.

1164 1873 1316 1929 Anno
1346 1872 1544 1928 Donum
1583 1873 1714 1929 395.

1369 1987 1483 2042 VII.

1068 2099 1390 2157 SUPPLEX
1428 2099 1771 2158 LIBELLUS

619 2230 904 2272 PERBGRINI
943 2228 1262 2270 PRESBYTERI
1301 2231 1367 2270 ET
1406 2229 1672 2270 SENIORUII
1714 2230 1989 2271 ECCLBSIE
2029 2231 2220 2271 υυετι-

945 2323 1100 2363 TANE
1140 2322 1381 2363 REGIONIS
1435 2323 1896 2364 PRIIILNISTARUI

1049 2430 1327 2487 Adversus
1354 2429 1802 2488 Maximianistas.

696 2546 804 2622 (Ex
823 2547 1134 2620 Augustino,
1158 2545 1248 2601 lib.
1273 2562 1329 2601 tv
1363 2554 1544 2602 contra
1574 2546 1901 2602 Cresconiunt
1924 2564 2041 2619 cap.
2063 2547 2146 2619 4.)

691 2661 822 2717 Post
849 2661 1187 2718 consulatum
1214 2658 1558 2715 dominorum
1582 2658 1798 2715 Arcadii
1826 2660 1892 2716 IlI
1917 2670 1972 2716 et
1999 2660 2222 2716 Honorii

618 2755 812 2812 iterum
842 2759 1227 2825 Augustorum,
1246 2762 1401 2809 sexto
1430 2769 1602 2809 nonas
1629 2753 1870 2820 Martias,
1890 2753 2222 2824 Carthagine

616 2849 671 2906 in
699 2849 994 2906 secretario
1028 2848 1264 2918 praetorii
1319 2847 1562 2902 Titianus
1607 2846 1742 2902 dixit
1796 2865 1811 2901 :
1847 2866 1867 2898 ι
1897 2846 2222 2918 Peregrinus

618 2945 906 3017 presbyter
932 2954 988 2999 et
1035 2944 1282 2999 seniores
1311 2940 1574 2997 Ecclesiae
1623 2941 1928 2996 Mustitanaa
1985 2943 2223 3013 regionis

623 3036 733 3091 tale
760 3035 1094 3090 desiderium
1127 3043 1547 3106 prosequuntur.
1579 3031 1714 3089 Cum
1748 3033 2007 3089 Ecclesia:
2028 3033 2222 3090 catho-

1837 213 2296 281 tMONUMENTA
2343 216 2620 276 VETERA

615 354 623 402 ε
690 341 769 398 Ac
797 354 865 397 ne
893 349 1177 413 angustum
1200 339 1555 396 redeuntibus
1586 349 1821 412 tempus,
1848 353 1998 410 spem
2034 338 2221 393 salutis
2249 341 2297 398 A

2255 1728 2304 1790 Β

3713 233 3815 291 1192

2721 337 2884 410 208
2923 338 3073 394 Anno
3112 337 3306 396 DOIINI
3343 339 3460 397 397.

3059 430 3189 487 Vlll.

2459 547 2836 605 DECRETUM
2865 547 3457 606 CARTHAGINENSIS
3477 550 3726 610 CONCILII

2541 657 2607 696 DE
2651 656 2911 696 PARVULIS
2949 658 2982 696 Α
3021 655 3332 697 ινοκΑτιετιε
3367 658 3662 701 BAPTIZATIS.

2919 736 3056 792 CAN.
3102 735 3329 791 XLVIII.

2399 848 2473 903 De
2503 849 2796 904 Donatistis
2853 849 3089 919 placuit,
3134 861 3193 905 ut
3232 851 3558 909 consulamus
3595 855 3756 912 fratres
3795 869 3835 916 et

2325 942 2745 997 consacerdotes
2771 954 2987 1024 nosnos
3039 944 3290 1000 Siricium
3340 947 3358 1014 (
3389 961 3644 1002 romanum
3664 949 3837 1020 Episco-

2327 1048 2453 1103 pum
2481 1033 2502 1104 )
2545 1043 2599 1089 et
2627 1034 3035 1104 Simpliciannm
3069 1036 3087 1106 (
3122 1037 3560 1096 Mediolanensem
3587 1039 3624 1110 ),
3650 1041 3706 1097 de
3740 1043 3840 1099 solis

2327 1124 2620 1179 infantibus
2646 1127 2736 1195 qui
2778 1127 3122 1196 baptizantur
3169 1142 3334 1198 penes
3373 1129 3605 1197 eosdem,
3642 1147 3700 1188 ne
3732 1134 3840 1204 quod

2327 1229 2426 1270 suo
2459 1231 2563 1272 non
2595 1216 2840 1273 fecerunt
2867 1219 3099 1288 judicio,
3132 1236 3255 1275 eum
3284 1221 3348 1276 ad
3379 1222 3654 1279 Ecclesium
3680 1225 3753 1281 Dei
3775 1242 3840 1281 sa-

2328 1307 2468 1363 lubri
2502 1309 2782 1380 proposito
2808 1311 3009 1367 fuerint
3036 1313 3316 1380 conversi,
3351 1323 3612 1385 parentum
3660 1316 3758 1372 illos
3781 1332 3844 1371 er-

2328 1415 2421 1457 ror
2477 1402 2763 1474 impediat,
2809 1419 2876 1461 ne
2918 1417 3340 1475 promoveantur
3379 1409 3514 1464 sacri
3539 1409 3703 1464 altaris
3727 1410 3846 1464 minio

2328 1495 2447 1549 stri.

2828 1591 2980 1648 Anno
3010 1591 3354 1649 Doutn1598.

3089 1683 3180 1739 IX.

2489 1772 2556 1827 IN
2598 1772 3014 1831 HERETICOS
3068 1775 3433 1833 THEODOSII
3470 1776 3726 1833 MAJOIiIS

2930 1882 3305 1935 cons'rtwrto,

2327 1956 2618 2014 Decernens
2660 1961 2906 2015 mulclam
2949 1965 3214 2017 aurarium
3241 2005 3255 2031 ,
3294 1965 3365 2017 ad
3397 1981 3546 2035 quam
3588 1965 3708 2034 ipsos
3742 1962 3850 2016 etiam

2401 2050 2702 2106 Donatistas
2726 2069 2840 2107 cum
2871 2056 3069 2109 cwteris
3097 2055 3350 2110 Itaaretict's
3373 2057 3613 2126 pertinere
3630 2096 3642 2118 ,
3690 2051 3850 2108 Arcadii

2399 2155 2448 2199 et
2479 2144 2708 2200 Honorii
2737 2148 2987 2217 rescripto
3017 2160 3196 2218 postea
3232 2148 3547 2202 declaratum
3568 2149 3655 2220 fuit
3695 2143 3850 2218 (alii.

2397 2253 2453 2292 ιιι
2479 2249 2656 2293 contra
2673 2237 3003 2293 Cresconium
3032 2282 3045 2306 ,
3079 2257 3133 2294 η.
3167 2242 3233 2296 51
3260 2258 3274 2306 ;
3308 2251 3357 2296 et
3385 2243 3529 2312 epist.
3555 2240 3674 2308 I85,
3701 2257 3743 2292 η.
3766 2236 3850 2307 25).

2403 2345 2576 2418 Impp.
2607 2347 2946 2405 Tueonosms
2973 2361 3027 2407 et
3048 2351 3324 2408 ARCADIUS
3352 2355 3466 2408 AA.
3499 2353 3694 2408 'I‘atiano
3712 2347 3852 2404 PF.P.

2394 2458 2450 2512 In
2520 2459 2791 2515 haereticis
2843 2462 3118 2518 erroribus
3163 2480 3533 2537 quoscumque
3574 2461 3851 2524 constiterit,

2326 2551 2414 2606 vel
2445 2551 2724 2608 ordinasse
2745 2553 2974 2610 clericos
2993 2597 3008 2621 ,
3043 2557 3132 2612 vel
3162 2559 3472 2628 suscepisse
3506 2558 3713 2612 ottieium
3742 2552 3856 2608 cleri-

2325 2643 2558 2699 ricorum
2586 2686 2600 2710 ,
2640 2645 2797 2701 denis
2826 2647 2977 2703 libris
3005 2651 3124 2704 auri
3161 2652 3365 2706 viritim
3410 2649 3719 2706 mulctaudos
3763 2659 3853 2701 esse

2325 2752 2633 2794 censemus.
2655 2739 2857 2796 Locum
2883 2755 3016 2798 sane
3038 2744 3092 2798 in
3113 2760 3222 2815 quo
3246 2746 3412 2801 vetita
3433 2754 3698 2809 tentantur,
3715 2741 3749 2795 si
3765 2754 3860 2794 con-

2329 2835 2563 2891 niventia
2581 2835 2787 2891 domini
2811 2837 3066 2905 patuerit,
3085 2839 3198 2894 [isei
3224 2841 3397 2895 nostri
3416 2840 3608 2894 viribus
3620 2832 3854 2908 aggregari.

2327 2927 2480 2993 Quod
2509 2927 2558 2984 si
2603 2929 2655 2983 id
2695 2943 3062 3000 possessorem
3088 2931 3332 3003 (quippe
3367 2932 3656 2987 clanculum
3678 2925 3858 3000 gestum)

2330 3023 2606 3094 ignorasse
2655 3023 2992 3092 constiterit,
3051 3025 3445 3084 conductorem
3489 3027 3600 3096 ejus
3650 3019 3796 3082 fundi,
3830 3014 3862 3068 si

619 3126 742 3184 lica:
772 3129 1113 3184 sanctitatem
1147 3129 1232 3182 vir
1268 3125 1545 3182 memoriae
1578 3126 1899 3182 venerabilis
1941 3127 2009 3180 ab
2038 3142 2224 3183 errore
2252 3117 2296 3180 C
2329 3118 2591 3188 ingenuus
2613 3127 2723 3183 est.
2755 3118 2940 3172 decem
2989 3121 3106 3173 auri
3130 3119 3304 3176 libras
3349 3121 3481 3177 ﬁsco
3509 3127 3677 3175 IIOSll‘O
3715 3112 3864 3169 ίηίειτθ

619 3220 863 3292 perﬁdite
910 3220 1154 3275 Donatus
1201 3228 1508 3286 assereret;
1540 3219 1594 3274 in
1625 3219 1742 3289 ejus
1781 3233 1978 3274 nomen
2010 3228 2066 3274 et
2108 3220 2225 3275 eul-

621 3321 768 3380 tum,
805 3312 989 3368 mundi
1033 3328 1168 3382 pene
1211 3315 1379 3368 totius
1409 3313 1752 3368 observantia
1778 3313 1980 3368 nutrita
2001 3314 2220 3368 coaluit.

622 3403 733 3460 Sed
781 3419 904 3459 eum
963 3404 1082 3473 ejus
1132 3404 1410 3474 religionis
1460 3403 1782 3458 laudandum
1811 3405 2223 3475 mirandumque

621 3496 988 3566 propositum,
1015 3495 1322 3559 Maximiani
1350 3495 1629 3564 cujusdam
1657 3510 1863 3550 venena
1892 3496 2219 3566 polluerent;

620 3587 920 3642 multorum
947 3595 1122 3642 coetus
1141 3587 1439 3640 antistitum
1465 3584 1520 3639 in
1545 3601 1707 3640 unum
1739 3585 1848 3641 Deo
1880 3587 2224 3657 conspirante

616 3679 899 3747 collectus,
934 3678 1208 3735 hominem
1235 3677 1321 3733 vel
1363 3678 1544 3749 potius
1586 3686 1821 3748 pestem,
1858 3694 1980 3750 qum
2029 3694 2224 3750 super-

618 3791 703 3830 nae
729 3774 1005 3845 displicuit
1045 3773 1348 3844 majestati,
1375 3774 1539 3829 etiam
1583 3788 1731 3843 purae
1759 3773 1958 3829 mentis
2006 3774 2222 3844 propria

618 3867 947 3923 coercitione
976 3865 1273 3920 damnavit.

696 3976 716 4009 ι
749 3957 858 4011 Eos
883 3970 1097 4026 quoque
1117 3997 1134 4022 ,
1167 3969 1305 4024 quos
1335 3953 1525 4008 alienae
1580 3955 2020 4026 praesumptionis
2070 3970 2223 4011 error

615 4055 949 4112 attraxerat,
977 4055 1134 4117 portu
1185 4046 1368 4116 primo
1401 4048 1678 4117 proposito
1707 4047 2037 4116 ptenitendi,
2061 4048 2107 4103 si
2136 4063 2222 4104 re-

614 4144 752 4200 verti
787 4151 1054 4214 cuperent
1101 4142 1241 4198 intra
1286 4152 1500 4213 tempus
1528 4142 1596 4197 ad
1642 4143 1920 4214 religionis
1951 4142 2221 4198 tramitem

612 4236 1006 4309 praestitutum,
1049 4235 1161 4306 pari
1203 4235 1403 4307 vigoris
1444 4234 1817 4292 admonitione
1860 4237 2219 4308 compescuit.

614 4329 722 4387 Sed
755 4330 864 4384 suis
896 4328 1152 4383 institutis
1196 4328 1452 4399 iniquitas
1497 4328 1823 4397 delectatur,
1854 4339 1908 4385 et
1959 4331 2218 4401 semetip-

611 4435 730 4476 sam
782 4435 888 4473 non
921 4418 1160 4484 deserit,
1187 4435 1307 4473 eum
1348 4420 1515 4474 semel
1560 4419 1895 4490 praecipitata
1929 4421 2218 4477 corruerit.

611 4508 758 4567 Idem
785 4526 1018 4582 namque
1043 4510 1400 4566 Maximianus
1437 4523 1673 4583 coeptam
1705 4513 1874 4568 nutrit
1900 4513 2212 4579 audaciam,
2247 4497 2298 4559 Ῑ)

609 4614 667 4660 et
691 4605 826 4660 alios
852 4605 1072 4660 sibimet
1099 4604 1379 4660 consociat
1399 4603 1464 4660 ad
1488 4604 1754 4661 furorem.

687 4715 707 4748 ‹
746 4697 892 4777 Inter
924 4713 1060 4768 quos
1088 4697 1251 4753 etiam
1282 4695 1584 4752 Felicianus
1629 4697 1882 4768 quidam,
1919 4699 2012 4770 qui
2039 4700 2214 4769 primo

606 4800 757 4847 recta
798 4799 1073 4856 sectatus,
1121 4787 1533 4858 depravationis
1590 4788 1749 4859 hujus
1799 4791 2213 4848 attaminatione

606 4881 845 4938 iuseatus
865 4924 881 4949 ,
909 4882 965 4937 in
996 4882 1285 4936 Mustitana
1319 4882 1526 4951 positus
1548 4881 1763 4937 civitate
1782 4924 1795 4946 ,
1830 4882 1942 4939 Deo
1968 4885 2214 4955 omnipo-

609 4974 742 5029 tenti
774 4975 1010 5044 parietes
1032 4985 1402 5039 consecratos,
1434 4985 1488 5030 et
1521 4976 1817 5030 Ecclesiam
1849 4979 2210 5034 venerandam

606 5067 762 5138 quasi
787 5067 1020 5139 quadam
1051 5068 1334 5124 obsidione
1363 5067 1594 5124 credidit
1634 5070 1992 5127 retinendam.

683 5179 704 5212 ‹
736 5159 890 5216 Hunc
919 5161 1083 5216 etiam
1112 5160 1476 5217 Przetextatus
1507 5161 1559 5216 in
1591 5155 1926 5219 Assuritanis
1973 5166 2215 5236 partibus

605 5252 870 5309 imitatur.
905 5251 1014 5309 Sed
1044 5267 1167 5308 cum
1204 5254 1474 5325 aequitatis
1499 5263 1602 5309 tua:
1648 5255 2018 5314 innmesceret
2056 5267 2213 5328 pote-

601 5345 730 5404 stati
757 5346 1095 5402 consortium
1150 5347 1528 5416 sacerdotum,
1578 5349 1823 5417 jttssisti,
1854 5359 1908 5404 ut
1949 5361 2101 5420 gesta
2131 5359 2208 5406 te-

598 5451 836 5509 stantur,
860 5441 1087 5512 exploso
1109 5441 1261 5498 omni
1287 5441 1740 5498 contradictionis
1786 5442 2003 5509 effectu,
2031 5459 2212 5499 sacra-

597 5533 822 5589 tissimis
867 5534 1248 5591 sacerdotibus
1293 5549 1323 5588 a
1367 5533 1610 5603 profanis
1635 5535 1904 5590 mentibus
1937 5536 2208 5593 Ecclesias

597 5626 896 5684 vindieatas
929 5637 1185 5697 oportere
1221 5625 1431 5680 restitui
1466 5644 1484 5678 ι
1539 5625 1618 5696 (ι.
1673 5643 1730 5682 nt
1760 5637 1926 5684 contr.
1960 5625 2201 5686 Crescon.

599 5714 719 5773 56).

2326 3210 2700 3281 praecipimus;
2731 3211 2776 3266 si
2824 3211 3006 3267 servili
3040 3212 3171 3268 faece
3197 3213 3569 3280 descendens,
3616 3211 3864 3282 paupertate

2323 3305 2409 3360 sui
2437 3320 2650 3375 ptenam
2679 3305 2860 3360 damni
2908 3322 2972 3362 ac
3001 3307 3215 3364 vilitate
3255 3310 3557 3364 contemnit
3578 3349 3592 3375 ,
3621 3316 3767 3361 caesus
3807 3297 3865 3350 fu-

2323 3397 2499 3452 stibus
2520 3397 2898 3468 deportatione
2925 3399 3297 3457 damnabitur.
3317 3402 3455 3458 Tum
3479 3400 3604 3457 illud
3621 3393 3864 3469 specialiter

2326 3504 2732 3559 praecavemus,
2766 3501 2826 3546 ut
2870 3492 2916 3546 si
2944 3492 3070 3547 villa
3101 3493 3382 3552 dominica
3407 3495 3597 3558 fuerit,
3637 3506 3719 3547 seu
3735 3485 3867 3554 cujuS°

2324 3583 2452 3639 libet
2485 3585 2682 3654 publici
2707 3587 2876 3656 juris,
2906 3596 2960 3642 et
2979 3587 3285 3646 conductor
3311 3599 3369 3647 et
3389 3598 3690 3664 procurator
3735 3585 3863 3638 licen-

2325 3676 2452 3730 tiam
2484 3677 2693 3732 dederit
2737 3680 3063 3751 colligendi,
3115 3683 3277 3740 denis
3311 3686 3465 3741 libris
3508 3684 3619 3740 auri
3653 3673 3866 3752 proposila

2322 3772 2775 3829 condemnatione
2829 3776 3176 3832 mulctentnr.
3231 3779 3434 3836 Verum
3475 3781 3519 3834 si
3568 3790 3692 3849 quos
3718 3770 3864 3828 talibus

2325 3876 2573 3936 repertos
2593 3867 2964 3925 obsecundare
2987 3873 3265 3941 mysteriis
3283 3917 3298 3940 ,
3333 3889 3398 3929 ac
3427 3874 3526 3928 sibi
3555 3881 3784 3941 usurpare
3803 3877 3870 3916 n0-

2324 3959 2470 4012 mina
2505 3953 2828 4016 clericorum
2873 3960 2984 4030 jam
3020 3979 3161 4019 nunc
3217 3966 3494 4034 proditum
3535 3963 3710 4023 fuerit,
3747 3957 3871 4013 denas

2324 4047 2486 4104 libras
2513 4052 2629 4106 auri
2658 4051 2799 4123 exigi
2838 4053 3078 4124 singulos
3108 4067 3160 4111 et
3182 4057 3396 4114 inferre
3427 4055 3760 4129 praecipimus.
3783 4051 3873 4102 Dat.

2327 4156 2444 4196 xvtt
2461 4139 2571 4198 kal.
2596 4142 3127 4218 JuLConstantinop.
3159 4147 3372 4205 Arcad.
3405 4158 3539 4206 utet
3561 4146 3734 4203 Ruﬁno
3754 4141 3870 4197 COSS-

2857 4261 3012 4318 ΔιηΝο
3052 4263 3253 4322 Donum
3293 4266 3426 4324 398.

3104 4367 3172 4421 X.

2901 4458 3043 4513 LEX
3081 4459 3375 4519 HONORII

2609 4564 2878 4606 ADVERSUS
2907 4567 3213 4609 IRRUBNTES
3249 4571 3304 4610 IN
3346 4568 3648 4612 ECCLESIAS.

2395 4660 2504 4735 (Ea:
2541 4661 2670 4720 Cod.
2707 4664 2902 4720 Theod.
2939 4665 3049 4720 Lib.
3076 4685 3185 4738 xvi,
3225 4670 3336 4724 Tit.
3377 4687 3437 4737 tt,
3465 4671 3532 4726 de
3554 4661 3825 4739 EpiscopiS.

2733 4756 2978 4812 ecclesiis
3007 4766 3063 4813 et
3081 4758 3330 4829 clericis,
3357 4761 3396 4815 ι.
3421 4760 3538 4831 31.)

2319 4865 2492 4936 Itnpp.
2541 4867 2747 4923 Aecae.
2789 4876 2844 4923 et
2904 4867 3178 4925 HONOBIUS
3219 4869 3344 4925 AA.
3390 4859 3671 4925 Theodoro
3708 4861 3793 4918 PF.
3832 4855 3876 4908 P-

2388 4980 2596 5051 Siquis
2641 4981 2695 5036 in
2746 4982 2849 5038 hoc
2896 4998 3066 5054 genus
3106 4986 3392 5057 sacrilegii
3418 4983 3814 5057 proruperit,ut
3837 4973 3876 5023 in

2314 5073 2577 5129 ecclesias
2615 5073 2910 5131 catholicas
2966 5076 3215 5144 irruens,
3253 5077 3636 5134 sacerdotibus
3685 5059 3878 5126 ctmini-

2314 5165 2475 5232 stris,
2512 5167 2597 5223 vel
2646 5169 2745 5239 ipsi
2800 5169 2966 5224 cultui
3016 5169 3251 5240 locoque
3302 5173 3507 5243 aliquid
3568 5158 3879 5238 importetin-

2312 5259 2473 5331 jurize
2493 5300 2508 5326 ,
2539 5261 2682 5332 quod
2713 5263 2941 5332 geritur,
2975 5263 3167 5318 litteris
3191 5264 3490 5332 ordinum,
3519 5260 3874 5332 magistratum"

2321 5361 2375 5407 et
2395 5365 2705 5408 curatorum
2730 5394 2745 5420 ,
2783 5363 2840 5410 et
2869 5356 3096 5411 notoriis
3121 5357 3505 5426 apparitorum
3531 5399 3544 5423 ,
3573 5369 3698 5426 quos
3721 5345 3877 5405 Statio-

2318 5447 2502 5502 narios
2523 5447 2838 5518 appellant,
2873 5447 3146 5506 deferatur
3189 5452 3244 5506 in
3277 5453 3530 5508 notitiam
3557 5451 3868 5522 potestatum.

2317 5539 2390 5596 ita
2421 5550 2478 5596 ut
2507 5541 2768 5598 vocabula
2791 5557 2980 5599 eorum
3008 5545 3100 5616 qui
3147 5547 3382 5616 agnosci
3410 5547 3702 5617 potuerint,
3730 5532 3872 5592 ded"

2314 5643 2504 5689 rentur
2533 5651 2546 5687 :
2570 5643 2664 5699 et,
2688 5635 2733 5690 si
2761 5651 2857 5706 per
2878 5637 3285 5694 multitudinem
3312 5639 3661 5695 commissum
3685 5631 3863 5688 dicetur.

2313 5725 2362 5780 si
2401 5742 2506 5783 non
2549 5741 2735 5782 omnes
2759 5768 2772 5794 ,
2807 5739 3036 5798 possunt
3081 5739 3264 5786 tamen
3327 5729 3587 5803 aliquanti
3625 5713 3862 5794 cogitode
