4130 6170
328 300 479 371 1191'

1172 314 1265 369 AD
1305 308 1841 371 DONATIS'I‘ARUM
1880 307 2269 371 HISTORIAM
2308 316 2796 374 PERTINENTIA.

3516 323 3655 381 H98

318 427 523 484 ordine
544 412 772 494 antiquo
792 437 889 493 per
918 438 1115 480 manus
1144 426 1541 496 impositiouem
1564 424 1766 495 recepti
1791 429 1934 487 sunt,
1965 423 2022 484 Α
2044 438 2310 501 compage
2340 431 2587 500 corporis
2625 431 2938 487 constitutis
2967 429 3236 503 inspirare
3264 420 3515 505 dignatus
3544 448 3651 491 est.

318 520 531 577 debere
560 516 763 572 talibus
802 515 1210 586 suscipiendum
1260 533 1456 573 munus
1503 518 1789 574 clericatus
1840 529 1946 571 non

318 611 599 684 impedire
632 623 831 663 nomen
852 609 1056 663 erroris
1082 651 1097 675 ,
1129 622 1254 665 eum
1282 625 1466 665 veram
1499 610 1794 667 Ecclesiam
1818 606 1945 662 illo-

316 723 440 764 rmu
473 702 794 775 putaverint
822 701 891 755 ad
942 701 1110 756 fidem
1131 702 1478 769 accedendo,
1536 713 1591 761 et
1636 704 1708 760 ibi
1731 702 1951 760 Christo

316 797 696 860 crediderint,
755 804 811 849 et
839 792 1126 848 Trinitatis
1174 806 1516 851 sacramenta
1561 794 1948 866 perceperint;

316 909 442 965 quae
472 889 661 945 omnia
690 900 822 945 vero
845 926 860 951 ,
888 894 946 942 et
981 894 1203 953 sancta,
1228 895 1398 956 atque
1425 888 1609 943 divina
1667 901 1790 943 esse
1836 900 1956 942 cer-

319 985 597 1045 tissimum
624 988 749 1046 est,
783 989 841 1038 et
862 979 917 1037 in
954 978 1043 1035 his
1065 992 1288 1037 omnem
1324 981 1523 1038 animm
1563 996 1721 1050 spem
1750 980 1959 1035 euasti.

321 1086 517 1135 tutam.
534 1076 875 1144 Quamquam
897 1081 954 1129 et
971 1070 1355 1129 licerelicorum
1374 1081 1715 1143 praesumpta
1729 1071 1955 1127 audacia

323 1167 571 1225 veritatis
599 1163 822 1220 nomine
860 1161 1081 1231 palliata
1106 1202 1123 1228 ,
1154 1162 1271 1221 hate
1298 1162 1515 1222 tradere
1536 1162 1749 1217 audeat
1773 1203 1789 1228 ,
1839 1178 1960 1233 quae

321 1260 587 1333 quoniam,
613 1255 885 1327 simplicia
907 1262 1065 1317 sunt,
1099 1262 1163 1309 ut
1189 1260 1489 1324 prmtnonet
1514 1252 1723 1311 beatus
1740 1262 1961 1324 aposto-

322 1354 409 1409 lus
430 1348 697 1419 diceudo,
723 1362 865 1411 uitus
895 1347 1037 1403 Deus
1062 1386 1078 1412 ,
1119 1361 1229 1403 una
1259 1345 1599 1411 ﬁdes,uuum
1644 1345 1917 1417 baptisma
1944 1388 1961 1415 ,

323 1456 381 1505 et
402 1446 594 1504 iterari
625 1460 732 1501 non
765 1443 960 1510 liceat,
987 1439 1135 1513 quod
1166 1439 1338 1496 semel
1381 1437 1497 1495 dari
1526 1448 1787 1511 Oportet,
1816 1454 1967 1496 ana-

326 1542 681 1600 thematizato
709 1536 931 1599 nomine
971 1534 1183 1591 erroris
1239 1532 1582 1603 recipiantur
1640 1548 1743 1602 per
1770 1547 1970 1591 manus

2126 518 2336 579 Deinde
2363 524 2707 594 pertractatis
2743 531 2797 579 et
2827 522 3188 579 consideratis
3229 526 3501 594 omnibus,
3535 544 3655 599 quae

2054 610 2273 669 utilitati
2322 614 2582 670 Ecclesiae
2626 616 2922 671 convenire
2970 614 3316 683 videbantur,
3378 630 3657 679 annuente

2056 711 2221 773 atque
2247 706 2576 763 admonente
2604 703 2809 777 Spiritu
2840 707 2961 773 Dei,
3002 706 3253 778 eligimus
3282 724 3404 765 cum
3445 726 3655 767 memo-

2055 795 2196 851 ratis
2225 795 2557 864 homiuibus,
2592 798 2836 868 quamvis
2862 798 2930 855 de
2959 798 3228 855 Dominici
3268 803 3512 871 corporis
3538 804 3662 858 uni-

2060 894 2172 942 tate
2195 886 2434 958 inquieta
2465 888 2804 945 dissensione
2838 889 3099 959 praecisis,
3134 890 3329 947 leniter
3354 901 3408 948 et
3434 892 3661 963 pacifice

2061 992 2228 1048 agere
2254 981 2434 1049 (Cane.
2485 980 2651 1049 Arrio.
2703 999 2817 1036 can.
2871 981 3141 1054 55;;Cod.
3174 983 3306 1040 Can.
3350 985 3497 1041 Eccl.
3540 986 3658 1059 Afr.

2063 1082 2182 1125 can.
2217 1072 2311 1144 66)
2345 1090 2359 1126 :
2390 1083 2446 1126 ut
2473 1082 2732 1143 quantum
2763 1078 2818 1129 in
2851 1076 3007 1131 nobis
3037 1083 3138 1138 est,
3172 1078 3422 1135 omnibus
3451 1080 3545 1151 qui
3565 1097 3664 1136 eo-

2064 1178 2187 1218 rum
2213 1166 2595 1222 communione
2625 1177 2680 1224 et
2708 1169 2969 1223 societate
3003 1168 3199 1224 irretiti
3243 1179 3390 1237 sunt,
3420 1187 3514 1241 per
3540 1174 3666 1228 uni-

2066 1271 2255 1312 versas
2320 1261 2630 1329 provincias
2690 1260 2972 1317 Africanas
3032 1263 3247 1333 penitus
3321 1265 3667 1331 innotescat,

2070 1360 2233 1416 quam
2262 1349 2559 1406 miserabili
2584 1367 2771 1410 errore
2790 1352 3023 1410 devincti
3048 1365 3174 1411 sunt
3205 1372 3219 1410 :
3250 1372 3312 1411 ne
3341 1356 3499 1428 forte,
3530 1359 3673 1415 sicut

2073 1439 2205 1497 dicit
2251 1442 2548 1515 Apostolus
2576 1446 2642 1517 (Il
2676 1445 2809 1501 Tim.
2855 1449 2942 1520 ιι),
2989 1448 3135 1505 nobis
3177 1450 3234 1505 in
3273 1453 3669 1508 mansuetudine

2074 1536 2465 1606 corripientibus
2489 1538 2689 1594 diversa
2728 1541 3020 1607 sentientes,
3053 1542 3137 1597 det
3180 1542 3287 1597 illis
3327 1542 3470 1598 Deus
3496 1546 3667 1615 poeni-

327 1634 736 1708 impositionem
784 1630 836 1685 in
889 1641 1052 1684 unam
1106 1624 1446 1692 Ecclesium,
1501 1622 1852 1687 columbam,
1906 1631 1977 1679 ut
2078 1627 2287 1681 tentiam
2313 1628 2383 1681 ad
2415 1629 2820 1700 cognoscendam
2848 1633 3131 1698 veritatem,
3182 1644 3229 1688 et
3276 1635 3579 1706 resipiscam
3609 1637 3672 1690 de

328 1729 532 1785 dictum
555 1735 661 1794 est,
686 1734 741 1781 et
765 1736 934 1783 unam
953 1726 1185 1775 matrem
1210 1717 1461 1774 omnium
1486 1713 1969 1783 Christianorum,
2079 1714 2272 1773 diaboli
2292 1719 2505 1791 laqueis,
2526 1724 2765 1793 captivati
2784 1724 2846 1778 ab
2866 1725 2978 1796 ipso
3003 1727 3070 1780 ad
3090 1727 3254 1797 ipsius
3268 1728 3597 1785 voluntatem.

330 1822 425 1880 ubi
450 1820 632 1877 omnia
677 1817 767 1873 illa
795 1821 1135 1871 sacramenta
1162 1807 1496 1875 salubriter,
1528 1820 1589 1862 et
1621 1821 1828 1865 aeterna
1859 1853 1873 1877 ,
1908 1817 1971 1866 et
1998 1801 2055 1863 Β
2150 1809 2335 1881 Itaque
2366 1813 2585 1882 placuit,
2631 1823 2691 1871 ut
2736 1831 2803 1871 ex
2852 1818 3083 1874 concilio
3120 1827 3309 1874 nostro
3340 1820 3531 1877 littera:
3572 1821 3671 1877 da-

332 1888 571 1972 vitaliter
599 1907 938 1981 accipiuntur
973 1923 986 1961 :
1018 1919 1140 1976 quae
1164 1900 1659 1971 perseverantibus
1682 1904 1739 1957 in
1770 1902 1971 1960 haeresi
2073 1911 2264 1958 rentur
2310 1903 2377 1959 ad
2440 1903 2654 1975 judices
2694 1906 2976 1964 Africanos
3001 1951 3017 1975 ,
3092 1924 3123 1963 a
3169 1910 3364 1981 quibus
3413 1912 3517 1968 hoc
3562 1916 3674 1984 peti

334 2024 589 2082 magnam
610 2000 977 2061 damnationis
1026 2002 1242 2072 poenam
1273 1996 1632 2067 conquirunt
1653 2040 1669 2065 ,
1707 2006 1764 2052 ut
1820 1997 1971 2069 quod
2074 2006 2377 2066 congruum
2407 1994 2707 2064 videretur,
2751 2000 2883 2053 utin
2916 1998 3020 2054 hoc
3046 1994 3301 2071 adiuvent
3327 2016 3672 2093 communem

336 2104 419 2160 eis
446 2084 502 2157 in
528 2100 761 2156 veritate
782 2095 847 2152 ad
870 2104 1131 2153 teternam
1161 2091 1322 2146 vitam
1343 2090 1805 2160 consequendam
1824 2104 1973 2151 esset
2075 2097 2305 2144 matrem
2356 2088 2655 2145 Ecclesiam
2704 2092 3050 2158 catholicam,
3094 2095 3147 2150 in
3185 2110 3292 2165 quo
3335 2085 3677 2168 EpiSCOpalis

342 2195 671 2250 lttminosius
700 2233 715 2257 ,
768 2188 872 2243 hoc
925 2189 979 2242 in
1035 2199 1224 2240 errore
1275 2184 1345 2237 sit
1393 2181 1755 2255 tenebrosius
1808 2194 1972 2255 atque
2072 2180 2367 2236 auctoritas
2407 2182 2734 2237 communiri
2782 2183 2881 2252 (al.
2927 2184 3228 2256 contemni)
3276 2185 3329 2241 in
3367 2187 3677 2245 civitatibus

342 2290 685 2349 damnosius.
715 2282 871 2354 Quod
917 2281 1188 2350 fugientes
1229 2275 1515 2357 nonnulli,
1543 2285 1605 2332 et
1636 2278 1829 2333 matris
1859 2276 1967 2334 Ec-

344 2383 528 2440 etesiae
559 2380 731 2435 ubera
781 2379 1173 2446 cognoscentes
1203 2409 1217 2432 ,
1272 2367 1360 2436 qui
1406 2366 1498 2421 illa
1544 2367 1739 2423 omnia
1784 2380 1971 2425 sancta

349 2473 615 2546 mysteria
654 2482 845 2523 amore
894 2462 1140 2520 veritatis
1169 2458 1547 2525 crediderunt,
1572 2467 1743 2530 atque
1777 2473 1969 2529 per-ce.

349 2576 583 2640 perunt,
599 2561 802 2635 quibus
831 2558 1307 2613 Sacratncntoruttt
1325 2550 1489 2640 rebus
1511 2565 1636 2605 cum
1669 2552 1796 2606 vitae
1817 2553 1972 2609 bonae

352 2639 596 2729 probitas
645 2643 942 2707 accesserit
961 2688 975 2711 ,
1012 2645 1132 2700 sine
1159 2642 1320 2697 dubio
1342 2641 1408 2697 ad
1431 2639 1669 2697 officium
1686 2642 1973 2703 clericatus

353 2753 493 2808 tales
515 2764 643 2807 esse
701 2740 1092 2817 applicandos,
1122 2749 1177 2797 et
1204 2736 1440 2793 maxime
1467 2735 1517 2788 in
1566 2743 1715 2789 tanta
1788 2751 1972 2793 rerum

356 2841 719 2903 neces.~itate,
748 2835 930 2893 nullus
972 2840 1056 2888 est
1088 2830 1177 2901 qui
1202 2844 1308 2883 non
1330 2825 1610 2885 concedat.
1632 2824 1971 2898 Quamquam

356 2931 608 2990 nonnulli
656 2926 902 3000 ejusdem
954 2932 1116 2978 sectae
1145 2920 1330 2976 clerici
1361 2934 1482 2973 cum
1526 2917 1773 2987 plebibus
1804 2928 1967 2990 atque

358 3024 661 3080 honoribus
690 3019 805 3074 suis
826 3015 893 3071 ad
918 3030 1017 3070 nos
1045 3013 1277 3068 transire
1297 3010 1643 3075 desiderent,
1668 3011 1757 3080 qui
1786 3026 1973 3069 amore

2072 2282 2290 2342 potest;
2320 2273 2498 2341 idest,
2531 2284 2589 2329 ut
2628 2276 2909 2346 judiciaria
2945 2287 3214 2347 potestate
3251 2291 3414 2349 atque
3453 2282 3679 2353 diligen-

2072 2365 2148 2420 tia
2175 2372 2242 2420 ex
2274 2363 2382 2420 fide
2421 2367 2752 2435 Christiana,
2794 2368 2922 2439 quid
2966 2378 3178 2440 gestum
3222 2371 3293 2425 sit
3323 2376 3374 2425 in
3428 2375 3681 2429 omnibus

2072 2455 2228 2528 locis,
2263 2457 2315 2511 in
2346 2456 2540 2527 quibus
2568 2459 2982 2515 Maximianistm
3010 2460 3261 2516 basilicas
3302 2463 3679 2533 obtinuerunt,

2073 2550 2165 2619 qui
2195 2550 2263 2604 ab
2291 2551 2370 2605 eis
2393 2550 2628 2607 schisma
2655 2552 2920 2619 fecerunt,
2963 2552 3239 2621 inquirant
3267 2560 3362 2607 :et
3390 2555 3555 2624 gestis
3585 2570 3681 2624 pu-

2073 2640 2230 2696 blicis
2261 2650 2483 2711 prepter
2496 2642 2704 2696 firmam
2729 2643 2980 2698 notitiam
3004 2643 3258 2699 omnibus
3290 2646 3678 2712 necessarium,

2073 2730 2272 2787 faciant
2296 2734 2561 2791 inhaerere
2586 2734 2767 2806 (Cone.
2796 2736 2914 2807 Afr.
2935 2752 3054 2790 can.
3083 2736 3174 2802 '55;
3200 2735 3331 2792 Cod.
3362 2736 3494 2792 Can.
3527 2737 3673 2795 Eccl.

2075 2824 2192 2895 Afr.
2224 2842 2341 2880 can.
2386 2825 2501 2898 67).
2527 2894 2537 2901 υ

2146 2916 2351 2973 Deinde
2377 2919 2577 2987 placuit
2620 2926 2679 2973 ut
2709 2919 2905 2975 litterze
2950 2918 3238 2973 mittantur
3280 2919 3351 2975 ad
3393 2920 3590 2977 fratres
3626 2931 3713 2977 et.

2075 3009 2428 3079 coepiscopos
2456 3021 2692 3075 nostros,
2738 3021 2794 3067 et
2837 3012 3073 3065 maxime
3100 3010 3169 3065 ad
3194 3010 3382 3067 sedem
3422 3014 3683 3084 apostoli-

360 3117 592 3173 ltouoris
620 3122 716 3168 aut
766 3107 1099 3181 persuadent
1122 3105 1190 3159 ad
1220 3105 1381 3159 vitam
1410 3145 1424 3170 ,
1480 3109 1573 3156 aut
1619 3101 1855 3183 retinent
1903 3104 1970 3159 ad
2016 3180 2044 3183 _
2076 3115 2197 3156 eam
2243 3101 2436 3171 (Cone.
2494 3104 2611 3173 Afr.
2662 3120 2779 3157 cun.
2833 3104 2924 3160 ‘55.
2981 3103 3111 3159 Cod.
3162 3102 3292 3159 Con.
3356 3105 3502 3160 Eccl.
3560 3108 3676 3177 Afr.

362 3211 617 3266 salutem.
653 3180 899 3262 Sedihoc
918 3198 1113 3268 majori
1139 3200 1360 3252 fratrum
1381 3182 1825 3264 supradictorum
1844 3209 1977 3250 ccn-
2000 3180 2049 3244 C
2078 3208 2195 3247 can.
2224 3193 2347 3263 68),
2368 3194 2423 3248 in
2450 3210 2555 3265 qua
2583 3195 2835 3265 praesidet
2862 3204 3197 3251 memoratus
3219 3196 3549 3253 venerabilis
3570 3197 3678 3252 [τε.

364 3299 687 3357 siderationi
713 3291 1100 3351 dimittendum
1129 3303 1359 3353 censeo,
1392 3297 1451 3341 ut
1490 3284 1824 3356 prudentiori
1874 3302 1983 3343 suo
2079 3293 2162 3340 ter
2186 3295 2240 3341 et
2265 3287 2472 3357 collega
2503 3296 2689 3343 noster
2721 3288 3066 3356 Anastasius,
3106 3304 3214 3359 quo
3237 3290 3451 3345 noverit
3478 3289 3682 3348 habere

364 3391 594 3448 consilio
616 3397 816 3443 006le
843 3382 1209 3454 suggestionis
1226 3393 1535 3437 sermonem
1577 3392 1700 3432 cum
1744 3393 1974 3449 perpen-

365 3486 576 3548 derint,
621 3482 747 3554 quid
777 3480 847 3536 de
876 3480 976 3534 hac
1020 3493 1079 3533 re
1119 3476 1198 3533 eis
1247 3476 1486 3546 placeat,
1522 3486 1620 3527 nos
1678 3473 1971 3531 informare

364 3580 677 3650 dignentur.
692 3575 927 3631 Tantum
947 3570 1014 3627 de
1041 3570 1127 3627 his
1149 3569 1241 3640 qui
1271 3568 1503 3625 infantes
1524 3566 1780 3637 baptizati
1798 3578 1926 3623 sunt
1949 3608 1966 3633 ,

364 3670 685 3739 satagimus,
713 3674 773 3721 ut
798 3674 1023 3731 nostras,
1058 3663 1104 3715 si
1131 3662 1323 3730 placet,
1351 3662 1403 3716 in
1437 3658 1630 3714 iisdem
1654 3659 1969 3714 ordinandis

364 3762 711 3820 consentiant
762 3758 1046 3814 voluntati.
1096 3755 1287 3810 Ouutia
1336 3770 1500 3825 ergo,
1546 3768 1665 3822 qua:
1720 3754 1967 3824 superius

364 3854 881 3928 comprehendimm
896 3895 911 3920 ,
936 3849 1078 3921 apud
1095 3860 1315 3909 sanctos
1327 3851 1608 3918 episcopos
1628 3847 1832 3918 agenda
1847 3862 1971 3907 esse

366 3967 585 4011 meum
615 3948 947 4007 honorabilis
978 3944 1291 4000 fraternitas
1313 3950 1493 3997 vestra
1515 3941 1828 4011 perpendat.
1869 3959 1888 3993 ι

1117 4076 1423 4149 non.
1625 4112 1628 4119 λ

999 4081 1160 4151 an
1196 4081 1334 4133 XIII.
1418 4120 1423 4123 -
1625 4112 1628 4119 λ

664 4189 1245 4253 CARTBAGINENSE
1285 4186 1654 4246 CONCILIUM

404 4313 619 4358 Αειιιειε
646 4308 1005 4358 υιιινειειιιι,
1032 4306 1103 4346 ΒΕ
1129 4303 1564 4345 ιιεοοιηειιιλιωιε
1600 4300 1925 4341 DONATIS’I‘IS.

448 4413 730 4475 Vincentio
759 4420 813 4466 et
854 4405 1070 4464 Flavito
1098 4405 1230 4461 viris
1270 4400 1583 4459 clarissimis
1621 4399 1958 4468 consulibus,

369 4510 563 4569 idibus
591 4502 924 4575 Septembris
954 4495 1283 4567 Carthagine
1308 4496 1361 4551 in
1400 4494 1691 4550 secretario
1718 4493 1962 4548 Basilith

2076 3379 2315 3451 Africam
2339 3396 2589 3452 magnam
2620 3382 3019 3446 necessitatem,
3051 3387 3273 3451 propter
3294 3381 3554 3453 Ecclesia:
3585 3400 3681 3454 pa-

2074 3487 2193 3529 cem
2218 3480 2275 3528 et
2298 3473 2614 3540 utilitatem,
2662 3482 2718 3528 ttt
2754 3490 2821 3529 ex
2865 3474 2997 3543 ipsis
3030 3475 3321 3530 Donatistis
3350 3476 3676 3549 quicumque
3732 3516 3737 3522 ι

2073 3567 2257 3623 clerici
2314 3581 2570 3626 correcto
2626 3567 2859 3623 consilio
2911 3568 2980 3623 ad
3039 3568 3360 3653 catholicam
3420 3570 3677 3627 unitatem

2074 3659 2308 3714 transire
2322 3661 2621 3728 voluerint,
2654 3659 2949 3714 secundum
2980 3659 3401 3731 uniuscujusque
3432 3654 3689 3734 episcopi.

2070 3749 2324 3805 catholici
2356 3753 2695 3810 voluntatem
2725 3759 2885 3819 atque
2928 3752 3236 3818 consilium,
3269 3754 3357 3822 qui
3389 3754 3442 3809 in
3482 3756 3675 3812 eodem

2070 3840 2193 3897 loco
2238 3840 2512 3910 gubernat
2558 3844 2880 3910 Ecclesiam,
2940 3844 2984 3898 si
3038 3843 3143 3900 hoc
3190 3847 3305 3916 paci
3350 3845 3675 3905 Christianae

2072 3934 2333 4005 prodesse
2357 3937 2541 3997 visum
2583 3938 2763 4003 fuerit,
2806 3937 2859 3992 in
2901 3938 3013 3992 suis
3039 3937 3336 3995 honoribus
3366 3943 3666 4013 suscipian-

2069 4036 2186 4093 tur;
2217 4028 2356 4083 sicut
2384 4029 2487 4100 (V.
2517 4033 2744 4101 August.
2765 4027 2934 4103 Epist.
2962 4028 3054 4097 45,
3084 4048 3136 4086 n.
3163 4032 3255 4099 l6,
3281 4043 3329 4088 et
3349 4032 3521 4106 Epist.
3545 4037 3669 4106 185,

2067 4136 2120 4174 u.
2149 4120 2224 4176 44
2252 4129 2298 4173 et
2327 4121 2422 4192 47)
2456 4125 2731 4191 prioribus
2759 4122 3001 4192 ejusdem
3027 4122 3310 4179 divisionis
3334 4128 3664 4196 temporibus

2067 4209 2268 4264 factum
2316 4225 2439 4266 esse
2498 4213 2845 4268 manifestum
2903 4221 2987 4266 est
3027 4230 3039 4267 :
3078 4213 3221 4283 quod
3269 4216 3559 4272 multarum
3612 4228 3669 4274 et

2070 4314 2211 4370 pene
2245 4299 2489 4354 omnium
2523 4301 2903 4357 Africanarum
2933 4303 3321 4368 Ecclesiarum,
3372 4306 3424 4360 in
3471 4309 3666 4377 quibus

2067 4390 2191 4445 talis
2221 4404 2377 4445 error
2417 4382 2642 4448 exortus
2681 4401 2787 4459 est,
2838 4393 3089 4465 exempla
3121 4404 3403 4452 testantur.
3450 4398 3569 4456 Non
3598 4403 3681 4457 'ut.

2067 4483 2359 4538 concilium
2404 4484 2500 4555 (V.
2550 4486 2785 4540 eamdem
2828 4486 2997 4557 Epist.
3042 4487 3165 4555 185,
3217 4507 3272 4546 ιι.
3307 4491 3399 4563 45)
3433 4494 3576 4563 quod
3615 4499 3671 4552 in

369 4565 683 4663 Restitutio,
712 4611 834 4651 cum
880 4596 934 4649 in
982 4565 1215 4648 concilio
1260 4589 1565 4660 congregati
1616 4587 1667 4641 in
1718 4586 1961 4642 Echesia
1990 4565 2039 4624 Ι)
2069 4575 2444 4630 transmarinis
2478 4578 2719 4646 partibus
2750 4578 2816 4632 de
2871 4579 2972 4633 hac
3015 4595 3073 4634 re
3116 4580 3315 4635 factum
3352 4592 3435 4636 est
3468 4585 3669 4641 dissol-

371 4690 781 4761 Carthagineusi
826 4685 1266 4744 consedissemus
1311 4697 1379 4737 ex
1409 4680 1677 4735 Africanis
1714 4679 1964 4735 omnibus

372 4783 671 4859 provinciis
707 4781 979 4852 episcopi;
1009 4777 1062 4837 id
1111 4764 1485 4843 est,Aurelius
1531 4770 1773 4841 ejusdem
1818 4770 1967 4826 sedis

375 4880 667 4952 episcopus
691 4890 811 4931 mnu
843 4872 1066 4943 collegis
1091 4870 1226 4935 suis,
1258 4881 1396 4939 quos
1421 4880 1608 4921 eorum
1640 4864 1968 4934 subscriptio

378 4969 690 5031 manifestat
727 4985 740 5024 :
780 4964 1018 5023 recitatis
1065 4961 1305 5034 epistolis
1346 4957 1645 5014 beatissimi
1693 4956 1876 5012 fratris
1915 4965 1969 5009 et

378 5061 785 5123 consacerdotis
841 5059 1013 5115 nostri
1060 5050 1333 5111 Anastasii
1386 5049 1644 5106 Ecclesiae
1706 5048 1968 5104 Romamn

382 5158 645 5228 episcopi,
674 5155 873 5226 quibus
900 5166 1001 5206 nos
1026 5158 1265 5219 paternas
1303 5153 1361 5200 et
1388 5142 1641 5200 fraterna!
1688 5140 1971 5196 charitatis

385 5249 742 5307 sollicitudine
768 5262 832 5303 ac
861 5243 1170 5303 sinceritate
1190 5238 1510 5296 adhortatus
1538 5245 1642 5300 est,
1678 5242 1737 5288 ut
1763 5233 1832 5288 de
1859 5232 1973 5285 hat:-

381 5345 672 5409 telicorum
716 5350 770 5397 et
804 5337 1262 5399 schismaticorum
1294 5328 1699 5388 Donatistarum
1756 5326 1971 5383 insidiis

384 5446 445 5495 et
482 5433 928 5505 inmmbitatilnts,
957 5428 1150 5499 quibus
1172 5424 1482 5479 Africanam
1519 5419 1820 5476 Ecclesium
1879 5432 1977 5472 ca-

386 5500 637 5585 tholicam
661 5525 888 5594 graviter
914 5527 1128 5585 vexant,
1161 5516 1308 5571 nullo
1336 5517 1495 5571 modo
1521 5512 1929 5569 dissimulemus
1961 5529 1973 5563 :

385 5619 588 5693 gratias
632 5611 1087 5693 agimusDoutino
1118 5618 1326 5674 nostro,
1380 5605 1523 5675 quod
1553 5606 1629 5661 illi
1656 5603 1875 5676 optimo
1917 5617 1980 5659 ac

387 5717 577 5769 sancto
616 5694 838 5761 antistiti
878 5718 995 5767 suo,
1046 5697 1325 5765 minam
1366 5711 1550 5752 curam
1582 5713 1681 5770 pro
1715 5694 1995 5751 membris;

390 5801 616 5869 Christi,
644 5795 885 5869 quamvis
911 5796 962 5849 in
993 5791 1304 5848 diversitate
1340 5797 1624 5858 terrarum,
1673 5786 1986 5845 sed'inuna

2068 4677 2229 4723 vatur
2259 4686 2271 4722 :
2300 4667 2394 4724 sed
2422 4676 2477 4722 ut
2509 4667 2642 4725 illud
2672 4680 2891 4726 maneat
2920 4672 3058 4727 circa
3089 4688 3184 4727 eos
3211 4676 3298 4743 qui
3330 4675 3408 4729 sic
3435 4678 3667 4735 transire
3692 4708 3698 4717 ι

2069 4759 2137 4815 ad
2159 4759 2479 4815 catholicam
2510 4762 2718 4827 volunt,
2756 4771 2812 4816 ut
2840 4762 2988 4817 nulla
3016 4779 3111 4831 per
3136 4778 3233 4820 eos
3261 4765 3485 4823 unitatis
3514 4783 3668 4827 com-

2071 4852 2317 4921 pensatio
2348 4852 2441 4921 (at.
2487 4855 2755 4923 concisio)
2796 4864 3137 4925 procuretur.
3172 4855 3276 4911 Per
3299 4864 3460 4929 quos;
3482 4870 3664 4919 autem

2070 4943 2156 4998 vel
2200 4944 2515 5001 omnimodo
2565 4948 2772 5016 perlici,
2806 4948 2893 5001 vel
2935 4946 3177 5018 adjuvari
3222 4951 3524 5010 manifestis
3554 4955 3685 5012 fra-‘

2077 5046 2350 5093 lentarum
2399 5038 2699 5119 animarum
2730 5040 2893 5095 lucris
2931 5041 3199 5097 catholica
3228 5045 3405 5101 unitas
3453 5047 3507 5103 in
3538 5048 3677 5107 locis

2078 5128 2132 5183 iu
2158 5126 2351 5197 quibus
2375 5129 2597 5199 degunt,
2624 5131 2739 5184 visa
2762 5130 2953 5196 fuerit;
2979 5142 3084 5185 non
3109 5133 3191 5189 eis
3215 5135 3360 5191 obsit
3380 5140 3520 5208 quod
3541 5155 3675 5196 eon-

2080 5231 2164 5278 tra
2197 5221 2429 5278 honores
2460 5237 2646 5277 eorum
2698 5223 2966 5295 (quamvis
3008 5226 3153 5281 salus
3200 5228 3334 5284 nulli
3376 5230 3668 5290 interclusa

2081 5317 2173 5388 sit)
2203 5317 2257 5372 in
2297 5318 2666 5378 transmarino,
2684 5316 2911 5371 concilio
2942 5326 3202 5376 statutum
3244 5332 3349 5389 est,
3392 5325 3442 5378 id
3474 5336 3576 5391 est,
3611 5338 3675 5384 ut

2084 5410 2313 5466 ordinati
2361 5411 2414 5464 in
2444 5416 2596 5479 parte
2631 5408 2862 5470 Donati,
2886 5409 2932 5462 si
2974 5410 3042 5464 ad
3088 5412 3408 5469 catholicam
3445 5422 3675 5475 correcti

2086 5504 2317 5560 transire
2358 5503 2643 5566 voluerint,
2705 5516 2809 5555 non
2859 5504 3224 5573 suscipiantur
3277 5507 3328 5561 in
3378 5508 3678 5567 honoribus

2087 5598 2200 5655 suis
2215 5596 2509 5654 secundum
2538 5596 2950 5650 transmarinum
2972 5598 3286 5664 concilium,
3317 5599 3409 5654 sed
3440 5605 3680 5673 exceptis

2091 5689 2176 5745 his
2209 5705 2307 5759 per
2326 5704 2463 5759 quos
2483 5685 2761 5743 catholica:
2790 5686 2977 5742 unitati
3005 5689 3331 5743 consulitur.

2173 5781 2374 5837 Deinde
2402 5779 2619 5851 placuit,
2648 5790 2706 5836 ut
2723 5778 2806 5834 his
2836 5776 3271 5850 peractileonc.
3299 5778 3417 5850 Afr.
3440 5799 3558 5840 can.
3590 5787 3679 5856 56;
