4130 6170
361 199 500 257 1201

1225 205 1316 262 AD
1355 200 1894 266 DONATISTARUM
1932 207 2320 272 HISTORIAM
2358 215 2854 280 PERTINENTIA.

3564 246 3711 307 1202

357 323 541 389 sione,
579 333 742 397 alque
772 327 906 382 actis
934 327 1153 398 innexa,
1187 331 1329 387 dicat
1350 333 1440 389 ille
1457 336 1746 408 episcopus
1777 336 1968 394 Eccle-
1995 341 2052 404 Α
2075 344 2339 415 quietem,
2389 351 2488 406 sed
2537 352 2834 423 tranquilla
2879 357 3112 416 rationis
3159 362 3475 426 redditione
3523 372 3715 437 defen-

350 417 451 474 sia:
480 416 782 475 Catholica:
805 421 1144 480 :Mandatum
1176 426 1241 481 ad
1269 427 1578 487 Donatistas
1605 446 1700 501 per
1717 441 1958 488 vestram

348 512 678 582 gravitatem
725 514 1109 584 perferendum
1153 520 1370 589 audire,
1421 532 1476 579 et
1517 525 1651 581 actis
1692 525 1960 593 inserere,

347 614 405 662 et
431 605 503 662 ad
533 621 632 661 eos
663 607 906 674 perferre
952 609 1276 682 dignemini,
1309 631 1610 686 eorumque
1653 619 1962 689 responsio-

345 717 474 758 nem
512 716 705 756 rursus
745 702 886 773 apud
929 713 1049 758 acta
1079 716 1261 763 vestra
1293 711 1448 766 nobis
1482 712 1773 768 insinuare.
1821 712 1963 768 Con-

346 800 607 855 venimus
628 812 727 852 vos
755 811 822 852 ex
861 799 1084 855 concilii
1134 804 1307 858 nostri
1349 805 1603 860 catholici
1642 806 1960 862 auctoritate

344 892 538 958 missi,
591 890 660 946 de
711 899 896 948 vestra
949 896 1295 952 correctione
1349 898 1586 968 gaudere
1632 900 1956 969 cupientes,

344 985 755 1040 considerantes
775 985 990 1040 Domini
1018 987 1364 1058 charitatem,
1390 993 1479 1063 qui
1498 992 1668 1047 dixit:
1694 990 1840 1046 Beati
1869 1010 1961 1064 pa-

345 1079 505 1149 ciﬁci,
538 1078 657 1146 quia
687 1078 789 1149 ipsi
813 1079 912 1146 ﬁlii
937 1078 1038 1134 Dei
1067 1081 1390 1136 vocabuntur
1420 1083 1636 1156 (Matth.
1665 1083 1751 1154 v):
1781 1094 1836 1139 et
1864 1083 1959 1139 ad-

342 1171 556 1227 monuit
571 1185 667 1240 per
683 1169 1030 1241 prophetam,
1058 1173 1219 1228 etiam
1251 1174 1337 1231 his
1358 1175 1451 1246 qui
1471 1176 1662 1232 dicunt
1677 1191 1736 1233 se
1765 1176 1958 1233 fratres

338 1274 564 1321 nostros
585 1279 689 1320 non
717 1278 862 1331 esse,
894 1265 1081 1321 dicere
1109 1281 1210 1323 nos
1235 1267 1442 1325 debere
1475 1289 1486 1323 :
1521 1269 1738 1326 Fratres
1792 1272 1958 1326 nostri

337 1359 462 1414 estis
488 1357 643 1430 (ικαὶ.
676 1373 833 1425 vat,
857 1374 960 1413 sec.
990 1357 1184 1432 LXX).
1213 1359 1370 1417 Hanc
1401 1378 1534 1434 ergo
1571 1363 1854 1434 paciﬁcam
1890 1379 1955 1420 ex

337 1451 604 1507 charitate
626 1451 936 1507 venientem
949 1452 1440 1510 commonitionem
1459 1467 1699 1511 nostram
1714 1465 1958 1513 contem-

339 1559 471 1599 nere
500 1559 605 1600 non
618 1542 852 1610 debetis,
877 1553 936 1598 ut
961 1543 1008 1598 si
1029 1545 1156 1615 quid
1181 1546 1430 1602 veritatis
1461 1547 1667 1604 habere
1689 1565 1786 1605 vos
1811 1550 1955 1605 arbi-

341 1637 578 1704 tramini,
605 1652 710 1692 non
737 1637 999 1693 dubitetis
1025 1653 1275 1693 asserere
1298 1655 1313 1704 ;
1333 1639 1386 1693 id
1403 1651 1508 1707 est,
1543 1649 1601 1696 ut
1629 1651 1956 1714 congregato

2069 437 2223 494 dant.
2249 439 2406 498 Unde
2436 445 2677 514 petimus
2715 447 3107 508 sublimitatem
3143 462 3319 524 tuam,
3371 470 3433 516 ut
3461 479 3588 525 cum
3615 487 3716 532 eos

2068 528 2138 584 de
2159 529 2264 586 hac
2284 548 2346 588 re
2378 549 2478 605 per
2509 533 2872 606 magistratus
2899 543 3016 598 sive
3046 545 3101 600 in
3134 547 3477 624 civitatibus,
3513 562 3630 621 sive

2067 625 2470 692 pertinentibus
2520 630 2822 688 territoriis
2868 636 3171 697 admonere
3216 646 3589 727 voluerimus,
3621 676 3718 719 co-

2065 716 2211 784 piam
2243 719 2402 775 nobis
2430 722 2669 791 praeberi
2701 734 2988 795 gestorum
3029 741 3085 787 et
3128 749 3225 791 eos
3271 754 3341 795 ex
3387 716 3721 820 allegatione

2064 819 2252 864 nostra
2286 811 2520 866 honeste
2549 818 2842 873 conveniri
2875 823 3165 894 praecipias
3195 845 3209 882 :
3253 834 3402 902 quod
3434 811 3724 906 consecuti

2063 913 2291 1008 agamus
2329 903 2678 964 excellentia:
2715 920 2830 966 tuae
2879 916 3024 984 apud
3050 918 3222 977 Deum
3264 926 3468 990 uberes
3495 903 3722 1008 gratias.

2064 989 2206 1097 Dat:
2235 994 2319 1096 ab.
2355 995 2638 1097 universis
2691 1005 2979 1077 episcopis
3030 1011 3329 1078 Catholicis
3379 1040 3450 1082 ex
3492 989 3728 1097 goncilio

2062 1080 2504 1194 Earlhagi’neil’ﬂ
2680 1094 2753 1149 N.
2805 1096 3123 1194 Theodosio
3176 1108 3286 1168 PP.

2064 1172 2388 1273 [tumor-ide
2420 1175 2494 1237 ν.
2537 1183 2602 1239 C.
2636 1201 2793 1246 coss.
2841 1189 3024 1252 idibus
3075 1172 3735 1288 Septenibris“:_Ca‘rtba:

2060 1277 2204 1334 gme.

2062 1447 2327 1553 quolibet
2368 1445 2510 1511 Ioco
2538 1465 2892 1526 antistitibus
2924 1475 3056 1545 legis

2060 1554 2377 1657 imperium
2405 1559 2693 1650 gestorum
2741 1562 3211 1630 conﬁciendorum
3260 1554 3521 1646 tribuitur
3540 1554 3732 1657 Belli:

2061 1642 2143 1688 tas
2174 1651 2186 1686 :
2217 1631 2336 1759 btplc
2375 1640 2551 1696 etiam
2584 1654 2782 1704 tenore
2810 1653 2975 1724 hujus
3026 1673 3406 1738 praeceptionis

2061 1732 2112 1759 nt
2149 1726 2260 1759 ἰηιο
2315 1725 2472 1759 inn...
2506 1750 2561 1759 ,ηη
2599 1737 2766 1759 ..πληεμ
2847 1745 2858 1759 .
2903 1747 2914 1759 .
2941 1749 2950 1758 .
3137 1756 3149 1759 -

340 1741 528 1788 vestro
567 1732 799 1788 concilio
831 1732 1079 1802 deligatis
1125 1748 1192 1788 ex
1237 1733 1399 1788 vobis
1419 1776 1433 1800 ,
1505 1735 1702 1806 quibus
1732 1753 1952 1794 causam
1983 1733 2032 1793 B
2059 1732 2119 1849 ll:
2148 1724 2474 1849 illleuligam
2503 1750 2563 1790 εθ
2595 1737 2774 1795 dum?
2801 1745 2982 1812 Plebis
3008 1724 3398 1836 IllagiSl-ristf—f.

498 1827 653 1849 n2-_2-
681 1837 875 1849 _---a_*.
914 1827 1294 1849 --‘-_.!an.-ni--
1330 1837 1383 1849 --ι
1414 1844 1509 1849 _--_
1541 1847 1566 1849 μ
1590 1832 1688 1849 --ξ’
1799 1848 1804 1849 ,
1851 1834 1862 1849 I
2064 1819 2082 1849 ἶ
2151 1829 2223 1849 nol
2318 1823 2709 1849 ὶΛ..ιιοεηι,-.,-μ.
2835 1837 2844 1846 ι
2992 1845 3002 1849 -

337 1827 656 1883 assertionis
681 1837 879 1882 vestra:
909 1827 1296 1894 committatis;
1330 1837 1388 1883 ut
1414 1844 1514 1885 nos
1541 1832 1818 1902 possimus
1851 1834 1951 1890 hoc

340 1918 538 1986 facere,
585 1909 834 1975 utetiam
876 1919 944 1975 de
990 1928 1178 1974 nostro
1237 1920 1472 1976 concilio
1503 1922 1814 1994 deligantur
1857 1927 1950 1996 qui

337 2025 462 2065 cum
494 2013 576 2066 eis
605 2026 740 2083 quos
770 2011 1101 2083 delegeritis,
1118 2015 1414 2068 constituto
1442 2014 1564 2072 loco
1589 2026 1645 2072 et
1676 2025 1943 2089 tempore,

335 2105 595 2176 quidquid
637 2107 952 2176 quaestionis
978 2115 1085 2171 est,
1131 2107 1275 2175 quod
1301 2118 1539 2166 vestram
1586 2128 1615 2166 a
1644 2113 1808 2169 nobis
1858 2130 1947 2172 se-

335 2207 494 2268 parat
519 2199 976 2264 communionem,
1008 2214 1130 2255 cum
1175 2215 1308 2270 pace
1349 2201 1677 2270 discutiant;
1721 2215 1776 2262 et
1821 2216 1945 2263 tan-

332 2288 458 2344 dem
487 2290 776 2362 aliquando
807 2292 1101 2362 adjuvante
1141 2293 1370 2350 Domino
1403 2295 1511 2352 Deo
1545 2307 1734 2353 nostro
1778 2299 1940 2356 ﬁnem

332 2393 650 2440 veternosus
691 2401 846 2442 error
873 2387 1128 2457 accipiat,
1181 2402 1250 2443 ne
1289 2397 1512 2458 prepter
1538 2391 1939 2450 animositatem

246 2483 250 2486 ‘
328 2474 608 2531 hominum
637 2477 865 2533 inﬁrma:
904 2479 1104 2535 anima:
1145 2488 1202 2534 et
1242 2480 1411 2550 ignari
1460 2482 1647 2553 populi
1677 2485 1939 2558 sacrilega

328 2568 671 2626 dissensione
726 2571 1061 2641 dispereant.
1115 2572 1170 2629 Si
1226 2573 1369 2629 enim
1424 2575 1528 2632 hoc
1555 2577 1794 2636 fraterne
1847 2596 1937 2638 ac-

330 2663 610 2732 ceperitis,
645 2664 847 2719 veritas
877 2663 1039 2720 facile
1068 2664 1367 2747 dilucescet
1392 2685 1406 2722 :
1436 2669 1482 2722 si
1513 2679 1694 2726 autem
1725 2671 1829 2728 hoc
1855 2666 1936 2728 fa-

327 2769 454 2810 cere
497 2756 804 2825 nolueritis,
832 2756 1136 2813 diffidentia
1157 2766 1339 2815 vestra
1371 2762 1531 2818 facile
1558 2764 1880 2823 innotescet.
1907 2788 1926 2821 ι

326 2848 569 2920 Cumque
619 2851 846 2906 recitata
890 2863 1073 2919 esset,
1107 2853 1174 2909 ab
1223 2855 1492 2912 universis
1539 2863 1813 2931 episcopis
1843 2863 1929 2918 di-

325 2950 471 2994 ctum
499 2950 582 2997 est
605 2961 617 2996 :
653 2943 828 2999 «Satis
850 2943 1170 3016 placet,ltoc
1200 2945 1348 3014 ﬁat,»
1375 2957 1430 3003 et
1450 2950 1925 3023 subscripserunt:

323 3033 578 3090 Aurelius
604 3035 892 3106 episcopus
921 3035 1185 3093 Ecclesiae
1211 3039 1655 3111 Carthaginiensis
1685 3045 1808 3102 huic
1830 3048 1926 3104 de-

2064 1817 2119 1872 id
2148 1829 2223 1873 est
2243 1859 2260 1885 ,
2292 1819 2715 1883 Donatistarum
2752 1837 3002 1910 episcopi
3024 1817 3334 1912 paventibus

2064 1921 2138 1937 νιιΛ
2189 1912 2205 1937 \
2255 1914 2375 1937 μην--
2393 1917 2528 1937 tuta-
2701 1931 2712 1937 -
2828 1929 2860 1937 .-

2052 1912 2566 2017 etc.).salubriter
2623 1929 2946 1990 petentibus
3017 1943 3256 2008 propriie
3323 1912 3700 2018 persnas-iouis,

2051 2005 2334 2062 ratiocinia
2375 2012 2738 2081 persolvere,
2799 2029 2861 2078 ut
2909 2025 3074 2084 rebus
3122 2005 3178 2087 in
3226 2005 3411 2095 medio
3465 2005 3694 2114 prolatis

2049 2099 2221 2246 ainica
2269 2102 2403 2175 legis
2454 2105 2775 2167 moderatio
2802 2129 3078 2191 servetur,
3121 2099 3510 2198 superstitione
3539 2099 3688 2215 ’sup:

2049 2204 2084 2246 ι)
2108 2205 2223 2246 osa.
2265 2211 2283 2245 ι
3293 2217 3302 2224 ’

2049 2204 2223 2260 ptosa.
2265 2211 2283 2245 ι
3293 2217 3302 2224 ’

2470 2290 2634 2363 214
2674 2295 2831 2355 Anao
2867 2303 3068 2363 Donum
3095 2311 3220 2368 404.

2773 2414 2944 2475 XVII.

2371 2521 2666 2583 CONCILII
2697 2528 3303 2604 CARTHAGINENSIS
3330 2592 3346 2620 ,

2044 2650 2315 2691 ADVERSUS
2336 2651 2664 2695 DONATISTAS
2689 2658 2758 2698 AD
2785 2661 3063 2707 HONORIUM
3090 2670 3468 2723 IMPERATORI?!
3496 2683 3663 2729 ιΕςΑ-

2265 2746 2356 2785 ΤΙΟ
2385 2748 2456 2787 ET
2484 2748 2934 2798 COMMONITORIUM
2975 2762 3198 2808 LEGATIS
3241 2771 3440 2814 DATUII.

2037 2842 2452 2902 Gloriosissimo
2479 2849 2810 2919 imperatore
2866 2859 3109 2920 Honorio
3136 2866 3380 2940 Augusto
3404 2873 3474 2930 VI
3513 2893 3648 2934 con-

2033 2938 2178 3007 sule,
2209 2955 2298 2995 xvr
2325 2939 2436 2994 kal.
2469 2940 2664 3012 Julias,
2695 2947 3024 3022 Carthagine
3055 2957 3110 3012 in
3148 2938 3370 3020 basilica
3405 2972 3645 3040 regionis

2033 3034 2305 3089 secundae.
2364 3035 2420 3089 In
2478 3033 2582 3090 hoc
2625 3040 2864 3097 concilio
2914 3044 3242 3117 legationem
3283 3033 3646 3132 susceperunt

323 3135 476 3179 creto
521 3129 791 3194 consensi,
829 3139 884 3184 et
915 3130 1173 3199 praelecto
1205 3133 1503 3205 subscripsi
1534 3153 1546 3188 :
1585 3137 1835 3197 similiter
1871 3149 1926 3198 et

2033 3122 2299 3181 Theasius
2327 3136 2382 3181 et
2411 3128 2648 3184 Evodius
2673 3143 2864 3190 contra
2895 3137 3204 3202 Donatistas
3230 3164 3243 3200 :
3278 3151 3332 3204 in
3371 3122 3478 3222 quo
3506 3171 3645 3212 con-

321 3217 506 3273 cacteri
532 3219 771 3292 episcopi
791 3222 1257 3294 subscripserunt.

853 3337 1005 3392 ANNO
1034 3335 1228 3394 DOMINI
1253 3337 1403 3394 405.‘

1037 3430 1178 3487 XVI.

928 3544 1265 3604 LIBELLUS
1285 3591 1301 3615 ,

315 3670 383 3711 AB
451 3669 630 3712 EODEM
703 3673 1125 3716 CARTHAGINENSI
1179 3679 1370 3720 TOTIUS
1421 3681 1626 3722 AFRICJS
1675 3683 1918 3727 CONCILIO

675 3770 845 3811 DATUS
893 3771 1178 3812 SEPTIMINO
1214 3773 1557 3816 PROCONSULI.

388 3869 720 3940 JEquitatem
755 3879 899 3928 tuam
945 3875 1211 3944 petimus,
1252 3874 1548 3945 Septimine
1595 3878 1677 3932 vir
1722 3878 1914 3934 claris-

311 3963 474 4031 sime,
523 3967 903 4034 proconsulum
951 3983 1161 4022 sununc
1206 3967 1478 4025 sublimis.
1529 3970 1693 4028 Multa
1723 3982 1913 4030 contra

309 4056 525 4111 divinas
541 4056 906 4130 humanasque
926 4061 1072 4131 leges
1094 4061 1160 4114 ab
1181 4063 1445 4118 lnercticis
1459 4065 1525 4118 de
1546 4075 1695 4133 parte
1715 4067 1908 4123 Donati

308 4149 559 4205 Ecclesia
610 4150 889 4206 Catholica
920 4151 1172 4217 sustinet,
1206 4169 1325 4222 quae
1353 4156 1398 4208 si
1425 4155 1508 4210 vel
1540 4157 1908 4214 anterioribus

307 4241 395 4297 vel
424 4241 818 4297 recentioribus
858 4243 1226 4313 imperialibus
1266 4245 1432 4314 jussis
1476 4247 1812 4316 prohibenda
1858 4258 1913 4304 et

308 4337 548 4392 tollenda
600 4337 921 4406 postulanda
972 4337 1261 4404 vellemus,
1320 4354 1657 4410 nequaquam
1707 4339 1910 4400 audere

303 4429 571 4484 deberent
593 4429 660 4483 de
690 4432 886 4485 nostris
908 4429 1214 4485 actionibus
1244 4432 1528 4500 conqueri,
1556 4433 1792 4490 scientes
1822 4449 1904 4503 se,

2031 3219 2161 3274 cilio
2192 3221 2459 3277 insertum
2491 3233 2572 3278 est
2597 3230 3098 3303 commonitorium,
3133 3242 3276 3310 quod
3307 3219 3472 3302 ita‘se
3511 3264 3644 3308 con-

2030 3311 2196 3368 tinet:
2758 3385 2760 3387 ν

2103 3407 2598 3466 Commonitorium
2648 3414 2904 3473 fratribus
2940 3420 3176 3479 Theasio
3206 3435 3262 3482 et
3289 3428 3518 3498 Evodio,
3561 3435 3641 3492 le-

2025 3500 2166 3569 gatis
2213 3518 2282 3556 ex
2326 3502 2739 3574 Carthaginensi
2772 3511 3030 3580 concilio,
3077 3515 3143 3570 ad
3187 3517 3634 3594 gloriosissimos,

2024 3591 2573 3665 religiosissimosque
2589 3598 2857 3668 principes
2879 3603 3081 3659 missis.
3098 3605 3231 3662 Cum
3245 3591 3630 3672 Dominiauxis

2023 3682 2100 3738 lio
2132 3685 2404 3754 piissimos
2429 3687 2784 3758 imperatores
2810 3694 3042 3751 adierint
3063 3739 3078 3764 ,
3110 3708 3170 3754 ut
3194 3701 3273 3756 eis
3306 3703 3584 3764 insinuent
3610 3751 3627 3778 ,

2021 3779 2481 3846 quemadmodum
2523 3783 2680 3852 plena
2731 3785 2924 3842 ﬁducia
2977 3793 3278 3850 secundum
3329 3799 3631 3869 superioris

2020 3874 2152 3927 anni
2181 3875 2508 3944 concilium,
2559 3877 2958 3938 Donatistarum
3005 3889 3281 3957 praepositi
3332 3894 3466 3950 actis
3505 3911 3627 3951 tnu-

2019 3966 2346 4039 nicipalihus
2401 3981 2527 4025 sunt
2571 3976 2862 4043 conventi,
2911 3987 2969 4031 ut
3010 3978 3056 4034 si
3096 3983 3422 4040 conﬁderint
3450 3987 3519 4042 de
3541 4003 3628 4044 as-

2017 4063 2352 4118 sertionibus
2398 4065 2542 4131 suis,
2605 4067 2796 4122 electis
2832 4085 2897 4122 ex
2937 4085 3036 4125 suo
3088 4089 3315 4130 numero
3354 4078 3625 4148 aliquibus

2018 4151 2232 4210 idoneis
2252 4196 2268 4220 ,
2311 4156 2594 4212 uobiscum
2627 4161 2847 4228 paciﬁce
2869 4163 3200 4232 conferrent,
3230 4177 3285 4223 et
3309 4181 3622 4229 mansuetu-

2015 4242 2144 4300 dine
2167 4246 2479 4319 christiana,
2505 4250 2550 4304 si
2569 4250 2693 4319 quid
2708 4252 2950 4307 veritatis
2969 4264 3235 4324 tenerent,
3261 4276 3365 4315 non
3384 4263 3622 4335 ambige-

2011 4347 2138 4393 rent
2161 4339 2570 4397 demonstrare:
2613 4358 2721 4414 quo
2751 4346 2823 4398 ita
2847 4346 3129 4404 sinceritas
3159 4351 3462 4424 Catholica,
3497 4373 3618 4428 quae

2010 4429 2120 4499 jam
2152 4433 2361 4503 pridem
2407 4435 2778 4506 superioribus
2836 4441 3168 4508 temporibus
3196 4445 3420 4516 claruit,
3473 4467 3616 4508 nunc

302 4535 428 4575 cum
454 4522 596 4575 nulla
633 4521 719 4574 tali
750 4522 864 4592 lege
889 4522 1296 4592 adjuvarentur,
1325 4520 1702 4579 schismaticos
1726 4534 1906 4583 tamen
1933 4517 1989 4576 D
2014 4540 2230 4598 quoque
2275 4544 2369 4598 per
2398 4529 2747 4598 imperitiam,
2782 4530 2867 4585 vel
2918 4535 3270 4600 pertinaciam
3314 4542 3615 4598 resistenti-

301 4627 435 4668 snos
485 4613 903 4670 Maximianistas
960 4629 1055 4684 per
1079 4615 1321 4686 judicum
1365 4614 1515 4685 jussa
1556 4616 1692 4673 locis
1728 4634 1792 4674 ac
1821 4635 1906 4676 se-

300 4707 464 4763 dibus
519 4723 706 4762 eorum
753 4708 1037 4779 pellendos
1111 4709 1584 4780 exturbandosque
1659 4725 1899 4766 curasse.

300 4800 690 4860 Verumtamen
707 4816 805 4856 nos
833 4801 994 4858 saluti
1011 4816 1199 4856 eorum
1215 4809 1269 4856 et
1290 4809 1492 4857 nostrae
1509 4802 1901 4858 existimationi

298 4893 528 4966 paciﬁce
575 4895 942 4961 consulentes,
997 4906 1220 4966 propter
1257 4895 1582 4952 charitatem
1612 4913 1716 4968 qua
1745 4897 1902 4954 Chri-

299 4989 461 5044 stiani
491 5003 698 5055 sumus,
732 4990 927 5046 leniter
953 5005 1048 5044 eos
1079 4989 1329 5045 volumus
1369 4989 1685 5056 admonere,
1731 4999 1788 5046 ut
1816 5007 1901 5048 er-

300 5096 482 5137 rorem
523 5098 679 5139 suum
703 5082 987 5153 cogitando
1007 5091 1062 5138 et
1087 5083 1433 5154 agnoscendo
1455 5099 1563 5139 non
1589 5085 1895 5155 negligant:

299 5184 396 5231 aut
425 5177 468 5231 si
499 5186 688 5248 putant
739 5193 798 5232 se
850 5177 1047 5232 habere
1094 5177 1297 5248 aliquid
1326 5178 1590 5241 veritatis,
1639 5193 1746 5233 non
1777 5194 1894 5235 eam

2009 4617 2112 4673 bus
2141 4621 2542 4688 innotesceret;
2572 4623 2664 4677 sed
2705 4623 2829 4693 quia
2863 4622 3160 4680 difﬁdentia
3204 4632 3610 4701 premebantur,

2010 4713 2144 4769 nihil
2167 4732 2305 4786 pene
2327 4718 2442 4774 ausi
2475 4726 2601 4772 sunt
2627 4717 2975 4786 reSpondere.
3005 4719 3158 4776 Unde
3178 4724 3302 4792 quia
3327 4724 3611 4794 impletum

2007 4816 2227 4878 esterga
2250 4824 2344 4865 eos
2361 4810 2668 4880 episcopale
2689 4826 2752 4865 ac
2776 4812 3055 4881 pacificum
3078 4814 3334 4883 ofﬁcium,
3356 4819 3499 4874 etilli
3517 4822 3610 4892 qui

2005 4901 2220 4956 veritati
2248 4904 2581 4973 respondere
2612 4905 2987 4975 nequiverunt,
3017 4907 3083 4962 ad
3111 4908 3373 4966 immanes
3398 4913 3606 4970 violen-

2007 4996 2107 5047 tias
2131 5004 2256 5048 sunt
2279 5000 2528 5051 conversi
2556 5015 2568 5049 :
2599 4997 2668 5052 ita
2702 5007 2757 5053 ut
2784 4999 2981 5053 multos
3006 5002 3286 5072 episcopos
3301 5007 3607 5080 multosque

2002 5085 2232 5140 clericos
2261 5089 2341 5159 (ut
2360 5087 2429 5142 de
2459 5088 2608 5143 laicis
2635 5089 2932 5162 taceamus)
2973 5090 3184 5149 insidiis
3204 5101 3603 5168 oppresserint,

2001 5177 2276 5233 Ecclesias
2305 5179 2470 5234 etiam
2500 5180 2709 5251 aliquas
2741 5182 3061 5250 invaserint,
3099 5187 3306 5259 aliquas
3349 5190 3604 5247 invadere

300 5267 521 5328 furiosis
549 5268 1056 5326 Circumcellionum
1087 5271 1361 5328 violentiis
1391 5283 1579 5329 contra
1623 5273 1892 5344 publicam
1997 5274 2448 5347 pertentaverint,
2470 5274 2710 5345 ipsorum
2728 5275 2838 5347 jam
2864 5276 3166 5338 clementiae
3193 5293 3276 5339 est
3291 5282 3600 5352 consulere,

299 5453 965 5531 ﬁant._llgitnr_profecto_
1009 5452 1286 5531 isthie_de
1329 5453 1442 5531 ipsa
1468 5495 1482 5519 ,
1513 5469 1634 5524 quae
1661 5453 1903 5531 ejusdem

303 5523 524 5587 concilii
556 5523 999 5592 Carthaginensis
1032 5523 1286 5593 precibus
1314 5523 1477 5590 petita
1521 5523 1645 5580 mox
1673 5525 1807 5591 fuit,
1856 5535 1911 5581 et

317 5603 609 5670 impetrata
659 5609 687 5647 a
736 5593 1446 5670 septiminoproconsule,
1494 5596 1606 5650 sive
1637 5596 1913 5670 a‘vicarite

314 5689 348 5742 p
367 5663 672 5742 rmfecturae
699 5667 848 5742 sede,
877 5663 1336 5742 conﬁciendorum
1363 5674 1636 5742 gestorum
1664 5667 1912 5742 facultas.

313 5735 483 5801 Unde
508 5737 727 5807 dicitur,
766 5736 994 5791 Recitata
1015 5735 1447 5808 autemjussioue,
1478 5737 1620 5796 illius
1651 5739 1917 5808 videlicet,

2018 5456 2348 5536 amplissima:
2385 5457 2545 5536 sedis;
2570 5472 2674 5536 qua
2707 5458 2954 5536 iussione
2979 5465 3381 5533 magistratibus
3411 5465 3603 5536 praeci-

2013 5527 2283 5604 piebatur,
2319 5536 2378 5604 ut
2401 5527 2691 5604 Catholicis
2711 5527 2988 5601 episcopis
3013 5527 3168 5591 liéret
3211 5527 3448 5604 potestas
3472 5551 3602 5590 con-

2013 5599 2283 5675 veniendi
2325 5600 2629 5675 Donatistas
2675 5599 2772 5675 per
2819 5599 3030 5658 codices
3071 5599 3331 5675 publibos.
3380 5606 3504 5661 Haec
3546 5615 3603 5661 et

2017 5669 2384 5748 illustrissima
2404 5671 2546 5748 sedes
2591 5682 2644 5748 e_t
2674 5669 3135 5748 Sedes_illttstriunt
3178 5686 3480 5748 potestatum
3506 5692 3602 5748 vo-

2019 5751 2172 5797 catur
2201 5741 2256 5796 in
2284 5741 2568 5800 collatione
2595 5744 3001 5814 Carthagincusi
3035 5760 3129 5811 ιιι,
3166 5741 3216 5802 c.
3245 5748 3345 5803 167
3372 5757 3426 5805 et
3470 5746 3594 5804 170.
