4130 6170
522 261 660 319 1Ξο5

1778 245 2208 340 ΜΟΑἻῌΜΕΝΤΔ
2248 243 2526 305 νΕτΕΒΔ

3674 237 3806 294 μοι

524 387 582 432 ιιι
633 375 875 432 Ecclesia
914 372 1209 434 catholica,
1259 383 1380 440 quae
1438 380 1533 424 eos
1578 364 1835 437 religioso
1868 336 2022 418 utero
2073 361 2126 417 in
2155 366 2205 424 Α
2233 358 2577 416 decernimus
2621 354 2973 427 legationem.
3014 336 3151 406 illud
3202 357 3464 418 praeterea
3495 351 3695 404 cunctis
3723 367 3815 402 tm-

524 471 744 526 Christo
795 469 1003 540 genuit,
1060 475 1114 520 et
1169 462 1290 517 ildei
1347 458 1600 516 firmitate
1640 456 1893 518 nutrivit,
1934 468 2123 511 eorum

526 567 690 622 etiam
725 561 1105 635 prospectione
1144 550 1439 622 muniatur,
1485 568 1552 611 ne
1580 550 1851 608 temerarii
1878 549 2126 605 homines

529 654 800 726 religiosis
828 650 1165 722 temporibus
1190 646 1433 703 infirmos
1458 643 1681 716 populos
1706 640 1959 698 terrendo
1989 648 2129 708 prm-

531 749 795 804 valeant:
850 745 1106 816 quoniam
1155 737 1468 798 seducendo
1515 735 1814 807 depravare
1841 747 1945 787 non
2002 743 2129 799 pos-

532 847 675 899 sunt.
723 838 862 897 Nota
903 847 989 894 est
1032 838 1200 903 enim,
1251 843 1307 890 et
1353 846 1499 901 saepe
1538 829 1749 901 legibus
1795 826 2130 883 conclamata

528 932 1063 997 Circumcellionum,
1114 942 1218 1000 qua
1271 923 1509 991 furiunt,
1540 919 1876 998 detestabilis
1904 933 2128 981 manus,

535 1042 655 1097 qua:
687 1026 848 1080 etiam
897 1023 1140 1094 ipsorum
1178 1015 1710 1089 religiosissimorum
1741 1025 1902 1081 supra
1934 1006 2135 1080 princi-

531 1132 662 1188 pum
696 1112 1073 1186 frequentibus
1097 1109 1466 1166 sanctionibus
1496 1105 1854 1161 condemnata
1896 1110 2000 1166 est,
2031 1098 2134 1156 ad-

533 1223 723 1265 versus
774 1216 1007 1278 quorum
1068 1202 1306 1257 furorem
1374 1211 1655 1269 possemus
1710 1210 1816 1249 non
1871 1191 2131 1258 insolita,

540 1317 641 1357 nec
664 1308 694 1355 ‘a
724 1298 1020 1367 Scripturis
1072 1294 1272 1349 sanctis
1299 1292 1475 1346 aliena
1527 1292 1817 1360 impetrare
1861 1284 2134 1357 praesidia,

534 1392 752 1466 quando
771 1390 1062 1461 Apostolus
1076 1382 1603 1455 Paulus(Act.xxm),
1624 1381 1828 1436 sicutin
1847 1376 2137 1448 Apostolo-

538 1494 660 1542 rum
682 1484 910 1540 Actibus
923 1482 1177 1537 ﬁdelibus
1204 1487 1389 1535 notum
1418 1485 1523 1542 est,
1547 1475 1890 1530 factiosorum
1920 1471 2139 1539 conspi-

542 1581 809 1637 rationem
850 1575 1067 1632 militari
1111 1574 1272 1630 etiam
1319 1570 1587 1627 submovit
1636 1565 1855 1622 auxilio.
1890 1562 1998 1620 Sed
2037 1577 2139 1617 nos

542 1674 680 1732 illud
714 1652 1022 1744 poscimus,
1047 1678 1101 1723 ut
1144 1665 1436 1722 Catholicis
1463 1661 1826 1718 Ecclesiarum
1858 1655 2140 1713 ordinibus

2227 448 2311 509 bis
2363 451 2597 519 placuit:
2629 455 2688 503 ut
2727 447 2922 502 Iitterm
2954 444 3021 499 de
3050 452 3194 499 cmtu
3222 449 3411 498 nostro
3442 441 3510 497 ad
3553 441 3821 512 gloriosis—

2232 544 2399 598 simos
2438 541 2815 611 imperatores,
2846 544 2901 591 et
2933 535 3395 590 eminentissimas
3427 538 3716 604 potestates
3744 532 3826 588 di-

2232 635 2478 706 rigantur
2509 650 2522 687 :
2553 631 2748 700 quibus
2799 630 3139 684 instruantur
3182 635 3369 681 nostro
3412 625 3654 680 omnium
3696 641 3825 680 con-

2232 740 2399 783 sensu
2452 722 2520 779 ad
2576 721 2953 779 beatissimum
2992 719 3310 775 comitatum
3364 719 3574 789 legatos
3619 733 3647 771 a
3679 716 3831 774 nobis

2234 830 2357 874 esse
2401 816 2658 872 directos.
2701 810 2809 870 Sed
2857 813 2982 886 quia
3032 811 3220 867 iisdem
3266 810 3463 865 litteris
3488 810 3559 864 ab
3589 809 3832 864 omnibus

2234 907 2506 966 subscribi
2537 901 2904 961 tardissimum
2936 910 3050 970 est,
3098 917 3165 957 ne
3207 898 3544 973 singulorum
3594 899 3834 955 subscri-

2236 999 2515 1072 ptionibus
2538 996 2743 1053 eaedem
2774 996 3021 1067 epistolae
3051 1002 3362 1059 onerentur,
3395 993 3655 1064 petimus,
3674 991 3836 1048 frater

2237 1092 2458 1161 Aureli,
2492 1098 2551 1146 ut
2580 1089 2771 1145 iisdem
2822 1098 2910 1144 tua
2965 1085 3200 1141 charitas
3248 1093 3437 1139 nostro
3467 1082 3713 1137 omnium
3742 1097 3839 1139 no-

2238 1188 2385 1241 mine
2398 1182 2741 1240 subscribere
2753 1178 3095 1252 dignetur.Et
3109 1177 3549 1247 subscripserunt
3563 1193 3576 1227 :
3592 1173 3838 1230 Aurelius

2238 1280 2527 1351 episcopus
2545 1274 2804 1331 Ecclesiae
2822 1271 3280 1342 Carthaginensis,
3306 1269 3430 1324 huic
3457 1266 3688 1324 decreto
3710 1278 3839 1323 con-

2243 1368 2417 1432 sensi,
2447 1377 2500 1424 et
2527 1365 2824 1436 subscripsi
2853 1381 2865 1418 :
2893 1363 3147 1420 similiter
3169 1368 3224 1417 et
3238 1359 3424 1417 caeteri
3454 1360 3703 1431 episcopi
3719 1359 3844 1415 sub-

2242 1461 2600 1531 scripserunt.
2634 1457 2854 1512 Littera:
2879 1456 3041 1510 etiam
3072 1453 3140 1507 ad
3165 1451 3372 1522 iudices
3391 1449 3680 1506 mittenda:
3701 1461 3840 1513 sunt,

2244 1562 2306 1611 ut
2351 1553 2524 1608 donec
2554 1548 2816 1605 Dominus
2847 1548 3053 1619 legatos
3082 1544 3150 1605 ad
3185 1558 3284 1600 nos
3320 1543 3503 1599 redire
3524 1544 3842 1614 permittat,

2244 1648 2501 1703 tuitiones
2534 1660 2629 1714 per
2653 1644 2876 1699 ordines
2904 1642 3209 1707 civitatum,
3235 1644 3289 1694 et
3315 1641 3696 1710 possessiunes
3718 1652 3848 1708 prte-

538 1729 634 1842 ξᾷι.
660 1729 936 1824 νΕξοιθεῑίε
988 1729 1303 1834 ordinum),
1345 1775 1442 1830 per
1488 1758 1737 1813 civitates
1779 1752 2054 1824 singulas,
2096 1759 2150 1807 et
2180 1753 2230 1813 B
2256 1738 2483 1842 (ξῖοηιῐη,
2518 1734 2777 1842 Εοοξθβξξε
2817 1733 3107 1839 ﬁnitima.
3151 1731 3489 1842 ἰηιυςξιίπηιί
3543 1729 3850 1842 Adin“???

539 1864 848 1917 vicinorum
881 1869 1220 1929 quorumque
1251 1865 1629 1924 possessorum
1664 1862 1761 1918 per
1790 1845 2002 1900 diversa
2028 1843 2147 1899 loca

541 1955 661 2009 sine
709 1950 816 2007 ulla
877 1946 1310 2005 dissimulatione
1377 1942 1534 1997 tuitio
1590 1937 1918 2010 prtebeatur.
1972 1934 2150 1991 Simul

542 2044 705 2101 etiam
738 2042 1054 2114 petendum,
1109 2047 1168 2094 ut
1210 2037 1361 2092 illam
1402 2035 1603 2104 legem,
1636 2046 1755 2102 quae
1796 2045 1826 2084 a
1877 2028 2147 2099 religiosa

545 2136 823 2192 memoriae
855 2148 1042 2189 eorum
1071 2138 1225 2201 patre
1254 2126 1563 2183 Theodosio
1591 2123 1658 2179 de
1686 2122 1807 2178 auri
1851 2121 2005 2178 libris
2049 2120 2146 2177 de-

544 2244 662 2285 cem
692 2229 745 2282 in
784 2224 1159 2289 ordinatores,
1215 2220 1299 2276 vel
1348 2220 1626 2274 ordinatos
1664 2215 1953 2272 haereticos
1977 2257 1992 2280 ,
2049 2228 2147 2269 seu

544 2323 707 2379 etiam
739 2320 794 2374 in
824 2332 1190 2390 possessores,
1223 2315 1312 2370 ubi
1342 2327 1534 2370 eorum
1574 2310 1922 2382 congregatio
1952 2308 2149 2380 depre-

547 2415 822 2483 henditur,
869 2410 1209 2485 promulgata
1262 2416 1367 2477 est,
1424 2408 1494 2461 ita
1544 2396 1799 2473 deinceps
1837 2401 2149 2459 conﬁrmari

545 2506 866 2579 praecipiant
899 2522 911 2556 :
946 2513 1003 2557 ut
1048 2502 1101 2556 in
1133 2515 1228 2557 eos
1258 2500 1457 2566 valeat,
1506 2508 1694 2553 contra
1744 2511 1880 2567 quos
1926 2501 2150 2565 propter

554 2613 742 2655 eorum
775 2594 1001 2651 insidias
1049 2592 1313 2648 Catholici
1363 2590 1642 2661 provocati
1695 2588 2148 2645 contestationem

548 2690 923 2763 deposuerint,
956 2697 1014 2745 ut
1043 2686 1148 2743 hoc
1179 2686 1372 2742 saltem
1401 2692 1616 2740 terrore
1637 2698 1666 2738 a
1688 2681 2036 2738 schismatica
2065 2679 2151 2737 vel

550 2785 807 2841 haeretica
866 2781 1132 2853 pravitate
1177 2778 1519 2843 desciscant,
1570 2776 1661 2847 qui
1716 2773 2151 2832 consideratione

550 2877 737 2933 aeterni
789 2872 1041 2945 supplicii
1092 2870 1370 2927 emendari
1415 2868 1727 2938 corrigique
1784 2865 2147 2921 dissimulant.

552 2967 851 3025 Petendum
884 2965 1071 3030 etiam,
1099 2972 1157 3017 ttt
1182 2960 1299 3027 lex,
1328 2968 1446 3032 quae
1478 2956 1752 3014 haereticis
1786 2952 1869 3013 vel
1893 2973 1958 3012 ex
1980 2954 2153 3011 dona-

552 3054 811 3121 tionibus,
844 3058 925 3113 vel
954 3066 1019 3113 ex
1051 3052 1388 3112 testamentis
1423 3049 1626 3122 aliquid
1649 3047 1916 3119 cupiendi,
1952 3048 2035 3103 vel
2066 3063 2152 3104 re—

552 3148 836 3223 linquendi
865 3151 1081 3221 delegat
1112 3144 1446 3212 facultatem,
1472 3144 1542 3200 ab
1581 3161 1767 3201 eorum
1801 3159 2013 3216 quoque
2042 3144 2154 3214 pic-
2179 3143 2225 3206 C

555 3252 664 3301 tate
705 3245 963 3300 hactenus
1007 3248 1304 3312 repetatur,
1353 3249 1413 3294 ut
1457 3238 1537 3295 eis
1571 3234 1911 3310 relinquendi
1942 3237 2024 3294 vel
2063 3254 2154 3293 su-

557 3337 740 3394 mendi
766 3337 856 3407 jus
880 3334 1113 3400 adimat,
1152 3333 1242 3405 qui
1285 3331 1598 3403 pertinacia:
1631 3328 1813 3385 furore
1840 3330 2023 3386 caecati
2049 3371 2064 3397 ,
2100 3328 2152 3385 in

558 3431 958 3485 Donatistarum
1011 3442 1196 3481 errore
1253 3440 1602 3496 perseverare
1644 3424 1933 3478 voluerint.
1984 3421 2157 3479 Caete-

557 3532 675 3574 rum
699 3519 804 3573 illis
830 3518 917 3588 qui
946 3516 1385 3572 consideratione
1417 3513 1640 3569 unitatis
1670 3522 1724 3569 et
1771 3516 1917 3584 pacis
1950 3529 2009 3570 se
2036 3530 2157 3570 cor-

556 3613 735 3685 rigere
765 3610 1075 3676 voluerint,
1109 3612 1314 3679 absque
1358 3607 1648 3663 interdicto
1695 3606 1854 3678 hujus
1902 3607 2033 3680 legis
2066 3625 2154 3665 ca-

560 3700 768 3773 piendae
797 3700 1133 3758 ltmreditatis
1154 3698 1332 3757 aditus
1365 3706 1569 3770 pateat,
1598 3699 1642 3754 si
1676 3698 1855 3754 adhuc
1885 3698 1936 3755 in
1969 3714 2158 3756 errore

558 3795 817 3851 haeretica
870 3793 1179 3850 constitutis
1231 3790 1433 3861 aliquid
1493 3800 1620 3847 ante
1667 3790 2014 3857 donationis,
2073 3792 2158 3847 vel

560 3886 892 3942 hereditatis
923 3880 1161 3952 obvenit,
1188 3884 1276 3940 his
1301 3898 1431 3940 sane
1460 3884 1733 3955 exceptis,
1778 3884 1868 3955 qui
1920 3884 2013 3940 lite
2041 3887 2159 3956 pul-

559 3978 664 4033 sati
719 3977 1030 4047 putaverint
1080 3976 1147 4031 ad
1190 3972 1524 4030 Catholicam
1557 3976 1978 4043 transeundum,
2034 3977 2159 4047 quia

563 4069 632 4128 de
679 4070 876 4125 talibus
914 4064 1175 4125 credibile
1223 4076 1328 4133 est,
1375 4076 1482 4123 non
1524 4076 1669 4122 metu
1700 4066 1938 4123 coele5tis
1972 4066 2161 4138 jndicii

559 4161 762 4232 potius,
780 4170 941 4232 quam
964 4158 1167 4216 terreni
1193 4156 1464 4215 commodi
1493 4157 1751 4213 aviditate
1778 4156 2038 4215 unitatem
2070 4172 2165 4215 ca-

556 4251 815 4309 tholicam
844 4256 1199 4321 praeoptasse.
1249 4248 1330 4304 Ad
1358 4249 1475 4304 haec
1510 4255 1692 4304 autem
1740 4249 1942 4315 omnia,
1974 4249 2162 4320 praesi-

556 4344 647 4402 dio
673 4360 811 4415 opus
836 4350 921 4400 est
943 4348 1270 4414 potestatum
1302 4354 1519 4397 suarum
1542 4356 2004 4415 quarumcumque
2037 4360 2162 4415 pro-

559 4438 885 4503 vinciarum,
918 4448 1049 4491 sane
1081 4450 1178 4505 pro
1205 4434 1532 4490 utilitatibus
1558 4434 1853 4505 Ecclesiae,
1900 4436 2161 4511 quidquid

2250 1832 2381 1887 dum
2412 1831 2578 1886 etiam
2606 1828 2673 1883 de
2700 1826 2918 1899 Equitio
2937 1867 2953 1892 ,
2989 1833 3047 1879 nt
3093 1822 3409 1893 improbitas
3438 1821 3583 1893 ejus,
3616 1837 3720 1893 qua
3750 1822 3849 1877 sibi

2248 1926 2336 1997 ius
2381 1922 2725 1979 sacerdotum
2773 1916 3172 1989 improbissime
3218 1915 3479 1980 vindicat,
3534 1914 3611 1993 ab
3655 1913 3849 1984 Hippo.

2252 2016 2407 2073 nensi
2439 2012 2851 2085 Diarrhytorum
2871 2010 3096 2067 dioecesi
3123 2007 3420 2064 secundum
3451 2014 3657 2061 statuta
3686 2008 3852 2075 impe-

2244 2117 2493 2164 ratorum
2544 2105 2862 2176 repellatur.
2928 2102 3144 2159 Litterae
3196 2102 3365 2156 etiam
3408 2099 3477 2155 ad
3527 2100 3851 2171 Episcopum

2251 2202 2517 2257 Romana:
2565 2198 2824 2254 Ecclesia
2866 2194 3339 2252 commendatione
3384 2193 3695 2263 legatorum
3736 2194 3855 2247 mit-

2252 2293 2428 2349 tendae
2473 2299 2621 2358 sunt,
2664 2291 2748 2346 vel
2795 2289 2862 2345 ad
2887 2288 3050 2356 alios,
3092 2286 3182 2342 ubi
3227 2284 3393 2341 fuerit
3431 2286 3742 2355 imperator.
3787 2283 3855 2339 Et

2251 2385 2713 2455 subscripserunt.
2763 2380 2899 2437 Item
2956 2378 3212 2436 Aurelius
3255 2379 3552 2449 episcopus
3602 2378 3858 2434 Ecclesia}

2250 2476 2691 2549 Carthaginensis
2735 2474 2861 2530 huic
2906 2475 3129 2530 decreto
3174 2472 3429 2528 consensi
3464 2513 3480 2538 ,
3512 2478 3573 2527 et
3609 2472 3859 2542 praelecto

2254 2571 2548 2643 subscripsi
2578 2587 2592 2624 :
2622 2570 2875 2627 similiter
2919 2577 2975 2623 et
3022 2564 3489 2637 caeteriepiscOpi
3521 2565 3857 2635 subscripse-

2252 2673 2402 2720 runt.

2665 2755 2827 2830 215
2863 2758 3013 2813 Auno
3042 2755 3239 2812 Donum
3276 2752 3402 2810 405.

2960 2875 3143 2932 XVIII.

2830 3011 3111 3073 HONORII
3149 3012 3291 3069 LEX

2781 3165 2832 3204 ΙΝ
2871 3162 3329 3205 REBAPTIZANTES.

2260 3263 2344 3319 Ea:
2374 3261 2501 3343 Cod.
2534 3263 2758 3332 Theod.,
2790 3264 2880 3320 lib.
2916 3281 3009 3319 xvr
3034 3309 3049 3331 ,
3092 3265 3273 3320 titulus
3317 3264 3353 3320 5
3380 3307 3394 3331 ,
3432 3264 3503 3321 de
3535 3264 3824 3322 Htereticis
3846 3307 3861 3333 ,

2953 3359 3045 3417 lt'b.
3078 3359 3166 3414 58.

2482 3476 2659 3548 Impp.
2684 3474 2884 3531 Arcad.
2904 3461 3125 3530 Honor.
3151 3483 3207 3530 et
3234 3472 3441 3530 Theod.
3477 3472 3643 3528 ΑΑΑ.

2331 3611 2501 3667 Nemo
2512 3609 2887 3676 Manichreum,
2903 3624 3063 3667 nemo
3078 3611 3411 3671 Donatistam
3434 3608 3541 3682 (i),
3561 3610 3656 3681 qui
3682 3612 3868 3681 pratici-

2263 3720 2366 3775 pue
2395 3703 2477 3778 (ut
2498 3703 2885 3775 comperimus)
2909 3702 3093 3759 furere
3118 3720 3224 3759 non
3248 3704 3540 3769 desistunt,
3576 3704 3629 3758 in
3662 3719 3870 3763 ntemn-

2262 3799 2396 3852 riam
2428 3806 2651 3854 revocet
2679 3816 2690 3851 :
2726 3814 2831 3853 una
2861 3799 2928 3854 sit
2960 3796 3247 3854 Catholica
3278 3799 3562 3854 veneratio
3593 3814 3750 3857 :una
3780 3815 3866 3851 sa-

2264 3891 2348 3945 lus
2396 3891 2468 3944 sit
2510 3889 2862 3955 :Trinitatis,
2914 3904 3035 3961 par,
3082 3888 3189 3944 sibi
3218 3904 3562 3959 congruens,
3605 3891 3868 3946 sanctitas

2265 3992 2571 4054 expetatur.
2618 3982 2773 4051 Quod
2804 3983 2849 4038 si
2878 3984 3000 4055 quis
3030 3981 3229 4039 audeat
3256 3980 3566 4037 interdictis
3594 3996 3724 4038 sese
3751 3982 3873 4036 inli-

2264 4077 2494 4146 citisque
2537 4076 2808 4141 miscere,
2856 4080 2911 4129 et
2951 4074 3338 4144 praeteritarum
3383 4072 3871 4129 innumerabilium

2265 4170 2734 4236 constitutionum,
2760 4178 2815 4224 et
2840 4167 2993 4239 legis,
3028 4182 3202 4237 nuper
3230 4181 3259 4220 a
3287 4166 3722 4223 mansuetudine
3748 4181 3874 4222 nos-

2268 4267 2347 4317 tra
2377 4262 2603 4333 prolatae
2628 4304 2643 4329 ,
2675 4261 2899 4332 laqueos
2931 4276 3037 4315 non
3063 4260 3264 4316 evadat
3296 4279 3307 4313 :
3338 4270 3394 4315 et
3428 4261 3475 4316 si
3505 4262 3687 4315 turba:
3736 4263 3877 4317 forte

2265 4354 2660 4419 convenerint,
2693 4354 2976 4409 seditionis
3015 4353 3345 4419 concitatos,
3384 4352 3609 4407 aculeos
3635 4351 3874 4408 acrioris

2266 4447 2649 4505 commotionis
2678 4463 2785 4503 non
2817 4447 3024 4503 dubitet
3051 4444 3375 4503 exerendos.
3410 4445 3534 4501 Dat.
3567 4444 3718 4516 prid.
3752 4446 3877 4503 idus

554 4529 925 4587 intellexerint
954 4526 1244 4598 prodesse,
1275 4527 1466 4599 agendi
1513 4537 1571 4583 et
1602 4530 1898 4600 imperandi
1928 4530 2155 4593 liberam
2182 4530 2237 4592 D
2264 4540 2424 4597 Febr.
2454 4538 2665 4596 Raven.
2698 4538 2999 4597 Stilichone
3023 4538 3069 4595 Il
3099 4548 3155 4596 et
3184 4536 3479 4599 Anthemio
3509 4538 3666 4594 Coss.

1949 4640 2496 4707 ANNOTATIONES.

624 4736 1890 4817 (i)Manichaeorumet‘Donatistarum_spiritus,
1919 4744 2070 4817 furor
2097 4758 2151 4805 et

556 4809 747 4879 error,
795 4823 1081 4886 castusque
1123 4812 1319 4886 seditio
1361 4812 1440 4868 sic
1483 4811 1554 4886 ab
1595 4809 1835 4886 Honorio
1876 4809 2003 4886 imp.
2048 4816 2151 4875 hoc

470 4954 477 4955 ί
557 4888 737 4941 edicto
763 4900 908 4938 anno
938 4884 1049 4955 405A
1070 4883 1437 4938 retunduntur
1468 4901 1482 4937 :
1518 4883 1748 4938 ﬁrmatis
1779 4883 2150 4946 anterioribus

555 4957 610 5011 in
644 4969 741 5029 eos
769 4953 1083 5029 constitutis
1104 4993 1120 5019 ,
1162 4969 1371 5029 suaque
1403 4955 1523 5025 lege
1552 4970 1723 5029 nuper
1764 4955 1872 5011 lata
1912 4977 1926 5013 :
1972 4962 2154 5029 pmnis

557 5023 927 5110 severissimis
956 5020 1483 5097 propositis,'atque'
1498 5020 1565 5079 ad
1600 5020 1864 5083 unitatem
1895 5020 2152 5090 omnibus

558 5105 821 5152 invttatis.

631 5166 835 5241 Nempe
865 5166 970 5241 hoc
996 5167 1221 5222 unitatis
1244 5167 1483 5225 edictum
1514 5175 1601 5223 est
1634 5167 1863 5225 Honorii
1888 5169 2020 5241 imp.
2058 5184 2153 5241 per

559 5237 799 5316 Africam
817 5236 1057 5316 “missum
1092 5257 1103 5292 :
1136 5240 1293 5316 cuius
1345 5242 1462 5310 ipse
1501 5241 1834 5316 mentionem
1876 5236 2006 5316 facit
2042 5236 2079 5299 ι’.
2114 5263 2154 5302 ιι

559 5311 688 5392 inf-1:.
717 5309 781 5363 de
805 5307 972 5392 Relig.
1002 5307 1542 5392 prostitutoseq'uente
1583 5311 1959 5392 mensthde
1984 5320 2108 5371 anni
2139 5335 2151 5372 :

564 5374 828 5459 Edictum,
866 5374 1039 5459 inquit
1071 5374 1371 5459 Honorius,
1397 5380 1532 5452 quod
1562 5393 1651 5459 per
1680 5374 1958 5452 Africanas
1981 5388 2162 5459 regio-

561 5468 650 5505 nes
680 5451 953 5526 clementia
982 5461 1160 5526 nostra
1179 5451 1388 5526 direxit,
1418 5471 1508 5522 per
1541 5451 1745 5526 diversa
1769 5457 1990 5526 praponi
2015 5451 2162 5513 volu-

560 5534 693 5598 ntus,
729 5532 784 5576 ut
803 5524 1094 5598 innotescat
1117 5518 1216 5573 Dei
1242 5518 1783 5598 omnipotentistmuui
1816 5518 1877 5598 et
1903 5541 2072 5580 verm
2098 5531 2162 5598 [i-

561 5592 678 5648 dem
707 5590 1038 5664 catholicum,
1068 5605 1224 5664 quam
1252 5590 1395 5647 recta
1423 5593 1706 5649 credulitas
1726 5595 2018 5664 conﬁtetur,
2052 5590 2162 5654 esse

559 5666 907 5720 retinendam.
958 5661 1037 5718 De
1085 5663 1282 5734 eodem
1328 5664 1643 5734 accipienda
1691 5678 1745 5721 et
1793 5661 1879 5720 illa
1924 5661 2162 5726 auctoris

562 5735 957 5801 consularium,
994 5749 1113 5806 qum
1142 5733 1321 5790 ldacio
1357 5733 1594 5805 subdita,
1628 5737 1934 5805 Stilichone,
1965 5740 2158 5815 inquit,

2258 4742 2304 4816 li
2329 4753 2383 4800 et
2417 4744 2692 4816 Anthemio
2716 4741 2905 4816 (Coss.
3005 4736 3102 4816 [Iis
3130 4742 3284 4816 Cass.
3316 4743 3460 4816 inter
3494 4742 3806 4802 Catholicos
3828 4758 3875 4802 et

2262 4815 2567 4871 Donatistas
2593 4813 2787 4872 Unitas
2811 4813 2969 4886 facta.
3004 4813 3194 4886 [initas
3218 4814 3379 4886 facta,
3412 4814 3466 4886 id
3498 4826 3604 4881 est,
3639 4819 3876 4875 unitatis

2261 4887 2522 4953 edictum,
2553 4900 2651 4942 seu
2680 4884 2999 4942 Heneticum
3031 4884 3247 4939 factum.
3280 4884 3646 4941 Meminerant
3680 4898 3738 4943 et
3776 4891 3875 4944 Pa-

2263 4964 2376 5013 tres
2403 4956 2670 5025 Africani,
2697 4958 2932 5013 triennio
2953 4967 3074 5028 past
3101 4958 3153 5010 in
3184 4957 3420 5012 concilio
3445 4958 3874 5027 Carthagincusi

2261 5028 2508 5095 decimo,
2545 5045 2688 5083 anno
2714 5029 2819 5083 407
2853 5046 2965 5083 can.
3002 5028 3070 5084 99
3111 5028 3239 5083 Cod.
3280 5028 3515 5096 Africani
3554 5046 3573 5083 :
3613 5027 3873 5096 Urtt'tatis,

2263 5100 2482 5170 inquam
2509 5141 2535 5170 ,_
2558 5094 2800 5154 Edictum
2836 5114 2853 5153 :
2897 5097 3041 5170 quod
3084 5100 3147 5154 et
3180 5099 3267 5153 illa
3301 5094 3467 5153 verba
3514 5103 3825 5157 ostendunt
3856 5094 3870 5157 ἐ

2267 5167 2383 5223 Uita
2409 5170 2475 5225 sit
2498 5168 2767 5225 Catholica
2791 5167 3049 5225 veneratio
3079 5185 3098 5225 :
3138 5186 3241 5225 una
3262 5170 3404 5224 salus
3433 5172 3505 5225 sit
3529 5187 3550 5225 :
3594 5170 3875 5229 Trinitatis

2263 5258 2358 5322 pqr
2398 5243 2515 5322 silli
2562 5258 2871 5322 congruens
2901 5243 3153 5305 sanctitas
3204 5251 3498 5322 expetatur.
3547 5243 3874 5322 (Zgjusmudi

2263 5311 2442 5367 edicta
2467 5313 2641 5370 Gnaei
2669 5315 2881 5369 ἐνωτικά
2908 5324 3107 5368 vocant
3138 5329 3150 5366 :
3184 5311 3346 5371 (male
3373 5314 3541 5368 etiam
3581 5313 3871 5371 Zenonem

2272 5379 2405 5453 linp.
2445 5392 2630 5453 postea
2662 5387 2853 5438 tulisse
2893 5393 3159 5439 memorat
3202 5379 3389 5438 Victor
3428 5383 3787 5441 'l‘ununensis
3816 5388 3877 5440 iri

2274 5450 2561 5527 Chronico:
2579 5454 2882 5527 Anttstast'us
2907 5455 3068 5527 1mg,
3086 5455 3280 5525 inquit,
3313 5456 3673 5527 hereticorum
3702 5474 3867 5527 synoo

2272 5523 2400 5578 dum
2426 5527 2620 5595 faciens
2650 5525 2967 5580 Heneticum
2995 5523 3217 5581 Zenonis
3246 5524 3523 5595 conﬂuunt
3554 5544 3577 5582 ξ
3603 5538 3658 5582 et
3685 5523 3870 5582 Theo-

2272 5595 2442 5673 dorus
2473 5596 3016 5673 Anagnostesecloga
3045 5597 3101 5665 2,
3126 5599 3332 5673 ὑπέθετο
3363 5596 3528 5673 λάθρα
3546 5607 3622 5672 τῷ
3636 5599 3865 5671 βασιλεῖ,

2271 5668 2467 5724 παίοιτο
2493 5670 2580 5725 τὸν
2609 5667 2799 5743 Ῥώμης
2819 5667 3121 5727 Ἐπὶσῖκοπον
3147 5677 3221 5741 τῷ
3491 5667 3713 5734 Ζήνὲιῦκ
3731 5673 3861 5725 ὀπῆς

2282 5743 2508 5827 γράφειν.
2543 5744 2707 5821 quue
2730 5754 2904 5810 totum
2942 5754 3117 5807 exstat
3144 5748 3284 5820 apud
3308 5746 3602 5821 Evagrium
3630 5746 3719 5803 lib.
3753 5756 3812 5807 tt!
3838 5782 3855 5811 ι
