4130 6170
506 253 529 310 l
545 255 646 312 £07

1768 242 2202 304 MONUMENTA
2240 233 2519 301 VETERA

3666 237 3793 298 £208

502 379 713 431 suimus
737 418 753 444 ,
801 390 923 445 quae
953 389 1020 430 ne
1062 373 1289 428 hrcresis
1323 377 1638 436 vocaretur,
1683 366 2104 439 appellationem
2134 375 2178 434 Α
2209 364 2382 419 cultas
2407 404 2422 429 ,
2454 370 2512 417 ut
2547 361 2664 432 ejus
2690 359 2946 432 prmsidio
2971 359 3238 416 adversus
3262 357 3426 430 hujus
3467 355 3707 414 criminis
3743 367 3799 415 et

504 469 818 525 schismatis
845 466 1186 538 prteferebat.
1217 465 1273 519 In
1307 473 1516 519 tantum
1548 462 1694 518 enim
1725 461 1952 518 sceleris
1977 475 2104 532 pro-

506 563 682 637 gressi
716 563 968 616 dicuntur
1012 561 1081 626 ii,
1119 573 1258 630 quos
1289 559 1602 613 Donatistas
1629 565 1858 623 vocant,
1888 563 1946 609 ut
1976 555 2106 626 bap-

506 657 666 710 tisma
694 663 1122 720 sacrosanctum,
1158 651 1432 724 mysteriis
1464 649 1770 715 recalcatis,
1801 649 2107 704 temeritate

509 747 672 803 noxia
705 747 930 812 iterent,
975 756 1030 802 et
1068 745 1318 818 homines
1347 745 1553 810 semel,
1601 752 1658 798 ut
1696 742 1952 797 traditum
1983 749 2104 808 est,

509 855 734 895 munere
761 839 1060 893 divinitatis
1082 838 1316 904 ablutos,
1343 834 1669 906 contagione
1697 833 1939 906 profana:
1962 847 2112 902 repe-

507 933 714 988 titionis
745 931 1054 986 infecerint.
1101 930 1177 984 Ita
1215 929 1465 1000 contigit,
1500 937 1557 983 ut
1584 927 1810 982 haeresis
1835 943 1898 982 ex
1930 927 2108 982 schis-

509 1033 650 1078 mate
675 1033 1010 1077 nasceretur.
1033 1021 1162 1076 Inde
1186 1021 1326 1075 male
1355 1019 1604 1075 credulas
1631 1029 1840 1074 mentes
1867 1018 1932 1072 ad
1958 1033 2110 1087 spem

508 1116 760 1191 secunda:
792 1114 1146 1184 indulgentia:
1190 1114 1426 1168 blandus
1463 1129 1620 1168 error
1671 1114 1882 1168 invitat.
1929 1111 2110 1166 Facile

507 1217 591 1263 est
617 1208 761 1262 enim
793 1205 1122 1276 persuadere
1151 1204 1522 1275 peccantibus,
1549 1205 1762 1260 veniam
1797 1205 1944 1273 prius
1973 1219 2110 1274 prm—

505 1303 688 1356 stitam
722 1301 904 1356 denuo
934 1316 1093 1370 posse
1127 1299 1410 1368 prmstari;
1444 1315 1562 1368 qutc
1589 1299 1632 1352 si
1661 1298 1888 1354 concedi
1913 1298 2110 1354 iterum

509 1396 700 1452 eodem
735 1394 898 1449 modo
927 1403 1146 1465 potest,
1177 1409 1282 1447 non
1315 1393 1666 1462 intelligimus
1697 1408 1792 1446 cur
1825 1392 1986 1446 tertio
2012 1391 2110 1446 de.

512 1495 760 1555 negetur.
787 1487 851 1540 Hi
891 1502 1020 1540 vero
1049 1495 1103 1541 et
1126 1501 1318 1540 servos
1350 1487 1438 1540 vel
1466 1485 1711 1540 homines
1745 1485 1854 1555 juri
1893 1484 2114 1554 proprio

433 1567 436 1570 ’
512 1577 803 1643 subditos,
863 1576 1045 1632 iterati
1102 1577 1440 1647 baptismatis
1498 1577 1746 1647 polluunt
1805 1575 2110 1645 sacrilegio.

510 1673 692 1740 Quare
719 1671 822 1727 hac
851 1671 972 1742 lege
1001 1672 1277 1727 sancimus
1303 1713 1316 1738 ,
1347 1680 1404 1727 ut
1426 1673 1665 1741 quisquis
1693 1670 1919 1740 posthac
1953 1669 2116 1724 fuerit

2208 453 2486 511 societatis
2513 462 2788 518 auctores,
2815 451 3103 507 adtributa:
3132 451 3402 508 libertatis
3431 449 3686 521 prtcsidio
3704 452 3798 508 de-

2209 547 2521 611 fendantur,
2563 547 2832 616 liceatque
2879 545 2962 601 his
3004 545 3109 601 sub
3159 545 3258 601 hac
3295 543 3608 601 conditione
3648 544 3801 602 fidem

2212 639 2372 704 tueri,
2401 653 2560 710 quam
2604 646 2927 708 extorquere
2966 637 3035 692 ab
3082 636 3262 692 invitis
3306 637 3521 693 Domini
3563 645 3798 694 tentave-

2211 733 2341 789 rint.
2370 733 2479 788 Nec
2505 740 2811 788 assertores
2839 731 3108 802 dogmatis
3135 731 3435 796 Catholici,
3471 747 3536 787 ea
3574 747 3680 802 qua
3707 747 3808 788 ca:-

2215 839 2361 882 teros
2391 827 2484 897 qui
2511 827 2562 881 in
2593 835 2862 897 potestate
2889 837 3013 882 sunt
3043 827 3230 898 positi,
3263 837 3480 897 oportet
3509 827 3578 882 ad
3603 826 3808 884 facinus

2212 919 2330 990 lege
2354 919 2648 989 constringi
2675 936 2689 984 ;
2721 929 2773 974 et
2807 920 3042 974 maxime
3067 919 3320 974 convenit
3349 933 3545 974 omnes
3569 918 3810 976 homines

2213 1012 2331 1066 sine
2380 1012 2490 1066 ullo
2537 1012 2854 1068 discrimine
2885 1013 3214 1068 conditionis
3259 1023 3351 1067 aut
3394 1021 3572 1068 status
3624 1012 3813 1070 infusae

2213 1103 2422 1158 caelitus
2450 1103 2750 1159 sanctitatis
2777 1121 2901 1161 esse
2926 1106 3198 1161 custodes.
3231 1105 3414 1163 Sciant
3444 1107 3481 1162 ii
3512 1121 3645 1162 vero
3674 1109 3812 1178 quia

2214 1195 2538 1264 supradictis
2575 1196 2776 1252 iterare
2806 1198 3071 1268 baptisma
3113 1213 3220 1254 non
3253 1200 3554 1265 timuerint,
3602 1207 3694 1254 aut
3723 1199 3812 1268 qui

2214 1288 2604 1344 consentiendo
2657 1289 2760 1344 hoc
2807 1288 3017 1346 facinus
3064 1291 3281 1362 propria
3331 1292 3491 1363 hujus
3533 1292 3813 1348 societatis

2216 1383 2578 1453 permixtione
2603 1381 2983 1438 damnaverint
3010 1425 3024 1448 ,
3065 1400 3173 1439 non
3202 1384 3378 1438 solum
3413 1385 3654 1440 testandi
3681 1387 3814 1450 sibi,

2216 1490 2402 1529 verum
2432 1475 2765 1544 adipiscendi
2797 1475 3002 1546 aliquid
3031 1476 3132 1530 sub
3159 1475 3340 1545 specie
3366 1475 3699 1544 donationis,
3730 1480 3813 1533 vel

2216 1565 2593 1634 agitandorum
2635 1576 3010 1623 contractuum
3051 1569 3102 1622 in
3135 1577 3453 1638 perpetuum
3485 1569 3700 1640 copiam
3726 1570 3816 1625 dc-

2217 1666 2464 1728 negatam
2492 1699 2505 1724 ,
2536 1659 2639 1714 nisi
2683 1674 2862 1729 prava:
2891 1659 3089 1714 mentis
3117 1675 3363 1715 errorem
3396 1661 3729 1717 revertendo
3754 1661 3816 1716 ad

511 1764 883 1834 rebaptizasse
914 1765 1180 1830 ἀριοειιις,
1209 1765 1402 1834 μυηθῇ,
1447 1765 1540 1835 qui
1584 1764 1885 1820 provincia;
1917 1762 2108 1833 ριιωεῑ-
2143 1770 2187 1830 Β
2215 1767 2400 1806 veram
2429 1750 2588 1807 fidem
2626 1752 2840 1806 consilii
2868 1751 3252 1808 emendatione
3293 1755 3668 1810 correxerint.
3701 1754 3819 1810 Illos

512 1857 647 1922 det,
685 1857 964 1922 offeratur,
1008 1867 1064 1912 ut
1106 1858 1424 1913 facultatum
1455 1860 1700 1913 omnium
1748 1857 2116 1928 publicatione

510 1949 796 2014 multatus,
827 1949 1029 2018 inopia:
1057 1964 1294 2019 poenam,
1337 1965 1439 2018 qua
1483 1951 1534 2005 in
1563 1959 1883 2020 perpetuum
1915 1947 2118 2004 afficia-

513 2049 620 2107 tur,
653 2039 943 2109 expendat.
975 2040 1051 2093 Ita
1081 2049 1138 2093 ut
1168 2041 1293 2094 liliis
1313 2055 1526 2108 eorum,
1553 2044 1597 2096 si
1622 2056 1651 2095 a
1676 2050 1914 2111 paterna.-
1942 2043 2116 2096 socie-

511 2135 637 2189 tatis
675 2135 944 2204 pravitate
980 2134 1350 2202 dissentinnt,
1395 2150 1458 2190 ea
1498 2150 1618 2206 qua:
1666 2135 1863 2191 fuerint
1891 2144 2113 2206 paterna

516 2243 622 2282 non
660 2238 906 2297 pereant;
935 2238 992 2282 ut
1014 2230 1058 2282 si
1086 2229 1235 2298 ipsos
1265 2228 1488 2284 forsitan
1517 2230 1733 2284 saevitas
1755 2238 1994 2300 paterna:
2017 2230 2116 2284 de-

513 2321 799 2392 pravitatis
839 2322 1137 2392 implicavit
1159 2364 1174 2389 ,
1205 2337 1269 2377 ac
1307 2324 1509 2378 reverti
1548 2322 1660 2392 jam
1690 2323 1756 2376 ad
1779 2321 2116 2378 Catholicam

514 2414 836 2484 religionem
885 2414 1133 2481 malunt,
1185 2414 1663 2484 adipiscendorum
1718 2415 1803 2470 his
1848 2416 2118 2471 bonorum

512 2509 668 2578 copia
713 2522 819 2562 non
852 2514 1099 2577 negetur.
1137 2507 1212 2562 Ea
1259 2514 1522 2578 praeterea
1571 2507 1686 2562 loca
1731 2521 1825 2561 seu
1873 2505 2074 2588 praedia
2103 2547 2118 2572 ,

517 2616 640 2671 quae
689 2601 948 2656 feralibus
989 2599 1295 2671 sacrilegiis
1335 2599 1593 2672 deinceps
1633 2601 1943 2656 constiterit
1983 2615 2121 2669 prac-

511 2694 698 2750 buisse
728 2703 1025 2762 secretum,
1059 2694 1175 2748 fisci
1211 2693 1418 2748 viribus
1447 2693 1788 2764 applicentur
1821 2711 1834 2746 :
1864 2694 1908 2748 si
1940 2703 2118 2748 tamen

515 2788 770 2843 dominus
800 2797 891 2841 aut
931 2787 1179 2851 domina,
1217 2793 1312 2840 aut
1341 2801 1581 2856 praesens
1617 2785 1758 2840 forte
1798 2785 1995 2850 fuisse,
2029 2793 2122 2838 aut

514 2895 845 2955 consensum
874 2879 1190 2950 praestitisse
1214 2878 1476 2949 probetur
1502 2897 1515 2934 :
1541 2893 1676 2949 quos
1701 2877 1918 2949 quidem
1943 2877 2120 2931 inusta

516 2976 679 3030 etiam
713 2989 809 3044 per
847 2973 1173 3029 sententiam
1217 2971 1432 3028 notabit
1477 2971 1717 3027 infamia.
1765 2971 1820 3027 Si
1862 2985 1995 3026 vero
2034 2970 2121 3026 his

518 3068 719 3125 nesciis
749 3084 844 3138 per
885 3067 1270 3124 conductorem
1322 3075 1798 3137 procuratoremve
1837 3079 2025 3119 eorum
2066 3065 2119 3119 in

516 3165 680 3220 domo
731 3165 988 3235 agitatum
1045 3160 1361 3232 hujusmodi
1422 3162 1628 3216 facinus
1681 3161 2070 3230 comprobatur
2102 3171 2193 3235 ,ρ

519 3256 840 3330 praejudicio
871 3272 899 3310 a
935 3255 1262 3327 przediorum
1293 3253 1655 3324 publicatione
1691 3266 1989 3322 suspenso,
2024 3250 2124 3305 im-

518 3349 702 3420 pliciti;
730 3348 953 3404 sceleris
999 3357 1253 3402 auctores
1283 3347 1507 3402 coerciti
1553 3345 1796 3416 plumbo,
1829 3344 2080 3400 exsilium
2107 3383 2124 3410 ,

519 3443 573 3498 in
605 3459 711 3512 quo
740 3444 888 3496 omni
917 3443 1042 3496 vitae
1073 3442 1234 3514 217
1269 3457 1383 3496 sua:
1405 3449 1647 3508 tempore
1677 3439 2005 3503 afliciantur,
2033 3451 2124 3492 ac-

519 3535 746 3606 cipient.
776 3533 854 3589 Ac
881 3550 949 3589 ne
979 3534 1207 3588 forsitan
1237 3534 1308 3587 sit
1333 3533 1562 3588 liberum
1590 3533 1979 3587 conscientiam
2003 3531 2120 3600 pia-

523 3629 723 3684 cularis
760 3628 1054 3699 perpetrati
1099 3627 1241 3682 intra
1272 3625 1602 3680 domesticos
1635 3624 1873 3695 parietes
1905 3622 2123 3679 silentio

523 3722 707 3778 celare
748 3731 961 3776 secreto
988 3762 1002 3785 ,
1041 3719 1126 3774 his
1171 3719 1261 3790 qui
1305 3717 1530 3772 forsitan
1573 3718 1639 3774 ad
1673 3718 2122 3788 rebaptizandum

523 3820 808 3883 cogentur,
839 3811 1137 3883 refugiendi
1167 3810 1235 3867 ad
1262 3809 1562 3866 Ecclesiam
1584 3802 1922 3866 Cathblicam
1946 3813 2016 3866 sit
2046 3809 2124 3864 fa-

2221 1858 2437 1913 quoque
2475 1858 2568 1914 par
2599 1843 2949 1899 nihilominus
2993 1859 3150 1914 poena
3180 1844 3566 1915 constringat,
3597 1845 3688 1916 qui
3717 1861 3822 1902 me-

2224 1946 2558 1990 moratorum
2597 1936 2901 1993 interdictis
2927 1939 3160 1994 coetibus
3198 1953 3296 1994 seu
3325 1939 3649 1995 ministeriis
3689 1957 3820 2012 pra:-

2223 2029 2438 2085 buerint
2467 2031 2870 2087 conniventiam
2919 2050 2930 2085 :
2981 2034 3056 2087 ita
3087 2040 3145 2087 ut
3186 2031 3572 2090 moderatores
3617 2036 3824 2105 provin-

2223 2123 2472 2190 ciarum,
2536 2123 2581 2178 si
2641 2125 2694 2179 in
2743 2132 3114 2196 contemptum
3163 2127 3466 2181 sane-tionis
3519 2126 3823 2197 hujusmodi

2222 2234 2550 2276 consensum
2583 2220 2889 2290 putaverint
2918 2219 3402 2287 eommodandum,
3441 2219 3620 2277 sciant
3654 2237 3710 2278 se
3747 2226 3823 2279 vi-

2224 2311 2358 2384 ginti
2406 2313 2662 2369 librarum
2711 2314 2829 2369 auri
2877 2317 3034 2385 putria
3085 2329 3208 2370 esse
3249 2315 3584 2372 multandos.
3637 2315 3821 2373 Officia

2223 2406 2386 2461 etiam
2413 2421 2510 2462 sua
2536 2407 2699 2461 simili
2741 2405 3202 2464 condemnatione
3230 2407 3593 2478 subjuganda.
3623 2409 3826 2464 Princi-

2225 2501 2373 2572 pales
2405 2501 2490 2556 vel
2521 2501 2840 2557 defensores
2878 2501 3159 2556 civitatum
3179 2543 3194 2567 ,
3227 2501 3330 2558 nisi
3376 2503 3429 2558 id
3461 2504 3607 2575 quod
3637 2506 3825 2575 praeci-

2225 2593 2402 2662 pimus
2431 2592 2631 2648 fuerint
2659 2594 2925 2660 exsecuti,
2954 2595 3040 2648 vel
3071 2594 3157 2649 his
3183 2595 3547 2666 praesentibus
3578 2596 3826 2652 Ecclesiae

2224 2683 2506 2739 catholica:
2550 2685 2631 2740 vis
2671 2683 2836 2741 fuerit
2865 2686 3034 2754 illata,
3065 2685 3254 2741 eadem
3291 2687 3463 2742 multa
3495 2702 3556 2743 se
3586 2688 3828 2744 noverint

2223 2777 2568 2834 adtinendos.
2602 2778 2720 2834 Dat.
2758 2778 2896 2848 prid.
2942 2779 3064 2835 idus
3094 2778 3256 2836 Febr.
3289 2779 3500 2836 Raven.
3533 2779 3827 2838 Stilichone

2225 2871 2292 2941 ll,
2323 2878 2377 2928 et
2404 2871 2700 2930 Anthemio
2726 2873 2884 2931 Coss.
3323 2870 3334 2876 ’

2962 2967 3108 3027 XXI.

2585 3059 2872 3129 QUARTA
2907 3061 3051 3117 LEX
3082 3060 3464 3135 uenenum

2732 3171 2784 3209 ΙΝ
2817 3171 3273 3211 “EBAPTIZANTBS.

2338 3243 2423 3302 Ea;
2448 3243 2578 3302 Cod.
2609 3246 2808 3302 Theod.
2844 3246 2959 3304 Lib.
2993 3265 3103 3317 xvi,
3133 3248 3237 3304 Tit.
3271 3253 3344 3316 vi,
3376 3249 3456 3306 Ne
3477 3261 3724 3308 sanctum

2665 3341 2929 3412 baptisma
2961 3344 3207 3399 iteretur.
3235 3343 3298 3398 L.
3328 3343 3382 3399 5.

2445 3435 2618 3508 lmpp.
2644 3437 2848 3492 Ancan.
2881 3436 3088 3493 "ONOR.
3118 3453 3185 3492 er
3208 3437 3417 3493 Tusco.
3443 3439 3609 3494 AAA.

2781 3529 3054 3585 Hadriano
3079 3529 3183 3585 PF.
3215 3531 3272 3586 P.

2303 3621 2382 3678 Ne
2433 3623 2670 3677 divinam
2727 3625 2998 3694 gratiam,
3053 3624 3157 3680 sub
3228 3625 3460 3696 repetito
3510 3626 3833 3697 baptismate

2232 3714 2513 3786 pollutam,
2543 3716 2942 3771 Donatistarum
2965 3729 3174 3772 secreta
3201 3717 3492 3784 violarent,
3535 3728 3590 3774 et
3614 3718 3833 3775 fallendi

2234 3810 2598 3878 occasionem,
2628 3810 2917 3866 severitate
2941 3809 3100 3880 hujus
3121 3810 3507 3882 praeceptionis
3529 3810 3830 3879 abolemus,

1904 3903 2457 3964 ANNOTATIONES.

521 4008 791 4063 sententia
827 4003 1234 4060 constitutionis
1277 4001 1420 4056 illius
1445 4043 1458 4066 ,
1506 4016 1668 4069 quam
1700 4011 1966 4055 memorat
2012 4004 2123 4056 Au-

521 4078 771 4150 gustinus
818 4078 969 4150 epist.
1009 4075 1156 4150 166-3
1206 4088 1366 4150 quam
1391 4071 1717 4150 "Balduinus
1765 4073 2122 4150 constantino

519 4143 807 4220 perperam
849 4143 1068 4211 tribuit,
1103 4144 1230 4220 Not.
1281 4145 1352 4220 in_
1381 4143 1667 4220 Optatum,
1716 4161 1772 4220 p_.
1819 4143 1922 4220 8g,
1967 4146 2123 4220 cujus

521 4214 684 4278 etiam
718 4221 883 4276 verba
914 4217 1171 4273 nonnulla
1203 4215 1516 4282 consignat:
1551 4214 2121 4286 AttenditelDonatis-

522 4307 604 4348 tas
645 4289 970 4361 compellat)
1012 4286 1625 4361 quam‘manifestissima
1664 4287 2123 4361 veritateper‘cor

519 4355 819 4438 regisque-tl
847 4363 901 4415 in
943 4355 1124 4414 manus
1163 4357 1258 4412 Dei
1289 4355 1383 4421 est,
1415 4358 1522 4438 ipse
1551 4355 1707 4438 Deus.
1731 4357 1918 4438 dixerit
1940 4359 1996 4410 in
2020 4359 2121 4411 ista

519 4429 635 4506 ipsa
662 4429 790 4506 lege,
815 4448 971 4506 quam
997 4441 1176 4506 contra
1207 4445 1293 4482 vos
1320 4431 1576 4506 prolatam
1605 4429 1775 4506 dicitis
1801 4444 1832 4506 :_
1849 4440 1925 4506 est
1949 4439 2118 4506 autem

521 4499 567 4559 si
592 4499 894 4576 intelligetis
929 4504 1134 4576 prolata
1161 4501 1436 4576 probabis.
1465 4499 1723 4576 A_ttendite
1741 4499 1871 4576 quid
1899 4500 2117 4576 habeant

519 4579 671 4632 verba
697 4571 1144 4648 principis._Nai_n
1177 4571 1222 4624 si
1251 4572 1305 4648 in
1332 4572 1517 4648 εἰς.ῃαί
1545 4571 1722 4648 primo
1734 4571 1924 4625 initiati
1967 4582 2115 4648 sunt,

519 4641 718 4703 idcirco
746 4641 932 4717 religio
961 4643 1298 4715 Baptismutis
1316 4642 1591 4714 judicatur
1628 4641 1836 4717 inﬁrma
1861 4683 1874 4707 ,
1905 4642 2042 4712 quod
2079 4645 2118 4717 ii

521 4738 555 4774 a
583 4721 766 4792 quibus
797 4712 1069 4792 accipitur,
1098 4712 1390 4785 peccatores
1414 4721 1684 4784 putantur,
1715 4712 1858 4792 toties
1881 4715 2118 4792 renovari

521 4783 723 4844 necesse
760 4792 854 4844 erit
895 4783 1142 4842 traditum
1189 4783 1838 4855 sacramentum,iquoties
1875 4783 2120 4855 indignus

523 4862 679 4931 fuerit
719 4863 952 4914 inventus
991 4858 1165 4911 collati
1206 4855 1446 4931 baptismi
1487 4854 1878 4931 administrator
1911 4865 1957 4908 et
1989 4854 2119 4931 ﬁdes

523 4925 704 4985 nostra
729 4948 834 4984 non
861 4946 926 4984 ea:
960 4938 1148 4982 nostra:
1175 4925 1450 4981 voluntatis
1481 4925 1692 4978 arbitrio
1714 4965 1728 4987 ,
1759 4942 1919 4994 neque
1943 4942 2005 4980 ea:
2033 4926 2116 4979 di-

521 5003 627 5058 vini
655 5003 878 5055 muneris
906 5002 1074 5071 gratia
1094 5042 1106 5062 ,
1142 4997 1239 5071 sed,
1265 5011 1329 5071 ea:
1359 4997 1561 5071 inet-itis
1588 4996 1911 5071 sacerdotum
1937 5009 1985 5071 et
2015 4998 2116 5071 cle-

519 5075 748 5127 ricorum
782 5066 1030 5139 qualitate
1057 5069 1311 5140 pendebit.
1348 5066 1574 5121 Faciunt
1600 5067 1740 5140 inille
1765 5069 2120 5140 conciliacpi-

520 5145 666 5216 scopi
694 5138 846 5197 vestri
869 5144 1022 5197 :Ituic
1042 5138 1131 5195 uni
1157 5141 1420 5194 sententia:
1445 5138 1808 5210 respondeant,
1841 5149 1948 5193 etc.
1977 5139 2028 5194 J.
2049 5139 2116 5195 G.

594 5234 672 5308 (l)
696 5235 983 5308 Honorium
1005 5232 1424 5308 constitutionis,
1441 5231 1823 5308 atlAdrianum
1841 5229 2123 5286 PP.'emis-

519 5303 617 5374 Sic,
653 5303 930 5361 adversus
959 5305 1386 5374 anabaptismutn
1441 5303 1866 5369 Donatistarum,
1900 5318 2116 5374 eorum-

520 5373 754 5448 demque
786 5377 886 5431 hac
916 5384 1066 5446 parte
1097 5377 1202 5428 vim
1252 5384 1305 5428 et
1331 5373 1597 5448 fallaciam
1621 5413 1636 5438 ,
1678 5388 1821 5448 anno
1863 5374 1930 5448 D_.
1962 5373 2070 5448 495
2097 5416 2112 5440 ,

514 5443 775 5517 latam—ha:
797 5443 1126 5517 dure—partes
1154 5453 1279 5517 sunt
1306 5462 1319 5498 :
1345 5456 1400 5500 et
1425 5443 1642 5517 quidem
1666 5443 1855 5517 eodem
1879 5443 1965 5499 die
1992 5444 2114 5500 linc-

521 5538 628 5594 que
652 5515 903 5582 emissae,
936 5532 1048 5594 quo
1061 5515 1394 5594 Heneticum
1415 5516 1671 5594 edictum,
1704 5515 1859 5594 cujus
1886 5529 2007 5594 pars
2029 5526 2114 5594 est

421 5647 427 5650 _
521 5584 605 5649 lex
630 5594 664 5647 '5
685 5607 857 5660 ευριπ,
880 5599 935 5645 et
953 5584 995 5644 l.
1019 5588 1087 5644 58
1125 5602 1269 5660 supr.
1293 5587 1354 5640 de
1376 5584 1868 5660 licerelicisg,_quibus
1885 5585 2112 5660 proinde

517 5666 602 5733 ha:
626 5655 987 5733 dute'qu'oque
1007 5655 1320 5733 coassan_da:
1349 5657 1592 5733 veniunt.
1622 5657 1846 5726 Nempe,
1870 5655 2014 5733 quod
2043 5656 2112 5712 ad

523 5730 652 5808 d._l.
684 5736 718 5791 ’ὁ
753 5727 966 5808 quoque
991 5733 1100 5806 jam
1131 5728 1385 5799 iudicavi,
1414 5727 1607 5788 eodem
1645 5741 1860 5799 semper
1911 5727 2015 5787 ﬁne
2057 5736 2114 5786 et

2231 4004 2547 4059 Henoticum
2575 4004 2810 4061 edictum
2867 4003 2933 4058 ad
2973 4003 3228 4074 populum
3257 4017 3354 4073 per
3386 4003 3674 4060 Africanas
3701 4021 3830 4073 pro-

2227 4075 2434 4130 vincias
2469 4077 2823 4145 prepositum,
2859 4075 3146 4130 Donatistis
3173 4075 3236 4128 ad
3266 4075 3535 4131 unitatem
3562 4076 3835 4134 adducen-

2227 4146 2334 4213 dis,
2376 4147 2668 4202 invitandis
2696 4164 2708 4199 :
2736 4155 2791 4201 et
2819 4147 2934 4201 haec
2980 4147 3291 4200 constitutio
3323 4157 3542 4208 nostra.
3575 4149 3641 4202 ad
3691 4147 3836 4204 fran-

2225 4217 2455 4288 gendum
2484 4233 2674 4274 eorum
2707 4219 3120 4281 contumaciam,
3176 4217 3490 4284 audaciam,
3519 4219 3835 4288 fallendique

2228 4291 2546 4344 occasionem
2578 4291 2661 4360 (ut
2691 4290 2726 4343 ι.
2777 4291 2810 4344 5
2865 4289 3084 4353 dicitur)
3122 4290 3546 4359 pralcidendam.
3595 4291 3705 4346 Hac
3729 4295 3834 4347 sci—

2228 4360 2351 4416 licet
2374 4361 2572 4430 duplici
2599 4363 2680 4415 via
2706 4360 2976 4414 Honorins
3002 4361 3306 4414 Donatistas
3335 4361 3440 4415 hoc
3466 4371 3713 4431 tempore
3735 4363 3833 4418 ad-

2226 4432 2376 4502 gredi
2400 4432 2649 4496 instituit,
2675 4439 2731 4485 et
2751 4432 2911 4486 edicti
2944 4432 3255 4494 monitorio,
3283 4442 3337 4485 et
3365 4446 3655 4500 pinnarum
3679 4449 3836 4490 seve-

2226 4503 2408 4565 ritate.
2438 4514 2495 4556 ut
2524 4503 3016 4573 expressejdicitur
3062 4504 3099 4556 ι.
3125 4503 3182 4568 5,
3210 4503 3408 4557 emissa
3437 4505 3836 4562 constitutione

2223 4573 2292 4627 ad
2323 4573 2620 4648 Adrianum
2675 4573 2781 4628 PP.
2833 4576 2922 4648 qui
2973 4574 3317 4648 severitatem
3344 4573 3510 4648 hujus
3544 4577 3646 4648 leg.
3676 4591 3836 4648 exer—

2225 4645 2335 4699 ceri
2364 4657 2600 4716 curaret,
2628 4661 2723 4714 per
2751 4647 3122 4700 moderatores
3171 4645 3607 4716 provinciarum;
3627 4647 3834 4704 officia-

2226 4715 2325 4778 les,
2375 4715 2709 4777 defensores,
2760 4716 2829 4771 de
2855 4731 2961 4786 quo
2987 4717 3091 4786 ﬁne
3118 4715 3217 4785 leg.
3264 4716 3457 4771 Mirum
3512 4727 3717 4773 tantum
3761 4722 3834 4774 ab

2228 4786 2387 4855 hujus
2416 4787 2620 4842 codicis
2659 4787 3030 4842 conditoribus
3057 4788 3111 4842 in
3137 4786 3274 4841 duas
3302 4788 3453 4856 leges
3478 4804 3602 4844 eam
3628 4794 3834 4846 consti-

2227 4859 2489 4931 tutionem
2538 4858 2627 4914 hic
2675 4858 3003 4931 discerptum
3034 4877 3079 4931 ‘:_
3121 4867 3176 4912 et
3224 4859 3536 4931 posteriore
3589 4861 3832 4931 quidem,

2225 4929 2469 5003 eamdem
2561 4930 2895 5003 sanctionem
2950 4929 3174 4986 totidem
3218 4928 3406 4986 verbis
3453 4928 3652 5002 repeti,
3706 4928 3832 5003 qua:

2227 4999 2408 5068 priore
2429 4999 2541 5068 jam
2563 5000 2960 5057 continebatur.

2299 5089 2600 5164 Antequam
2644 5092 2710 5146 ad
2745 5092 2912 5161 ipsam
2962 5092 3365 5148 constitutionis
3410 5093 3830 5164 dispositionem

2229 5161 2452 5236 accedo,
2480 5161 2590 5236 duo
2613 5164 2937 5236 praestanda,
2957 5165 3444 5235 praemittendaque
3475 5161 3830 5236 sunt..Primo

2235 5232 2526 5288 tenendum
2579 5233 2715 5288 hanc
2748 5232 3212 5298 constitutionem,
3243 5245 3300 5290 ut
3329 5232 3381 5290 e't
3415 5232 3738 5295 llenoticum
3766 5241 3835 5294 il-

2224 5303 2314 5358 Iud
2367 5303 2872 5381 cdicttnnhetnissa
2895 5307 2961 5359 ab
2991 5306 3246 5381 Honorio
3273 5305 3474 5381 imper.
3508 5309 3576 5381 ad
3605 5311 3833 5381 legatio~

2222 5390 2344 5430 nem
2377 5375 2596 5449 concilii
2622 5374 3066 5449 _Ca_r_thaginensis
3107 5378 3249 5449 quod
3283 5374 3526 5434 habitum
3560 5374 3830 5437 fuit'anno

2222 5448 2504 5520 superiore
2537 5444 2662 5520 ἂψ,
2694 5444 2934 5520 Honorio
2966 5451 3030 5502 A.
3061 5444 3191 5504 u'et
3219 5451 3546 5506 Aristaeneto
3577 5453 3758 5520 Coss.,
3793 5454 3827 5509 6

2222 5514 2332 5591 kal.
2361 5517 2546 5591 Jnlias.
2582 5517 2740 5591 Quod
2769 5527 2827 5573 ut
2856 5519 2972 5587 ipsa
3003 5529 3303 5591 temporum
3328 5522 3471 5576 ratio
3499 5525 3716 5588 suadet,
3747 5514 3823 5578 ita

2221 5588 2382 5666 fidem
2400 5589 2617 5666 omnino
2631 5589 2827 5666 faciunt
2841 5592 3011 5666 capita
3030 5588 3309 5666 legationis
3323 5591 3503 5660 istius,
3522 5611 3693 5666 eaque
3708 5610 3824 5664 qua:

2218 5660 2288 5713 ab
2315 5660 2453 5732 imp.
2492 5660 2734 5716 Honorio
2775 5660 2964 5732 legatis
3010 5660 3245 5732 petendo
3269 5665 3564 5721 commissa
3607 5660 3817 5721 fuerunt

2218 5731 2615 5804 comprehensa
2669 5748 2735 5792 eo
2763 5730 3190 5792 Comutonitorio
3227 5734 3374 5805 quod
3419 5746 3599 5796 exstat
3645 5738 3696 5794 in
3725 5749 3812 5792 co-
