4130 6170
313 273 460 331 1209

1177 278 1270 334 AD
1310 275 1853 340 DONATISTARUM
1894 284 2266 345 HISTORIAM
2307 280 2816 342 PERTINENTIA._

3475 280 3614 339 1210

310 403 643 462 statuentes,
693 402 753 451 ut
778 402 973 451 extera
1026 395 1333 467 hujusmodi
1363 397 1609 454 homines
1643 415 1805 471 poma
1835 419 1923 462 se-
1948 419 2005 481 Α
2028 407 2080 463 in
2113 406 2445 463 Catholicam
2468 403 2784 474 religionem
2810 413 3068 472 perverso
3111 399 3364 472 dogmate
3392 405 3620 461 commi-

309 500 532 567 quatur,
568 491 812 564 legisque
841 503 1126 547 censuram
1158 491 1504 564 experiantur
1531 491 1784 553 ultricem
1826 500 1916 572 qui

2027 501 2249 559 sissent.
2291 499 2554 558 Jubemus
2582 497 2764 569 igitur,
2814 493 2882 551 Ut
2908 495 2954 550 si
2993 493 3082 566 qui
3110 495 3323 567 posthac
3359 497 3620 568 {ueritrc—

1705 614 2254 676 ANNOTATIONES.

310 709 440 835 dinj
458 701 746 762 Can'onum
795 703 1054 761 Ecclesia:
1082 703 1352 763 Africanae
1392 721 1438 762 c.
1476 705 1566 774 65,
1613 716 1803 778 postea
1833 725 1922 767 os-

313 791 403 835 ten
448 793 627 834 emus.

313 791 627 837 tenuemus.

387 849 646 924 Secundo
697 851 818 905 loco
848 847 1140 924 spectanda
1174 849 1333 924 nobis
1366 864 1428 924 ea
1451 850 1694 924 veniunt,
1725 854 1920 924 quibus

313 922 610 981 confodere
638 993 641 994 ν
669 932 726 977 et
777 919 1111 978 confundere
1139 921 1334 994 nititur
1371 921 1642 978 Honorius
1671 919 1756 978 his
1781 926 1918 994 legi-

316 996 424 1051 bus
457 993 768 1049 Douatistas
792 1003 847 1048 et
875 991 1552 1063 eorumanabaptismum;
1581 1004 1767 1049 contra
1801 991 1920 1063 qui-

319 1066 424 1122 bus
471 1064 630 1120 lidem
676 1063 1036 1129 catholicam,
1068 1062 1469 1135 legitimumque
1490 1073 1545 1118 et
1592 1062 1918 1134 singularem

324 1137 577 1207 baptismi
624 1151 780 1190 usum
810 1135 1248 1207 commendatum
1280 1136 1350 1203 it;
1397 1143 1561 1205 atque
1585 1135 1722 1192 adeo
1749 1138 1916 1194 ratio-

321 1205 420 1265 nes
441 1208 638 1278 quibus
663 1222 787 1262 eum
816 1205 1067 1261 adstruit.

393 1277 707 1348 Singulares
736 1279 1109 1350 ante‘omnia,
1141 1277 1427 1348 variasque
1455 1277 1774 1347 baptismatis
1824 1295 1920 1350 ap—

319 1350 670 1434 pellatitiues,
701 1365 834 1434 qua}.
878 1348 970 1434 hic
994 1358 1343 1434 tisurpantur,
1385 1350 1638 1434 colligere
1671 1351 1722 1404 in
1751 1348 1916 1434 unum

315 1419 492 1493 juvat.
524 1420 699 1477 Vocat
723 1420 928 1475 scilicet
957 1419 1010 1493 id
1043 1421 1102 1474 1°
1126 1421 1447 1493 mysterium,
1478 1419 1542 1473 2ο
1568 1437 1753 1493 munus
1781 1422 1919 1477 divi-

260 1495 276 1509 '
317 1490 534 1558 uitatis,
565 1494 629 1549 3°
679 1491 1072 1561 indulgentiam,
1127 1490 1192 1547 tl“
1220 1491 1452 1546 infusam
1482 1490 1699 1547 coalitus
1727 1495 1918 1548 sancti-

322 1573 500 1631 tatem,
555 1563 618 1618 5ο
649 1563 886 1617 divinam
916 1564 1136 1631 gratiam
1184 1561 1276 1634 (de
1331 1577 1436 1634 qua
1467 1563 1652 1633 gratia:
1678 1564 1920 1634 appella-

325 1636 472 1690 tione
501 1634 610 1689 dixi
632 1636 746 1700 jam
765 1634 832 1688 ad
853 1634 889 1686 ι.
922 1634 972 1688 1.
997 1635 1193 1702 supr.).

320 1727 336 1761 ν
394 1705 766 1762 Procedebant
795 1705 916 1761 dein
944 1719 1005 1760 ea
1031 1706 1227 1776 quibus
1253 1705 1436 1760 odium
1463 1719 1621 1776 suum
1647 1704 1916 1763 llouorius

323 1777 585 1833 adversus
609 1777 1004 1832 Donatistarum
1032 1786 1235 1832 sectam
1258 1785 1314 1832 et
1332 1775 1767 1845 anabaptismum
1797 1793 1918 1845 pas-

2025 711 2203 766 scelus
2231 727 2327 767 seu
2359 710 2568 766 facinus
2596 709 2679 767 vel
2708 709 2913 766 fallacia
2947 709 3119 765 hacin
3147 725 3205 765 re
3227 709 3613 780 processerint.

2024 781 2232 854 Nempe
2275 784 2490 847 domos,
2521 783 2637 838 loca
2669 797 2764 837 seu
2798 781 2996 852 praedia
3027 781 3346 850 seligebant,
3385 797 3503 852 qua:
3531 782 3615 854 fe-

2023 852 2228 910 ralibus
2251 855 2491 924 ipsorum
2521 853 2814 923 sacrilegiis
2847 854 3151 922 praeberent
3193 861 3459 908 secretum
3492 870 3507 907 :
3536 852 3616 908 id-

2023 940 2128 993 que
2147 927 2193 980 si
2225 941 2333 980 non
2359 925 2614 991 dominis,
2639 936 2693 980 at
2715 924 3152 988 conductoribus,
3180 925 3619 992 procuratoribus

2023 1010 2212 1067 eorum
2243 995 2730 1060 consentientibus,
2779 1011 2915 1067 quos
2947 996 3001 1050 in
3054 1003 3232 1064 partes
3262 1009 3388 1049 suas
3439 995 3618 1051 trahe-

2024 1064 2153 1137 bant
2184 1085 2197 1120 :
2226 1076 2280 1122 et
2306 1069 2383 1122 sic
2413 1064 2811 1124 conscientiam
2831 1067 3122 1137 piacularis
3151 1067 3445 1136 perpetrati
3477 1067 3617 1122 intra

2020 1136 2352 1194 domesticos
2395 1139 2628 1208 parietes
2663 1136 2880 1194 silentio
2925 1137 3174 1193 celabaut
3219 1145 3620 1194 secretozser-

2025 1222 2128 1263 vos
2154 1210 2284 1265 item
2337 1226 2469 1265 suos
2521 1209 2588 1264 ad
2640 1209 2696 1264 id
2727 1211 2926 1264 invitos
2963 1209 3266 1279 cogebant:
3298 1208 3516 1279 tandem
3565 1218 3622 1266 et

2021 1281 2376 1350 conniventes
2401 1280 2503 1337 sibi
2521 1296 2668 1350 saepe
2692 1283 2744 1336 in
2771 1280 2950 1336 officio
2973 1278 3296 1335 constitutos
3319 1278 3613 1336 habebant.

2023 1349 2119 1404 Hae
2151 1361 2259 1406 tres
2284 1351 2508 1407 fallacia:
2539 1349 3002 1421 llebaptizantium
3031 1359 3204 1407 erant.

2095 1421 2190 1476 His
2217 1422 2400 1493 igitur,
2430 1423 2730 1493 horumque
2757 1423 3066 1488 temeritati,
3093 1423 3202 1477 imo
3229 1423 3374 1477 omni
3399 1422 3620 1493 fallendi

2020 1494 2299 1560 occasioni,
2339 1503 2400 1548 ut
2423 1495 2618 1550 dicitur
2643 1495 2681 1550 ι.
2723 1496 2778 1560 5,
2810 1496 2905 1549 hoc
2935 1495 3015 1548 tit.
3038 1494 3238 1563 justam
3267 1495 3618 1550 severitatem

2021 1572 2079 1619 et
2105 1567 2548 1637 propositionem
2574 1567 2796 1637 opponit
2823 1567 2906 1621 his
2933 1566 3142 1637 legibus
3172 1565 3464 1631 Honorius,
3492 1580 3621 1637 sep-

2021 1645 2240 1706 temque
2267 1637 2403 1691 adeo
2433 1635 2606 1690 media
2637 1635 2691 1691 et
2737 1637 2972 1692 remedia
2994 1635 3019 1692 7:
3047 1635 3136 1692 cui
3165 1637 3386 1692 omnino
3418 1636 3616 1692 similis

2019 1716 2104 1777 est
2130 1707 2369 1776 ejusdem
2404 1707 2622 1762 Honorii
2674 1708 2764 1762 lex
2797 1708 3014 1762 biennio
3065 1717 3187 1777 post
3231 1707 3324 1771 40,
3355 1724 3501 1776 supr.
3555 1709 3620 1762 de

2018 1776 2294 1849 haereticis.
2335 1780 2388 1832 in
2436 1778 2784 1844 Manichrcos,
2841 1776 3106 1849 Phrygas,
3153 1779 3616 1835 Priscillianistas.

323 1851 430 1938 sim
463 1849 768 1918 profitetur,
800 1847 1191 1938 verborumque
1214 1848 1355 1904 adeo
1383 1849 1756 1938 ati'ocitatejea
1787 1863 1916 1904 cou-
1946 1879 1994 1938 B
2021 1847 2226 1912 Primo,
2277 1850 2541 1938 publicam
2588 1850 2738 1933 hanc
2753 1847 3150 1932 accusationem
3176 1849 3350 1938 'facit,
3380 1849 3509 1905 dum
3542 1853 3618 1938 ‘in

325 1919 443 1975 fidit
469 1917 486 1972 ’:
519 1931 676 1975 vocat
715 1933 846 1986 eos,
911 1917 1265 1974 adversarios
1298 1917 1588 1974 catholica:
1617 1918 1739 1973 fidei
1773 1936 1788 1972 :
1820 1935 1916 1976 eos

327 1993 634 2060 exstirpare
661 1991 820 2060 hujus
848 1989 1048 2045 decreti
1082 1991 1405 2045 auctoritate
1433 1991 1778 2060 prospexisse
1803 2005 1864 2046 se
1898 2009 1911 2045 :

324 2059 756 2118 intercidendam
784 2065 914 2130 (non
958 2062 1384 2125 interdicendum,
1415 2069 1474 2115 ut
1500 2059 1717 2130 quidam
1751 2077 1915 2130 repo-

326 2134 484 2204 nunt)
516 2133 822 2204 specialiter
857 2147 985 2204 eam
1000 2143 1202 2188 sectam
1233 2151 1246 2186 :
1275 2134 1458 2188 scelus
1479 2173 1494 2196 ,
1525 2134 1912 2204 temeritatem,

325 2202 888 2274 noxiam’pravitatem
939 2202 1022 2259 eis
1077 2204 1294 2271 tribuit;
1323 2203 1648 2272 contagione
1677 2203 1916 2273 profana:

329 2276 674 2346 repetitionis
699 2275 912 2331 ablutos
940 2275 1157 2330 inlicere
1187 2277 1262 2330 ait
1293 2295 1305 2330 :
1343 2275 1522 2330 iterati
1572 2274 1910 2346 baptismatis

321 2345 609 2418 sacrilegio
633 2347 872 2416 polluere
901 2365 914 2398 :
939 2348 1235 2401 smvitatem
1259 2345 1612 2417 depravitatis
1644 2350 1872 2415 imputat
1899 2365 1912 2402 :

323 2419 508 2474 feralia
531 2417 834 2486 Sacrilegia,
865 2419 1092 2484 facinus,
1121 2417 1392 2488 piaculare
1416 2425 1788 2488 perpetratum
1812 2419 1919 2473 cri-

323 2506 472 2555 men,
507 2505 684 2559 prava:
712 2490 906 2545 mentis
949 2487 1213 2553 errorem,
1259 2490 1486 2560 gratiam
1537 2487 1638 2543 sub
1687 2491 1918 2560 repetito

319 2561 644 2631 baptismate
668 2561 948 2632 pollutam,
977 2575 1289 2631 perversum
1319 2560 1537 2632 dogma.

393 2630 534 2695 Jnm.
584 2630 931 2704 summopere
982 2630 1278 2688 notandum
1329 2631 1474 2703 quod
1533 2630 1599 2685 ad
1635 2630 1916 2688 historiam

322 2705 726 2760 Donatistarum
747 2706 1001 2772 pertinet,
1031 2705 1260 2760 simulet
1285 2704 1643 2758 adhaereseos
1671 2711 1727 2757 et
1741 2705 1918 2761 schis-

323 2778 486 2831 matis
515 2775 894 2831 differentiam.
951 2776 1154 2847 Nempe
1197 2776 1274 2830 ait
1298 2775 1608 2830 Douatistas
1633 2788 1784 2830 secta:
1811 2793 1918 2832 sua:

322 2849 613 2917 prattulisse
638 2847 1035 2918 appellationem
1077 2847 1388 2913 schismatis,
1419 2856 1475 2900 et
1515 2860 1703 2902 revera
1735 2859 1914 2904 tamen

325 2920 560 2973 haeresim
587 2935 651 2974 ex
700 2920 974 2973 schismate
1002 2929 1188 2980 ortam,
1216 2918 1343 2972 dum
1371 2918 1804 2985 anabaptismum
1837 2921 1919 2975 in-

324 2991 546 3045 vehunt.
570 2990 726 3058 Quod
755 2989 1027 3046 luereseos
1046 2998 1103 3044 et
1125 2989 1430 3044 schismatis
1451 2988 1809 3044 differentiam
1837 3001 1919 3046 at-

324 3060 486 3126 tinet,
516 3072 600 3116 est
629 3077 690 3117 ea
711 3062 820 3131 jam
853 3061 987 3116 satis
1012 3069 1162 3125 nota,
1190 3075 1256 3114 ex
1284 3059 1458 3116 obviis
1483 3071 1728 3117 veterum
1762 3063 1916 3118 testis

323 3133 542 3204 moniis,
594 3133 846 3204 Cypriani
896 3132 950 3186 in
998 3131 1109 3204 his.
1142 3132 1425 3204 Augustini
1455 3143 1507 3188 et
1557 3132 1913 3190 Balsamonis.

325 3201 498 3258 Verus
525 3201 715 3258 saltem
744 3215 934 3260 auctor
975 3203 1173 3273 dialogi
1220 3218 1315 3258 seu
1365 3204 1780 3259 consultationis
1823 3215 1916 3260 aut

323 3274 691 3331 altercationis
736 3285 927 3330 auctor
975 3267 1483 3343 inter'Apollouium
1533 3275 1916 3344 Philosophum
1943 3267 1990 3327 C

323 3354 382 3400 et
402 3346 685 3401 Zachteum
710 3346 1074 3402 Christianum
1107 3345 1194 3399 lib.
1220 3345 1272 3410 2,
1295 3345 1362 3400 de
1383 3345 1694 3401 Novatianis
1715 3362 1908 3416 agens:

325 3415 563 3472 Fuerunt
600 3419 653 3471 hi
691 3419 970 3489 aliquando
997 3416 1280 3489 nobiscum,
1325 3417 1414 3470 sed
1448 3416 1654 3472 Novato
1693 3415 1919 3486 quodam

322 3499 534 3544 auctore
550 3488 930 3559 disruptisunt:
953 3505 1053 3542 non
1071 3498 1239 3542 tamen
1255 3488 1504 3544 luereticis
1522 3489 1786 3559 aequandi,
1798 3491 1919 3558 quia

323 3576 430 3614 non
455 3576 486 3613 a
507 3560 827 3630 confessione
839 3560 1114 3623 catholica,
1138 3561 1228 3614 sed
1244 3577 1276 3613 a
1296 3561 1548 3614 charitate
1582 3559 1913 3626 dissentiunt,

322 3642 477 3702 atque
505 3635 558 3686 in
587 3633 753 3686 solam
780 3634 1016 3702 pietatem
1038 3633 1247 3686 rebelles
1280 3631 1374 3686 Dei
1400 3632 1770 3686 misericordia:
1797 3633 1920 3686 sub-

325 3702 557 3770 trahunt,
587 3720 711 3768 quos
738 3703 893 3758 semel
915 3703 1113 3757 inimici
1135 3705 1327 3771 laqueis
1347 3705 1570 3758 irretitus
1591 3704 1792 3756 restitui
1816 3721 1920 3760 non

320 3773 623 3840 admittunt,
670 3777 891 3829 mundos
920 3790 994 3840 se,
1042 3785 1216 3844 atque,
1265 3783 1318 3828 ut
1345 3776 1573 3844 ipsorum
1598 3775 1747 3828 verbo
1777 3785 1916 3841 utar,

322 3844 578 3900 Catharos
606 3856 808 3912 uocant,
841 3855 885 3899 et
923 3843 1200 3900 conventus
1227 3855 1373 3899 extra
1402 3843 1688 3900 Ecclesiam
1715 3853 1920 3900 contra-

321 3915 476 3970 hunt.
511 3918 615 3972 Par
645 3919 780 3973 ratio
813 3917 1211 3973 Donatistarum
1245 3925 1301 3970 et
1347 3915 1654 3970 schismatis
1685 3930 1873 3972 eorum
1901 3934 1915 3971 :

321 3989 395 4042 de
425 4005 532 4055 quo
557 3989 820 4044 videndus
851 3988 934 4045 vel
965 3989 1192 4057 Optatus
1221 3987 1578 4043 Milevitauus.
1610 3987 1718 4043 Sed
1747 3990 1914 4055 enim,

324 4068 385 4131 ut
409 4058 506 4113 hac
535 4061 634 4131 leg.
677 4060 893 4124 dicitur,
935 4059 1142 4116 [heresis
1191 4075 1253 4114 ex
1275 4057 1545 4113 schismate
1587 4069 1707 4113 nata
1738 4069 1828 4126 est,
1860 4069 1918 4115 ut

323 4129 494 4184 ferme
519 4129 655 4186 alias
680 4131 908 4186 adsolet.
959 4131 1162 4202 Nempe
1191 4140 1398 4202 notum,
1444 4131 1748 4202 Donatistas
1773 4133 1919 4185 nullo

322 4203 561 4272 primum
601 4203 670 4258 de
701 4203 961 4271 religione
1009 4201 1107 4257 seu
1134 4203 1310 4272 capite
1336 4201 1583 4268 dissidio,
1615 4203 1683 4255 ab
1733 4201 1920 4257 Eccle-

323 4275 404 4328 sia
434 4282 638 4329 lantum
672 4273 936 4328 catholica
959 4315 973 4338 ,
1029 4282 1083 4328 et
1133 4275 1214 4328 sic
1259 4288 1287 4324 a
1318 4285 1546 4339 corpore
1581 4273 1874 4328 recessisse
1903 4290 1916 4326 :

2023 1930 2251 1990 utraque
2290 1923 2327 1974 Ι.
2361 1921 2394 1975 4
2421 1931 2466 1974 et
2495 1921 2528 1975 5
2578 1923 2798 1989 statuit,
2840 1935 2936 1976 eos
2981 1921 3070 1989 qui
3113 1919 3479 1990 rebaptizasse
3524 1921 3621 1978 de-

2021 1991 2150 2046 tecti
2182 1990 2402 2054 fuerint,
2431 1991 2598 2059 judici
2622 1993 2714 2062 qui
2741 1993 3028 2062 provincia:
3051 1999 3252 2060 praeest
3270 1991 3580 2062 offerendos
3605 2011 3620 2048 :

2017 2072 2072 2117 et
2119 2077 2245 2116 mox
2300 2063 2484 2125 addit,
2529 2061 2766 2118 maxime
2795 2063 3085 2119 convenire
3129 2076 3318 2116 omnes
3367 2061 3619 2120 homines

2017 2132 2139 2188 sine
2191 2134 2302 2188 ullo
2345 2135 2657 2190 discrimine
2704 2134 3032 2190 conditionis
3060 2144 3154 2188 aut
3197 2141 3392 2199 status,
3424 2133 3620 2191 infusae

2018 2204 2233 2260 caelitus
2279 2207 2582 2260 sanctitatis
2631 2221 2753 2262 esse
2801 2204 3100 2262 custodes:
3141 2205 3211 2260 de
3263 2219 3366 2274 qua
3401 2204 3618 2273 publica

2021 2275 2294 2330 hmreseos
2314 2318 2330 2342 ,
2384 2287 2442 2330 ut
2469 2288 2522 2332 et
2560 2277 2850 2344 apostasia:
2881 2275 3252 2342 accusatione,
3287 2277 3396 2329 suis
3427 2277 3618 2333 titulis.

2018 2345 2088 2401 Et
2130 2347 2209 2402 sic
2259 2349 2550 2401 lnuuauum
2595 2346 2993 2417 quodammodo
3022 2363 3192 2418 genus
3241 2361 3402 2400 omne
3433 2348 3486 2402 in
3518 2347 3620 2404 hos

2018 2420 2246 2490 animat.
2293 2418 2546 2490 Secundo
2577 2419 2993 2490 Hebaptizantes
3014 2417 3183 2490 bonis
3230 2418 3344 2490 suis
3393 2418 3614 2490 multari

2015 2489 2199 2560 jubet,
2223 2505 2351 2561 qua:
2381 2489 2511 2546 lisco
2553 2488 2938 2561 adquirantur,
2972 2489 3072 2561 nisi
3107 2490 3247 2561 filios
3283 2488 3395 2558 jam
3427 2488 3619 2546 ortho-

2019 2561 2192 2616 doxos
2219 2560 2474 2628 habeant,
2507 2561 2590 2616 vel
2615 2560 2704 2629 qui
2730 2561 2845 2616 lieri
2878 2560 3020 2615 serio
3042 2560 3230 2614 velint.

2090 2655 2300 2722 Tertio,
2334 2657 2448 2710 loca
2496 2657 2548 2710 in
2605 2655 2798 2727 quibus
2832 2655 3208 2727 rebaptizatioj
3241 2653 3382 2727 facta
3430 2653 3616 2722 fuerit,

2019 2727 2238 2783 domino
2262 2728 2488 2794 sciente,
2516 2725 2908 2794 conSeulicute,
2932 2725 3213 2781 confiscari
3237 2726 3620 2796 imperatzimo

2019 2810 2074 2855 et
2117 2800 2397 2854 dominum
2429 2798 2650 2852 infamia
2695 2799 2894 2852 notari.
2949 2797 3175 2864 Quarto,
3231 2796 3618 2863 conductores,

2020 2880 2402 2942 procuratores
2422 2870 2671 2942 conscios
2695 2869 2982 2942 plumbatis
3003 2883 3198 2942 cassos,
3223 2869 3280 2942 in
3296 2877 3616 2942 perpetuum

2020 2939 2272 2999 exsilium
2300 2941 2527 2996 dandos.
2568 2940 2790 3007 Quinto,
2831 2940 3001 2995 servis
3027 2949 3079 2994 et
3106 2940 3333 3005 colonis,
3359 2955 3495 3005 quos
3524 2939 3621 2994 do-

2021 3015 2150 3068 mini
2190 3013 2258 3068 ad
2287 3013 2720 3082 anabaptismum
2751 3026 2946 3082 cogere
2976 3011 3165 3074 velint,
3198 3009 3457 3082 Ecclesia;
3488 3025 3617 3080 per-

2021 3084 2220 3155 fugium
2265 3095 2452 3154 patere
2468 3081 2699 3149 debere,
2729 3093 2782 3138 et
2812 3081 2878 3155 ad
2908 3083 3208 3155 libertatem
3256 3081 3379 3136 ideo
3400 3096 3621 3155 pervc-

2021 3152 2158 3219 nire,
2183 3152 2297 3221 seu,
2325 3165 2382 3209 ut
2412 3155 2673 3224 loquitur,
2701 3154 2959 3207 attributa:
2985 3153 3232 3209 libertatis
3259 3152 3502 3222 pra’sidio
3527 3153 3622 3207 de-

2023 3227 2184 3298 fendi.
2217 3226 2370 3294 Quod
2396 3227 2613 3298 quidem
2652 3225 2922 3298 adjectum
2953 3225 3122 3298 videri
3156 3224 3344 3298 possit,
3400 3231 3622 3292 propter

2025 3295 2328 3366 Crispinum
2382 3295 2757 3351 Calamensem
2810 3295 3205 3366 Donatistarum
3259 3296 3617 3364 episcopum,

2019 3370 2112 3437 qui
2142 3365 2369 3423 colonos
2389 3367 2652 3437 quosdam
2685 3365 2935 3421 mercede
2961 3375 3221 3421 attractos
3243 3367 3620 3432 rebaptizave-

2022 3436 2105 3493 rat
2136 3456 2148 3492 :
2183 3439 2250 3493 de
2275 3455 2383 3508 quo
2412 3436 2748 3508 Augustinus
2774 3437 2994 3508 epistola
3027 3437 3152 3502 175,
3182 3446 3228 3490 et
3277 3445 3454 3508 contra
3484 3436 3621 3508 litte-

2019 3527 2105 3564 ras
2129 3506 2376 3565 Petiliani
2400 3506 2520 3579 cap;
2551 3510 2640 3572 88;
2671 3520 2724 3564 et
2754 3509 2838 3562 hic
2869 3507 3087 3579 interim
3119 3521 3278 3579 casus
3306 3506 3424 3579 aliis
3453 3506 3622 3561 adda-

2021 3590 2128 3647 tur,
2170 3581 2366 3651 quibus
2419 3576 2559 3642 séryi
2603 3589 2657 3635 et
2704 3578 2881 3635 coloni
2914 3595 3010 3648 pro
3042 3576 3619 3651 prtetttio__libertatem

2022 3647 2414 3723 adipiscuntur.
2445 3651 2633 3714 Sesto,
2670 3647 2927 3723 testandi,
2962 3647 3300 3723 adipiscendi
3330 3647 3530 3723 aliquid
3552 3664 3618 3723 ex

2021 3719 2336 3789 donatione,
2369 3723 2456 3778 vel
2488 3721 2845 3777 contrahendi
2868 3724 2955 3790 jus
2987 3719 3470 3790 rebaptizantibus,
3500 3720 3622 3790 qui-

2021 3810 2126 3863 que
2155 3809 2344 3849 eorum
2375 3794 2603 3848 ccctibus
2635 3807 2729 3848 seu
2771 3793 3087 3847 ministeriis
3128 3790 3458 3863 praebuerint
3477 3806 3618 3863 conf

2023 3861 2344 3922 tiiventiam.
2396 3866 2447 3920 in
2490 3880 2678 3919 errore
2723 3865 3163 3934 permanentibus
3214 3861 3423 3916 adimit.
3462 3861 3616 3930 Quod

2023 3938 2090 3992 ad
2120 3938 2341 3992 Patrum
2399 3933 2777 3991 Africanorum
2842 3936 3156 4005 petitionem
3210 3945 3264 3989 et
3296 3933 3620 4004 legationem

2021 4011 2340 4073 sancitum;
2402 4008 2482 4063 sic
2534 4007 2676 4062 enim
2727 4008 2798 4062 illi
2857 4009 2907 4061 in
2961 4005 3377 4062 commonitorio
3430 4006 3622 4075 legatis

2021 4082 2190 4142 dato;
2227 4079 2514 4134 Petendum
2570 4081 2746 4145 etiam,
2780 4087 2834 4132 ut
2881 4079 2964 4133 lex
2992 4093 3106 4148 qua:
3149 4077 3424 4139 hwrelicis,
3458 4077 3534 4148 uel
3559 4092 3625 4148 ex

2022 4151 2410 4216 donationibus,
2456 4150 2534 4203 vel
2561 4165 2624 4203 ex
2668 4149 2979 4204 testamentis
3005 4146 3203 4218 aliquid
3258 4146 3496 4214 rapiendi
3542 4147 3624 4200 vel

2022 4222 2344 4292 relinquendi
2373 4222 2590 4291 denegat
2630 4222 2960 4292 facultatem,
2988 4223 3050 4292 ab
3081 4233 3255 4292 eorum
3283 4233 3486 4292 quoque
3514 4218 3624 4292 pie:

2024 4303 2126 4347 tate
2156 4288 2399 4345 hactenus
2420 4288 2699 4361 repetatur,
2733 4301 2786 4344 ut
2827 4291 2900 4344 eis
2938 4289 3259 4361 relinquendi
3288 4290 3366 4361 vel
3388 4288 3622 4361 stmtendi

324 4360 512 4434 verum
543 4343 1052 4434 Ipostea_schis-mati
1085 4344 1348 4434 haeresimL
1362 4343 1915 4434 et‘obstﬂiuationem,

2023 4343 2785 4434 iusadimat,rqui'pertinat'ite
2827 4343 3005 4431 furore
3038 4343 3212 4434 caecati
3238 4360 3290 4412 in
3315 4357 3621 4434 Donatista:

323 4412 700 4487 anabaptismo
753 4417 982 4479 invecto,
1049 4415 1176 4487 odio
1226 4412 1618 4487 catholicorum
1669 4415 1918 4487 superin-

324 4485 551 4551 duxere,
569 4499 622 4543 et
651 4489 704 4543 in
727 4498 924 4542 tantum
953 4486 1200 4541 scelerum
1224 4485 1479 4553 progressi
1508 4493 1648 4548 sunt,
1683 4485 1823 4554 quod
1866 4495 1921 4540 et

326 4560 659 4630 Augustinus
709 4575 814 4615 non
866 4574 972 4614 uno
1022 4558 1184 4614 etiam
1235 4559 1357 4630 loco
1396 4555 1599 4630 tradit:
1629 4557 1771 4610 inter
1813 4557 1918 4630 alia

325 4626 545 4712 epistola
577 4632 715 4712 164.,
747 4631 834 4686 tibi
887 4631 965 4685 ait
997 4649 1008 4683 :
1043 4646 1128 4712 eos
1152 4627 1458 4712 Aschismatis
1488 4626 1717 4695 crimen,
1768 4629 1920 4682 etiam
1947 4652 1999 4712 D

325 4703 563 4758 hwresim
589 4703 723 4757 male
742 4701 1113 4774 perseverando
1139 4701 1337 4773 fecisse.

399 4799 564 4871 218
576 4795 838 4871 Notanda:
857 4795 1020 4850 etiam
1047 4793 1266 4871 Honorii
1281 4792 1503 4871 rationes
1517 4808 1547 4847 e
1568 4791 1925 4871 media'fheo-

327 4862 731 4941 logTa'itTanaba
741 4868 994 4941 ptismum
1011 4908 1024 4928 ,
1040 4867 1109 4920 ab
1122 4863 1394 4935 episcopis
1406 4879 1540 4934 quos
1565 4864 1746 4941 procul
1761 4862 1925 4919 dubio

329 4936 682 4997 in'consilium
716 4936 962 4993 adhibuit
988 4949 1256 5008 suggesta:
1273 4954 1285 4991 :
1303 4945 1500 5006 praeter
1510 4951 1704 5008 genera
1702 4936 1791 5008 ies
1805 4949 1925 5004 quae

329 5013 491 5069 etiam
543 5011 664 5066 aliis
696 5009 901 5078 legibus
929 5007 1296 5071 continentur,
1345 5008 1443 5072 iSIa
1480 5009 1635 5075 plane
1684 5007 1920 5062 Theolo-

329 5085 447 5155 gica
481 5102 496 5139 :
528 5082 684 5155 Inde,
707 5083 905 5155 inquit,
933 5081 1066 5155 male
1093 5079 1330 5155 credulas
1357 5088 1543 5155 mentes
1573 5079 1642 5132 ad
1669 5095 1810 5155 spem
1838 5095 1921 5132 se-

330 5151 516 5210 cunda:
566 5151 902 5223 indulgentia:
947 5151 1164 5206 blandus
1214 5166 1359 5223 error
1410 5151 1592 5223 invitat
1622 5165 1640 5202 :
1671 5152 1826 5223 facile
1853 5159 1926 5204 est

331 5228 465 5281 enim
510 5221 820 5295 persuadere
869 5223 1212 5293 peccantibus,
1243 5221 1450 5295 veniant
1481 5221 1622 5292 prius
1645 5221 1926 5295 prtestitant

333 5291 684 5368 denuotposse
708 5291 957 5368 prtestare
982 5310 1000 5347 :
1027 5309 1144 5365 qua:
1169 5298 1212 5348 si
1241 5293 1452 5368 concedi
1481 5291 1748 5368 “eranteo
1776 5291 1927 5346 modo

332 5360 642 5441 potest,'non
666 5360 1001 5441 intelligimus
1028 5360 1123 5441 cur
1169 5364 1313 5441 tertio
1335 5363 1630 5441 denegetur:
1662 5360 1776 5441 Huc
1801 5377 1922 5441 per-

334 5433 472 5495 tinet
502 5437 637 5494 illud
664 5433 986 5493 Tertulliani
1019 5435 1108 5490 lib.
1157 5435 1222 5487 de
1242 5433 1508 5506 Baptisnto
1537 5451 1555 5488 .'
1588 5433 1760 5488 Semel
1798 5433 1928 5506 bap-

335 5514 540 5566 tismum
570 5510 777 5576 inimus,
807 5506 962 5563 semel
990 5506 1181 5562 delicta
1201 5505 1487 5574 diluuntur,
1515 5507 1634 5578 quia
1665 5505 1841 5560 iterari
1870 5521 1928 5560 ea

334 5599 438 5637 non
466 5589 682 5647 Oportet.

411 5646 713 5718 Antequam
742 5651 901 5705 etiam
932 5648 1010 5719 de
1027 5646 1218 5702 mediis
1243 5646 1481 5719 agimus,
1519 5656 1678 5719 atque
1711 5646 1831 5702 ideo
1861 5647 1930 5704 de

333 5725 476 5794 justn
510 5721 733 5794 Honorii
777 5721 861 5776 his
892 5718 1099 5794 legibus
1129 5718 1416 5774 severitate
1461 5718 1928 5794 adic’ohibcndtun

339 5789 805 5869 anabaptismum,
860 5789 1154 5849 videndum
1207 5805 1485 5864 quousque
1531 5791 1928 5849 Donatistarum

2023 4431 2138 4489 rum
2171 4449 2343 4488 errore
2387 4431 2704 4504 perseverare
2747 4434 3022 4488 uoluerint.
3065 4431 3314 4486 Carterum
3357 4431 3490 4504 illis,
3528 4431 3622 4504 qui

2025 4501 2433 4560 consideratione
2467 4505 2678 4558 unitatis
2707 4515 2754 4558 et
2797 4504 2937 4574 pacis
2985 4521 3039 4558 se
3064 4503 3326 4574 corrigere
3345 4501 3618 4574 voluerint,

2023 4579 2211 4646 absque
2237 4576 2509 4648 interdicto
2531 4575 2689 4648 hujus
2719 4571 3134 4648 legiscapienda:
3175 4577 3269 4648 jus
3307 4571 3623 4648 hteretlitatis

2028 4643 2220 4719 pateat,
2277 4649 2321 4702 si
2369 4646 2541 4702 adhuc
2567 4643 2620 4719 in
2646 4643 3075 4719 errore/iteretico
3105 4643 3396 4719 constitutis
3413 4643 3622 4719 aliquid

2029 4714 2148 4776 ante
2177 4720 2472 4774 donationis
2517 4718 2592 4772 vel
2633 4717 2950 4774 lneredilatis
2980 4716 3234 4771 obvenerit
3277 4731 3296 4768 :
3338 4714 3427 4768 ubi
3471 4714 3624 4769 vides

2029 4793 2276 4848 eamdem
2331 4805 2548 4861 quoque
2586 4791 2961 4860 exceptionem
2993 4807 3006 4842 :
3040 4788 3140 4861 nisi
3168 4827 3184 4854 ,
3226 4787 3397 4855 inquit
3429 4785 3625 4861 Hono-

2029 4865 2163 4924 rius.
2199 4857 2369 4934 prava}
2387 4857 2570 4934 mentis
2594 4857 2816 4916 errorem
2838 4858 3134 4934 revertendo
3163 4874 3343 4912 rursus
3370 4859 3437 4934 ad
3466 4857 3622 4934 [idem

2029 4929 2231 4988 consilii
2269 4933 2554 4987 emendatio
2593 4934 2891 4988 correxerit.
2944 4931 3086 5001 Ergo
3117 4929 3512 4984 revertentibus
3554 4930 3621 4984 ad

2029 5006 2190 5060 fidem
2220 5002 2552 5058 Catholicam
2572 5014 2626 5058 et
2653 5005 2806 5073 ipsis,
2831 5014 2881 5058 et
2905 5019 3092 5058 eorum
3123 5001 3249 5055 filiis
3275 5015 3436 5073 supra
3467 5001 3620 5056 venia

2027 5077 2152 5132 data
2183 5094 2196 5128 :
2231 5084 2286 5130 et
2311 5076 2390 5128 sic
2418 5083 2539 5144 post
2580 5071 2883 5144 propositas
2914 5089 3102 5140 pinnas
3127 5071 3503 5128 severissimas
3529 5088 3624 5128 ve-

2030 5150 2134 5202 nia:
2159 5161 2276 5217 Spe,
2302 5145 2700 5199 Donatistarum
2734 5145 3087 5214 pervicaciam
3122 5145 3290 5214 frangi
3308 5159 3475 5217 posse
3496 5159 3624 5217 crc-

2029 5219 2167 5275 didit
2192 5214 2486 5272 Honorius
2517 5233 2529 5270 :
2563 5223 2618 5271 et
2667 5217 2914 5270 limitatio
2959 5224 3136 5271 tamen
3167 5215 3411 5286 quartlattt
3443 5214 3622 5286 addita

2030 5307 2058 5345 a
2083 5290 2334 5345 Patribus
2361 5287 2627 5342 Africanis
2655 5304 2666 5341 :
2697 5287 2776 5342 his
2803 5303 2924 5341 sane
2948 5285 3195 5355 exceptis,
3223 5287 3310 5356 qni
3333 5289 3418 5340 lite
3434 5285 3624 5356 pulsati

2032 5363 2322 5432 putaverint
2361 5363 2427 5412 ad
2461 5357 2778 5413 Catholicam
2805 5360 3173 5432 transeundum
3205 5359 3374 5432 :__quia
3403 5359 3464 5411 de
3500 5357 3619 5412 talis

2033 5430 2128 5488 bus
2148 5432 2390 5487 credibile
2411 5443 2507 5494 est,
2535 5447 2646 5504 non,
2657 5441 2792 5504 metu
2815 5431 3031 5485 cmlestis
3049 5430 3253 5504 judicii
3264 5430 3433 5504 potius
3471 5443 3624 5498 quam

2035 5505 2226 5560 terreni
2249 5504 2503 5558 commodi
2530 5502 2772 5556 aviditate
2797 5501 3061 5557 unitatem
3081 5501 3391 5555 catholicam
3423 5515 3625 5567 prtcop-

2037 5588 2190 5632 tasse.
2235 5575 2388 5644 Quod
2420 5587 2596 5628 tamen
2645 5573 2886 5630 Honorio
2931 5573 3204 5645 displicuit
3245 5585 3387 5623 auito
3413 5569 3538 5645 l_07,
3591 5583 3626 5622 l‘.

2039 5649 2077 5704 ι.
2109 5649 2200 5702 41.
2229 5639 2373 5716 supr.
2403 5647 2464 5700 de
2494 5646 2670 5709 lueret,
2699 5662 2818 5715 qua-
2867 5639 3102 5702 hanc-iu
3134 5659 3247 5698 rem
3275 5650 3360 5696 est
3405 5639 3625 5710 elegan-

2037 5719 2248 5776 tissima
2277 5729 2332 5774 et
2365 5717 2775 5772 humanissima.

2111 5790 2396 5850 Postremo
2423 5789 2725 5848 rectoribus
2747 5785 3170 5861 provinciarum,
3192 5779 3516 5841 ofﬁcialibus
3537 5797 3630 5842 co-
