4130 6170
413 3270 420 3277 _
515 3202 673 3277 nibus

498 279 644 340 1215

1766 270 2197 332 MONUMENTA
2242 272 2521 331 VETERA

3653 274 3785 332 1216

497 397 741 471 episcopi
767 395 835 452 ad
857 394 1221 463 Catholicam,
1250 391 1354 464 ipsi
1382 405 1475 449 eas
1526 391 1776 448 oblinere
1832 389 2088 445 debeant:
2118 396 2172 458 Α
2201 387 2420 460 piissimi
2453 386 2790 442 constitutas:
2833 402 2936 458 quo
2974 385 3226 442 nesciente
3262 387 3342 442 vel
3374 387 3574 442 nolente
3607 389 3786 458 factas,

498 505 694 548 verum
720 505 750 545 ιι
774 490 894 560 lege
924 487 1167 554 unitatis,
1195 494 1250 542 et
1273 485 1530 556 deinceps
1578 491 1829 549 oporteat
1878 481 2094 537 univer-

500 599 590 642 sas
620 583 890 640 Ecclesias
915 581 1190 638 vindicare
1225 581 1328 636 sibi
1373 580 1657 651 episcopos
1683 577 1980 633 catholicos
2003 589 2097 631 eo-

499 691 619 732 rum
644 674 885 730 locorum
917 715 934 742 ,
982 674 1049 730 ad
1095 688 1232 744 quos
1259 672 1376 728 loca
1421 671 1521 727 sub
1551 672 1822 727 haereticis
1854 670 2094 741 pertine-

501 767 631 824 bant
658 766 744 822 vel
771 779 1156 823 conversorum
1187 764 1254 820 ad
1281 763 1617 820 Catholicam
1647 803 1663 830 ,
1695 762 1784 818 vel
1830 776 1939 817 non
1966 776 2097 816 con-

501 873 784 915 versorum
816 857 1195 914 haereticorum
1227 896 1244 923 ,
1304 865 1361 911 et
1411 855 1721 925 dimceses,
1774 865 1828 910 et
1885 854 1933 910 si
1989 869 2097 925 qua

501 953 642 1010 forte
658 962 786 1010 sunt
810 954 1165 1009 inStrumcnta
1187 951 1468 1017 Ecclesiae,
1498 952 1584 1008 vel
1601 951 1668 1006 ad
1695 951 1908 1023 ejusjus
1929 951 2098 1024 perti-

503 1049 706 1106 nentia.
738 1048 839 1117 Qui
869 1063 1000 1104 vero
1045 1047 1223 1118 aliqua
1275 1055 1674 1119 usurpaverant
1708 1087 1724 1113 ,
1757 1055 1878 1117 post
1921 1047 2095 1116 legem

503 1151 761 1212 usurpata
791 1139 1042 1196 conventi
1093 1139 1397 1196 restituant.
1448 1137 1630 1212 (Cone.
1680 1137 1798 1211 Afr.
1848 1154 1964 1193 can.
1990 1136 2095 1205 66;

503 1233 633 1292 Cod.
663 1232 797 1290 Can.
831 1233 976 1290 Eccl.
999 1235 1118 1306 Afr.
1149 1251 1264 1289 can.
1300 1233 1422 1306 99.)

1202 1356 1396 1413 XXVI.

848 1484 1070 1528 OCCASIO
1099 1485 1276 1528 ιιϐυιι
1303 1485 1756 1535 ευθεεριιειιτιιιιι.

575 1586 632 1643 1η
665 1585 901 1642 concilio
935 1585 1353 1657 Carthaginensi
1389 1585 1772 1657 subsequentis
1808 1583 1934 1640 anni
1970 1581 2098 1651 407,

503 1678 592 1735 die
625 1680 691 1734 16
720 1679 858 1751 junii
888 1679 1191 1751 legationem
1216 1680 1401 1734 iterum
1431 1679 1659 1747 suscepit
1692 1677 2102 1732 Fortunatianus

2197 482 2303 536 sive
2324 481 2500 535 dolose
2517 483 2744 553 jactaut,
2766 481 2870 534 sive
2897 480 3112 534 libenter
3136 491 3352 551 putant;
3375 492 3527 551 atque
3548 484 3661 537 hinc
3680 486 3791 540 aui-

2199 591 2312 631 mos
2333 576 2690 644 imperitorum
2713 574 3175 629 turbulentissimos
3197 575 3442 642 reddunt,
3468 585 3516 629 et
3541 573 3791 648 (Catholi—

2199 671 2295 741 cis)
2325 671 2612 743 periculose
2635 687 2697 724 ac
2725 669 3044 726 vehementer
3072 669 3307 742 infestos.
3343 670 3482 727 l‘linc
3507 686 3635 728 vero
3662 673 3793 729 sub-

2199 764 2538 837 scquentium
2571 763 2785 820 occasio
2815 764 3018 834 legum.

2629 879 2788 951 221
2831 891 2970 932 anno
3011 891 3193 933 eorum
3237 875 3362 934 408.

2889 990 3106 1047 XXVII.

2681 1105 2962 1162 LEGES
3001 1105 3101 1162 ΗΟ
3121 1103 3332 1161 ΝΟΒΙΙ

2200 1214 2384 1265 QUIBUS
2429 1213 2632 1271 _P(ENAS
2688 1214 2957 1254 ADVERSUS
3005 1213 3324 1255 DONATIS'I'AS
3378 1212 3633 1264 ALlOSQUE
3681 1214 3804 1256 u-

2617 1309 2842 1349 BETICOS
2892 1309 3061 1349 LATAS
3110 1307 3380 1348 RENOVAT.

2241 1385 2324 1440 Ex
2354 1385 2484 1440 Cod.
2515 1384 2716 1441 Theod.
2750 1386 2786 1440 ι.
2821 1401 2933 1453 xvi,
2965 1388 3046 1439 tit.
3074 1385 3128 1451 5,
3155 1385 3234 1438 De
3262 1384 3560 1451 ereticis,
3592 1386 3629 1440 ι.
3655 1402 3765 1441 xu.

2203 1477 2380 1550 lmpp.
2403 1481 2609 1535 ΑιιοΑυ.
2639 1478 2847 1536 Honos.
2873 1488 2926 1535 et
2948 1479 3155 1534 Tnsoo.
3181 1478 3343 1536 AAA.
3371 1478 3624 1562 Porfyrio
3647 1480 3803 1536 Proc.

2887 1571 3102 1629 Africae.

2276 1675 2428 1732 Licet
2474 1675 2701 1732 crimina
2759 1675 2933 1732 soleat
2977 1692 3125 1744 paena
3170 1691 3422 1746 purgare,
3476 1690 3582 1731 nos
3627 1685 3806 1733 tamen

503 1773 775 1845 episcopus
808 1782 992 1826 contra
1025 1770 1271 1842 Pagauos
1293 1781 1338 1825 et
1360 1771 1648 1826 luereticos.
1685 1770 1741 1824 In
1769 1770 1945 1824 altero
1974 1769 2102 1824 item
2138 1791 2185 1850 Β
2213 1785 2412 1842 pravas
2435 1769 2714 1824 hominum
2757 1768 3063 1824 voluntates
3094 1768 3464 1824 admonitione
3498 1770 3808 1840 paenitentia

503 1865 736 1921 concilio
776 1865 1021 1935 ejusdem
1065 1865 1193 1918 anni
1241 1863 1365 1928 407,
1416 1864 1601 1918 habito
1646 1863 1972 1933 Carthagine
2016 1862 2107 1919 die

506 1956 576 2011 15
603 1955 783 2010 octob.
817 1955 1123 2026 legationem
1143 1963 1322 2008 contra
1344 1952 1586 2025 Pagauos
1617 1963 1662 2008 et
1693 1952 1965 2008 hwreticos
1984 1969 2106 2007 sus-

505 2057 749 2120 ceperunt
782 2047 1067 2102 Restitutus
1101 2055 1148 2100 et
1175 2044 1476 2101 Florentius
1517 2047 1767 2117 episcopi,
1801 2063 1859 2100 eo
1885 2056 2110 2117 tempore

505 2157 608 2213 quo
637 2140 862 2196 Severus
888 2150 934 2195 et
964 2138 1230 2194 Macarius
1256 2139 1410 2193 occisi
1435 2147 1590 2193 sunt:
1621 2148 1667 2192 et
1697 2147 1908 2212 propter
1931 2154 2110 2193 eorum

509 2251 720 2290 causam
763 2232 996 2290 Evodius
1034 2243 1082 2290 et
1121 2233 1374 2290 Theasius
1424 2242 1469 2288 et
1519 2232 1692 2288 Victor
1729 2234 1957 2306 episcopi
1993 2234 2110 2289 εαξθὶ

507 2339 648 2385 sunt.

579 2420 890 2492 Legatiouis
936 2433 1154 2476 causam
1190 2419 1404 2477 discere
1440 2420 1567 2476 licet
1604 2435 1672 2476 ex
1712 2420 1999 2492 Augustini
2038 2421 2106 2477 ad

508 2513 817 2586 Olympium
846 2513 1075 2584 epistola
1104 2513 1195 2580 96,
1220 2530 1275 2568 ιι.
1301 2515 1360 2580 2,
1387 2531 1486 2585 quo
1513 2515 1767 2570 nimirum
1792 2531 1889 2585 per
1911 2531 2107 2571 novum

512 2606 856 2678 Imperatoris
891 2605 1128 2662 edictum
1166 2606 1398 2662 noverint
1425 2606 1619 2661 inimici
1651 2606 1928 2671 Ecclesiae,
1973 2609 2108 2679 leges

508 2700 629 2756 illas
644 2716 759 2772 qua:
779 2699 842 2754 de
863 2700 1019 2754 idolis
1040 2699 1429 2770 confringendis
1451 2709 1496 2753 et
1519 2697 1776 2754 hwreticis
1798 2700 2114 2771 corrigendis

509 2794 623 2850 vivo
658 2792 950 2849 Stilichone
982 2794 1155 2849 missa:
1188 2803 1307 2850 sunt
1331 2835 1346 2861 ,
1389 2809 1452 2848 ea:
1480 2793 1742 2847 voluntate
1775 2791 2112 2864 Imperatoris

2211 1864 2473 1919 volumus
2497 1863 2806 1919 emendare.
2840 1862 3174 1934 Quicumque
3221 1863 3383 1934 igitur
3422 1863 3807 1918 haereticorum

2213 1956 2350 2029 (sive
2375 1956 2669 2010 Donatistae
2691 1957 2822 2022 sint,
2853 1956 2971 2012 sive
2991 1954 3290 2021 Manichzei,
3317 1955 3404 2016 vel
3425 1955 3813 2026 cujuscnmqne

2213 2049 2440 2104 alterius
2465 2063 2641 2119 pravae
2670 2047 2943 2117 opinionis
2965 2089 2980 2112 ,
3013 2061 3076 2102 ac
3103 2047 3313 2117 sectae),
3347 2045 3594 2116 profanis
3622 2046 3814 2102 ritibus

2212 2141 2512 2212 adgregati,
2543 2138 2863 2194 catholicam
2888 2138 3048 2194 fidem
3073 2147 3126 2193 et
3152 2139 3408 2192 meritum
3453 2138 3600 2210 (qua:
3627 2153 3815 2195 omnes

2215 2234 2462 2290 homines
2512 2234 2759 2304 cupimus
2827 2229 3143 2302 observare)
3190 2228 3428 2301 simplici
3475 2229 3816 2287 confessione

2221 2326 2586 2397 susceperint,
2611 2325 2740 2380 licet
2760 2324 2899 2379 adeo
2924 2325 3281 2378 inveteratum
3311 2323 3520 2378 malum
3552 2323 3703 2393 longa
3745 2337 3815 2378 ac

2212 2419 2465 2474 diuturna
2511 2416 2860 2472 meditatione
2896 2414 3220 2470 nutriverint
3246 2455 3262 2481 ,
3306 2424 3363 2469 ut
3401 2415 3567 2470 etiam
3607 2413 3818 2486 legibus

2213 2523 2339 2568 ante
2375 2511 2502 2566 latis
2537 2509 2822 2565 videantur
2859 2507 3116 2574 obnoxii;
3152 2517 3334 2562 tamen
3371 2507 3510 2577 hos,
3548 2509 3731 2563 statim
3762 2516 3820 2564 ut

2215 2604 2421 2660 fuerint
2462 2604 2634 2658 Deum
2682 2601 2916 2672 simplici
2959 2600 3224 2671 religione
3266 2599 3528 2668 confessi,
3567 2601 3638 2656 ab
3675 2601 3820 2656 omni

2215 2714 2354 2754 noxa
2405 2696 2765 2754 absolvendos
2792 2710 2913 2752 esse
2955 2710 3244 2751 censemus
3272 2694 3351 2768 (l)
3381 2705 3478 2752 :ut
3505 2695 3574 2751 ad
3605 2711 3821 2752 omnem

2218 2803 2449 2857 reatum,
2493 2805 2592 2847 seu
2631 2800 2756 2846 ante
2793 2797 3108 2846 contractus
3141 2798 3247 2856 est,
3291 2803 3388 2846 seu
3427 2798 3620 2861 postea
3659 2788 3822 2862 (quod

1892 2889 2446 2948 ANNOTATIONES.

511 2963 766 3042 viblentis
795 2995 993 3042 tantum
1024 2986 1308 3042 Donatistis
1333 2998 1380 3042 et
1409 2985 1920 3042 Circumcelliouibus
1949 2987 2117 3057 impo-
2229 2985 2327 3039 His
2353 3002 2478 3040 sane
2511 2987 2736 3053 exceptis
2774 2986 2862 3058 qui
2891 2987 2980 3042 lite
3015 2985 3208 3058 pulsati
3233 2986 3524 3056 putaverint
3554 2988 3625 3040 ad
3649 2988 3823 3044 catho-

513 3068 739 3113 neretnr.
772 3058 972 3114 Verum
1025 3069 1080 3115 et
1105 3058 1338 3129 Crispini
1367 3058 1784 3129 provocatiodet
1834 3057 2115 3112 cicatrices

515 3130 756 3200 episcopi
783 3129 1024 3199 Vagitani
1059 3131 1109 3185 id
1140 3127 1282 3200 apud
1308 3127 1606 3185 Honorium
1637 3127 1892 3200 ell'ecere,
1917 3137 2112 3200 utem-

756 3204 1107 3257 onatistarum
1157 3201 1370 3257 clericis
1401 3209 1458 3256 et
1507 3201 1770 3255 ministris
1820 3199 2113 3254 fatentibus

513 3273 602 3328 vel
629 3271 894 3344 convictis
950 3287 1162 3344 ptenam
1219 3273 1486 3344 adrariani
1540 3273 1858 3337 imponeret.
1913 3271 2116 3338 Quam-

515 3359 677 3415 quam
706 3343 807 3398 hoc
831 3343 1118 3415 ipso'anno
1149 3353 1273 3398 ante
1302 3344 1455 3415 hanc,
1476 3343 1651 3415 legem
1675 3385 1690 3407 ,
1714 3350 1921 3412 septem
1961 3356 2115 3415 men-

515 3413 668 3485 sibus
695 3425 816 3482 post
842 3413 1162 3485 legationem
1187 3415 1403 3470 Patrum
1434 3413 1830 3477 Africanorum,
1869 3414 2113 3485 severio-

518 3500 632 3539 rem
658 3484 815 3553 longe
847 3484 914 3539 ab
945 3485 1186 3540 Honorio
1217 3499 1430 3554 poenam
1459 3485 1752 3539 Donatistis
1773 3484 2115 3551 rebaptizan-

519 3555 664 3610 tihus
695 3555 1022 3624 impositam,
1054 3566 1178 3623 puta
1209 3559 1472 3624 bonorum
1526 3554 1938 3624 proscriptionis
1967 3594 1982 3617 ,
2013 3554 2112 3609 do-

516 3625 680 3682 cetd.
701 3627 747 3697 il.
771 3623 828 3690 4,
862 3629 914 3691 5,
948 3627 1004 3680 in
1039 3627 1161 3694 ﬁne.
1193 3623 1278 3680 Ne
1307 3625 1702 3697 sanctuntibapt.
1733 3623 1849 3681 iter.
1892 3624 1940 3680 J.
1975 3623 2040 3697 G.

591 3696 1094 3769 (1)7Pmnitentibus
1116 3712 1212 3753 seu
1248 3698 1525 3769 conversis
1555 3695 1827 3769 haereticis
1851 3711 1949 3769 per
1973 3695 2118 3769 Afrig

517 3767 660 3832 cam,
682 3768 974 3824 Donatistis
993 3779 1049 3824 et
1068 3768 1377 3824 Manichaeis
1399 3779 1454 3824 et
1474 3768 1761 3834 similibus,
1779 3767 1880 3823 hac
1894 3767 2117 3822 Honorii

518 3839 908 3910 constitutione
951 3843 1180 3910 humana
1213 3855 1437 3910 prorsus
1479 3850 1532 3894 et
1572 3839 1800 3908 benigna
1837 3839 1997 3894 venia
2027 3839 2117 3893 da-

520 3917 627 3972 tur,
665 3909 879 3982 pariter
909 3919 966 3964 ut
997 3909 1100 3963 hoc
1133 3909 1250 3982 ipso
1282 3911 1394 3979 jam
1427 3925 1570 3982 anno
1599 3912 1634 3965 l.
1656 3925 1752 3982 fxit.
1781 3927 1932 3980 prox.
1967 3927 2111 3982 supr.

519 3994 652 4032 vers.
685 3979 937 4046 alioquin,
969 3983 1112 4034 circa
1138 3981 1502 4034 liliostantum
1527 3979 1946 4034 Manichaeorum
1969 3999 1981 4031 :
2007 3979 2116 4035 non

519 4049 664 4104 circa
698 4051 880 4118 ipsos:
913 4051 1118 4119 pariter
1140 4060 1198 4105 ut
1224 4051 1614 4118 paenitentibus
1635 4059 1691 4106 et
1709 4052 1986 4106 conversis
2013 4052 2119 4105 Do-

520 4119 841 4194 natistarum
890 4121 1017 4194 ﬁliis
1072 4122 1109 4176 ι.
1140 4121 1174 4176 4
1205 4123 1331 4194 infr.
1367 4139 1430 4178 ne
1471 4130 1706 4194 sanctum
1731 4121 2019 4191 Baptisma.
2051 4123 2118 4178 Et

519 4191 638 4265 hac,
659 4192 876 4265 quidem
922 4193 1031 4265 lege
1076 4194 1212 4248 adeo
1259 4191 1644 4261 penitentibus
1692 4208 1789 4248 seu
1838 4197 2117 4249 conversis

517 4263 676 4336 venia
721 4263 918 4329 datur,
970 4263 1029 4318 ut
1066 4265 1298 4334 simplici
1343 4265 1727 4328 confessione,
1774 4280 2116 4336 quocumque

521 4334 738 4390 tandem
777 4345 1041 4401 tempore,
1065 4339 1228 4391 etiam
1260 4337 1627 4392 exsecutionis
1660 4334 2113 4404 mox'faciendaz,

520 4404 649 4460 licet
690 4405 770 4460 vel
807 4421 928 4461 sera
969 4407 1314 4462 confessione
1340 4409 1620 4463 conversis
1648 4407 1840 4473 detur,
1875 4409 2002 4463 licet
2030 4409 2113 4462 in-

2141 3093 2187 3154 C
2221 3057 2810 3154 f.‘i‘ff‘-‘15’.’ifff"3f.’3‘!l§:
2826 3057 3692 3154 ,σέίξῖῗ-άῖ.ῩΕΕ⁶ἏῘ-ΕῙ⁴Ξ¹¹ῘΫΞ(Ἇ⁸Ξ;
3719 3077 3825 3154 Ι¹ἐί¹¹

2221 3140 2357 3203 metu
2379 3129 2593 3203 caelestis
2615 3130 2803 3203 judicii
2826 3129 3014 3203 potius,
3039 3146 3193 3200 quam
3215 3131 3400 3203 terreni
3430 3131 3690 3183 commodi
3713 3132 3821 3184 avi-

2219 3200 2380 3253 ditate
2408 3199 2650 3254 unitatem
2673 3199 2977 3254 catholicam
3001 3199 3328 3271 prwoptasse.
3353 3200 3518 3254 Certe
3542 3203 3649 3255 etsi
3674 3203 3820 3271 Apo—

2217 3272 2374 3326 statis
2406 3273 2794 3339 paenitentibus
2815 3273 2971 3326 venia
3005 3272 3305 3341 proposita,
3328 3279 3574 3325 attamen
3607 3274 3822 3327 nonnisi

2217 3341 2637 3414 Cateehumenis
2665 3343 2937 3412 Apostatis
2965 3359 3027 3398 ea
3058 3342 3207 3407 data,
3231 3350 3286 3397 at
3313 3357 3419 3398 non
3449 3343 3617 3397 etiam
3647 3345 3711 3398 iis
3732 3345 3827 3414 qui

2218 3428 2283 3468 ex
2317 3413 2568 3468 fidelibus
2611 3429 2704 3468 seu
2734 3414 3170 3482 competentibus
3191 3455 3205 3479 ,
3239 3413 3291 3469 id
3323 3422 3405 3470 est
3427 3455 3442 3477 ,
3483 3419 3609 3480 post
3640 3413 3826 3470 susce-

2217 3493 2633 3556 ptumsanctum
2664 3485 2924 3553 baptisma
2955 3486 3006 3540 in
3030 3487 3354 3554 apostasiam
3387 3485 3653 3554 prolapsi,
3686 3501 3825 3556 quo-

2218 3571 2346 3627 rum
2367 3555 2623 3625 flagitium
2655 3556 2974 3627 poenitentia
3004 3573 3111 3610 non
3143 3556 3512 3621 oblitteratur,
3544 3573 3668 3626 qua:
3698 3555 3823 3611 Sen-

2219 3626 2674 3699 tentiaiest_l.rl,
2725 3628 2874 3697 iufr.,
2919 3628 2983 3681 de
3020 3628 3317 3699 Apostatis,
3365 3641 3532 3698 quam
3574 3627 3826 3698 Cujacius

2219 3695 2467 3750 Paratitl.
2491 3696 2620 3752 Cod.
2655 3695 2946 3763 numquam
2978 3695 3267 3753 intellexit.

2294 3767 2569 3839 Snffragio
2613 3769 2774 3837 igitur
2798 3771 2958 3840 iustae
2996 3769 3327 3839 poenitentia:
3355 3770 3666 3839 quamlibet
3687 3785 3826 3827 sera:

2218 3836 2514 3912 hereticos
2556 3836 2763 3912 abSOIvi
2798 3836 3315 3898 Voluit-Honorius.
3360 3836 3554 3912 Neque
3603 3843 3824 3898 dubium

2220 3909 2351 3979 mihi
2387 3910 2436 3963 id
2470 3910 2538 3964 ab
2566 3911 2806 3966 Honorio
2843 3913 3231 3979 constitutum,
3276 3909 3570 3968 occasione
3606 3915 3826 3970 concilii

2218 3977 2663 4054 Carthaginensis
2690 3982 2783 4054 10,
2801 3984 2946 4051 quod
2972 3983 3073 4037 hoc
3096 3977 3376 4054 ipso—anno
3410 3984 3476 4040 D.
3510 3984 3640 4048 407,
3667 3985 3828 4040 habi-

2219 4061 2330 4125 tum
2360 4049 2458 4104 fuit
2486 4063 2728 4125 antesex
2765 4049 2936 4110 ferme
2978 4049 3192 4110 tneiises
3221 4058 3442 4123 pariter,
3478 4067 3536 4110 ut
3576 4056 3642 4110 ad
3673 4058 3830 4125 ejus-

2223 4122 2345 4198 dem
2378 4123 2796 4198 postulationem
2829 4127 2989 4198 legent
3011 4125 3104 4190 ⁵54,
3124 4122 3290 4198 supr.,
3319 4127 3384 4181 de
3416 4122 3829 4198 Episcopis'de-

2219 4193 2318 4258 dit,
2347 4209 2470 4269 qua:
2495 4195 2578 4269 lex
2608 4194 2732 4269 huic
2753 4193 3028 4269 iungenda
3058 4193 3196 4253 estz‘
3223 4208 3275 4251 ut
3297 4198 3365 4252 ad
3389 4193 3509 4252 eam
3536 4193 3827 4269 probatum

2218 4275 2324 4319 est.
2355 4265 2511 4333 Quod
2542 4265 2771 4336 primum
2802 4265 2960 4336 hujus
2982 4270 3059 4324 rei
3095 4269 3467 4338 praeiudicium
3495 4265 3693 4324 habeo.
3722 4270 3828 4324 Al-

2220 4344 2396 4410 ierum
2424 4339 2633 4392 accedit
2658 4353 2723 4410 ex
2749 4354 2959 4394 canone
2985 4341 3104 4408 ejus
3131 4339 3272 4410 quod
3300 4339 3410 4394 dixi
3443 4342 3662 4396 concilii
3684 4384 3699 4406 ,
3730 4341 3830 4396 ubi

2220 4405 2335 4462 haec.
2360 4409 2501 4462 inter
2521 4410 2622 4480 alia
2653 4409 2917 4466 habentur
2938 4405 3231 4467 Conone-99
3258 4410 3384 4466 Cod.
3423 4411 3694 4480 Africani:
3722 4412 3832 4467 Sa-

519 4485 827 4552 velcratum
854 4476 1051 4552 malum
1079 4478 1235 4548 longa
1263 4487 1318 4534 et
1344 4477 1599 4552 diuturna
1629 4479 1976 4552 meditatione
2009 4495 2111 4552 nu-
2140 4475 2192 4534 D
2221 4487 2361 4552 nent
2396 4480 2502 4534 illae
2544 4479 2746 4549 plebes,
2776 4498 2890 4552 qua:
2925 4499 3180 4537 conversa:
3207 4491 3320 4536 sunt
3348 4499 3380 4535 a
3413 4475 3709 4537 Donatistis
3729 4524 3744 4545 ,
3778 4496 3831 4538 et

521 4545 789 4620 triverint,
815 4547 958 4602 inter
980 4548 1095 4617 ipsa
1114 4545 1330 4620 quoque
1356 4549 1594 4618 pericula
1617 4549 1852 4620 atquein
1878 4550 2110 4605 miseriis

516 4616 652 4691 ipsis
697 4619 947 4675 invocato
984 4616 1259 4691 religionis
1296 4616 1560 4676 subsidio.
1599 4616 2108 4690 Neque‘nuidquam

517 4689 784 4763 interesse
815 4691 930 4746 vult
957 4689 1229 4748 l-lonorius
1253 4733 1267 4756 ,
1305 4692 1374 4748 de
1413 4707 1521 4763 quo
1548 4689 1731 4746 tamen
1761 4692 1846 4746 vel
1877 4689 2110 4746 maxime

517 4761 822 4832 dubitatum
854 4763 1088 4830 videtur,
1119 4764 1238 4818 sive
1267 4773 1394 4818 ante
1422 4761 1568 4832 leges
1597 4779 1626 4816 a
1652 4777 1714 4817 se
1743 4764 1795 4816 in
1829 4763 2112 4818 luereticos

518 4831 686 4898 latas,
712 4833 834 4904 sive
863 4845 987 4904 past
1011 4849 1106 4889 eas
1133 4835 1268 4889 latas
1303 4835 1370 4888 ad
1398 4831 1648 4889 haeresim
1677 4833 1948 4904 prolapsi,
1981 4848 2113 4888 con-

519 4904 661 4956 versi
691 4903 815 4958 dein
845 4903 1065 4960 fuerint.
1092 4904 1224 4962 Sera
1253 4920 1447 4974 nempe
1470 4919 1759 4974 numquam
1785 4903 1871 4959 est
1899 4905 2113 4960 lucreti-

517 4974 1012 5046 corum_conversio
1040 4976 1106 5030 ad
1129 4975 1410 5039 evitandas
1431 4990 1616 5044 poenas
1635 4975 1898 5031 luereticis
1916 4991 2112 5046 propo-

517 5043 668 5118 sitas.
703 5043 778 5098 ita
797 5086 813 5110 ,
844 5047 1095 5117 inquam,
1127 5047 1392 5103 Honorius
1410 5043 1734 5118 generaliter
1749 5043 1992 5117 etquoad
2010 5043 2125 5103 evi-

519 5113 711 5170 tandas
749 5113 970 5185 pmnas',
1011 5128 1063 5174 et
1082 5113 1154 5173 ad
1184 5113 1566 5184 abolitionem,
1589 5126 1649 5173 ut
1683 5113 1936 5189 loquitur.
1968 5119 2121 5186 Quod

519 5202 681 5260 orline
713 5189 861 5244 velut
889 5189 1162 5260 singulare
1198 5191 1498 5246 notandum
1531 5199 1633 5245 est.
1669 5191 1920 5259 Alioquin
1944 5192 2120 5260 quoad

521 5259 734 5332 lucrum
753 5259 1040 5331 emergens
1053 5264 1371 5332 captandum
1385 5263 1620 5319 concilio
1636 5259 2042 5332 Carthaginiensi
2062 5263 2118 5330 8,

519 5331 663 5458 quod
707 5332 946 5388 habitum
991 5347 1134 5387 anno
1181 5334 1310 5402 404,
1355 5345 1482 5390 ante
1530 5331 2114 5390 triennium’l’atribus

573 5401 796 5458 fricanis
812 5403 1028 5458 aliquod
1055 5407 1314 5458 temporis
1334 5407 1624 5458 discrimen
1649 5405 1914 5458 placuisse
1936 5407 2114 5458 video.

573 5401 796 5458 fricanis
812 5403 1028 5476 aliquod
1055 5407 1314 5476 temporis
1334 5407 1624 5476 discrimen
1649 5405 1914 5473 placuisse
1936 5407 2115 5473 video,

520 5488 579 5533 ut
605 5486 838 5547 patet,ex
858 5473 1525 5548 Canoner_95;Cod.!Afric.:
1553 5475 1820 5538 Cit-terunt,
1847 5477 2116 5544 inquiunt,

521 5549 628 5605 illis
653 5549 740 5619 qui
757 5546 1182 5619 consideratione
1202 5546 1489 5616 unitatisiet
1513 5549 1652 5618 pacis
1673 5565 1726 5602 se
1755 5549 2006 5618 corrigere
2033 5563 2114 5601 vo-

520 5617 714 5676 luerint
734 5662 749 5685 ,
783 5617 972 5687 absque
995 5619 1446 5692 interdicto/cujus
1476 5617 1602 5692 legis
1623 5661 1637 5684 ,
1667 5617 1930 5692 capiendiv
1957 5619 2120 5674 licere-

533 5693 712 5746 ditatis
731 5692 910 5762 aditus
932 5701 1125 5762 pateat,
1157 5693 1199 5746 ei
1220 5690 1390 5762 adhuc
1409 5692 1462 5744 in
1492 5690 1661 5762 errore
1682 5691 1918 5745 hamtico
1940 5693 2127 5746 consti-

531 5763 652 5818 tutis
695 5761 892 5835 aliquid
935 5773 1053 5822 ante
1092 5761 1386 5821 donationis
1421 5761 1500 5818 vel
1536 5762 1848 5819 htcreditatis
1884 5763 2121 5831 obvenit;

2220 4549 2506 4604 [rubuerunt
2528 4549 2811 4620 episcopos,
2834 4554 2941 4606 sine
2962 4553 3140 4619 dubio,
3161 4554 3451 4607 inconsulto
3477 4555 3698 4608 concilio
3724 4557 3831 4608 Ita-

2221 4621 2337 4676 bere
2354 4633 2664 4696 mereantur:
2685 4639 2798 4696 quae
2816 4635 2984 4678 autem
3003 4625 3174 4696 plebes
3193 4627 3481 4679 habuerunt
3501 4627 3829 4696 episc0pum,

2220 4702 2267 4768 et
2298 4709 2355 4745 eo
2385 4692 2914 4768 defunctovoluerint
2937 4692 3051 4768 non
3092 4698 3386 4768 episcOpum
3427 4692 3703 4766 proprium
3730 4698 3830 4752 ha-

2217 4761 2365 4828 bere,
2395 4765 2484 4817 sed
2511 4764 2579 4818 ad
2607 4766 2828 4833 alicujus
2866 4767 3091 4837 episcOpi
3117 4761 3357 4822 diwcésiu
3389 4761 3683 4837 pertinere,
3721 4786 3830 4824 non

2218 4837 2290 4888 eis
2320 4851 2451 4910 esse
2471 4837 2841 4910 denegandum.
2884 4836 2997 4910 Nec
3038 4855 3138 4891 nou
3163 4850 3213 4894 et
3245 4836 3704 4910 illudsuggestunt
3726 4852 3830 4906 est,

2218 4907 2357 4981 quod
2397 4906 2566 4976 plebes
2596 4918 2715 4962 ante
2745 4908 2903 4979 legem
2928 4909 3292 4981 imperatorum
3320 4910 3386 4981 de
3413 4906 3612 4964 unitate
3641 4911 3829 4977 latam,

2223 4979 2532 5055 quicumque
2573 4978 2923 5055 converterunt
2965 4978 3189 5055 episcopi
3231 4978 3686 5055 ad‘Catholicam,
3730 4984 3834 5055 ipsi

2225 5064 2316 5127 eas
2337 5048 2561 5127 obiinere
2585 5051 2832 5127 debeant:
2860 5048 3031 5105 verum
3061 5069 3090 5104 a
3119 5048 3226 5127 lege
3252 5051 3328 5124 [id
3356 5064 3442 5108 est
3475 5065 3596 5127 post
3623 5048 3830 5127 legem]

2225 5120 2472 5194 unitatis,
2498 5129 2543 5173 et
2566 5120 2807 5192 deinceps
2836 5133 3064 5194 aporteat
3091 5120 3352 5178 universas
3379 5120 3625 5178 ecclesias
3651 5120 3828 5180 vituli:

2225 5206 2343 5268 care
2377 5191 2474 5268 sibi
2497 5191 2768 5268 episcopos
2807 5191 3084 5268 catholicos
3119 5213 3294 5250 eorum
3323 5196 3580 5261 locorum,
3607 5197 3679 5249 ad
3699 5215 3829 5268 quos

2225 5263 2337 5316 loca
2363 5263 2456 5315 sub
2487 5263 2737 5318 haereticis
2765 5267 3084 5333 pertinebant
3104 5308 3116 5329 ,
3143 5268 3220 5320 vel
3241 5284 3602 5321 convcrsorum
3629 5263 3827 5322 ad'ca-

2226 5334 2469 5389 tholicam
2486 5336 2564 5389 vel
2584 5352 2684 5389 non
2706 5337 3063 5392 couversorun't
3087 5339 3466 5404 hcereticornm,
3493 5347 3541 5392 et
3562 5340 3825 5405 diteceses,

2223 5415 2272 5484 et
2301 5408 2346 5461 si
2382 5423 2483 5484 qua
2522 5408 2652 5484 forte
2683 5418 2798 5484 sunt
2834 5410 3168 5484 instrumenta
3204 5409 3465 5475 Ecclesice,
3499 5411 3580 5466 vel
3611 5411 3683 5484 ad
3710 5417 3826 5484 ejus

2222 5480 2315 5549 jus
2334 5479 2656 5549 pertinentia.
2690 5480 2792 5554 Qui
2813 5497 2928 5536 vero
2941 5479 3118 5554 aliqua
3131 5494 3512 5554 usurpaverunt
3536 5492 3646 5552 post
3662 5479 3823 5554 legem

2227 5559 2479 5620 usurpata
2507 5553 2742 5623 conventi
2777 5554 3066 5608 restituant.
3100 5552 3264 5608 Vides
3292 5552 3359 5607 de
3387 5556 3645 5607 conversis
3683 5552 3824 5623 pari-

2232 5631 2314 5677 ter
2336 5623 2440 5694 agi;
2467 5620 2628 5696 vides
2645 5632 2912 5693 tempora,
2935 5641 3053 5696 quae
3077 5623 3163 5679 hic
3184 5626 3510 5696 miscentur,
3541 5620 3809 5694 distingui,

2229 5701 2354 5763 puta
2377 5692 2794 5768 conversionem
2821 5692 3147 5768 ante'legem
3183 5695 3251 5753 de
3291 5694 3504 5768 unitate
3539 5692 3726 5768 latam,
3756 5702 3812 5747 ct

2229 5774 2353 5836 post
2375 5779 2494 5823 eam
2514 5765 2695 5822 latam.
3034 5765 3055 5768 ⁷
3315 5765 3506 5825 isnon.
3534 5767 3804 5826 Comere.
