4130 6170
591 295 734 356 I223

1555 286 1776 349 GESTA
1816 284 2272 348 COLLATIONIS
2308 280 2928 346 CARTIIAGINENSIS.

3709 282 3815 346 1224

1355 397 3810 427 M

1750 492 1912 565 225
1962 492 2112 548 Anno
2150 490 2344 548 Datum
2381 489 2506 546 411.

1210 620 1870 775 GESTA
1965 614 3127 771 COLLATION
3137 618 3318 766 IS

1805 831 2311 898 CARTHAGINI
2382 829 2711 891 HABITJE

921 1080 1348 1169 INTER
1449 1078 1522 1163 C

1539 955 2010 1030 HONOBII
2092 950 2574 1026 CAESARIS
2651 949 2969 1023 JUSSU

1545 1075 2377 1168 ATHOLICOS,
2447 1073 2612 1156 ET
2715 1069 3576 1158 DONATISTAS

1263 1215 1480 1262 CORAM
1510 1211 1922 1260 MARCELLINO
1953 1212 2014 1256 ν.
2052 1211 2111 1255 C.
2140 1212 2315 1255 TRIB.
2342 1209 2424 1254 ET
2453 1208 2605 1252 NOT.
2629 1207 2688 1251 Ρ.
2710 1205 2772 1249 Ο.
2806 1205 3075 1252 VABANIS
3104 1207 3166 1248 ν.
3205 1207 3264 1250 C.

1087 1435 1463 1496 PREFATIO
1484 1433 1731 1494 OPERIS

1121 1594 1175 1634 Ρ.
1207 1588 1478 1633 IASSONNO
1513 1585 1781 1630 AUCTORE.

691 1722 826 1777 Acta
871 1718 1162 1776 collationis
1211 1709 1663 1784 Carthaginensis,
1710 1700 2012 1759 Innocentio
2055 1696 2220 1770 primo

618 1814 864 1888 pontifice
938 1812 1206 1878 Romano,
1279 1804 1508 1861 Honorii
1561 1795 1943 1856 clementissimi
2002 1787 2222 1847 Ctvsaris

609 1887 767 1981 jussu
795 1906 968 1960 habita
992 1912 1143 1969 sunt,
1164 1915 1302 1956 anno
1319 1907 1433 1972 post
1461 1895 1785 1964 consulatum
1817 1887 2043 1970 Varanis
2060 1926 2075 1952 ,
2107 1899 2224 1938 cum

618 1999 795 2054 nullus
816 1999 869 2051 in
890 1996 1163 2051 Occidente
1180 1992 1361 2048 consul
1387 1998 1543 2056 esset,
1576 1995 1786 2060 propter
1809 1983 2022 2036 nimiam
2050 1992 2224 2032 rerum

621 2090 1053 2162 perturbationem
1079 2130 1094 2156 ,
1167 2086 1333 2142 Roma
1394 2083 1456 2137 ab
1509 2080 1718 2135 Alarico
1770 2075 2057 2130 Gothorum
2106 2083 2225 2139 rege

620 2159 798 2238 recens
822 2191 996 2254 capta.
1038 2178 1285 2234 Mandata
1334 2175 1491 2248 igitur
1511 2189 1613 2244 quo
1651 2171 1758 2224 haec
1799 2164 2081 2236 disputatio
2112 2159 2224 2230 fieri

612 2273 850 2348 jubclur,
882 2273 1025 2328 locus
1051 2270 1257 2342 quidem
1288 2276 1335 2324 et
1373 2267 1483 2321 dies
1508 2263 1776 2336 appositus
1814 2269 1920 2326 est;
1949 2266 2002 2312 at
2027 2255 2226 2311 Consu-

625 2363 758 2432 lem,
785 2365 874 2436 qui
898 2364 1073 2420 nullus
1093 2372 1205 2418 erat
1225 2402 1239 2426 ,
1281 2360 1472 2416 curiosi
1501 2362 1696 2432 frustra
1725 2355 2003 2426 requirent.
2031 2348 2225 2405 Catho-

624 2459 739 2514 lica:
797 2457 1046 2513 Ecclesia:
1108 2456 1333 2529 episcopi
1403 2453 1730 2508 collationem
1794 2447 1908 2517 ﬁeri
1972 2445 2224 2517 petierant

620 2551 863 2607 adversus
884 2549 1079 2606 Donati
1107 2559 1304 2621 partem
1336 2565 1356 2615 ;
1386 2547 1442 2601 id
1485 2547 1624 2600 enim
1659 2553 1980 2616 agnoscunt,
2035 2547 2225 2611 septem

622 2661 689 2701 ex
715 2645 787 2701 eis
813 2645 994 2700 delecti
1016 2682 1034 2710 ,
1068 2642 1309 2698 Aurelius
1335 2682 1350 2706 ,
1399 2639 1620 2711 Alypius
1645 2678 1662 2706 ,
1707 2635 2055 2704 Augustinus,
2100 2629 2228 2685 Vin-

625 2741 841 2807 centius,
889 2738 1232 2804 Fortunatus,
1290 2734 1721 2798 Fortunatianus,
1771 2739 1818 2785 et
1883 2726 2158 2782 Possidius
2205 2739 2226 2777 :

623 2834 834 2891 totidem
863 2831 1171 2897 Donatistae,
1204 2829 1528 2895 Primianus,
1578 2824 1870 2880 Petilianus
1889 2862 1906 2888 ,
1937 2819 2219 2882 Emeritns,

623 2926 944 2993 Montanus,
1003 2922 1354 2990 Gaudentius,
1404 2919 1741 2985 Adeodatus,
1801 2924 1848 2970 et
1895 2912 2168 2969 Protasius
2207 2925 2226 2963 :

621 3030 771 3093 atque
797 3022 849 3076 hi
876 3022 1011 3076 inter
1035 3019 1265 3074 absentes
1295 3016 1563 3088 episcopos
1589 3012 1752 3084 partis
1777 3024 1885 3064 sua:
1901 3050 1915 3074 ,
1968 3016 2024 3061 ut
2050 3006 2226 3077 fucum

621 3118 888 3187 facerent,
937 3111 1169 3167 Felicem
1213 3109 1362 3182 quasi
1403 3107 1544 3161 urbis
1595 3103 1778 3158 Romae
1805 3101 2101 3172 episcOpum
2130 3112 2227 3152 no-

629 3207 860 3273 minant,
893 3205 1012 3260 licet
1039 3201 1291 3257 Catholici
1337 3197 1700 3254 Innocentium
1740 3203 1858 3248 tunc
1905 3191 2080 3247 sedere
2129 3197 2229 3243 tes-

623 3306 814 3365 tentur,
838 3305 894 3351 ut
922 3311 1097 3352 verum
1124 3303 1261 3358 erat,
1291 3300 1446 3361 utque
1465 3285 1842 3361 probatissima:
1871 3283 1994 3352 ﬁdei
2016 3281 2228 3335 annales

627 3391 841 3444 tradunt
867 3429 880 3452 ,
911 3387 979 3442 ad
1005 3402 1200 3441 annum
1245 3401 1278 3438 a
1320 3392 1474 3455 partu
1520 3379 1750 3451 Virginis
1788 3372 2230 3447 quadringentesi-

625 3497 772 3536 mum
827 3479 1174 3534 undecimum.
1234 3473 1534 3545 Disputatio
1593 3469 1840 3524 dividitur
1899 3467 1954 3520 in
2005 3465 2228 3536 primani

622 3571 966 3646 c0gnitionem
988 3611 1004 3638 ,
1055 3567 1368 3633 secundam,
1401 3574 1448 3620 et
1477 3563 1698 3617 tertiam.
1723 3558 1898 3614 Tertia
1924 3567 2062 3613 sexto
2099 3554 2229 3609 Idus

611 3664 797 3738 junias
820 3661 998 3717 habita
1025 3669 1102 3716 est
1128 3675 1148 3715 :
1195 3676 1296 3732 qua
1321 3657 1404 3711 die
1438 3654 1698 3727 profertur
1729 3649 2026 3706 Marcellini
2054 3647 2230 3719 cogni-

621 3756 748 3811 toris
775 3754 1046 3820 sententia,
1087 3750 1380 3821 confutatos
1407 3765 1438 3801 a
1465 3745 1746 3802 Catholicis
1773 3741 2075 3797 Donatistas
2114 3756 2226 3794 om-

622 3846 768 3900 nium
788 3847 1215 3900 documentorum
1248 3839 1662 3910 manifestatione
1680 3835 1952 3892 asserentis
1973 3875 1990 3901 ,
2031 3843 2084 3887 ut
2124 3831 2229 3886 divi

621 3935 898 4009 Augustini
919 3935 1079 3989 verbis
1109 3944 1247 3987 utar.
1276 3930 1428 3984 Hanc
1451 3930 1755 3985 sententiam
1774 3938 1826 3982 ut
1848 3936 2072 3997 emptam
2092 3943 2125 3979 a
2144 3940 2230 3979 co-

621 4032 828 4104 gnitore
855 4028 1124 4084 Catholica
1148 4036 1198 4082 et
1224 4033 1378 4080 noctu
1397 4024 1657 4096 prolatam
1679 4063 1692 4088 ,
1718 4021 2029 4076 calumniose
2053 4027 2229 4089 postea

621 4124 886 4181 Emeritus
915 4133 964 4179 et
986 4122 1197 4196 quidam
1255 4116 1541 4193 pertinaces
1581 4116 1870 4172 Donatista:
1905 4117 2228 4188 arguebant:

618 4234 747 4292 quos
775 4217 1093 4292 Augustinus
1119 4213 1414 4270 acutissime
1439 4211 1630 4282 refellit
1656 4227 1672 4274 ,°
1695 4210 1776 4264 cui
1799 4226 1924 4265 sane
1946 4208 2090 4264 laudi
2111 4223 2224 4263 esse

621 4313 796 4379 debet,
825 4310 964 4384 quod
986 4310 1242 4380 epitomen
1289 4304 1579 4362 collationis
1609 4302 1954 4357 brevissimam
1976 4299 2184 4369 scripsit
2207 4340 2223 4366 ,

620 4407 736 4462 ideo
780 4405 1039 4461 utiliorem
1068 4406 1294 4475 futuram
1317 4399 1442 4470 quia
1485 4398 1646 4454 tertiae
1684 4395 1987 4468 cognitionis
2038 4409 2227 4465 magna

622 4517 779 4572 pars,
821 4515 934 4570 qua:
976 4499 1060 4551 hic
1116 4496 1326 4566 deﬁcit,
1377 4492 1665 4548 necessaria
1712 4491 1831 4546 inde
1873 4489 2091 4563 petenda
2128 4497 2222 4545 est.

625 4590 726 4649 Ubi
753 4595 816 4646 de
843 4589 1124 4646 Caeciliano
1154 4597 1201 4644 et
1227 4586 1494 4641 Mensurio
1512 4627 1526 4651 ,
1569 4587 1730 4656 deque
1775 4583 2109 4638 traditoribus
2137 4597 2225 4635 sa-

618 4704 825 4744 crorum
852 4685 1089 4741 codicum
1144 4691 1193 4737 et
1232 4679 1571 4752 supellectilis
1604 4675 1984 4731 Ecclesiastica:
2023 4674 2215 4746 agitur,

623 4779 948 4836 Diocletiano
991 4786 1042 4832 et
1083 4772 1406 4830 Maximiano
1437 4769 1730 4824 Ecclesium
1768 4768 2015 4822 acerrime
2050 4781 2220 4833 perse-

615 4871 920 4944 quentibus:
949 4878 996 4924 et
1025 4867 1072 4922 si
1099 4874 1217 4920 ante
1239 4861 1587 4933 Augustinum
1614 4860 1668 4912 in
1689 4858 1818 4913 libro
1840 4859 1904 4914 de
1923 4857 2220 4913 Hazresibus

550 4953 552 4958 ’
616 4963 674 5017 id
703 4977 902 5033 quoque
928 4958 991 5013 ab
1023 4956 1210 5028 Optato
1263 4952 1565 5008 Milevitana
1595 4950 1799 5022 copiose
1837 4958 2102 5004 narratum
2124 4959 2216 5004 est.

617 5055 693 5111 Ac
717 5054 998 5124 disputavit
1026 5050 1234 5121 quidem
1278 5045 1600 5118 Augustinus
1643 5045 1888 5100 adversus
1919 5044 2219 5100 Donatistas

616 5155 736 5202 ante
761 5144 1125 5210 collationem,
1158 5150 1207 5198 et
1255 5139 1413 5194 libros
1464 5138 1528 5192 de
1577 5135 1833 5208 baptismo
1887 5137 2221 5209 parvulorum

618 5238 780 5295 edidit
813 5253 828 5305 ;
872 5237 1025 5291 simul
1071 5233 1312 5291 disseruit
1341 5229 1873 5292 adversusPetiliani
1919 5231 2117 5284 litteras
2158 5245 2220 5284 ex

618 5332 817 5403 forensi
843 5329 1094 5385 advocato
1139 5327 1400 5396 episcopi,
1443 5334 1490 5380 et
1536 5322 1862 5378 Cresconium
1908 5321 2223 5379 Grammati-

617 5439 736 5480 cum
765 5421 985 5478 dicendo
1013 5435 1142 5492 pene
1171 5418 1396 5472 obtrivit.
1433 5415 1564 5471 Post
1594 5416 1928 5470 collationem
1967 5431 2084 5470 vero
2108 5414 2224 5470 Ho-

617 5518 769 5576 norio
798 5515 893 5574 XII
915 5525 965 5572 et
994 5512 1291 5570 Theodosio
1310 5509 1422 5566 VIII
1449 5509 1594 5566 Cass.
1628 5520 1684 5564 ut
1711 5511 1923 5582 ipsemet
1944 5510 2216 5582 prtefatur,

618 5609 744 5682 quid
770 5609 930 5682 egerit
955 5623 1075 5664 cum
1102 5602 1336 5660 Emerita
1381 5602 1507 5656 satis
1536 5603 1754 5658 ostendit
1793 5601 1924 5657 libro
1968 5601 2222 5673 singulari

619 5701 694 5756 sic
721 5701 966 5772 inscripto
1009 5717 1028 5757 :
1083 5699 1163 5755 De
1211 5691 1384 5766 gestis
1426 5705 1547 5746 cum
1579 5693 1840 5749 Emerita.
1893 5693 2057 5764 Atque
2083 5692 2219 5748 hunc

622 5792 826 5862 quidem
871 5793 1032 5864 fuisse
1086 5804 1246 5849 unum
1284 5799 1458 5844 eorum
1502 5793 1721 5858 septem,
1773 5803 1901 5858 quos
1965 5804 2058 5860 pro
2111 5803 2218 5846 suae

580 1780 614 1814 6

2235 1433 2290 1498 Α
2313 1437 2484 1477 causa:
2503 1422 2803 1494 defensione
2830 1421 3116 1478 Donatiani
3137 1422 3453 1494 delegerant,
3481 1431 3527 1478 et
3542 1421 3622 1492 qui
3644 1421 3688 1476 in
3705 1423 3838 1477 eadem

2325 1532 2486 1571 causa
2515 1519 2738 1572 maxime
2769 1518 3123 1584 laboraverat,
3157 1517 3288 1572 libro
3324 1517 3536 1572 secundo
3567 1515 3840 1572 Retractatio-

2323 1624 2448 1662 num
2485 1607 2805 1680 Augustinus
2855 1610 3052 1676 tradit;
3101 1626 3258 1680 eoque
3305 1619 3504 1664 mortuo
3552 1607 3775 1664 Possidius
3801 1608 3841 1660 in

2324 1705 2439 1774 ejus
2460 1703 2565 1757 vita
2608 1704 2764 1757 etiam
2808 1703 2983 1773 refert.
3026 1701 3264 1774 Denique
3285 1703 3524 1758 adversus
3561 1701 3841 1757 Gaudentium

2325 1789 2804 1866 Thamugadensem
2857 1795 3188 1864 episcOpum,
3245 1812 3393 1866 quem
3458 1811 3521 1850 ex
3558 1795 3641 1848 illo
3684 1807 3841 1847 numero

2327 1887 2490 1959 fuisse
2537 1888 2711 1943 eodem
2760 1905 2962 1960 quoque
3015 1889 3147 1944 libro
3203 1890 3540 1957 demonstrat,
3583 1889 3717 1943 libros
3750 1886 3841 1939 duos

2327 1981 2650 2052 conscripsit.
2703 1980 2767 2034 At
2816 1997 3018 2035 summa
3061 1982 3260 2036 utilitas
3288 1984 3402 2054 ejus
3421 1982 3594 2053 iudicii
3617 1980 3843 2052 [uiuum

2326 2069 2442 2125 licet
2464 2070 2743 2126 Donatiani
2763 2069 3020 2128 Cwsarem
3047 2074 3378 2144 appellarunt
3401 2115 3418 2140 ,
3446 2073 3507 2127 ab
3535 2071 3738 2128 Honorio
3753 2085 3842 2123 con-

2327 2165 2590 2234 ﬁrmatum
2617 2176 2736 2234 est;
2769 2183 2962 2238 nosque
2996 2168 3217 2222 edictum
3255 2183 3321 2224 ex
3347 2167 3516 2222 codice
3556 2165 3844 2220 Theodosium

2327 2257 2447 2312 huic
2490 2259 2828 2330 disputationi
2855 2261 3197 2316 annexuimus
3226 2277 3243 2314 :
3277 2261 3361 2315 cui
3385 2259 3609 2316 obediens
3630 2257 3743 2327 plebs
3766 2253 3844 2308 Do-

2328 2353 2637 2408 natistarum
2657 2395 2673 2420 ,
2707 2354 2922 2410 desertis
2945 2356 3206 2426 episcOpis
3223 2355 3334 2409 suis
3357 2355 3424 2409 ad
3440 2353 3690 2409 Ecclesium
3709 2349 3846 2404 catho-

2327 2445 2481 2500 licam
2506 2448 2679 2500 statim
2709 2447 2889 2513 rediit,
2921 2457 2969 2503 et
3013 2464 3075 2502 ex
3125 2446 3304 2520 Optati
3335 2446 3666 2518 antiquissimo
3710 2456 3844 2495 manu-

2327 2541 2518 2610 scripto
2591 2540 2766 2594 codice
2836 2541 3266 2612 interrogationes
3357 2540 3592 2610 quasdam
3648 2531 3846 2589 collationi

2326 2632 2675 2704 intelligenda:
2703 2633 3016 2688 necessarias
3060 2635 3220 2704 adjici
3263 2634 3566 2688 curavimus.
3594 2628 3845 2700 Cognitorau

2326 2723 2534 2794 quidem
2568 2723 2784 2779 Orosius
2815 2725 2945 2780 libro
2985 2726 3203 2796 septima
3235 2729 3560 2797 prudentem,
3610 2720 3845 2776 industrium

2255 2831 2299 2890 Β
2327 2829 2378 2872 et
2397 2819 2687 2873 studiorum
2712 2820 2961 2894 bonorum
2976 2819 3460 2891 appetentissimum
3487 2817 3632 2890 fuisse
3652 2822 3846 2868 testatur:

2331 2913 2403 2965 ad
2431 2928 2642 2983 eumque
2685 2928 2788 2966 non
2833 2911 2996 2966 multo
3035 2921 3150 2983 post
3193 2911 3417 2966 Romam
3473 2919 3683 2979 captam,
3718 2898 3848 2970 scripti

2329 3013 2447 3059 sunt
2467 3003 2530 3058 ab
2560 3004 2847 3076 Augustino
2875 3005 2993 3059 libri
3013 3005 3196 3076 viginti
3223 3006 3292 3060 de
3319 3005 3527 3060 Civitate
3552 3001 3662 3066 Dei,
3690 3007 3733 3051 νε
3752 3009 3846 3064 Ρηε·

2331 3099 2456 3166 fatio
2479 3097 2546 3149 ad
2575 3113 2660 3151 eos
2681 3096 2895 3150 indicat.
2927 3094 3006 3151 De
3036 3107 3198 3151 morte
3218 3107 3395 3152 autem
3417 3093 3686 3160 Marcellini
3713 3089 3848 3144 Hiero-

2331 3205 2516 3260 nymus
2555 3189 2780 3260 loquitur
2832 3190 2920 3244 lib.
2952 3193 2988 3247 3
3023 3201 3204 3245 contra
3250 3191 3441 3262 Pelag.
3487 3189 3730 3245 violentam
3769 3196 3848 3237 eam

2331 3280 2491 3351 fuisse
2511 3296 2712 3337 necesse
2736 3289 2834 3336 est.
2882 3279 3255 3337 Percussorem
3308 3283 3440 3337 enim
3470 3283 3577 3354 ejus
3603 3288 3645 3334 et
3668 3274 3850 3333 sicarium

2330 3371 2467 3427 idem
2497 3372 2710 3428 Orosius
2731 3374 2980 3429 nominat.
2999 3374 3326 3433 Laudandus
3345 3393 3537 3448 quoque
3551 3384 3619 3429 est
3640 3369 3848 3427 Marcellus

2331 3467 2418 3538 qui
2449 3470 2545 3522 hoc
2570 3468 2807 3524 volumen
2833 3469 3077 3526 Actorum
3117 3472 3441 3540 collationis,
3469 3469 3598 3542 quod
3623 3459 3849 3538 copiosissi-

2332 3574 2473 3612 mum
2494 3569 2644 3628 atque
2668 3558 3067 3627 dilfusissimum
3091 3573 3234 3627 erat,
3280 3561 3566 3626 modulata,
3587 3568 3638 3612 ut
3668 3558 3756 3626 ipse
3775 3551 3846 3612 αἱιν

2332 3651 2574 3706 brevitate
2601 3652 2836 3708 distinxit
2856 3662 3006 3726 atque
3029 3655 3274 3727 collegit,
3309 3667 3365 3710 ut
3399 3672 3461 3711 ex
3488 3652 3681 3726 epistola
3698 3651 3784 3720 ejus
3802 3640 3848 3696 ad

2334 3744 2674 3802 Severianum
2708 3756 2755 3801 et
2793 3746 3063 3803 lulianum
3095 3750 3261 3805 videri
3299 3759 3484 3823 potest.
3512 3745 3616 3802 Nec
3638 3743 3762 3814 plura
3783 3737 3849 3788 hoc

2334 3838 2448 3893 loco
2478 3840 2696 3894 dicenda
2723 3841 3077 3896 existimamus
3103 3883 3118 3908 ,
3147 3844 3274 3910 quia
3315 3841 3599 3896 Balduinus
3637 3837 3850 3908 pttml’w'

2333 3949 2474 3988 meus
2529 3934 2583 3988 in
2623 3937 2745 4007 jure
2809 3936 2984 4003 civili,
3038 3936 3125 4006 qui
3179 3946 3298 3990 acta
3351 3932 3655 3990 commodata
3703 3932 3850 3979 tantum

2331 4029 2387 4082 in
2435 4029 2686 4083 veteribus
2733 4029 2903 4084 adhuc
2928 4030 3240 4085 membranis
3278 4029 3341 4084 ab
3381 4025 3598 4082 antistite
3625 4017 3851 4076 Meldorum

2333 4117 2472 4176 Titio
2495 4121 2779 4188 habuerat,
2810 4122 3092 4195 elegantem
3121 4123 3175 4176 in
3207 4139 3268 4177 ea
3293 4118 3692 4178 commentarium
3713 4105 3849 4166 edidit-

2746 4259 2911 4334 226
2936 4261 3312 4318 PRIEFATIO

2417 4389 2717 4432 CLARISSIIII
2743 4392 2853 4432 VIBI
2881 4393 3089 4434 BALUZII
3116 4394 3167 4433 IN
3199 4392 3419 4435 EAHDEI
3446 4380 3785 4435 COLLATIONEIL

2251 4222 2308 4285 C.

2404 4489 2559 4546 Gesta
2584 4477 2874 4545 collationis
2903 4491 3327 4563 Carthaginensis
3357 4493 3487 4546 inter
3529 4488 3758 4558 episcopos
3781 4473 3852 4528 Ca-

2331 4580 2548 4637 tholicos
2575 4594 2624 4639 et
2655 4583 2954 4638 Donatistas
2983 4601 3097 4656 qua:
3148 4601 3290 4640 nunc
3330 4593 3553 4652 exstant,
3589 4581 3756 4648 integra
3778 4581 3850 4623 non

2331 4685 2488 4742 sunt,
2525 4676 2617 4731 sed
2665 4675 2957 4731 abbreviata
2983 4693 3046 4731 ex
3094 4676 3201 4731 illis
3248 4694 3364 4747 qua:
3388 4673 3660 4745 conscripta
3698 4667 3852 4737 fuerat"

2328 4785 2504 4824 coram
2546 4768 2857 4824 Marcellino
2896 4767 3144 4824 Notario.
3178 4768 3325 4824 Nam
3348 4786 3464 4824 cum
3499 4766 3589 4822 illa
3617 4759 3742 4817 valde
3767 4765 3853 4824 ρῐθ·

2329 4863 2437 4918 lixa
2461 4872 2659 4928 essent,
2710 4875 2765 4918 ut
2793 4864 3111 4936 Augustinus
3139 4865 3212 4918 ait
3251 4865 3304 4918 in
3355 4862 3563 4933 epistola
3601 4855 3852 4928 φιὶησασθθ

2330 4955 2491 5021 sima,
2538 4941 3218 5027 timendumque'propterea
3249 4965 3382 5010 esset
3408 4969 3469 5009 ne
3499 4954 3552 5008 in
3574 4947 3852 5010 contemptum

2329 5049 2589 5115 venirent,
2636 5047 2944 5104 Severianus
2988 5059 3036 5104 et
3079 5049 3327 5104 Julianus
3365 5065 3398 5102 a
3428 5042 3662 5101 Marcello
3702 5034 3850 5090 Μενω-

2253 5134 2302 5195 D
2327 5140 2447 5194 rialt
2464 5181 2479 5207 ,
2510 5141 2600 5212 qui
2627 5141 2893 5197 collationi
2917 5143 3220 5212 interfuerat
3242 5150 3290 5196 et
3318 5156 3434 5195 cum
3457 5132 3726 5193 Marcellino
3747 5133 3848 5178 ιοηε-

2329 5234 2673 5288 municaverat
2694 5234 2915 5289 laborem
2940 5234 3190 5290 librandte
3211 5228 3611 5303 disceptationis,
3632 5216 3848 5291 (φερέτω

2327 5329 2404 5383 uti
2452 5327 2663 5399 fastidia
2714 5329 2949 5384 lectionis
2995 5327 3217 5384 remedio
3275 5325 3529 5382 brevitatis
3598 5311 3845 5376 excludet“-

2333 5423 2538 5493 Quippe
2577 5423 2866 5478 Donatista
2885 5465 2899 5490 ,
2929 5441 3046 5478 cum
3091 5423 3319 5479 obtinere
3347 5438 3379 5474 a
3403 5417 3646 5489 cognitore
3676 5421 3760 5464 non
3780 5411 3847 5469 po'

2332 5515 2545 5571 tuissent
2565 5532 2629 5570 ne
2655 5515 2861 5570 collatio
2888 5516 3033 5586 fieret
3061 5525 3113 5572 et
3155 5524 3208 5571 ut
3246 5529 3456 5585 prorsus
3482 5524 3627 5566 causa
3659 5504 3751 5575 ξρδα
3773 5503 3846 5547 "0"

2327 5619 2588 5680 ageretur,
2612 5607 2716 5663 hoc
2741 5607 3044 5664 eﬂ'ecerunt
3070 5649 3085 5676 ,
3127 5607 3296 5678 inquit
3323 5602 3646 5675 Augustinus,
3671 5587 3841 5649 multum

2325 5698 2597 5772 loquendo
2645 5709 2702 5756 υῑ
2744 5700 2888 5773 quod
2953 5709 3133 5757 actum
3185 5706 3303 5766 est,
3353 5694 3565 5753 difﬁcile
3613 5685 3836 5757 legeretur.

2329 5793 2446 5863 Qua
2471 5805 2677 5868 propter
2704 5794 2986 5854 Marcellus
3009 5794 3067 5851 Μ
3069 5792 3328 5852 emorialis
3363 5785 3686 5849 obsecundam
3708 5776 3838 5849 postu-
