4130 6170
319 252 447 311 ωδ

1256 254 1490 313 GESTA
1526 255 1993 314 COLLA’TIUNIS
2030 259 2663 323 CARTHAGINENSIS.

3489 289 3654 362 {me

317 364 424 420 latis
451 364 731 419 amicarum
756 379 970 421 suarum
990 405 1007 433 ,
1054 367 1316 439 superﬂua
1362 368 1614 422 resecavit
1638 407 1656 434 ,
1703 376 1751 421 et
1780 380 1922 439 gesta
1949 378 2000 439 Α
2026 373 2183 428 limus
2211 394 2306 448 pro
2332 378 2547 434 modulo
2574 377 2767 432 uirium
2808 389 3110 440 nostrarum
3128 430 3141 454 ,
3191 397 3354 451 seu”;
3374 397 3427 454 ίη
3455 402 3550 458 hoc
3575 411 3653 463 vel

316 473 367 513 eo
389 456 544 512 modo
568 459 889 513 concinnavit
914 476 1017 529 qua
1066 477 1199 516 nunc
1225 477 1258 513 a
1312 461 1459 515 nabis
1514 461 1793 531 leguntur.
1840 460 1923 517 Ea

313 564 424 605 sane
453 547 580 603 olim
602 549 829 604 studiose
849 560 1062 623 excepta
1085 593 1100 619 ,
1128 551 1444 623 conscripta,
1484 550 1792 622 collataque
1811 560 1924 625 fue-

311 650 454 708 rant,
477 642 643 715 inquit
668 641 962 700 Balduinus
986 687 1002 713 ,
1052 646 1142 701 sed
1185 647 1429 715 temporis
1456 645 1668 717 injuria
1708 648 1919 720 posteri-

313 734 526 803 talisque
554 732 860 806 negligentia
886 736 1255 795 interciderunt
1273 780 1289 804 ,
1346 737 1507 791 donec
1538 737 1760 793 tandem
1784 756 1922 794 anno

314 823 445 882 1566
468 826 525 880 in
564 837 746 880 manus
772 827 1009 899 ejusdem
1049 828 1299 884 Balduini
1324 844 1503 884 venere
1535 827 1796 899 beneﬁcio
1826 831 1923 886 viri

310 910 580 977 clarissimi
617 917 837 975 Joannis
868 919 995 975 Tilii
1013 923 1244 995 episcopi
1274 922 1577 978 Meldensis.
1629 922 1790 989 Quod
1828 941 1923 979 au-

311 1021 405 1068 tem
430 1028 535 1067 non
564 1010 771 1066 omnino
791 1011 1094 1083 perierunt,
1125 1013 1365 1069 debemus
1390 1054 1405 1079 ,
1437 1014 1647 1083 opinor,
1677 1014 1923 1086 quicquid

310 1103 399 1160 alii
422 1112 599 1159 contra
617 1102 836 1158 sentiant
855 1143 872 1170 ,
898 1106 1234 1161 nobilissima:
1262 1102 1508 1158 Ecclesia
1535 1101 1885 1175 Lugdunensi
1902 1149 1916 1173 ,

312 1214 421 1271 quat
446 1197 649 1253 illustre
690 1196 788 1251 hoc
816 1198 1144 1268 antiquitatis
1191 1207 1580 1252 monumentum
1630 1197 1690 1251 in
1719 1197 1922 1253 “biblio-

313 1287 457 1345 theca
487 1305 586 1344 sua
610 1288 848 1344 servavit.
880 1287 980 1343 Cui
1014 1290 1090 1343 rei
1119 1288 1316 1343 indicio
1342 1297 1416 1342 est
1439 1287 1594 1341 etiam
1639 1288 1921 1361 inscriptio

309 1394 443 1440 uetus
471 1385 640 1454 posita
658 1383 713 1438 in
738 1383 886 1437 initia
912 1383 1097 1437 veteris
1124 1381 1463 1449 exemplaris,
1502 1381 1548 1436 ei
1587 1381 1780 1437 similis
1806 1398 1923 1454 quae

310 1484 467 1533 exstat
511 1477 569 1531 in
606 1476 774 1549 capite
798 1473 990 1530 codicis
1024 1473 1368 1530 Tertullianei
1388 1514 1404 1539 ,
1433 1489 1583 1544 quem
1627 1474 1798 1529 eidem
1822 1474 1922 1529 Ec—

309 1568 474 1625 clesiae
495 1567 681 1623 obtulit
714 1565 1022 1639 Agobardus
1046 1566 1491 1637 archiepiscopus.
1523 1565 1618 1621 Sic
1638 1583 1769 1639 ergo
1792 1567 1921 1639 legi-

312 1666 391 1715 tur
411 1660 469 1715 in
492 1663 663 1733 fronte
688 1659 907 1715 istorum
934 1668 1215 1732 gestorum.

902 1768 1064 1809 LIBER
1083 1766 1326 1808 OBLATUS

695 1861 762 1902 Δί)
788 1860 1002 1901 Αιτιιιε
1028 1858 1218 1899 ΒΑΜΞἸῚ
1247 1858 1507 1899 STEPHANI

701 1954 844 1995 ιότο
880 1954 1172 1995 νυιειιειιιι
1213 1952 1480 1995 CANOMCI.

378 2032 519 2090 Tum
541 2046 662 2087 vero
685 2030 977 2086 Balduinus
997 2073 1015 2098 ,
1037 2031 1127 2100 qui
1145 2030 1468 2085 existimabat
1488 2069 1504 2095 ,
1549 2037 1594 2083 et
1619 2044 1765 2097 vere,
1800 2046 1914 2084 ma-

312 2139 468 2197 gnum
496 2121 596 2178 sibi
626 2121 896 2191 quemdam
925 2121 1226 2176 thesaurum
1249 2138 1357 2177 esse
1379 2121 1612 2176 ablatum
1635 2164 1650 2188 ,
1679 2138 1741 2176 ea
1773 2133 1916 2195 gesta

310 2227 555 2272 accurate
573 2216 698 2288 legit
734 2226 781 2271 et
808 2215 1087 2287 expendit,
1134 2225 1183 2270 et
1229 2215 1424 2271 interea
1447 2216 1569 2269 dum
1622 2216 1914 2284 ederentur,

309 2310 586 2365 historiam
628 2309 775 2363 istius
801 2308 1104 2363 collationis
1152 2308 1395 2378 vulgavit.
1456 2306 1664 2362 Poterat
1711 2308 1800 2363 ille
1846 2308 1918 2362 ιε.

306 2402 445 2457 aiore
499 2400 804 2468 compendia
833 2410 976 2472 gesta
1020 2399 1203 2466 edere,
1255 2399 1303 2452 si
1344 2394 1605 2453 voluisset.
1645 2398 1751 2454 Sed
1776 2399 1918 2453 haud

305 2493 462 2550 dubie
482 2493 806 2566 intelligebat
830 2494 998 2548 multa
1023 2493 1212 2549 menda
1236 2502 1444 2549 exstare
1470 2494 1526 2548 in
1542 2494 1696 2548 veteri
1721 2493 1918 2574 codice,

299 2602 418 2661 quc
439 2589 662 2659 auferre
681 2586 967 2641 destinabat
991 2627 1006 2652 ,
1037 2586 1202 2640 multa
1231 2587 1385 2641 etiam
1408 2601 1524 2656 qua:
1568 2585 1917 2657 explicatione

252 2738 266 2750 ,
292 2681 638 2754 indigerent,
671 2688 728 2734 ut
749 2693 814 2734 ex
831 2679 903 2734 eis
927 2678 1109 2750 colligi
1148 2686 1320 2751 posset
1339 2678 1526 2749 aliquis
1550 2682 1771 2747 fructus.
1816 2677 1919 2733 Fe-

292 2774 455 2829 cisset
506 2787 641 2827 sane
665 2787 774 2825 rem
818 2771 1167 2842 gratissimam
1197 2771 1435 2841 theologa
1476 2767 1789 2825 Lavaniensi
1831 2771 1919 2840 qui

282 2881 474 2922 curam
497 2865 737 2934 suscepit
774 2864 1081 2918 emendandi
1108 2862 1365 2918 Breaiculi
1392 2861 1784 2934 Augustiniani.
1810 2861 1918 2919 Ille

282 2961 431 3017 enim
456 2965 692 3015 testatur
719 2974 804 3025 se,
829 2973 947 3012 cum
972 2958 1082 3013 hac
1107 2967 1224 3015 acta
1275 2972 1460 3028 magno
1483 2960 1745 3027 redempta
1771 2966 1920 3025 apta-

286 3052 450 3106 aisset
470 3091 488 3119 ,
520 3059 683 3121 atque
728 3048 870 3120 apud
906 3047 1156 3103 Balduini
1201 3057 1308 3102 tum
1346 3048 1579 3119 defuncti
1630 3048 1823 3103 amicos
1871 3057 1919 3102 et

2026 462 2439 523 doctissimorum
2489 471 2725 524 uirorum
2772 470 3082 545 judicium,
3130 485 3219 552 qui
3245 489 3391 544 varia
3435 462 3651 552 istorum

2024 568 2286 629 gestorum
2314 562 2431 616 loca
2476 576 2670 616 sanare
2709 575 2800 631 per
2824 570 3167 628 transennam
3191 578 3526 652 studuerunt,
3572 591 3652 643 vel

2025 652 2343 721 conjecturas
2374 663 2606 717 nostras,
2637 667 2805 723 quum-
2838 665 2997 712 cerua
3021 662 3166 720 nobis
3193 669 3315 724 visw
3343 683 3481 729 sunt.
3508 675 3648 733 Nam

2025 742 2164 810 quod
2191 740 2417 799 Iacobus
2448 744 2705 815 Cujacius
2855 760 2915 799 ιν
2949 749 3219 813 Obseruat.
3251 778 3368 833 cap.
3399 768 3459 822 51
3487 809 3502 835 ,
3553 771 3649 825 ad-

2025 842 2167 888 notat
2194 836 2382 891 multas
2410 850 2617 891 errores
2643 836 2698 889 in
2725 834 2884 891 libros
2916 842 3063 911 juris
3089 850 3253 907 civilis
3305 859 3538 915 attulisse
3567 878 3653 919 ve-

2026 934 2183 980 terem
2224 943 2316 997 per
2364 937 2517 981 natas
2564 926 2830 981 scribendi
2877 935 3175 1007 rationem,
3223 944 3287 1000 de
3335 951 3487 1017 gestis
3539 953 3651 1010 istis

2024 1019 2280 1111 ofﬁrmari
2311 1030 2479 1090 potest
2538 1018 2732 1090 absque
2776 1021 2885 1077 ulla
2932 1032 3166 1098 pericula
3222 1045 3648 1111 reprehensionis.

2024 1107 2288 1165 Praterea
2307 1111 2655 1166 adhibuimus
2674 1116 3040 1176 auctoritatem
3062 1107 3285 1185 veterum
3312 1134 3645 1208 scriptarum,

2024 1204 2431 1301 pracipuevero
2475 1206 2656 1260 sancti
2685 1207 2967 1282 Augustini
2996 1220 3229 1293 episcopi
3260 1204 3646 1301 Hipponensis,

2023 1297 2109 1351 cui
2134 1298 2221 1352 uni
2241 1298 2362 1371 plus
2389 1314 2562 1372 quam
2587 1304 2787 1356 caneris
2816 1305 2871 1359 in
2899 1305 3004 1363 hac
3029 1328 3185 1369 causa
3215 1297 3361 1374 debet
3389 1297 3645 1380 Ecclesia;

2026 1387 2374 1447 Mutationum
2400 1407 2577 1465 parra
2606 1395 2839 1452 omnium
2863 1416 2896 1453 a
2927 1405 3077 1461 nobis
3101 1409 3157 1463 in
3188 1420 3380 1467 textum
3408 1416 3649 1473 inducta-

2022 1497 2139 1536 runt
2180 1483 2432 1538 rationem
2463 1484 2699 1542 reddere
2719 1498 2769 1542 et
2795 1490 3131 1561 fastidiosum
3156 1505 3340 1572 fuisset
3374 1508 3646 1567 lectoribus

2022 1583 2073 1629 et
2099 1592 2201 1630 nan
2249 1577 2548 1632 admodum
2595 1581 2749 1648 utile,
2802 1586 2951 1641 nobis
2994 1606 3123 1649 vero,
3159 1596 3308 1650 valde
3347 1615 3638 1659 onerosum.

2022 1665 2209 1737 Itaque
2244 1667 2308 1723 de
2328 1667 2409 1724 his
2448 1684 2577 1742 qua:
2617 1674 2907 1746 inani/estw
2942 1693 3093 1736 erant
3145 1687 3445 1760 plerumque
3491 1695 3639 1747 silui-

1948 1769 1997 1829 Β
2023 1775 2137 1813 mus
2153 1777 2185 1826 ;.
2219 1776 2397 1815 earum
2427 1776 2578 1816 saera
2623 1765 2878 1821 rationem
2931 1773 3252 1831 reddidimus
3278 1795 3394 1849 qua:
3436 1784 3639 1853 aliquid

2021 1852 2335 1922 difﬁcultatis
2388 1855 2580 1909 habere
2627 1857 2954 1927 videbantur,
3004 1876 3096 1918 aut
3125 1884 3240 1936 quia
3285 1852 3635 1932 illustratione

2016 1943 2336 2015 indigebant.
2389 1945 2536 2003 Sane
2586 1949 2843 2020 afﬁrmare
2885 1970 3001 2008 uere
3036 1972 3309 2024 possumus
3356 1963 3631 2020 editionem
3702 2004 3705 2007 -

2019 2038 2154 2091 hanc
2207 2049 2434 2094 nostram
2486 2043 2651 2097 multo
2702 2046 2971 2100 meliorem
3014 2065 3123 2104 esse
3160 2053 3395 2109 omnibus
3422 2055 3486 2110 iis
3513 2074 3631 2125 quae

2018 2144 2178 2200 usque
2203 2130 2271 2183 ad
2290 2129 2427 2186 hanc
2469 2132 2607 2189 diem
2656 2136 2990 2206 prodierunt,
3039 2140 3191 2211 idque
3216 2144 3372 2213 facile
3396 2146 3629 2202 intellec-

2020 2230 2162 2274 turos
2188 2237 2276 2276 eas
2315 2224 2404 2292 qui
2450 2224 2595 2278 illam
2648 2229 2962 2282 contulerint
3017 2248 3132 2285 cum
3191 2233 3532 2299 Massoniana
3577 2252 3624 2294 et

2018 2308 2296 2366 Pithaeana
2318 2353 2334 2380 ,
2379 2329 2444 2368 ex
2467 2315 2652 2385 quibus
2680 2319 2897 2388 reliqua:
2934 2332 3063 2373 artae
3109 2333 3250 2376 sunt.
3283 2324 3423 2379 Nam
3467 2329 3513 2381 si
3539 2333 3624 2383 cui

2019 2408 2218 2455 tantum
2251 2402 2343 2455 atii
2371 2404 2494 2470 erit,
2527 2405 2572 2459 is
2601 2411 2832 2476 profecta
2872 2409 3030 2478 facile
3055 2411 3425 2467 animadvertet
3463 2431 3622 2480 quam

2018 2495 2183 2548 multa
2207 2495 2491 2551 exciderint
2534 2496 2782 2554 Messana
2826 2509 2876 2554 et
2916 2500 3152 2569 Pithaeo,
3200 2521 3315 2574 quia
3343 2524 3436 2562 nos
3468 2526 3620 2580 repa-

2019 2587 2221 2642 suimus
2248 2604 2313 2643 ex
2356 2590 2512 2644 veteri
2556 2592 2760 2659 codice,
2802 2609 2957 2662 quam
3003 2597 3168 2650 multa
3194 2609 3366 2652 errata
3404 2600 3468 2653 ab
3509 2602 3618 2658 illis

2019 2695 2124 2734 non
2151 2681 2508 2737 animadversa
2531 2725 2547 2750 ,
2596 2701 2710 2752 quae
2757 2702 2849 2740 nos
2878 2688 3005 2741 satis
3046 2690 3284 2761 feliciter,
3329 2700 3385 2746 ut
3408 2695 3616 2763 quidem

2020 2774 2320 2844 opinamur,
2354 2777 2755 2832 emendarimus.
2783 2776 2930 2833 Illud
2958 2783 3239 2837 dolendunt
3267 2827 3280 2852 ,
3327 2762 3464 2856 quod
3500 2789 3615 2841 hia-
3687 2762 3691 2767 '

2021 2874 2103 2922 tus
2128 2883 2300 2922 omnes
2319 2870 2560 2941 supplere
2583 2872 2923 2940 nequivimus,
2957 2877 3238 2942 praesertim
3260 2877 3348 2931 ubi
3368 2881 3615 2947 agebatur

2019 2957 2084 3010 de
2104 2960 2432 3014 restituendis
2458 2962 2747 3016 nominibus
2771 2957 3126 3035 episcoporum
3150 2968 3329 3039 viginti
3363 2967 3614 3026 Ecclesia:
3670 2990 3676 2995 '

2020 3050 2287 3105 catholica:
2321 3068 2437 3122 qua:
2479 3054 2774 3108 exciderunt
2831 3056 2884 3109 in
2943 3058 3238 3113 recitatione
3279 3060 3612 3131 subscriptio-

293 3144 535 3199 luzredes
592 3141 786 3212 inquiri
821 3142 1066 3215 jussisset
1088 3183 1105 3207 ,
1129 3142 1442 3198 intellexisse
1486 3141 1694 3212 dilapsa
1746 3141 1914 3195 nescio
1941 3150 1986 3213 ρ
2020 3155 2161 3194 num.
2192 3141 2449 3209 Quoniam
2475 3160 2591 3199 vero
2627 3162 2814 3217 magna
2837 3164 2957 3216 pars
2980 3150 3140 3204 tertia!
3184 3151 3491 3222 cognitionis
3522 3154 3612 3208 de-

297 3253 401 3308 quo
422 3236 616 3307 fuisse.
651 3232 992 3290 Transierant
1014 3235 1109 3290 illa
1128 3236 1183 3288 in
1198 3236 1292 3304 jus
1312 3245 1359 3289 et
1380 3242 1677 3305 potestatem
1698 3233 1917 3288 celeber-

301 3328 423 3383 rimi
473 3327 576 3382 oiri
614 3324 798 3397 Angeli
829 3324 1055 3400 Vergetii
1074 3367 1088 3394 ,
1122 3326 1342 3380 hominis
1365 3325 1572 3396 quidem
1599 3322 1798 3387 Graeci,
1824 3324 1915 3378 sed

311 3420 500 3477 Latine
526 3419 851 3486 doctissimi;
895 3436 928 3473 a
960 3435 1062 3490 quo
1091 3435 1150 3474 ea
1199 3419 1381 3473 deinde
1432 3417 1611 3472 habuit
1666 3413 1916 3470 Claudius

308 3511 603 3570 Hondinus
648 3509 945 3566 Advocatus
969 3511 1312 3577 Parisiensis,
1359 3512 1507 3580 cujus
1537 3508 1782 3577 beneﬁcia
1806 3524 1913 3562 ser-

305 3585 428 3662 uata
456 3621 567 3662 esse
588 3604 760 3661 scribit
786 3603 1031 3677 Papirius
1052 3603 1351 3660 Massanus.
1386 3601 1569 3658 Prima
1587 3602 1709 3657 hinc
1737 3618 1913 3657 eorum

304 3699 469 3756 editio
521 3696 715 3771 prodiit
745 3694 970 3752 Parisiis
995 3714 1134 3752 anno
1165 3696 1304 3753 1589
1324 3713 1480 3769 opera
1507 3696 1738 3768 ejusdem
1761 3693 1910 3750 Has-

303 3792 424 3849 soni
448 3832 467 3860 ,
487 3789 578 3847 sed
601 3829 616 3857 ,
638 3789 774 3861 quod
802 3788 1078 3844 dolendum
1099 3799 1174 3844 est
1203 3830 1216 3852 ,
1244 3789 1316 3842 ita
1342 3788 1585 3843 mendosa
1603 3827 1619 3854 ,
1644 3794 1700 3840 ut
1726 3797 1913 3857 praeter

301 3894 481 3942 errata
507 3882 688 3938 veteris
713 3882 945 3949 librarii,
974 3882 1138 3936 multa
1180 3880 1349 3934 adhuc
1394 3896 1523 3935 nava
1548 3878 1819 3932 commissa
1847 3876 1912 3931 ab

298 3978 402 4035 illo
421 3977 548 4033 sint.
579 3974 808 4031 Tandem
835 3992 972 4030 anno
1007 3972 1175 4042 1594,
1208 3990 1379 4030 mense
1430 3972 1715 4029 Februario
1764 3987 1912 4026 vene-

298 4069 508 4126 randus
533 4068 617 4124 hic
644 4070 807 4124 codex
829 4078 883 4123 et
922 4084 1051 4122 auro
1080 4077 1261 4122 contra
1304 4065 1639 4123 astimandus
1678 4064 1747 4118 ad
1796 4081 1908 4119 ma-

296 4177 467 4234 gnum
508 4159 656 4215 illum
707 4157 924 4213 Petrum
975 4158 1232 4214 Pithwum
1282 4159 1539 4229 peruenit,
1585 4157 1634 4211 ei
1677 4155 1826 4211 datus
1878 4172 1911 4211 a

299 4253 568 4310 Mondino
591 4267 749 4306 causa
775 4251 1165 4324 permutationis
1184 4267 1300 4305 cum
1321 4249 1497 4305 codice
1527 4247 1741 4302 Henrici
1766 4244 1864 4300 III
1890 4289 1906 4314 ,

297 4348 639 4405 Francorum
664 4348 820 4419 regis.
850 4346 918 4403 Et
951 4345 1184 4401 Pithmus
1201 4346 1407 4417 quidem
1426 4384 1443 4412 ,
1477 4343 1752 4398 collatione
1771 4346 1909 4412 facta

295 4458 425 4498 cum
454 4441 610 4495 ueteri
638 4438 923 4513 exemplari
946 4480 962 4500 .
1014 4438 1276 4493 meliorem
1313 4436 1433 4508 fecit
1462 4433 1736 4490 editionem
1766 4432 1909 4489 Mas-

2020 3231 2295 3299 sideratur,
2353 3251 2469 3306 qua:
2516 3238 2801 3292 necessaria
2851 3240 3070 3311 petenda
3109 3251 3184 3296 est
3235 3259 3297 3297 ex
3331 3242 3607 3299 Breoicula

2017 3327 2184 3379 sancti
2204 3325 2498 3399 Augustini,
2525 3341 2579 3385 ut
2594 3332 2792 3402 pridem
2814 3334 3011 3387 monuit
3031 3333 3281 3405 Papirius
3306 3336 3606 3406 Massanus,

2016 3417 2173 3486 gestis
2200 3417 2532 3487 adjunximus
2555 3422 2900 3495 fragmentum
2921 3440 2984 3479 ex
3010 3424 3104 3480 illa
3122 3425 3393 3483 Brevicula
3420 3471 3434 3495 ,
3465 3430 3527 3484 ab
3544 3448 3604 3485 ea

2016 3504 2250 3559 uidelicet
2277 3506 2389 3561 loco
2418 3508 2504 3562 ubi
2540 3520 2682 3581 gesta
2721 3511 2990 3581 deficiunt.
3045 3514 3307 3581 Quantum
3333 3528 3504 3573 autem
3530 3522 3611 3575 in—

2017 3599 2162 3652 tersit
2185 3599 2483 3667 reipublicaa
2524 3602 2819 3658 christiana:
2862 3622 2922 3658 ea
2952 3607 3136 3662 habere
3162 3625 3290 3663 sana
3319 3618 3369 3663 et
3403 3611 3604 3680 integra

2015 3688 2093 3743 vel
2121 3689 2242 3743 hinc
2263 3689 2419 3759 liquet
2439 3695 2577 3762 quod
2615 3709 2704 3762 per
2729 3711 2893 3749 annos
2919 3697 3149 3769 singulos
3177 3699 3402 3754 lectitata
3421 3701 3474 3754 in
3497 3699 3603 3755 Ec-

2014 3780 2185 3835 clesiis
2206 3782 2468 3853 Africanis
2483 3785 2646 3850 fuisse
2659 3794 2872 3862 testatur
2882 3787 3018 3842 idem
3037 3790 3353 3862 Augustinus
3373 3794 3533 3866 227
3552 3796 3606 3850 in

2014 3873 2234 3945 epistola
2262 3889 2393 3929 Lvm
2443 3886 2491 3930 et
2528 3876 2583 3931 in
2615 3875 2743 3932 libra
2773 3878 2837 3932 de
2877 3878 3043 3934 Gestis
3071 3898 3188 3935 cum
3218 3881 3468 3937 Emerita.
3506 3884 3606 3940 De-

2014 3964 2190 4019 dimus
2234 3972 2283 4017 et
2320 3966 2454 4022 illud
2496 3969 2836 4038 quarumdam
2875 3972 3200 4028 suasionibus
3226 3984 3281 4027 ut
3303 3974 3425 4029 huic
3463 3976 3606 4048 frag-

2013 4066 2182 4113 menta
2224 4057 2648 4134 subjungeremus
2691 4066 2901 4119 nomina
2947 4067 3305 4136 episcoporum
3342 4070 3607 4140 utriusque
3662 4108 3669 4113 -

2013 4151 2176 4218 partis
2193 4167 2261 4220 qu
2281 4167 2308 4202 ι’
2328 4154 2544 4208 recitata
2565 4164 2683 4209 sunt
2712 4156 2766 4208 in
2792 4157 3081 4227 cognitione
3127 4159 3312 4229 prima:
3340 4160 3475 4228 diei,
3502 4173 3607 4217 tum

2013 4242 2169 4296 etiam
2194 4244 2407 4298 searsim
2418 4246 2627 4300 nomina
2650 4262 2824 4301 eorum
2844 4248 2932 4317 qui
2958 4249 3022 4302 ab
3044 4236 3259 4321 utraque
3286 4259 3433 4319 parte
3453 4253 3602 4309 electi

2011 4340 2136 4389 sunt
2159 4334 2229 4387 ad
2256 4338 2637 4405 suscipiendam
2657 4338 2998 4394 collationem.
3033 4340 3111 4395 0b
3137 4358 3291 4412 quam
3316 4344 3467 4398 etiam
3480 4363 3604 4402 cau-

2011 4444 2123 4483 sam
2148 4426 2301 4482 isthic
2339 4430 2593 4485 edidimus
2630 4447 2716 4486 eos
2762 4448 3021 4488 sermones
3061 4450 3189 4504 quas
3233 4433 3369 4489 idem
3397 4449 3601 4494 sanctus

292 4535 424 4592 sani
440 4574 459 4600 ,
489 4531 581 4587 sed
609 4548 710 4587 non
738 4532 810 4586 ita
838 4541 1008 4586 tamen
1035 4529 1159 4600 quin
1176 4528 1346 4583 adhuc
1366 4527 1528 4581 multo
1554 4525 1706 4595 plura
1725 4540 1907 4594 super—
1931 4539 1988 4600 D
2011 4522 2282 4593 episcopus
2307 4521 2484 4578 habuit
2504 4525 2724 4579 instante
2747 4525 3022 4580 collatione
3042 4535 3086 4580 et
3113 4535 3226 4594 post
3248 4525 3599 4596 collationem,

292 4614 508 4702 fuerinl
529 4624 848 4681 emendanda
871 4633 983 4696 post
1013 4623 1298 4678 laboriosas
1323 4630 1372 4676 et
1395 4621 1574 4674 doctas
1602 4619 1791 4673 summi
1811 4618 1909 4672 uiri

289 4717 537 4791 vigilias.
571 4714 683 4771 Nos
709 4716 878 4786 itaque
899 4756 914 4782 ,
940 4729 1098 4786 quum
1142 4713 1551 4783 intelligeremus
1593 4709 1771 4779 quanti
1799 4723 1910 4761 mo-

290 4810 468 4866 menti
497 4816 622 4863 esset
644 4809 750 4862 hazc
770 4817 913 4880 gesta
959 4804 1147 4860 habere
1192 4820 1349 4870 sana,
1395 4809 1741 4871 quantumque
1766 4798 1908 4853 'hinc

287 4902 552 4960 utilitatis
579 4897 839 4955 accederet
870 4897 1118 4953 Ecclesia:
1156 4896 1201 4951 si
1226 4893 1575 4951 emendatiara
1607 4891 1904 4963 prodirent,

291 4996 452 5052 hunc
478 4992 701 5048 laborem
720 4990 949 5046 lubenter
968 4989 1284 5060 suscepimus
1307 5029 1323 5055 ,
1360 4986 1489 5041 satis
1527 4985 1755 5057 amplam
1782 4998 1909 5053 qua-

291 5093 598 5161 liscumque
622 5102 790 5160 operae
826 5096 1013 5141 nostra:
1039 5083 1325 5139 mercedem
1348 5080 1626 5147 recepturi
1650 5081 1693 5134 si
1737 5088 1911 5157 noster

292 5187 398 5243 hic
446 5191 659 5240 conatus
704 5178 950 5235 Ecclesiae
974 5178 1221 5251 placuerit
1247 5186 1293 5231 et
1333 5175 1506 5230 ordini
1545 5174 1905 5227 litteratorum.

292 5279 556 5336 Primum
577 5277 749 5348 itaque
767 5273 1170 5330 clarissimarum
1198 5272 1423 5327 virorum
1446 5267 1697 5339 editiones
1723 5274 1905 5321 cantu-

292 5372 476 5429 limus
505 5385 624 5425 cum
641 5368 834 5437 eoipso
853 5368 1006 5421 veteri
1032 5365 1317 5435 exemplari
1360 5379 1459 5434 quo
1504 5362 1587 5416 illi
1625 5360 1707 5414 usi
1750 5368 1902 5426 sunt,

290 5463 458 5538 quod
486 5476 622 5516 nunc
657 5470 890 5515 censetur
915 5462 969 5514 in
1008 5457 1407 5529 locupletissima
1450 5453 1753 5510 bibliatheca
1790 5449 1911 5507 Cal-

294 5558 560 5621 bertina,
592 5555 720 5608 tanti
749 5555 958 5626 plurimi
999 5552 1361 5609 astimandum
1386 5550 1525 5620 quod
1571 5547 1720 5604 aliud
1765 5544 1914 5602 ullibi

294 5660 525 5708 exstare
551 5648 792 5702 hactenus
821 5657 895 5703 est
920 5648 1312 5716 incompertum.
1338 5641 1564 5696 ‘Deinde
1589 5651 1761 5696 errata
1786 5653 1915 5709 qua-

291 5762 415 5823 que
443 5743 631 5803 veteris
660 5741 888 5807 librarii,
920 5754 1033 5809 qua:
1056 5735 1337 5792 adntodum
1364 5735 1529 5793 multa
1556 5744 1711 5805 sunt,
1740 5741 1915 5792 sustu-

758 5836 1036 5905 Punoc.
1083 5832 1193 5895 XI.

2009 4630 2228 4686 quorum
2272 4616 2580 4671 mentionem
2626 4617 2751 4687 facit
2813 4615 3083 4671 Possidius
3128 4617 3358 4671 indiculo
3393 4635 3603 4691 operum

2010 4709 2256 4781 ejusdem.
2291 4709 2599 4766 Addidimus
2624 4718 2871 4780 praterea
2896 4710 3280 4764 constitutiones
3326 4719 3440 4779 post
3468 4710 3602 4766 hanc

2009 4803 2336 4857 collationem
2396 4803 2459 4858 ab
2505 4803 2829 4874 lmperatore
2880 4801 3116 4857 Honorio
3155 4802 3354 4867 editas;
3399 4819 3525 4872 quas
3553 4812 3603 4858 et

2010 4911 2102 4949 nos
2147 4904 2392 4967 putamus
2430 4896 2680 4966 respicere
2725 4895 2794 4950 ad
2821 4890 3022 4964 eaque:
3045 4904 3187 4965 gesta
3232 4895 3286 4948 in
3325 4893 3602 4950 collatione

2011 4994 2161 5052 sunt,
2189 4994 2238 5040 et
2268 4985 2341 5039 ita
2377 4985 2500 5039 viris
2528 4985 2727 5056 aliquot
2758 4985 2932 5040 .dactis
2958 4999 3259 5055 persuasum
3298 4984 3457 5055 fuisse
3479 4988 3600 5041 ani-

2012 5075 2397 5131 madvertimus.
2449 5075 2722 5146 Reliquum
2761 5086 2835 5129 est
2873 5085 2929 5128 ut
2974 5074 3224 5129 nonnulla
3269 5074 3499 5131 dicamus
3526 5066 3605 5131 ide

2014 5183 2151 5221 anno
2176 5181 2278 5237 qua
2298 5166 2397 5221 ista
2418 5175 2533 5220 aeta
2561 5176 2700 5221 sunt.
2735 5165 2864 5233 Qute
2885 5164 3173 5236 disquisitio
3207 5174 3334 5221 esset
3373 5172 3603 5239 profecto

2014 5258 2253 5324 inutilis,
2288 5273 2407 5312 cum
2427 5256 2654 5313 habitam
2678 5257 3008 5312 collationem
3039 5267 3230 5312 constet
3257 5276 3391 5314 anno
3411 5264 3496 5329 qui
3520 5276 3602 5314 se-

2013 5364 2161 5409 cutus
2208 5361 2283 5408 est
2319 5360 2434 5424 post
2486 5351 2808 5405 consulatum
2863 5349 3113 5418 Varanis,
3160 5352 3263 5406 nisi
3292 5352 3367 5404 vir
3404 5369 3605 5407 summa

2015 5448 2197 5504 doctus
2225 5448 2469 5520 nobisque
2494 5462 2774 5517 numquam
2817 5446 2929 5501 sine
2957 5444 3112 5500 laude
3138 5445 3482 5502 nominandus
3508 5446 3605 5500 Ja-

2016 5541 2172 5597 cobus
2200 5540 2510 5597 Sirmondus
2539 5555 2651 5593 eam
2679 5539 2935 5608 rejecisset
2960 5538 3013 5591 in
3044 5554 3234 5591 annum
3251 5536 3468 5590 alterunt
3494 5549 3606 5600 post

2018 5635 2343 5691 consulatum
2399 5632 2649 5700 Varanis,
2681 5633 2738 5687 itl
2762 5643 2836 5687 est
2866 5634 2920 5685 in
2943 5648 3136 5685 annum
3170 5628 3610 5696 quadringentesi-

2022 5741 2164 5784 mum
2191 5725 2580 5794 duodecimum,
2622 5739 2682 5779 eo
2719 5724 2775 5779 iu
2812 5722 2991 5794 primis
3030 5726 3327 5790 argumenta
3354 5719 3491 5789 quod
3523 5723 3602 5780 in.

3039 5812 3118 5874 39
