4130 6170
544 254 570 306 1
580 250 685 306 227

1497 245 1722 305 GESTA
1762 243 2212 304 COLLATIONIS
2246 240 2871 304 CARTHAGLNINSIS.

3700 243 3822 301 ιω

541 367 779 421 choatam
829 374 1021 423 constet
1067 364 1299 420 kalendis
1323 363 1533 429 Iuniis,
1586 377 1649 418 ea:
1691 375 1927 417 sermone
1963 367 2133 415 autem
2161 361 2212 421 Α
2309 356 2527 414 Interim
2575 367 2747 414 autem
2789 358 2913 412 dum
2943 356 3334 428 exspectabatur
3368 356 3477 411 dies
3506 356 3828 412 kalendarum

546 476 695 533 quem
737 467 942 514 sanctus
991 457 1311 529 Augustinus
1358 454 1532 510 habuit
1580 456 1802 509 instante
1865 453 2140 509 collatione
2232 450 2525 521 juniarum,
2549 449 2777 521 episcopi
2802 448 3078 517 Catholici,
3102 447 3237 518 quod
3254 457 3409 502 antea
3430 462 3569 517 seps
3595 448 3826 518 fecerant,

544 553 820 625 colligatur
867 550 1024 623 paulo
1073 560 1190 605 ante
1211 549 1535 604 collationem
1561 555 1822 620 peractum
1865 547 2024 616 fuisse
2055 540 2141 614 je-

542 644 754 718 junium
781 642 1127 712 Pentecostes,
1169 642 1308 714 quod
1345 642 1436 697 illo
1455 657 1592 697 anno
1613 641 1764 695 desiit
1800 655 1853 694 tv
1895 637 2140 694 kalendas

546 734 756 790 lunias.
787 733 1166 806 Deprecamini
1194 733 1476 789 nobiscum
1499 775 1514 800 ,
1564 734 1728 803 inquit
1776 730 2096 803 Augustinus
2120 770 2137 797 ,

554 823 839 883 Dominum
887 825 1224 882 solemnibus
1277 824 1529 895 jejuniis,
1570 839 1689 895 qua:
1714 822 1827 894 jam
1860 821 2140 878 reddimus

550 916 662 972 Deo
684 958 698 982 ,
730 916 1019 972 reddamus
1049 925 1104 973 et
1141 931 1239 987 pro
1268 932 1453 974 causa.
1500 916 1619 973 lam
1647 916 1792 973 enim
1829 916 2141 986 jejunamus

544 1014 669 1077 post
687 1005 1047 1063 Pentecosten
1069 1008 1421 1073 solemniter;
1456 1016 1512 1063 et
1537 1008 1719 1078 utique
1742 1007 2139 1084 jejun'areums,

544 1100 755 1156 etiamsi
784 1100 887 1156 ista
908 1115 1071 1157 causa
1093 1116 1199 1156 non
1229 1110 1396 1158 esset.
1429 1101 1574 1158 Sane
1602 1117 1779 1158 verum
1816 1110 1892 1158 est
1914 1101 2139 1157 domini-

541 1208 660 1248 cum
690 1193 825 1248 diem
869 1192 1194 1249 Pentecostes
1222 1194 1469 1250 incidisse
1496 1211 1636 1249 anno
1675 1194 1803 1264 M2,
1828 1195 1883 1250 in
1926 1195 2062 1248 diem
2089 1209 2143 1250 ιν

542 1285 790 1342 kalendas
835 1285 1046 1343 lunias.
1114 1288 1221 1344 Sed
1267 1303 1327 1342 eo
1371 1287 1455 1341 die
1493 1289 1698 1358 ﬁnitum
1738 1304 1845 1343 esse
1877 1287 2143 1359 jejunium

542 1375 870 1433 Pentecostes
888 1419 903 1444 ,
932 1377 1071 1450 quod
1096 1378 1300 1433 nullum
1320 1395 1561 1449 umquam
1588 1380 1684 1450 fuit
1724 1387 1844 1434 ante
1887 1376 2143 1432 Penteco-

540 1477 652 1524 sten
670 1510 687 1536 ,
711 1469 816 1523 dici
847 1486 960 1524 vere
994 1486 1095 1524 non
1122 1478 1304 1539 potest.
1345 1467 1506 1526 Verus
1529 1484 1649 1542 ergo
1685 1486 1748 1523 ac
1771 1469 2025 1540 genuinus
2045 1507 2061 1535 ,
2092 1475 2148 1522 ut

540 1575 633 1633 ego
682 1560 890 1630 quidem
936 1562 1190 1630 arbitror,
1237 1561 1507 1617 verborum
1534 1560 1820 1634 Augustini
1848 1576 2030 1616 sensus
2061 1559 2146 1614 hic

544 1642 638 1709 est.
664 1650 961 1724 Agebantur
998 1656 1209 1727 jejunio
1250 1670 1365 1727 qua:
1395 1665 1614 1722 quatuor
1644 1665 1931 1727 temporum
1958 1653 2149 1709 Pente-

2242 542 2376 597 inter
2402 559 2456 598 se
2483 543 2811 614 conferebam
2846 541 2912 596 de
2953 541 3121 597 modis
3152 541 3456 597 reuocanda
3478 556 3543 594 ac
3566 539 3833 595 retinenda

2244 635 2447 692 nnionis
2473 635 2526 689 in
2552 633 2789 690 Ecclesia
2804 634 3077 706 Africana.
3105 631 3238 688 Tum
3259 648 3377 689 ceno
3404 647 3487 688 res
3512 648 3639 689 sane
3656 647 3833 687 melio-

2244 729 2421 785 rabilis
2447 739 2495 784 et
2523 727 2643 783 boni
2670 727 2893 798 esentpli
2914 726 3124 793 accidit,
3148 741 3264 796 qua
3286 724 3466 781 merito
3484 722 3756 792 referenda
3772 731 3836 777 est

2245 822 2299 877 in
2327 822 2422 876 hoc
2455 822 2568 877 loco
2587 860 2604 889 ,
2631 829 2687 875 ut
2727 820 2797 875 sit
2835 819 2989 875 veluti
3026 818 3122 875 ciae
3146 818 3257 874 dua:
3282 817 3352 874 ad
3376 815 3699 885 sequendum
3720 815 3838 870 dioi-

2246 930 2369 970 num
2392 900 2650 980 Spiritum
2672 912 2759 983 qui
2781 920 2993 982 apparet
3021 927 3113 981 per
3133 924 3305 966 omnes
3326 910 3543 981 paginas
3568 908 3720 963 istius
3744 908 3838 962 col-

2246 1007 2476 1063 lationis.
2506 1004 2681 1077 Refert
2712 1004 2860 1060 illam
2885 1010 3095 1058 senatus
3116 1002 3429 1075 Augustinus
3453 1042 3469 1068 ,
3499 1000 3647 1056 testis
3668 998 3838 1055 videli-

2248 1108 2324 1154 cet
2351 1098 2487 1154 omni
2518 1097 2815 1168 exceptione
2834 1096 3025 1167 major,
3041 1093 3096 1149 in
3120 1094 3253 1149 libro
3278 1094 3340 1149 de
3366 1091 3534 1149 Gestis
3559 1107 3679 1147 eum
3702 1088 3839 1146 Eine-

2250 1194 2372 1259 rito,
2406 1192 2487 1248 his
2514 1190 2701 1247 verbis.

2322 1284 2509 1341 Dicam
2533 1281 2787 1340 charitati
2815 1289 3007 1338 vestrae
3042 1285 3099 1334 et
3134 1292 3557 1335 commemorem
3581 1290 3704 1332 rem
3728 1272 3837 1331 dul-

2250 1377 2522 1435 cissimam
2558 1386 2615 1434 et
2649 1378 3048 1447 suavissimam,
3077 1393 3238 1450 quam
3287 1373 3517 1431 Domino
3557 1371 3840 1441 adiuvante

2250 1486 2444 1527 sumus
2468 1471 2702 1542 experti.
2719 1471 2853 1527 Cum
2877 1481 3005 1528 ante
3033 1472 3204 1542 ipsam
3222 1467 3570 1527 collationem
3592 1465 3839 1523 internas

2249 1563 2416 1635 aliqui
2444 1564 2636 1620 fratres
2660 1564 2730 1621 de
2758 1565 2860 1621 hac
2886 1580 2945 1620 re
2962 1564 3422 1636 colloqueremur,
3447 1562 3574 1632 quia
3590 1577 3699 1633 pro
3718 1577 3837 1634 pace

2249 1654 2450 1712 Christi
2494 1658 2733 1727 episcopi
2781 1658 2980 1714 debent
3009 1672 3135 1715 esse
3168 1665 3262 1714 aut
3307 1656 3515 1712 debent
3542 1671 3666 1711 suos
3707 1671 3835 1725 esse,

550 1754 714 1800 costes
745 1761 1137 1814 vocamus,qua:
1166 1757 1280 1818 post
1320 1745 1662 1803 Pentecosten
1687 1747 1986 1803 solemniter
2014 1746 2146 1801 cele—
2172 1753 2223 1815 Β
2252 1747 2395 1818 quod
2423 1747 2578 1804 vobis
2600 1746 2876 1805 fatendum
2899 1763 2985 1806 est
3008 1749 3508 1819 circumspicientes
3527 1763 3726 1805 omnes
3750 1748 3838 1803 tra-

541 1837 683 1893 brari
708 1848 908 1896 vetusta
935 1839 1019 1895 lea;
1060 1839 1311 1896 Ecclesia:
1346 1841 1532 1911 jubet;
1584 1849 1630 1896 et
1674 1851 1785 1894 tum
1826 1840 2144 1911 Augustinus

540 1948 661 1987 eum
706 1948 995 1988 sermonem
1023 1931 1201 1987 habuit
1226 1974 1240 1997 ,
1288 1933 1513 1988 instante
1540 1932 1820 1988 collatione
1848 1949 1867 1988 .'
1897 1932 2035 2003 quod
2068 1940 2143 1988 est

538 2022 689 2078 valde
712 2023 1017 2079 notandum.
1050 2023 1193 2078 Nam
1214 2024 1335 2078 hinc
1360 2024 1632 2093 manifeste
1658 2023 1919 2097 colligitur
1938 2041 2143 2081 necesse

540 2114 704 2187 fuisse
730 2124 785 2168 ut
811 2130 869 2170 eo
908 2131 1045 2170 anno
1072 2131 1173 2186 quo
1203 2115 1435 2187 episcopi
1476 2114 1842 2187 Carthaginem
1867 2132 2143 2173 convenere

543 2208 613 2261 ad
639 2206 932 2278 faciendam
956 2208 1315 2275 collationem,
1338 2208 1599 2278 jejunium
1614 2218 1834 2279 quatuor
1855 2219 2141 2280 temporum

544 2297 876 2354 Pentecostes
902 2299 1122 2353 euenerit
1156 2307 1273 2352 ante
1299 2297 1544 2353 kalendas
1583 2296 1807 2366 lunias,
1833 2315 1950 2354 cum
1968 2316 2032 2354 eo
2054 2299 2142 2357 die

540 2402 703 2463 carpta
722 2395 789 2446 sit
817 2391 1044 2447 collatio.
1091 2392 1158 2446 At
1188 2407 1309 2446 vero
1338 2391 1391 2446 id
1430 2393 1544 2461 ﬁeri
1581 2408 1685 2446 non
1734 2394 1961 2459 potuisse
2002 2406 2142 2448 anno

544 2469 658 2538 M2.
706 2499 771 2538 ea:
816 2500 874 2538 eo
934 2483 1337 2554 deprehenditur
1383 2498 1484 2553 quo
1532 2492 1640 2537 tum
1684 2483 1971 2537 dominicus
2032 2482 2141 2538 dies

540 2572 866 2629 Pentecosles
906 2573 1145 2629 inciderit
1180 2574 1235 2627 in
1281 2572 1419 2628 diem
1462 2587 1516 2628 Iv
1545 2572 1791 2629 kalendas
1810 2571 1999 2629 Junius
2023 2613 2039 2640 ,
2087 2580 2143 2627 ut

544 2680 707 2735 supra
733 2663 1045 2718 monuimus.
1080 2662 1294 2717 Rectius
1339 2662 1433 2716 illa
1482 2672 1801 2718 concurrunt
1850 2665 1904 2718 in
1945 2676 2145 2719 annum

542 2760 669 2826 411,
698 2758 835 2829 quod
885 2756 1094 2812 Pascha
1139 2758 1238 2829 fuit
1271 2771 1343 2812 vn
1404 2755 1648 2812 kalendas
1673 2755 1910 2827 Apriles,
1960 2755 2148 2812 Pente-

549 2860 712 2907 costes
749 2867 866 2906 vero
899 2850 1067 2921 pridie
1111 2850 1229 2904 idus
1284 2848 1491 2915 Maias,
1544 2860 1590 2903 et
1623 2848 1887 2920 jejunium
1922 2857 2142 2919 quatuor

542 2952 829 3015 temporum
874 2941 1205 3019 Pentecostes
1256 2942 1448 3012 incepit
1486 2957 1593 2996 xvu
1661 2939 1942 3009 kalendas,
1987 2941 2145 2998 desiit

539 3051 655 3090 vero
708 3050 797 3089 xxv
843 3034 1091 3091 kalendas
1129 3034 1438 3105 Iuniam-id
1484 3044 1599 3100 est,
1651 3044 1769 3089 ante
1816 3037 1927 3091 dies
1968 3036 2145 3092 decem

2250 1849 2360 1897 tres
2386 1851 2442 1895 ct
2462 1842 2815 1912 coepiscopos
2836 1850 3079 1912 nostros,
3097 1856 3206 1897 non
3231 1840 3390 1896 facile
3408 1839 3573 1895 nobis
3598 1853 3836 1896 occurre-

2247 1932 2375 1988 bant
2405 1934 2496 2004 qui
2525 1933 2628 1989 hoc
2655 1933 2853 1991 vellent
2883 1935 3169 2005 suscipere
3207 1942 3259 1990 et
3288 1932 3358 1989 de
3405 1931 3511 1987 hac
3552 1931 3839 1988 humilitate

2248 2028 2358 2084 Deo
2389 2028 2715 2085 sacriﬁcare.
2752 2028 3074 2086 Dicebamus
3098 2037 3159 2086 ut
3183 2027 3299 2084 ﬁeri
3330 2027 3497 2093 solet,
3530 2025 3630 2083 Ille
3652 2032 3835 2097 potest,

2243 2121 2337 2178 ille
2372 2138 2479 2178 non
2529 2132 2728 2193 potest,
2761 2124 2852 2180 ille
2880 2124 3156 2180 consentit
3188 2121 3316 2189 hoc,
3348 2122 3445 2177 ille
3469 2134 3585 2180 non
3632 2120 3836 2188 tolerat,

2242 2206 2528 2287 loquentes
2559 2217 2728 2288 magis
2750 2232 2853 2287 pro
2880 2216 3280 2287 suspicionibus
3300 2214 3533 2279 nostris,
3558 2213 3661 2284 qui
3692 2210 3839 2267 cert

2244 2307 2459 2364 illorum
2508 2307 2700 2365 videre
2742 2309 2965 2366 minime
3019 2318 3350 2378 poteramus.
3400 2305 3638 2373 Quando
3670 2311 3836 2359 autem

2243 2408 2467 2455 ventum
2495 2412 2579 2456 est
2607 2408 2668 2455 ut
2692 2400 2798 2457 hoc
2827 2402 3001 2472 palam
3030 2400 3192 2458 ﬂeret
3226 2401 3280 2455 in
3308 2399 3549 2455 concilio
3566 2398 3839 2453 universo-

2244 2509 2366 2550 rum
2394 2504 2504 2549 tam
2549 2494 2823 2566 frequenti
2864 2510 3009 2566 pene
3034 2504 3406 2551 trecentos-lim
3432 2494 3835 2565 episcoporum.

2242 2588 2325 2644 sic
2350 2597 2676 2645 exarserunt
2696 2603 2893 2645 omnes
2932 2598 2989 2643 ut
3036 2588 3210 2658 parati
3252 2595 3443 2643 essem
3474 2587 3837 2655 episcopum

2244 2693 2345 2750 pro
2373 2677 2577 2735 Christi
2617 2680 2825 2735 mutate
2864 2679 3144 2749 deponere
3167 2722 3181 2747 ,
3219 2689 3273 2734 et
3316 2694 3428 2732 non
3474 2676 3731 2747 perdere,
3755 2670 3841 2729 sed

2243 2772 2359 2828 Deo
2406 2773 2570 2827 tutius
2620 2771 3025 2827 commendare.
3072 2772 3189 2826 Duo
3225 2769 3298 2824 lbi
3336 2769 3429 2824 vix
3474 2768 3693 2824 inventi
3733 2773 3845 2820 sunt

2243 2866 2441 2936 quibus
2484 2865 2828 2935 displiceret;
2871 2879 3016 2920 unus
3067 2878 3310 2919 annosus
3352 2877 3565 2926 sem,
3616 2862 3707 2933 qui
3750 2858 3845 2913 hoc

2242 2957 2407 3012 etiam
2458 2956 2643 3013 dicere
2692 2955 2914 3013 liberius
2958 2970 3126 3012 ausus
3159 2963 3278 3022 est;
3328 2955 3476 3010 alter
3518 2953 3843 3009 voluntatem

2245 3062 2398 3104 suam
2424 3051 2588 3105 tacito
2610 3050 2766 3105 vultu
2792 3047 3139 3120 signiﬁcavit.
3160 3048 3272 3105 Sed
3292 3056 3478 3119 postea
3508 3061 3682 3118 quam
3707 3044 3844 3099 illum

535 3142 691 3197 quam
744 3127 988 3201 Episcopi
1041 3129 1462 3198 disceptationem
1505 3127 1933 3200 aggrederentur.
1994 3128 2141 3184 Nam
2167 3124 2215 3190 C
2247 3154 2434 3196 senem
2461 3139 2686 3196 liberius
2710 3139 2816 3196 hoc
2831 3139 3106 3196 dicentem
3128 3138 3320 3200 obruit
3346 3138 3595 3192 orarium
3622 3138 3845 3193 Elter“

537 3235 595 3274 eo
622 3219 707 3274 die
745 3218 1041 3275 Catholicos
1084 3221 1346 3292 episcopos
1378 3220 1541 3293 fuisse
1581 3220 1723 3290 apud
1770 3221 2136 3294 Carthaginem

536 3319 675 3382 patet
693 3327 758 3367 ea:
792 3312 1072 3369 collatione
1097 3314 1287 3383 prima,
1318 3328 1439 3384 cap.
1459 3312 1562 3382 27,
1584 3311 1678 3382 29,
1707 3322 1755 3370 et
1780 3329 1843 3371 ea:
1861 3313 2141 3372 collatione

537 3404 786 3479 secunda,
815 3421 932 3477 cap.
968 3405 1057 3463 50.

549 3538 3566 3568 Mem—ww

2244 3230 2543 3302 correptio,
2567 3229 2662 3287 illo
2691 3238 2933 3287 mutante
2952 3230 3302 3305 sententiam,
3330 3227 3543 3286 vultum
3572 3228 3741 3287 etiam
3766 3223 3849 3281 ills

2247 3327 2495 3384 mutavit.
3010 3324 3011 3327 “

3575 3538 3843 3563 *ἐ

1402 3681 1568 3754 228
1669 3680 2101 3758 NOMINA
2166 3689 2313 3760 ET
2362 3687 2710 3763 SEDES

533 3834 1017 3897 EPISCOPORUM
1076 3837 1246 3921 xvm
1308 3837 1715 3909 UTRIUSQUE
1772 3838 2024 3902 PARTlS
2072 3843 2195 3915 QUI
2235 3844 2483 3903 ELECTI
2536 3843 2718 3905 SUNT
2758 3844 2850 3903 AD
2899 3842 3391 3906 COLLATIONEM
3446 3838 3851 3907 ΙΙᾹΒΕΝΒΔΚ·

1896 4102 2276 4163 ACTORES

801 4262 807 4271 ο
888 4236 959 4278 EX
996 4235 1170 4278 PARTE
1198 4232 1627 4277 CATEOLICORUI.

606 4339 660 4394 1.
690 4337 959 4395 Annuus
986 4333 1455 4404 Carthagiuensis.

604 4430 662 4484 2.
703 4430 932 4485 ALYPIUS
970 4427 1378 4499 Thagastensis.

605 4522 663 4577 3.
706 4521 1045 4577 Auens'rmus
1084 4518 1547 4589 l-lipporegiensis.

600 4615 659 4673 4.
702 4608 1029 4666 Vincssrius
1067 4610 1412 4666 Colusitanus
1430 4627 1521 4666 seu
1544 4609 1908 4667 Culusitanus.

603 4704 657 4759 5.
701 4699 1058 4758 Fonruns'rus
1094 4701 1614 4758 Constantiniensis.

601 4795 655 4851 6.
697 4792 1154 4850 Fonrunsnsnns
1190 4791 1486 4849 Siccensis.

602 4886 656 4940 7.
697 4885 973 4943 Possmws
1011 4883 1363 4941 Calamensis.

2339 4104 2475 4163 VII.

2741 4243 2811 4285 IX
2846 4243 3024 4289 PARTE
3060 4245 3279 4290 nonan.

2310 4334 2362 4389 1.
2404 4331 2697 4393 Paruum
2736 4335 3200 4411 Carthagineasis.

2308 4423 2364 4479 Ω.
2406 4425 2729 4485 Ρετιιιιιωε
2764 4429 3274 4491 Constantiniensis.

2310 4518 2363 4574 ὅ.
2406 4519 2683 4577 Ειειιτυε
2716 4520 3108 4582 Cannensis.

2308 4608 2365 4665 4.
2404 4610 2708 4670 ΡιιοτΑςιυε
2744 4613 3114 4674 Tubiniensis.

2306 4702 2362 4758 ὅ.
2402 4702 2695 4762 Μοαιωωε
2734 4691 3036 4766 Ζὲωοιιείε.
3104 4714 3109 4719 ’

2303 4788 2358 4846 6.
2402 4791 2749 4849 Gsunmws
2787 4792 3277 4866 Tbamugadensis.

2304 4880 2357 4936 7.
2399 4885 2723 4942 Ausonum
2757 4883 3123 4945 Milevitana.

1704 5016 2205 5076 CONSILIA'RII
2266 5016 2649 5075 TOTIDEM.

604 5136 657 5193 1.
697 5131 948 5190 Neurus
984 5134 1273 5192 Sitifensis.

600 5227 657 5283 2.
687 5222 1023 5281 FLonnsnus
1062 5225 1423 5296 Hipponensis
1455 5226 1889 5302 Diarrhytornm.

602 5319 655 5374 5.
698 5316 1047 5375 MAURENTIUS
1085 5314 1524 5376 Tuburzicensis.

600 5411 656 5465 4.
698 5407 923 5464 Pmscus
961 5407 1291 5475 Quidiensis.

524 5524 539 5531 -
600 5504 655 5558 5.
695 5501 1030 5559 δεηωωυδ
1058 5498 1387 5558 Meditcnsis.

596 5596 650 5651 6.
694 5594 1016 5652 Bomncws
1053 5590 1428 5664 Cataquensis.

593 5688 648 5741 7.
692 5685 1405 5761 Scruscws‘Scillitanus.)

2246 5174 2251 5177 λ
2308 5133 2360 5189 1.
2406 5133 2743 5195 Psnscmnus
2782 5136 3113 5199 Suﬂ'etanus.

2303 5226 2358 5281 2.
2400 5228 2581 5285 Acras
2619 5229 2998 5289 Turusitanus.

2301 5321 2357 5376 '5.
2398 5320 2735 5381 Ccsnsnrws
2771 5322 3156 5389 Tabracensis.

2301 5412 2355 5468 ι.
2402 5415 2728 5474 ΙίΑΒετυευι
2766 5420 3262 5481 Aurusulianensis.
