4130 6170
327 194 473 254 1229

1307 195 1531 259 GESTA
1569 193 2016 259 COLLATIONIS
2046 195 2711 273 οΑῑιτιιΑθιΝΕΝδιβ.

3530 229 3674 287 1250

1436 308 1855 368 CUSTODES
1889 308 2431 372 CHAR'I‘ARUM
2466 318 2559 375 ιν.

397 403 449 458 1.
498 403 816 459 Βευτειιιυε
854 402 1242 461 Caesareensis.

392 496 450 550 2.
495 495 612 552 LEO
648 495 968 566 Moptensis.

391 587 461 641 3.
490 586 761 642 Asnast
824 585 1094 642 Vicensis.

389 677 447 735 4.
482 677 833 735 Res'rrw'rus
868 676 1216 749 Tagorensis.

1957 421 2012 485 Α
2105 410 2171 465 1.
2212 405 2433 471 Vtcroa
2471 416 2826 489 Hipponensis
2859 419 3319 496 Diarrhytorum.’

2106 499 2172 557 2.
2207 499 2548 567 Μλιιιιωαυε
2585 511 2833 569 OEensis.

2109 596 2174 652 '5.
2220 595 2570 663 Vzmruuvs
2605 604 2950 681 Carpitanus.

2106 689 3593 770 4.V1cron.............

1752 793 2089 857 NOTARII
2128 801 2232 859 IV.

396 885 449 940 1.
490 883 809 941 luamus.

387 978 447 1033 2.
490 977 741 1035 Vnum.

316 1104 702 1126 μ--ι--ο

2120 893 2171 950 l.
2209 894 2440 953 Viam.

2111 983 2167 1038 2.
2209 985 2567 1047 Csescoams.

719 1105 3635 1164 Ἢ
3720 1170 3725 1181 ι

1480 1214 1651 1289 229
1722 1231 2201 1312 ΝΟΤΙΤΙΑ

354 1379 836 1442 EPISCOPORUM
870 1377 1109 1441 SUPRA
1145 1380 1688 1444 MEMORATORUM
1725 1384 1852 1456 QUI
1890 1387 2384 1457 COLLATIONEM
2422 1362 3065 1474 CARTHACINENSEM
3096 1414 3623 1487 SUSCEPERUNT.

392 1619 521 1678 Non
542 1634 723 1675 omnes
741 1615 971 1689 episcopi
992 1616 1084 1686 qui
1105 1614 1467 1686 Carthaginem
1496 1622 1746 1671 ueneram
1770 1654 1788 1681 ,
1821 1622 1937 1670 tutu
1964 1620 2013 1681 B
2040 1619 2300 1678 Ambrosii
2328 1640 2445 1699 esp.
2474 1629 2684 1688 ultimo.
2718 1632 3002 1693 Fortunati
3040 1639 3511 1703 Constantiniana“:
3551 1665 3650 1706 no—

322 1712 577 1770 Catholici
602 1752 619 1779 ,
649 1720 761 1768 tutu
788 1709 1096 1774 Donatista,
1122 1707 1449 1763 collationem
1481 1706 1947 1778 Carthaginensem

319 1813 694 1876 susceperunt;
720 1802 813 1858 sed
832 1800 1117 1857 octodecim
1138 1800 1409 1855 dumtaxat
1426 1815 1492 1856 ea:
1510 1808 1733 1865 utraque
1756 1806 1909 1869 parte
1924 1814 1946 1854 :

322 1910 516 1969 septem
539 1899 736 1954 scilicet
759 1897 992 1962 Actores,
1018 1894 1541 1963 totidem
1560 1936 1578 1961 ,
1606 1904 1655 1949 et
1680 1903 1947 1967 gestorum

324 1991 575 2046 Custodes
609 2001 849 2060 quatuor.
882 1988 959 2043 De
983 1983 1267 2044 Catholicis
1290 1986 1433 2042 haud
1470 1987 1754 2058 ambigitur
1784 2002 1804 2041 :
1835 1985 1948 2041 sin-

328 2081 575 2153 galerum
602 2081 741 2135 enim
777 2079 986 2134 nomina
1018 2079 1275 2151 descripta
1298 2088 1420 2135 sunt
1454 2079 1513 2135 iu
1544 2077 1947 2133 mandatocouv-

322 2174 443 2230 cilii
466 2174 918 2247 Carthaginensis,
946 2172 1088 2244 quod
1112 2175 1340 2245 refertur
1363 2174 1420 2227 in
1445 2174 1605 2244 gestis
1627 2173 1944 2243 cognitionis

324 2270 539 2340 prima,
553 2285 675 2339 cap.
720 2267 827 2334 65,
853 2279 906 2324 et
944 2267 1256 2340 singillatim
1296 2280 1662 2323 enumerantur
1703 2269 1759 2322 in
1784 2270 1948 2340 gessis

662 2363 851 2426 tertia,
876 2379 996 2434 cep.
1025 2362 1081 2416 2.
1110 2361 1229 2430 Quo
1257 2363 1312 2416 iu
1338 2360 1610 2431 posteriori
1654 2360 1766 2415 loco
1804 2365 1947 2430 refe-

328 2462 524 2509 runtur
569 2469 773 2525 quoque
822 2453 1037 2507 nomine
1076 2461 1272 2523 septem
1299 2451 1714 2526 Episcoporum,
1767 2452 1951 2522 quibus
1982 2492 1983 2495 η

343 2556 515 2618 partes
538 2544 741 2602 Donati
768 2547 902 2601 tueri
930 2544 1253 2600 incumbebat
1292 2561 1311 2599 :
1337 2546 1403 2600 iis
1440 2545 1796 2616 adiunguntur
1823 2560 1953 2613 qua-

326 2646 455 2694 tuor
483 2649 691 2695 tantum
718 2637 1006 2693 consilia‘ii
1034 2653 1055 2691 :
1082 2636 1308 2692 aliorum
1330 2653 1448 2692 vero
1476 2653 1571 2691 uec
1595 2637 1682 2689 hic
1707 2653 1800 2691 uec
1823 2636 1952 2690 alibi

335 2732 399 2800 ﬁt
425 2732 637 2787 mentio.
683 2729 805 2786 Duo
848 2740 1021 2786 autem
1048 2729 1297 2788 Custodes
1338 2729 1640 2784 chartarum
1687 2745 1751 2783 eo:
1801 2738 1955 2799 parte

332 2822 734 2883 Donatistarum
777 2823 1011 2877 nominat
1060 2819 1360 2876 Primianus
1416 2819 1853 2892 Carthaginensis
1896 2819 1952 2874 in

340 2916 496 2987 gestis
868 2914 1071 2985 prima,
1101 2929 1219 2985 cap.
1252 2913 1383 2979 152,
1442 2911 1697 2966 Victorem
1746 2910 1954 2984 Hippo-

2048 1731 2166 1771 msn
2186 1720 2409 1775 occurrit
2431 1723 2586 1779 etiam
2602 1726 2663 1779 in
2680 1731 3114 1804 superscriptione
3135 1739 3342 1793 concilii
3362 1739 3653 1800 Hiteoitani

2049 1808 2177 1863 anni
2201 1808 2312 1866 416
2334 1851 2350 1879 ,
2392 1812 2481 1867 ubi
2507 1830 2708 1887 quoque
2737 1817 3108 1879 Fortunatiani
3135 1843 3323 1884 nomen
3346 1845 3609 1904 comparet
3634 1876 3649 1902 ,

2047 1902 2139 1972 qui
2160 1903 2215 1956 in
2237 1919 2294 1959 eo
2315 1907 2534 1963 concilio
2558 1910 2751 1967 electus
2774 1924 2849 1969 est
2870 1931 3007 1973 unus
3025 1935 3054 1973 e
3075 1920 3347 1979 Iudicibus
3376 1902 3653 1995 prouinciis

2048 1998 2459 2089 proconsularis,
2495 2012 2543 2057 et
2569 2007 2721 2077 cujus
2747 2006 3037 2079 honoriﬁca
3059 2014 3116 2082 fit
3144 2017 3336 2072 mentio
3373 2022 3515 2089 apud
3542 2023 3649 2077 Au-

2048 2087 2311 2157 gustinum
2331 2090 2422 2145 lib.
2447 2102 2660 2149 Icontra
2679 2096 2877 2153 litteras
2904 2099 3144 2158 Petilieni
3164 2120 3282 2177 cap.
3305 2108 3331 2162 1
3357 2087 3541 2165 etLib.
3569 2127 3654 2178 ιη,

2048 2191 2168 2246 cap.
2191 2178 2494 2245 58,necnon
2518 2184 2572 2239 in
2593 2186 2725 2241 libro
2751 2188 2817 2241 de
2831 2186 3000 2246 Unico
3027 2192 3294 2264 Beptismo
3315 2208 3492 2255 contra
3516 2218 3653 2257 sumo

2050 2265 2168 2322 dem
2195 2285 2313 2340 cep.
2348 2272 2438 2341 16,
2480 2276 2568 2330 ubi
2594 2277 2789 2333 dicitur
2831 2279 3114 2354 Profuturi
3150 2299 3269 2344 ante
3313 2295 3659 2362 paucissimos

2046 2372 2215 2414 annos
2235 2361 2467 2433 defuncti
2491 2407 2505 2431 ,
2532 2367 2588 2421 in
2609 2368 2729 2423 sede
2749 2367 3188 2433 ϐοηθείαιιύκὶωή
3210 2396 3492 2440 successor.
3517 2386 3655 2441 Pos-

2050 2451 2217 2548 sidius
2243 2450 2570 2548 Calamensis
2591 2460 2867 2534 episcopus
2892 2465 3174 2538 Augustini
3203 2475 3301 2543 fuit
3329 2475 3618 2548 discipulus
3639 2520 3663 2547 ,ν

2052 2545 2117 2599 ab
2143 2562 2202 2601 eo
2232 2546 2330 2603 Dei
2357 2551 2507 2607 uerbo
2534 2558 2793 2627 nutritus,
2838 2558 3236 2622 Donatistarum
3274 2568 3436 2626 hostis
3460 2545 3654 2630 acerris

2050 2653 2197 2737 mus,
2230 2656 2265 2693 a
2291 2642 2476 2707 quibus
2506 2662 2633 2717 pene
2657 2649 2954 2721 interfectus
2982 2666 3056 2710 est
3081 2698 3097 2724 ,
3125 2658 3130 2663 ⁷
3156 2667 3221 2713 ut
3256 2673 3437 2718 narrat
3474 2665 3655 2737 Angit-

2052 2728 2218 2783 stinus
2242 2732 2525 2802 epist.166.
2556 2737 2778 2809 Scripsit
2802 2742 3085 2815 Augustini.
3108 2746 3296 2821 Vitam,
3313 2754 3368 2807 in
3393 2770 3494 2825 qua
3514 2728 3657 2813 testis

2053 2831 2129 2915 est
2152 2839 2210 2877 se
2234 2827 2579 2898 quadraginta
2616 2835 2766 2906 annis
2790 2833 2891 2891 Da‘
2920 2839 3058 2894 dono
3094 2842 3287 2915 absque
3318 2863 3498 2903 amara
3543 2849 3658 2906 ulla

2051 2912 2372 2973 dissensione
2417 2924 2748 2993 familiariter
2791 2944 2854 2982 ac
2889 2930 3111 2988 dulciter
3160 2912 3364 2993 vixisse.
3417 2936 3546 2996 Haec
3587 2942 3655 2997 de

337 3025 543 3063 nensem
592 3006 995 3077 Diarrhytorum
1043 3016 1092 3062 st
1130 3005 1489 3061 Harinianum
1534 3003 1798 3061 metuent
1845 3021 1867 3060 :
1900 3016 1951 3060 et
1979 3008 2025 3073 C
2053 3011 2310 3067 actoribus
2349 3016 2638 3073 cathoticis.
2689 3019 2872 3077 Ceteri
2914 3026 3005 3080 vis:
3046 3028 3200 3083 aliter
3235 3034 3345 3086 noti
3389 3048 3546 3104 quam
3597 3050 3665 3091 ea:

337 3102 468 3156 duos
487 3100 619 3154 alios
653 3097 983 3155 Veratianum
1002 3116 1183 3170 ωηερε
1208 3109 1256 3154 et
1282 3098 1564 3165 Victorem,
1588 3098 1718 3152 ibid.
1750 3118 1797 3155 c.
1819 3098 1946 3167 225,

348 3194 680 3249 Vcratianum
704 3191 999 3260 Carpitantc
1029 3191 1277 3247 Ecclesiae
1302 3194 1597 3264 episcopum
1620 3194 1788 3265 fuisse
1815 3211 1944 3249 con-

335 3296 435 3343 stat
474 3302 538 3341 ex
567 3302 685 3358 cap.
721 3283 845 3340 126.
879 3282 1043 3358 Cujus
1074 3294 1243 3338 autent
1284 3284 1420 3340 sedis
1476 3283 1653 3339 Victor
1675 3288 1949 3358 cpiscopus

332 3380 529 3452 fuerit,
570 3394 689 3434 cum
718 3378 893 3448 plures
917 3378 1019 3432 sint
1046 3376 1203 3451 hujus
1242 3378 1466 3433 nominis
1506 3378 1736 3450 episcopi
1767 3378 1950 3436 Dona-

340 3473 470 3527 tistae
503 3472 558 3525 in
598 3470 870 3525 collatione
897 3468 1328 3542 Carthaginem,
1377 3469 1550 3523 dicere
1589 3469 1803 3539 difﬁcile
1849 3482 1943 3527 est.

340 3562 502 3618 Nunc
528 3545 897 3631 omnium
920 3561 989 3615 de
1010 3560 1232 3631 singulis
1264 3561 1527 3614 memoria
1555 3560 1820 3627 proditum
1848 3562 1944 3628 sit,

341 3652 722 3723 exponendum.
756 3650 1036 3706 Ordiemur
1066 3668 1097 3703 a
1127 3650 1435 3705 Catholicis.

414 3745 628 3801 Primus
671 3746 804 3800 inter
830 3754 1035 3803 actores
1073 3741 1367 3799 Catholicos
1387 3786 1405 3814 ,
1444 3753 1520 3798 est
1548 3744 1790 3799 Aurelius
1817 3743 1945 3801 Car-

346 3818 666 3912 thaginensis
702 3837 916 3891 antistes
936 3879 950 3903 ,
976 3836 1060 3889 vir
1089 3836 1386 3891 notissimus
1409 3875 1426 3902 ,
1458 3850 1608 3905 quem
1632 3835 1950 3908 Augustinus

347 3932 439 3987 lib.
466 3947 503 3985 ιι
532 3929 993 3997 Retractationum,
1026 3945 1140 4002 cap.
1161 3930 1255 3994 21,
1300 3927 1638 3982 venerabilem
1663 3945 1832 3983 senem
1855 3947 1949 4003 ap-

347 4028 527 4100 pellat.
574 4025 988 4095 Quamplurimis
1014 4024 1104 4079 ille
1126 4025 1363 4079 conciliis
1392 4021 1876 4094 Carthag'nensibtn
1900 4034 1951 4081 et

352 4118 614 4188 Africanis
640 4117 846 4187 praefuit
871 4156 886 4181 ,
912 4117 1193 4186 meritoque
1217 4116 1408 4170 dicitur
1426 4132 1457 4167 a
1478 4113 1739 4184 Prospero
1762 4116 1818 4170 in
1838 4133 1952 4171 car-

354 4214 493 4267 mine
522 4211 586 4266 de
616 4209 866 4283 Iugratis,
898 4208 1103 4263 concilii
1129 4210 1371 4280 Africani
1398 4210 1538 4273 Dux,
1560 4212 1719 4281 cujus
1769 4210 1953 4283 Augu—

351 4309 519 4361 stinus
547 4305 837 4375 ingenium.
860 4301 971 4356 Nec
992 4302 1162 4356 minus
1183 4302 1394 4357 celebris
1414 4310 1488 4356 est
1509 4303 1754 4357 memoria
1780 4302 1952 4375 Alypii

2047 3105 2384 3198 prementibus
2412 3109 2567 3179 gestis
2586 3151 2602 3177 ,
2636 3128 2700 3167 es:
2740 3113 2925 3183 quibus
2948 3118 3094 3173 sedes
3131 3135 3309 3176 eorum
3343 3124 3661 3198 episcopales

2044 3193 2380 3267 minus,
2407 3202 2549 3268 quod
2573 3219 2735 3258 unum
2774 3205 2839 3261 de
2881 3208 3010 3279 ipsis
3038 3223 3293 3282 superest.

2124 3284 2168 3343 E
2198 3284 2595 3347 Donatistarum
2616 3296 2873 3354 actoribus
2894 3309 3115 3367 quatuor
3140 3313 3233 3361 aut
3271 3306 3498 3378 quinque
3525 3311 3657 3378 cele-

2046 3379 2162 3436 bres
2182 3392 2303 3437 sunt
2325 3399 2346 3439 .'
2365 3381 2670 3442 Primianus
2695 3389 3032 3448 Parmenioni
3061 3392 3354 3454 Donatista
3392 3416 3656 3458 successor

2043 3471 2100 3525 in
2137 3475 2257 3527 sede
2294 3473 2686 3548 Carthaginensi
2713 3481 2850 3535 circa
2890 3499 3085 3546 annum
3114 3486 3312 3543 Christi
3361 3491 3473 3549 390
3500 3534 3516 3560 ,
3560 3496 3650 3562 qui

2044 3565 2221 3619 statim
2244 3582 2279 3619 a
2309 3563 2583 3622 Feliciano
2620 3569 2837 3639 aliisque
2878 3590 2988 3630 sua:
3024 3579 3189 3646 partis
3223 3582 3479 3653 episcopis
3506 3585 3656 3640 dasn—

2047 3663 2203 3710 natus
2249 3665 2351 3724 est,
2404 3668 2451 3712 et
2505 3659 2765 3731 depositus
2814 3666 2867 3719 in
2924 3669 3145 3722 concilio
3227 3671 3653 3731 Cabursussitano

2049 3748 2174 3800 anni
2195 3748 2322 3815 505,
2347 3750 2621 3821 subrOguto
2636 3753 2692 3805 in
2710 3754 2825 3824 ejus
2844 3755 3016 3829 locum
3038 3755 3361 3815 Masintiano
3386 3778 3405 3816 .'
3420 3775 3472 3816 at
3495 3767 3651 3833 paulo

2053 3849 2170 3903 post
2208 3838 2262 3895 in
2291 3841 2508 3895 concilio
2533 3839 2809 3912 Bagaiensi
2856 3846 3123 3903 absolutus
3163 3859 3211 3904 et
3254 3853 3516 3909 restitutus
3558 3856 3649 3910 de-

2045 3927 2185 3997 jecto
2211 3929 2553 3985 Maximiano.
2584 3932 2701 3999 Qua
2730 3935 2794 3988 de
2819 3951 2876 3988 re
2903 3938 3091 3992 centies
3131 3940 3273 4009 apud
3302 3941 3648 4013 Augustinum

2051 4017 2111 4088 ﬁt
2135 4024 2338 4079 mentio.
2385 4020 2682 4078 Petilianus
2708 4035 2824 4080 ante
2859 4027 3213 4097 episcopatum
3240 4035 3461 4101 forensis
3488 4037 3649 4091 advo-

2053 4124 2200 4168 catus
2224 4131 2253 4169 e
2276 4113 2643 4169 catechumeno
2670 4116 2722 4170 in
2750 4116 3037 4185 Catholica,
3069 4136 3161 4189 per
3187 4122 3285 4174 vim
3306 4138 3338 4175 a
3364 4122 3652 4182 Donatistis

2048 4203 2323 4258 ordinatus
2344 4204 2618 4275 episcopus
2647 4205 3019 4270 Constantium,
3043 4213 3193 4280 cujus
3222 4224 3421 4267 exstant
3444 4216 3648 4284 littertc,

2054 4294 2327 4350 adversum
2383 4310 2512 4365 quas
2566 4294 2885 4368 Augustinus
2931 4299 3153 4371 scripsit.
3204 4300 3489 4361 Emeritum
3538 4318 3654 4377 post

351 4394 718 4470 Thagastensis
742 4435 759 4463 ,
784 4393 1062 4468 Augustini
1089 4410 1121 4448 a
1146 4393 1326 4461 primis
1354 4393 1506 4448 armis
1536 4394 1856 4449 amicissimi.
1892 4393 1951 4450 Is

2058 4384 2384 4439 collationem
2426 4401 2746 4441 communem
2792 4390 3025 4445 convenit
3068 4391 3385 4467 Augustinus
3423 4398 3479 4453 in
3522 4399 3648 4455 urbe

352 4489 634 4562 Thagastte
656 4490 909 4545 oriundus
928 4496 1039 4545 erat
1061 4485 1370 4558 primoribus
1394 4485 1815 4557 municipalibus.
1845 4487 1955 4543 Ro-

348 4600 494 4640 mam
517 4592 722 4638 uenerat
738 4584 897 4656 paulo
927 4592 1048 4635 ante
1072 4581 1421 4653 Augustinum
1446 4622 1459 4645 ,
1489 4588 1536 4634 et
1574 4580 1727 4634 simul
1762 4597 1875 4635 cum
1898 4598 1954 4637 eo

356 4677 715 4755 Mediolanum
765 4680 1026 4751 profectus
1053 4684 1131 4731 est
1172 4690 1193 4729 :
1223 4674 1383 4745 hujus
1429 4671 1581 4755 etiam
1632 4674 1952 4745 propositum

354 4772 587 4826 imitatus
607 4769 811 4823 secessit
839 4785 943 4823 una
966 4784 1082 4822 cum
1103 4782 1163 4821 eo
1191 4764 1540 4820 Cassiciacum
1560 4766 1954 4823 catechumenus

354 4832 478 4917 cum
506 4858 886 4914 catechutueno.
940 4856 1225 4913 Hediolani
1262 4856 1585 4927 baptizatus,
1633 4857 1688 4911 in
1723 4856 1958 4928 Africum

346 4952 663 5019 revertitur,
731 4960 779 5005 et
822 4960 995 5021 postea
1041 4950 1110 5004 ad
1157 4948 1560 5022 Thagastensem
1609 4950 1960 5022 episcopatum

362 5053 628 5112 promotus
645 5086 661 5111 ,
690 5043 908 5101 scientia
933 5051 983 5098 et
1008 5042 1197 5114 pietate
1241 5042 1342 5113 fuit
1371 5041 1641 5107 illustris;
1670 5058 1731 5096 ac
1775 5040 1964 5096 Hiero-

366 5155 557 5210 nymo,
588 5136 738 5191 Sixto
761 5177 776 5202 ,
804 5134 1098 5204 ueterisque
1135 5133 1288 5190 Italis
1320 5134 1795 5205 eonjunctissimus.
1834 5132 1966 5190 Plu-

360 5231 509 5286 ribus
530 5228 771 5283 conciliis
808 5225 1071 5298 Africanis
1096 5227 1361 5299 interfuit,
1396 5236 1443 5283 et
1471 5241 1675 5295 magna:
1704 5227 1802 5296 fuit
1827 5226 1968 5295 apud

369 5324 525 5397 Afros
548 5323 814 5395 cpiscOpos
833 5320 1175 5376 auctoritatis.
1200 5320 1278 5375 De
1297 5318 1605 5390 Augustino,
1628 5318 1775 5373 tertio
1798 5328 1968 5372 actore

370 5416 448 5471 nil
474 5430 676 5470 necesse
703 5424 777 5469 est
798 5412 990 5469 dicens.
1035 5410 1330 5469 Vincentius
1354 5409 1720 5477 Colusisuus,
1759 5426 1849 5465 seu
1873 5426 1967 5483 po.

371 5508 481 5562 tius
497 5504 832 5561 Cuium
866 5505 927 5557 in
955 5504 1223 5574 prouincia
1265 5502 1623 5572 proconsulari
1659 5502 1924 5573 episcopus
1948 5540 1964 5568 ,

377 5597 612 5669 interfuit
657 5596 888 5651 conciliis
931 5594 1419 5665 Carthagineusibus
1460 5611 1713 5651 annorum
1762 5592 1868 5650 416
1919 5601 1970 5648 et

378 5690 510 5749 M9.
542 5686 692 5745 Idem
719 5697 929 5759 putatur
958 5701 1066 5743 esse
1090 5687 1177 5757 qui
1205 5682 1446 5745 laudatur
1470 5685 1746 5745 sPoulino
1765 5686 1822 5741 in
1854 5683 1975 5741 Vita

2056 4490 2152 4530 sua
2180 4475 2489 4532 Ctesareensi
2509 4517 2525 4541 ,
2564 4486 2613 4531 et
2650 4495 2768 4535 cum
2801 4497 2863 4536 eo
2888 4484 2990 4553 egit
3021 4488 3362 4553 praeeuntibus
3394 4491 3653 4563 episcopis
3706 4556 3711 4561 ἢ

2060 4568 2293 4638 ejusdem
2320 4568 2618 4639 provinciae,
2642 4587 2702 4624 ac
2733 4571 2879 4641 plebe
2909 4573 3247 4631 Caesareensis
3274 4577 3521 4635 Ecclesitz
3541 4623 3559 4649 ,
3596 4592 3648 4637 et

2059 4668 2202 4727 gesta
2235 4661 2526 4716 collationis
2579 4661 2733 4733 hujus
2761 4665 2813 4719 in
2841 4681 2941 4736 qua
2979 4669 3215 4737 superior
3242 4675 3370 4741 fuit,
3406 4674 3518 4744 ipse
3553 4675 3645 4730 ἀε-

2058 4754 2286 4825 scripsit.
2316 4754 2514 4810 Fuerat
2534 4755 2578 4809 is
2610 4755 2874 4813 Emeritus
2919 4770 3105 4815 auctor
3151 4767 3419 4822 sententiis
3454 4769 3662 4823 concilii

2060 4840 2336 4915 Bagailani
2382 4846 2438 4900 in
2478 4844 2854 4903 Maximianum
2895 4850 3031 4905 lattc.
3082 4849 3252 4908 Fama
3297 4858 3652 4929 percrebuerat

2062 4934 2231 5008 ipsum
2277 4940 2417 4992 circa
2457 4939 2612 5009 ﬁnem
2657 4941 2774 4996 υἱιω
2801 4944 2995 5014 factum
3035 4959 3143 4999 esse
3191 4942 3511 5004 Catholicam
3546 4968 3567 5006 :
3593 4958 3653 5007 at

2066 5028 2231 5100 falsus
2261 5031 2360 5101 fuit
2386 5030 2480 5085 iste
2501 5047 2678 5086 rumor
2696 5073 2709 5098 ,
2736 5043 2782 5087 et
2820 5036 3049 5103 quamvis
3074 5037 3138 5091 ab
3162 5037 3445 5111 Augustino
3467 5046 3647 5115 fuisset

2066 5122 2358 5187 convictus,
2389 5139 2673 5191 numquam
2716 5134 2886 5179 tamen
2927 5127 2995 5180 ad
3029 5126 3437 5189 conuuunionem
3476 5138 3660 5192 catho-

2073 5211 2222 5268 licam
2246 5216 2459 5271 accessit
2478 5243 2503 5279 ,ι
2527 5225 2572 5269 et
2598 5217 2650 5270 in
2679 5218 2951 5273 schismate
2971 5224 3207 5292 pertinax
3236 5226 3380 5282 obiit.
3414 5227 3660 5284 Gauden-

2071 5309 2168 5363 tius
2201 5325 2397 5380 quoque
2424 5306 2866 5383 Thamugadensis
2893 5313 3169 5389 Augustini
3200 5321 3437 5391 scriptis,
3468 5322 3658 5393 quibus

2070 5401 2202 5459 ditas
2227 5403 2471 5476 epistolas
2500 5407 2612 5479 ejus
2630 5407 2854 5477 refellit,
2885 5408 3183 5469 nosz
3219 5401 3424 5470 αι’οι
3463 5418 3663 5470 ceteris

2072 5491 2465 5551 Donatistarum
2486 5498 2739 5567 episcopis
2766 5499 2900 5554 nihii
2926 5512 3114 5573 prer
3133 5504 3271 5559 sedis
3292 5520 3502 5570 nomen,
3524 5505 3663 5573 quod

2078 5603 2142 5643 ea:
2169 5588 2461 5646 collationis
2486 5589 2642 5659 gestis
2671 5588 2865 5663 liquet,
2909 5592 3175 5653 habemus.
