2065 3085
307 124 375 152 1251

786 120 900 149 GESTA
919 118 1147 148 COLLATIONIS
1164 117 1474 148 CARTHAGINENSIS.

1856 120 1904 148 1251

312 171 1165 185 —_.—_—————————a

765 213 848 249 230
886 219 1196 261 PR/EFATIO
1235 212 1275 248 (ί)

638 291 814 320 MARCELLI
834 290 1047 319 MEMORIALlS
1067 292 1112 318 AD
1131 291 1358 321 SEVERIANUM
1378 291 1423 319 ET
1442 292 1625 321 JULIANUM.

342 398 530 427 Dilectissimis
545 397 684 425 Fratribus
701 400 729 424 et
742 397 768 425 itt
784 396 886 424 Christi
901 395 1010 424 nomine
1022 403 1104 423 vette-
1117 398 1144 427 Α
1158 396 1231 424 libus
1243 396 1391 424 familiares
1402 417 1409 429 ,
1424 401 1452 424 ιιι
1469 396 1630 432 inquirentis
1648 397 1754 424 intentio
1770 396 1865 425 indicem
1879 405 1910 426 se-

309 446 417 478 randis,
430 444 577 473 Severiano
592 447 620 471 et
642 442 751 470 Juliano
774 442 916 470 Marcellus
931 441 1106 469 Memorialis.

343 491 498 527 Amplector
512 489 638 517 alacriter
658 488 807 524 jussionem
827 496 877 523 qtta
898 488 964 515 mihi
986 491 1128 515 antanter'

307 543 388 574 atque
413 538 439 565 iu
464 537 579 564 Domino
602 535 763 563 ﬁducialiter
785 536 938 570 imperastis
953 555 960 567 ,
984 540 1013 561 ut
1028 534 1108 561 totius

308 586 430 614 membra
444 585 555 619 negotii,
568 588 595 611 et
605 583 733 610 articulos
748 574 874 615 actionis,
889 581 961 617 quod
974 589 1021 617 per
1036 580 1107 608 istud

306 631 434 659 volumen
450 635 584 662 actorum,
600 629 803 664 prosecutiones
815 628 930 663 partium
947 635 995 662 per
1010 627 1106 661 longos

310 677 466 711 explicuere
480 675 635 708 conﬂictus,
652 674 789 702 modulata
805 682 852 709 per
866 681 910 701 me
925 674 1043 700 brevitas
1054 672 1107 700 dis-

308 722 412 757 tinguat
425 726 453 749 et
472 721 581 756 colligat
597 730 604 748 :
619 725 700 756 atque
714 720 776 747 huic
799 720 875 755 operi
898 719 955 747 sola
974 718 1108 746 charitate

307 776 352 796 me
366 768 455 796 sentio
470 768 610 802 fateorque
622 767 756 795 sufﬁcere.
775 766 815 794 Ad
826 774 935 794 omnem
950 765 1047 800 qttippe
1058 765 1107 792 de-

307 815 388 851 legati
402 815 520 842 muneris
543 814 715 849 obsequelam
727 834 734 846 ,
751 813 919 841 efﬁcaciores
938 812 1009 839 vires
1026 812 1109 839 habet

306 861 351 896 qui
365 860 509 896 preceptis
519 867 612 887 amore
627 859 790 894 jubentium,
805 866 885 894 quam
899 858 945 893 qui
957 858 1052 885 ﬁducia
1066 857 1108 885 stti

307 910 393 941 paret.
417 907 457 933 Ac
469 905 525 940 jam
541 904 648 940 quidem
666 905 692 931 in
714 904 783 931 hanc
803 903 988 938 operationem
1006 910 1056 938 qua
1081 903 1108 930 in

305 951 438 979 Ecclesiae
459 951 568 986 negotio
584 957 633 985 pro
652 950 820 985 singulorum
842 949 944 976 viribus
958 948 1107 976 laboratum

305 1003 363 1030 est,
384 1002 515 1033 quantum
531 1004 590 1024 mea
613 996 787 1024 mediocritas
811 996 915 1030 potuit,
941 995 1027 1022 ofﬁcii
1054 995 1106 1022 mei

303 1044 455 1080 symbolam
479 1043 542 1071 dedi
560 1053 566 1070 :
582 1043 654 1078 quod
666 1051 679 1069 ιι
693 1043 752 1070 viro
775 1043 936 1077 spectabili,
961 1047 987 1070 et
1011 1042 1038 1069 in
1052 1049 1107 1077 quo

1160 447 1220 471 cuta
1236 444 1398 471 brevitatem
1412 465 1419 477 ,
1434 444 1468 471 ad
1492 443 1518 471 id
1533 443 1603 479 quod
1618 443 1807 479 deprehendere
1829 444 1879 471 velit
1890 445 1909 472 in

1164 489 1269 525 paginis
1284 489 1398 517 actionis
1410 510 1418 522 ,
1436 497 1488 516 non
1504 489 1604 524 absque
1618 489 1798 517 commoditate
1810 497 1909 524 compen-

1160 535 1215 567 dii,
1229 535 1349 562 numeris
1362 535 1475 563 ducibus
1490 535 1590 562 directa
1600 535 1743 570 perveniat.
1757 536 1829 563 Abttsi
1841 535 1910 563 videa-

1160 589 1220 608 mur
1235 581 1357 609 fortassis
1371 581 1428 609 otio
1438 602 1446 615 ,
1466 581 1532 609 dum
1546 581 1579 609 ad
1594 582 1710 609 laborem
1723 582 1844 617 superllua
1854 589 1911 609 revo-

1160 635 1263 656 camus.
1277 628 1354 662 Quod
1371 636 1420 656 nos
1433 636 1497 657 vere
1519 628 1654 663 sttperﬁue
1674 628 1764 656 fecisse
1784 628 1909 661 fateremur,

1160 674 1182 701 si
1196 674 1223 701 in
1239 678 1294 701 tota
1309 674 1477 702 voluminum
1495 674 1567 702 serie
1582 674 1740 710 perlegenda
1750 695 1757 707 ,
1771 674 1858 702 habiles
1868 681 1911 701 esse

1161 720 1262 748 vellent
1276 720 1399 748 homines
1409 721 1443 748 ad
1458 721 1589 749 laborem.
1601 720 1653 748 Sed
1669 720 1823 755 periniqttunt
1834 723 1867 746 est
1876 726 1908 746 eos

1160 767 1194 794 de
1209 767 1285 795 istius
1298 767 1446 802 diligentiae
1458 768 1533 795 velut
1548 767 1662 802 quadam
1680 767 1802 794 inanitate
1813 765 1910 798 causari,

1160 821 1174 840 a
1189 813 1288 848 quibus
1309 813 1330 841 si
1355 815 1381 840 in
1396 813 1570 849 perlegendis
1589 814 1688 849 jugiter
1712 813 1807 848 paginis
1819 812 1910 847 disputa-

1161 859 1242 886 tionis
1262 858 1375 893 hujusce
1396 867 1448 887 non
1474 860 1561 887 inanis
1577 859 1713 895 diligentia
1731 859 1911 894 ﬁagitetur.eam

1161 912 1216 932 non
1245 912 1306 932 esse
1321 905 1507 940 diligentiam,
1537 905 1585 933 sed
1611 906 1758 933 molestiam
1778 904 1910 931 conﬁtentur.

1162 951 1250 984 Unde,
1263 956 1393 986 quantum
1405 960 1456 987 ego
1468 952 1602 986 arbitror,
1620 960 1672 979 non
1687 960 1750 987 opus
1764 951 1853 978 irritum
1865 949 1910 977 lusi-

1160 1006 1220 1025 mus
1236 999 1280 1033 qui
1306 998 1410 1026 fastidia
1428 999 1554 1027 lectionis
1575 999 1696 1026 remedio
1710 998 1835 1026 brevitatis
1846 995 1911 1023 exciu-

1160 1045 1254 1072 simus.
1269 1046 1359 1076 Certe.
1374 1045 1397 1072 si
1413 1053 1446 1073 ex
1458 1045 1543 1080 ipsius
1555 1045 1720 1081 operationis
1733 1049 1805 1079 atque
1820 1040 1911 1069 utilitatis

303 1090 450 1125 plurimum
464 1090 571 1124 insigne
585 1089 728 1125 probitatis
748 1094 804 1122 est,
826 1089 934 1116 tribuno
948 1094 976 1116 et
993 1088 1105 1117 Notario
1120 1089 1144 1119 Β
1159 1089 1268 1123 elfectu,
1285 1090 1438 1118 absolutum
1452 1098 1513 1118 esse
1527 1098 1580 1118 non
1598 1091 1711 1126 poterit,
1732 1090 1796 1125 quod
1808 1095 1873 1115 vanus
1886 1087 1912 1113 Ia-

304 1136 464 1165 Marcellino
479 1142 605 1162 cttrarum
617 1135 719 1161 ascitus
733 1135 759 1161 in
772 1139 891 1168 partem,
908 1141 963 1161 non
978 1138 1031 1161 tam
1047 1141 1106 1161 tne-

305 1182 359 1209 rito
375 1188 447 1213 meo,
470 1188 551 1215 quam
573 1180 730 1214 dignatione
740 1180 877 1207 censentis
888 1200 895 1211 ,
910 1179 1107 1206 communicavi

303 1234 366 1255 cum
377 1226 469 1261 judice
485 1225 615 1253 librandte
626 1225 831 1260 disceptationis
841 1225 976 1253 laborem.
987 1225 1040 1252 Sed
1055 1227 1105 1252 hoc

304 1280 412 1308 quoque
426 1272 498 1307 quod
523 1279 567 1299 me
578 1272 668 1299 facere
682 1272 805 1299 volttistis
816 1293 824 1305 ,
841 1271 1015 1306 peculiariter
1026 1271 1106 1298 adhi-

305 1319 372 1347 bere
390 1326 446 1346 non
460 1317 555 1353 piguit.
571 1317 797 1352 Quandoquidem
818 1317 885 1344 tnihi
908 1325 961 1344 non
976 1316 1064 1344 minor
1079 1317 1104 1344 in

305 1364 402 1392 eadem
417 1371 446 1391 re
457 1364 581 1399 voluptas
596 1367 623 1390 et
644 1363 729 1398 gloria
755 1368 797 1390 est
821 1362 937 1390 solvisse
957 1369 1028 1390 nunc
1053 1362 1105 1390 fra-

303 1412 394 1439 tribus
407 1416 512 1444 votum,
525 1419 605 1446 quam
618 1410 751 1446 cognitori
768 1414 832 1437 tunc
848 1409 996 1445 praebuisse
1011 1409 1103 1437 consi-

305 1457 384 1484 lium.
406 1456 540 1492 Quicquid
562 1456 642 1491 igitur
664 1456 753 1483 laxius
775 1464 789 1483 a
807 1456 928 1490 partibus
949 1461 1104 1490 peroratum

306 1506 365 1535 est,
388 1507 415 1530 et
443 1502 570 1538 quicquid
593 1502 764 1529 interfatibus
787 1502 934 1537 judicantis
961 1502 1105 1537 utrobique

303 1548 439 1582 signatum
467 1553 524 1582 est,
549 1548 642 1576 sedula
665 1548 834 1576 breviatione
854 1548 993 1581 succinxi,
1010 1556 1106 1576 conse-

303 1598 419 1629 quenter
431 1594 545 1630 afﬁgens
557 1595 637 1622 etiam
650 1602 698 1630 per
710 1594 833 1623 ordinem
846 1616 853 1628 ,
876 1597 954 1623 notas
969 1596 1106 1624 calculan-

337 1662 377 1698 (1)
392 1662 565 1698 Hiciobserva
591 1663 656 1698 hanc
678 1662 854 1696 prwfatt'onem
866 1671 919 1690 esse
929 1667 1028 1690 tantum
1038 1663 1110 1698 capi-

301 1697 414 1734 animum
441 1697 610 1734 collationis”
628 1697 840 1734 Cartlmgiuensis
853 1719 861 1730 ,
898 1698 966 1731 quod
985 1707 1050 1733 opus
1069 1697 1110 1725 Vest

301 1731 449 1759 Marcellini
463 1732 623 1760 Memorialis
636 1741 645 1759 :
659 1731 803 1767 nam'quod
824 1737 921 1768 spectat
941 1734 986 1768 ad,
996 1731 1064 1767 (icta,
1081 1741 1111 1760 ea

1158 1135 1208 1163 bor
1222 1137 1273 1164 iste
1285 1144 1338 1164 non
1354 1136 1435 1165 fuerit
1451 1158 1460 1171 ,
1486 1137 1590 1165 idcirco
1610 1142 1699 1165 tamen
1717 1144 1767 1164 non
1780 1135 1911 1168 ineptumeﬂ

1158 1183 1285 1219 quicquid
1302 1183 1345 1211 ltic
1357 1184 1399 1219 egi
1408 1205 1416 1217 ,
1429 1184 1490 1218 quia
1504 1185 1531 1211 itt
1546 1184 1598 1212 boc
1611 1184 1688 1211 vobis
1699 1182 1837 1218 jubentibus
1845 1178 1908 1214 parui-

1157 1228 1234 1256 Nunc
1250 1230 1395 1261 oraverim.
1413 1230 1480 1257 utin
1499 1229 1712 1257 vicissitudinem
1733 1227 1812 1256 uteriti
1827 1233 1865 1262 pro
1879 1230 1910 1250 me

1157 1283 1238 1304 orare
1257 1276 1417 1312 dignemini.
1434 1278 1472 1305 ita
1494 1278 1565 1305 enim
1579 1278 1641 1312 ﬁet,
1667 1283 1695 1306 ut
1715 1277 1781 1313 quod
1800 1271 1911 1310 spontefa-

1159 1322 1241 1356 citis,
1264 1323 1329 1350 mihi
1346 1329 1434 1351 tamen
1455 1324 1535 1352 cedat
1551 1324 1576 1351 in
1590 1323 1830 1351 remunerationem.
1844 1317 1910 1346 Omni-

1160 1370 1277 1403 potentia
1294 1369 1451 1404 Trinitatis,
1467 1370 1493 1397 id
1504 1375 1560 1403 est,
1575 1370 1768 1406 omnipotentia
1784 1367 1823 1395 Dei
1835 1364 1906 1396 nostri.

1157 1414 1316 1443 citaritatem
1331 1422 1449 1443 veStram
1460 1416 1561 1451 jugiter
1576 1417 1663 1445 nostri
1676 1422 1811 1444 memorem
1817 1415 1909 1448 peritetua

1156 1460 1259 1495 pietate
1279 1462 1426 1495 custodiat,
1443 1462 1550 1490 Domini
1567 1464 1668 1491 merito
1684 1458 1851 1491 dilectissimi,
1864 1454 1910 1484 etin

1158 1505 1260 1534 Christi
1276 1507 1387 1536 nomine
1401 1509 1571 1536 venerabiles
1586 1508 1709 1536 Fratres.

1339 1564 1457 1600 Emplicil
1469 1566 1580 1600 epistola
1591 1566 1770 1601 capitulorum.

1163 1671 1213 1690 non
1238 1668 1297 1690 sunt
1316 1664 1467 1691 breviarium
1495 1665 1527 1692 ab
1557 1665 1607 1692 hoc
1622 1669 1726 1692 auctore
1747 1663 1879 1697 canfecltmt.
1894 1660 1912 1682 αι

1163 1699 1224 1735 uiris
1251 1700 1366 1735 alioquin
1385 1700 1539 1727 doctissimis
1555 1701 1642 1728 uisum
1662 1705 1708 1732 εει,
1722 1698 1860 1733 sedipunnet
1872 1696 1910 1718 arta

1124 1719 1147 1750 Ο
1164 1719 1758 1772 Néfarﬁiiini'ﬁuinﬁmi}:iEZhi'ﬁluZ

308 1791 1909 1810 _—____—__________—___________—-I

391 1850 478 1951 ππ,
525 1857 1098 1932 ΙΝΟιΡΙΗΝΤ

1181 1858 1733 1936 CAPITULA.

900 1998 1326 2052 GESTORUM
1338 2033 1356 2051 .

340 2176 367 2204 1.
386 2174 422 2204 De
435 2180 540 2203 astante
551 2175 651 2202 olﬁcio.

303 2213 310 2225 ·’
340 2212 368 2238 2.
381 2212 420 2238 De
433 2210 562 2245 ingressis
575 2211 719 2245 episcopis.

343 2246 566 2283 5.Vlnterlocutio
578 2246 611 2273 de
626 2246 754 2280 qualitate
767 2247 881 2281 negotii.
900 2247 944 2275 ttbi
957 2248 1035 2283 jubet
1049 2249 1100 2276 sibi

305 2282 429 2315 cognitor
441 2281 582 2315 imperiale
597 2286 762 2315 prmceptttnt
774 2283 893 2309 recitari.

339 2317 368 2345 4.
384 2316 517 2344 Hecitatio
529 2316 676 2351 imperiaiis
692 2317 819 2358 praecepti
833 2317 867 2345 de
882 2316 1004 2346 habenda
1016 2319 1099 2346 coiia-
1113 2335 1140 2365 Β
1153 2320 1270 2365 edictum
1280 2326 1404 2365 asserunt
1416 2322 1569 2365 displicere.

303 2357 514 2429 Tlﬁgfllecitatio
525 2387 605 2415 edicti
622 2395 670 2422 per
692 2387 762 2421 quod
778 2388 935 2424 congregari
958 2389 1100 2425 episcopos

302 2424 554 2494 μήξὶὲῗῑξιιῑθι-Ιοίτιιιίο
569 2458 602 2485 dc
618 2458 671 2485 alio
684 2457 773 2492 jttdice
787 2459 921 2494 eligendo.

279 2509 284 2515 ι
302 2527 311 2556 1
332 2493 366 2556 ι7.
382 2493 532 2528 Responsio
545 2494 743 2521 Donatistarum
756 2514 763 2527 ,
780 2493 813 2521 de
822 2493 913 2529 judice
934 2503 987 2522 non
1011 2501 1102 2531 postu-

314 2536 330 2556 a
343 2535 368 2556 ο.

380 2562 555 2592 lnteriocutio
574 2565 644 2600 quod
656 2565 765 2593 collatio
780 2565 860 2593 fuerit
882 2567 1015 2602 postulata
1025 2587 1033 2602 ,
1046 2576 1100 2596 non

305 2608 332 2627 tu
353 2607 397 2627 ex.

301 2607 742 2675 1υῗέξιῗπξξειιςροιιςὶοροιιειιίειιιιιιιιιι
752 2658 760 2671 ,
771 2642 800 2664 ιιι
817 2637 843 2664 bi
856 2643 1041 2673 proponerent
1052 2639 1096 2674 qui

301 2671 473 2698 collationem
489 2671 638 2705 petiissent.

337 2706 381 2734 10.
398 2706 531 2733 Recitatio
543 2706 639 2739 edicti,
656 2708 699 2735 ubi
716 2708 781 2735 dicit
795 2708 839 2741 qui
856 2708 951 2735 modus
966 2713 994 2736 et
1019 2709 1094 2737 locus

297 2742 435 2769 collationi
447 2742 482 2769 sit
491 2747 579 2776 aptus,
592 2745 619 2768 et
632 2744 740 2776 qttoteni
754 2743 886 2771 deberent
896 2751 957 2771 esse
967 2744 1001 2771 ab
1013 2746 1093 2772 utris-

298 2784 351 2812 que
367 2778 503 2813 partibtts.
520 2777 565 2812 qui
581 2784 689 2813 causam
706 2783 876 2813 peragerent.

333 2812 377 2841 tl.
393 2813 526 2847 Ubijubet
537 2812 659 2847 cognitor
673 2812 782 2854 recitari
801 2822 861 2850 qum
886 2819 950 2843 ante
964 2814 1088 2844 collatio-

293 2855 356 2877 ttem
367 2856 429 2885 pars
449 2854 562 2885 utraque
573 2853 719 2885 peregerit.

891 2113 1518 2134 ————-=————-—-

1193 2179 1235 2205 i‘l.
1250 2180 1406 2215 Prosccutio
1420 2180 1625 2207 Donatistarum
1643 2180 1736 2208 similis
1757 2173 1896 2215 preceded}

1191 2215 1234 2241 l3.
1248 2214 1422 2242 lnterlocutio
1434 2216 1504 2250 quod
1519 2223 1568 2242 suo
1581 2216 1677 2243 ordine
1689 2209 1772 2243 omnia
1787 2211 1862 2249 ρεηεί
1873 2209 1909 2236 de‘

1160 2249 1241 2282 bent,
1259 2255 1286 2276 et
1297 2251 1372 2284 jubet
1388 2249 1495 2277 recitari
1511 2259 1570 2285 qua}
1584 2252 1699 2279 dixerat.

1190 2278 1241 2311 14]
1261 2278 1391 2312 [licitatio
1413 2278 1526 2313 ttotarize'
1556 2287 1754 2315 Donatistarum
1765 2307 1773 2319 ,
1785 2286 1808 2313 in
1821 2289 1862 2319 qua
1874 2278 1911 2307 sibi

1197 2356 1236 2382 15.
1251 2356 1424 2384 Iuterlocntio
1453 2353 1479 2384 ut
1505 2357 1705 2385 Catboiicorttm
1736 2355 1835 2393 epistola
1857 2353 1910 2386 lege-

1154 2396 1237 2418 retur.

1191 2426 1382 2455 16.Rccitatio
1421 2428 1542 2463 epistola:
1581 2426 1842 2463 Catltolicorttmain
1872 2426 1908 2455 fit"

1154 2462 1241 2523 ediclto
1252 2464 1425 2491 consentiunt
1437 2462 1475 2491 iet
1494 2464 1666 2493 conditiones
1691 2462 1825 2493 Donatistis
1834 2463 1909 2495 υτοικν

1154 2505 1207 2523 llllll
1225 2518 1230 2523 .

1191 2534 1232 2572 Π.
1249 2533 1382 2561 Rccitatio
1406 2534 1483 2572 edicti
1510 2535 1535 2572 in
1551 2544 1605 2570 qtto
1628 2534 1775 2572 (cognitor)
1795 2539 1821 2559 se
1839 2526 1907 2557 omnia

1154 2569 1351 2605 publicaturtttn
1366 2571 1462 2605 populo
1475 2569 1625 2604 pollicetur.

1193 2605 1233 2631 l8.
1248 2604 1296 2632 Ubi
1312 2604 1441 2633 recitatur
1451 2608 1610 2641 rescriptum
1623 2607 1810 2634 Catholicorum
1821 2605 1908 2636 κενοῦν

1151 2640 1270 2666 dctttiuttt
1289 2643 1400 2668 ttotarite
1416 2640 1626 2670 Donatistarum.

1188 2676 1229 2703 19.
1254 2676 1423 2703 Ittterlocutio
1450 2677 1483 2703 de
1512 2677 1711 2706 Czttltolicorum
1738 2673 1903 2704 consensione,

1151 2711 1194 2737 ubi
1211 2716 1236 2737 et
1248 2712 1284 2737 illi
1316 2712 1516 2747 interrogantur
1531 2718 1621 2741 tttrttm
1632 2711 1813 2742 consentiant?

1183 2747 1226 2773 20.
1249 2738 1408 2787 _l’rosecutio
1418 2738 1824 2782 ⁰υοητιιιέίιὲιὶῖιῖ*ιιῐῖξὶηροω
1842 2746 1864 2770 el
1880 2738 1903 2766 δε

1157 2789 1281 2809 ὶΟΓΕΗΙΙΙέν

1157 2790 1281 2809 ὶΟΓΕΗΙΙΙέν

1147 2790 1156 2815 ι
1181 2818 1224 2844 21.
1255 2817 1427 2846 lnterlocutio
1454 2826 1481 2848 ιιι
1506 2826 1596 2848 certus
1613 2826 1738 2847 numerus
1753 2815 1901 2846 constitquur

1143 2856 1265 2882 actorum
1280 2855 1429 2884 secundum
1444 2856 1540 2886 lectum
1562 2856 1693 2885 edictum.
