4130 6170
548 335 689 394 ην]

547 453 857 510 testimonia
905 453 1159 520 refutare,
1192 459 1247 508 et
1283 460 1476 523 rogant
1519 463 1577 509 ut
1602 467 1696 508 sua
1746 452 1996 509 audiatur
2029 455 2155 526 Epi-
2180 455 2235 517 Α

547 526 708 580 stola.

621 596 751 670 254.
794 595 1141 670 luterlocutio
1181 611 1302 668 quae
1333 596 1582 651 concedit
1623 607 1680 651 ut
1726 597 1985 654 recitetur
2013 601 2156 670 quod

551 667 847 738 secundum
879 668 968 736 jus
995 667 1271 738 publicum
1324 682 1430 722 non
1479 677 1626 722 recte
1667 679 1989 738 conceptum
2021 667 2104 726 est
2139 691 2153 727 :

548 745 606 814 e_t_
631 737 748 814 hoc
766 739 939 814 ipsum
969 737 1110 814 quod
1143 739 1405 808 indulget,
1455 748 1757 805 enumerat,
1790 737 1857 795 ne
1882 741 1973 810 jus
2013 757 2044 795 a
2070 743 2162 814 ju-

555 808 674 864 dice
702 809 950 864 videatur
975 810 1260 868 omissum.

621 879 750 934 255.
783 881 1081 951 Exceptore
1112 882 1393 944 recitante,
1417 879 1599 936 dicent
1631 882 1922 938 Donatistm
1966 895 2160 942 sensus

560 951 801 1020 epistolae
832 966 937 1006 non
966 952 1102 1007 bene
1129 952 1407 1021 distingtti.

621 1021 749 1076 256.
792 1022 892 1078 Ubi
922 1023 1184 1095 Catholici
1225 1023 1530 1077 concedunt
1577 1023 1722 1092 ipsos
1770 1025 1948 1095 legere
1979 1026 2155 1081 Dona-

557 1093 733 1168 tistas,
767 1108 888 1148 cum
919 1093 1367 1162 ipsi'Catholicis,
1409 1103 1466 1147 ut
1492 1095 1754 1165 legerent,
1779 1093 1843 1150 in'
1863 1098 2160 1168 superiori-

556 1163 658 1235 btts
696 1164 1047 1235 denegarem.

626 1234 756 1291 257.
797 1234 1145 1291 Interlocutio
1173 1251 1292 1307 quae
1316 1235 1446 1290 dicit
1477 1235 1607 1290 nihil
1641 1236 1906 1294 interesse
1935 1239 2058 1310 quis
2086 1240 2162 1296 le-

590 1313 663 1360 at.

553 1321 754 1452 gat2:58.
818 1376 920 1434 Ubi
975 1393 1002 1452 a
1032 1378 1431 1452 Donatistarum
1463 1379 1729 1449 Episcopo
1749 1382 2008 1437 recitatur
2034 1383 2161 1452 Epi-

557 1448 698 1522 stola
729 1465 888 1522 quam
917 1450 1185 1522 miserunt
1205 1449 1270 1522 ad
1293 1450 1530 1522 judicem
1564 1448 1875 1516 Donatistae,
1903 1469 2023 1522 qua:
2081 1448 2162 1509 te-

556 1520 829 1594 stimoniis
846 1520 1039 1576 referta
1063 1521 1321 1594 legalibus
1344 1521 1435 1574 illa
1459 1524 1636 1575 omnia
1662 1520 1975 1594 testimonia
2006 1526 2157 1594 quasi

555 1593 845 1663 contrariis
877 1594 1077 1646 nitatur
1107 1591 1394 1648 excludere
1419 1634 1435 1660 ,
1487 1608 1606 1663 qua:
1656 1593 1709 1647 in
1757 1591 2034 1650 mandato
2060 1610 2160 1650 suo

558 1658 820 1718 Catholici
845 1674 1160 1732 posuerunt.
1201 1666 1218 1724 i

628 1732 754 1788 259.
819 1733 1168 1804 Interlocutio
1196 1749 1316 1804 qua:
1366 1734 1511 1788 omni
1573 1733 1833 1803 Epistula:
1893 1737 2155 1802 recitata,

557 1806 842 1872 praebitam
873 1821 902 1859 a
931 1803 1227 1860 Catholicis
1273 1805 1582 1873 pronuntiat
1625 1820 1747 1861 esse
1789 1807 2102 1873 patientiam
2138 1827 2150 1861 :

556 1883 613 1927 et
640 1873 898 1932 adversus
930 1884 1133 1932 textum
1175 1876 1291 1946 ejus
1326 1876 1482 1946 jubet
1531 1877 1862 1946 respondere
1909 1878 2154 1934 Catholi-

560 1957 676 2000 COS.

627 2016 754 2074 260.
797 2017 1112 2073 Prosecutio
1141 2018 1538 2072 Donatistarum
1579 2033 1681 2085 qua
1715 2027 1937 2087 petunt,
1987 2027 2046 2074 ut
2077 2029 2158 2076 te-

557 2086 807 2142 stimonia
840 2103 937 2143 sua
962 2089 1283 2143 testimoniis
1311 2090 1675 2142 revincantur.

633 2158 760 2213 261.
825 2157 927 2214 Ubi
985 2175 1015 2214 a
1073 2159 1365 2214 Catholicis
1419 2159 1679 2214 adversus
1754 2161 2157 2218 Donatistarum

563 2229 855 2301 epistolam
877 2231 1258 2301 respondetur.

630 2300 783 2375 262.Δ
818 2300 914 2356 Ubi
942 2300 1127 2375 velunt
1155 2301 1556 2375 interrumpere
1584 2302 1876 2358 Donatista:
1903 2315 2159 2375 negantes

558 2385 740 2426 aream
772 2372 824 2443 i_n
854 2372 1140 2443 scripturis
1161 2387 1284 2427 esse
1311 2374 1665 2427 nominatam.

628 2443 735 2497 265
774 2441 906 2497 Item
936 2441 1027 2498 tibi
1056 2452 1307 2498 asserunt
1338 2443 1650 2509 Donatistae,
1699 2445 1767 2500 de
1794 2446 2021 2502 occultis
2050 2463 2156 2503 non

559 2512 904 2568 evidentibus
937 2515 1044 2570 reis
1076 2514 1428 2585 Evangelium
1460 2516 1809 2585 praecepisse,
1863 2526 1920 2571 ut
1968 2533 2154 2574 eorum

557 2586 846 2654 permixtio
871 2585 1152 2641 toleretur.

629 2655 755 2709 264.
801 2655 899 2712 Ubi
938 2657 1198 2711 Catholici
1229 2656 1505 2726 postulant
1531 2664 1588 2711 ut
1625 2658 1728 2712 sibi
1761 2658 2014 2727 patientia
2048 2677 2154 2717 non

557 2736 814 2802 negetur,
857 2742 1016 2797 quam
1065 2729 1166 2798 ipsi
1206 2728 1446 2783 recitata:
1502 2729 1901 2785 Donatistarum
1953 2733 2157 2802 episto-

559 2796 626 2852 la:
639 2796 1020 2866 praebuerunt.

631 2869 760 2925 265.
801 2870 1120 2926 Prosecutio
1165 2869 1594 2931 Catholicorum,
1645 2871 1732 2924 ubi
1787 2872 1929 2927 inter
1956 2883 2154 2930 emtera

558 2939 626 2993 de
654 2942 1024 3010 superioribus
1047 2943 1293 3010 repetita,
1321 2951 1373 2996 et
1397 2941 1527 2996 illttd
1555 2941 1803 3007 infertur,
1837 2945 2018 3000 mundi
2052 2963 2151 3002 no-

557 3011 702 3066 mine
733 3013 1029 3068 Ecclesiam
1051 3013 1338 3067 contineri.

630 3081 758 3153 266.
802 3083 1202 3138 Donatistarum
1247 3094 1433 3138 contra
1485 3085 1584 3138 ista
1611 3088 1918 3153 contentio,
1965 3089 2151 3143 mundi

561 3152 780 3206 nomine
809 3154 1101 3209 Ecclesiam
1132 3170 1239 3210 non
1270 3155 1466 3210 teneri.

1518 333 1748 394 GESTA
1773 336 2229 398 COLLATIONIS
2265 339 2886 401 CARTHAGINENSIS.

2187 1845 2234 1905 B

3707 347 3840 404 1248

2693 458 2829 517 HUC
2882 459 3110 530 USQUE
3172 461 3396 520 GESTA
3409 506 3422 520 .

2797 591 3026 641 ιιΕιιρυΑ
3089 591 3309 634 uescar.

2331 661 2458 717 282.
2500 663 2823 742 Prosecutio
2866 667 3265 724 Donatistarum
3303 670 3568 727 adversus
3595 687 3844 742 prosecu-

2262 733 2463 789 tionem
2493 734 2891 793 Catholicorum
2920 755 3080 810 quam
3105 750 3290 796 contra
3316 733 3618 813 Epistolam
3643 747 3849 802 retule-

2260 815 2405 860 runt.
2874 841 2879 848 -

2332 876 2488 954 283._
2544 878 2858 954 Pgosecutio
2909 882 3353 949 Catholicorum,
3410 901 3515 954 qua
3563 886 3850 943 ostendunt

2263 949 2435 1002 malos
2476 950 2528 1003 in
2580 951 2821 1006 Ecclesia
2872 956 3190 1026 seminatos,
3238 955 3376 1026 quod
3410 949 3712 1012 Donatista:
3745 959 3852 1014 tieri

2263 1034 2424 1095 posse
2457 1033 2812 1095 negaverunt.
2835 1039 2942 1094 qua
2977 1025 3274 1080 defendunt
3297 1028 3437 1095 quod
3468 1042 3530 1083 se
3560 1028 3768 1085 dixisse
3792 1029 3853 1085 de

2262 1091 2469 1145 duabus
2502 1093 2760 1147 Ecclesiis
2786 1091 3044 1150 dixerunt
3072 1091 3380 1152 Donatistae.

2333 1159 2461 1216 284.
2521 1164 2865 1236 lnlerlecutio
2905 1182 3026 1236 quae
3064 1167 3303 1236 praecipit
3330 1178 3390 1224 ut
3414 1185 3481 1224 cx
3509 1169 3703 1225 codice
3729 1171 3856 1226 reci-

2267 1241 2440 1297 letnr,
2482 1243 2660 1290 utrum
2688 1235 2822 1290 duas
2852 1235 3127 1294 Ecclesias
3153 1235 3410 1295 dixissent
3440 1241 3714 1297 Catholici
3743 1257 3858 1313 pro-

2261 1315 2567 1372 sequentes.

2334 1373 2462 1449 285.
2503 1376 2621 1449 tUhi
2667 1377 3012 1448 interpretari
3053 1381 3241 1434 volunt
3281 1382 3608 1449 Donatistae,
3637 1383 3712 1439 de
3736 1384 3859 1439 dua-

2263 1445 2918 1523 Illis-ECCICSFFS‘SBHSiSSB
2949 1450 3279 1516 Catholicos,
3317 1455 3573 1523 quoniam
3593 1445 3748 1511 'duas
3773 1469 3857 1512 eos

2263 1517 2533 1572 Ecclesias
2566 1519 2767 1575 dixisse
2796 1535 2898 1574 non
2929 1523 3190 1577 constitit.

2332 1586 2506 1665 286.__
2543 1591 3311 1665 ProsecutiotCatholicorum
3368 1611 3472 1665 qua
3528 1595 3855 1662 defendunt,

2302 1658 2688 1737 nid_dixerint
2735 1661 2801 1717 de
2861 1663 3101 1719 Ecclesia
3151 1658 3434 1734 praesentis
3494 1669 3761 1737 temporis
3807 1658 3856 1723 et

2286 1731 2448 1784 uturi.

2267 1821 2270 1824 ’
2339 1801 2463 1857 287.
2516 1804 2831 1859 Prosecutio
2878 1806 3278 1863 Donatistarum
3329 1809 3417 1864 ubi
3465 1809 3664 1865 dicunt
3707 1810 3856 1866 etiam

2265 1875 2549 1947 mortalem
2593 1876 2884 1930 Ecclesiam
2911 1877 3114 1933 dixisse
3143 1879 3454 1936 Catholicos
3475 1921 3491 1947 ,
3519 1895 3649 1936 cum
3678 1881 3852 1937 Eccle-

2265 1945 2361 2017 sia:
2387 1945 2767 2017 imtnortalitas
2797 1948 2860 2002 sit
2892 1949 3178 2017 promissa.

2336 2014 2464 2069 288.
2521 2017 2836 2072 Prosecutio
2883 2014 3284 2076 Catholicorum
3332 2021 3420 2077 ubi
3469 2033 3732 2078 asserunt
3770 2038 3850 2078 su-

2263 2087 2523 2154 pradictis
2549 2090 2938 2144 assertionibus
2967 2093 3112 2157 suis,
3157 2107 3274 2147 eam
3307 2092 3610 2148 Ecclesiatn
3644 2095 3850 2149 immor-

2264 2157 2427 2235 talem
2468 2173 2590 2214 esse
2629 2161 2980 2235 promissam,
3011 2177 3130 2233 quae
3160 2177 3302 2218 nunc
3339 2179 3404 2219 ex
3429 2165 3594 2235 justis
3623 2165 3847 2221 mortali-

2262 2227 2363 2280 bus
2385 2241 2598 2284 conStat
2627 2227 2679 2286 in
2710 2239 2870 2286 terra.

2332 2299 2461 2354 289.
2515 2301 2862 2376 luterloentio
2891 2320 3011 2371 quae
3039 2304 3167 2358 dicit
3196 2304 3264 2359 de
3308 2315 3525 2375 peracta
3558 2309 3848 2376 quastione

2262 2368 2314 2423 in
2345 2374 2610 2427 sententia
2637 2389 2695 2449 se
2721 2368 2985 2449 dicturum
3018 2390 3140 2431 esse
3168 2368 3323 2446 quod'
3347 2368 3652 2444 sentiatfet
3667 2377 3840 2449 jubet,

2263 2451 2318 2494 ut
2347 2455 2509 2496 causa
2537 2445 2798 2511 pandatnr
2818 2447 3036 2501 erroris.

2330 2513 2455 2588 290.
2497 2513 2812 2588 Prosecutio
2842 2517 3238 2571 Donatistarum
3270 2533 3392 2588 quae
3414 2520 3551 2587 petit
3575 2529 3634 2575 ut
3653 2521 3722 2576 de
3744 2522 3844 2575 siu-

2259 2583 2398 2659 gulis
2443 2585 2685 2640 articulis
2735 2589 2970 2659 cognitio
3015 2588 3241 2643 decursa
3288 2583 3608 2659 pronuntiet
3641 2609 3654 2644 :
3685 2601 3741 2647 et
3767 2592 3846 2646 ubi

2258 2655 2446 2709 dicunt
2491 2655 2825 2712 testimoniis
2853 2659 3110 2730 legalibus
3155 2655 3424 2716 suis'non
3473 2677 3600 2718 esse
3628 2678 3846 2733 respon-

2255 2741 2452 2853 81115191.
2488 2797 2896 2882 Catholicorum
2939 2800 3006 2855 ad
3054 2799 3172 2857 haec
3223 2801 3525 2858 secundum
3578 2804 3848 2874 superiora

2255 2883 2561 2935 responsio.

2255 3010 2267 3017 _
2295 2939 2453 3017 __292.
2498 2941 2852 3017 lnterlocutio
2876 2942 3077 3014 judicis
3101 2959 3206 3014 qua
3229 2944 3428 3017 dicitur
3445 2985 3462 3011 ,
3491 2944 3710 3017 legibus
3736 2961 3851 3017 pro-

2255 3010 2448 3086 hiberi,
2480 3028 2547 3086 Ite
2573 3015 2840 3069 sententia
2867 3010 2960 3082 pro
2993 3010 3141 3083 parte
3169 3016 3372 3086 negotii
3403 3010 3740 3079 proferatur.

2325 3083 2460 3157 295.Δ
2498 3084 2895 3140 Donatistarum
2924 3087 2991 3139 ad
3037 3088 3134 3140 ista
3182 3083 3494 3157 contentio,
3543 3102 3670 3157 quae
3703 3089 3851 3143 etiam

2251 3152 2548 3228 Catholicis
2575 3157 2701 3211 facit
2726 3157 3004 3226 injttriam,
3029 3157 3158 3212 dum
3188 3159 3307 3212 illos
3337 3156 3506 3212 falsos
3525 3152 3746 3228 jactitat
3772 3173 3851 3213 sa-

625 3223 752 3277 267.
795 3224 896 3281 Ubi
927 3224 1194 3280 Catholici
1224 3226 1501 3295 postulant
1527 3234 1586 3280 ut
1615 3226 2011 3284 admoneamur
2041 3231 2147 3285 Do-
2178 3220 2224 3284 C
2254 3225 2524 3295 cerdotes.

560 3295 772 3349 natistte
801 3309 1056 3365 praestare
1086 3298 1423 3364 patientiam,
1455 3313 1685 3367 quorum
1731 3299 1977 3366 epistolae
2008 3302 2156 3357 illico

559 3367 941 3442 respondetur,
993 3369 1138 3442 nullo
1167 3368 1441 3442 dilationis
1490 3371 1666 3438 spatio
1717 3372 1986 3442 postulato
2024 3387 2157 3442 quo-

558 3436 718 3512 modo
760 3439 878 3512 ipsi
909 3440 1181 3505 petierunt
1225 3436 1626 3493 Catholicorum
1674 3436 1878 3495 vellent
1932 3436 2156 3512 respon-

556 3505 686 3560 dere
723 3505 996 3564 mandato.

625 3577 752 3632 268.
799 3577 896 3634 Ubi
947 3580 1243 3634 Donatistae
1289 3579 1651 3645 respondent,
1706 3581 1879 3650 ipsum
1924 3582 2024 3638 sibi
2057 3584 2153 3640 ob-

559 3660 807 3720 srrepere
836 3649 928 3720 qni
956 3651 1108 3718 longa
1141 3653 1505 3720 prosequitur.

626 3719 752 3774 269.
799 3719 896 3776 Ubi
927 3719 1194 3776 Catholici
1227 3722 1537 3790 postulant,
1567 3731 1626 3776 ut
1654 3722 1698 3776 si
1728 3723 1918 3778 volunt
1946 3724 2015 3780 de
2044 3727 2154 3780 sin-

558 3790 700 3864 gulis
733 3791 931 3864 habere
960 3793 1302 3856 conﬂictum,
1355 3803 1698 3849 removeatur
1742 3796 1971 3864 epistola
1997 3837 2012 3859 ,
2063 3805 2156 3852 aut

561 3861 875 3935 patientiam
907 3864 1214 3935 praebeant,
1235 3875 1327 3916 aut
1352 3867 1742 3933 respondeatur
1766 3861 2032 3935 epistolm.

630 3929 758 3984 270.
819 3929 919 3986 Ubi
951 3934 1148 4008 dicunt
1197 3929 1510 4008 Donatista),
1544 3935 1690 4008 "ideo
1737 3929 1941 3991 se'non
1993 3953 2155 4008 posse

565 4012 826 4076 prmstare
858 4004 1190 4076 patientiam,
1218 4003 1360 4072 quod
1385 4004 1542 4058 aliter
1572 4006 1758 4059 volunt
1784 4008 1954 4076 legem
1985 4003 2154 4064 inter-

561 4075 758 4141 pretari
786 4071 1073 4128 Catholici.

630 4141 752 4219 271.
807 4142 1156 4219 lnterlocntio
1184 4159 1304 4219 qua:
1332 4146 1644 4219 patientiam
1676 4146 1808 4202 dicit
1853 4163 1979 4219 esse
2017 4165 2156 4219 pra:-

560 4212 814 4286 bendam,
848 4216 1101 4285 quoniam
1147 4212 1310 4270 toiius
1333 4212 1584 4286 epistolae
1612 4225 1770 4272 tenor
1795 4233 1824 4271 a
1859 4212 2156 4279 Catholicis

558 4285 1074 4353 patienter-auditus
1104 4299 1208 4342 est.
1380 4285 1385 4286 “
1734 4334 1737 4336 .

629 4354 758 4409 272.
801 4356 1112 4412 Prosecutio
1135 4356 1540 4413 Catholicorum
1565 4375 1671 4428 qua
1699 4360 1822 4416 ideo
1849 4363 2008 4419 scribi
2033 4365 2152 4418 uni-

558 4440 723 4500 versa
747 4436 1033 4492 testantur,
1065 4437 1122 4482 ιιι
1151 4432 1195 4482 si
1226 4429 1352 4500 quid
1380 4433 1432 4483 iu
1461 4431 1795 4486 oblivionem
1827 4436 2055 4500 venerit,
2087 4436 2155 4491 de

561 4491 758 4551 tabulis
788 4491 1099 4565 repetatur:
1146 4510 1199 4554 et
1244 4491 1331 4555 ubi
1365 4501 1572 4563 dicunt,
1620 4510 1676 4556 et
1718 4503 1769 4556 in
1822 4505 1966 4559 malo
1995 4491 2054 4560 et
2099 4508 2152 4561 in

2332 3295 2461 3371 294.
2491 3293 2855 3371 Conteslatio
2878 3299 3307 3366 Catholicorum,
3343 3299 3431 3355 ulti
3466 3314 3526 3354 se
3567 3300 3637 3355 ab
3670 3301 3856 3371 injuria

2261 3365 2603 3424 dissimulare
2629 3370 2978 3436 respondent.
3169 3394 3180 3406 ε

2333 3439 2461 3512 295.
2504 3437 2819 3495 Prosecutio
2842 3441 3267 3507 Donatistarum,
3295 3457 3418 3512 qua:
3443 3441 3580 3495 dicit
3601 3440 3790 3509 iudici,
3815 3440 3854 3494 si

2261 3506 2511 3563 Chrisms
2537 3526 2643 3565 non
2670 3526 2751 3576 es,
2781 3528 2877 3565 cur
2900 3513 2969 3567 de
2992 3506 3362 3569 sacerdotibus
3385 3506 3638 3580 judicas'?
3668 3521 3727 3567 et
3749 3527 3857 3581 qua:

2261 3581 2457 3649 asserit
2487 3581 2588 3636 hoc
2613 3582 2874 3649 judicium
2917 3583 3136 3639 Christo
3163 3597 3284 3638 esse
3314 3583 3650 3638 servandum
3698 3601 3711 3636 :
3741 3594 3792 3637 et
3829 3597 3857 3636 a

2261 3648 2554 3724 Catholicis
2573 3648 2792 3724 quierit,
2822 3665 3002 3708 utrum
3029 3658 3110 3710 eis
3137 3654 3458 3724 praeceperit
3480 3652 3742 3709 Christus
3769 3655 3853 3708 bo-

2262 3720 2462 3793 minem
2493 3720 2726 3788 judicem
2769 3728 3064 3793 postulare.
3139 3720 3152 3724 ’
3319 3720 3336 3724 ’
3395 3737 3399 3742 ’

2333 3791 2459 3866 296.
2503 3791 2904 3866 Catholicorum
2947 3798 3012 3850 ad
3046 3799 3142 3852 ista
3170 3795 3455 3864 responsio
3477 3836 3491 3856 ,
3524 3796 3674 3866 quod
3708 3795 3855 3866 primi

2262 3860 2554 3938 Donatista:
2595 3865 2758 3938 240
2788 3868 2839 3921 in
2875 3867 3178 3938 Episcopali
3208 3860 3368 3920 tm'usa
3401 3860 3637 3921 humana
3665 3860 3858 3937 judicia

2260 3931 2828 4058 ﬂatgiparttntfet'quod
2856 3931 3282 4008 persecutionem
3303 3954 3409 3992 non
3439 3931 3723 4008 patiantur
3745 3938 3855 4007 ipsi,

2260 4018 2318 4058 SC
2387 4021 2389 4024 ⁴
2420 4018 2617 4058 acrant.

2260 4018 2353 4058 seu
2387 4018 2617 4061 ηιοιηηι.

2331 4076 2458 4149 297.
2505 4076 2601 4149 Ubi
2647 4079 2832 4133 dicunt
2879 4080 3176 4135 Donatistae
3206 4079 3345 4149 quod
3390 4080 3860 4136 circnmcelliones

2259 4143 2464 4220 faciunt
2503 4148 2574 4220 ad
2627 4151 2933 4205 sacerdotes
2960 4153 3180 4206 minime
3205 4143 3500 4220 pertinere.

2330 4217 2458 4273 298.
2503 4218 2822 4275 Prosecutio
2869 4217 3308 4287 Catholicorum,
3359 4221 3508 4291 quod
3563 4221 3858 4276 Donatista:

2261 4293 2447 4370 009L118
2477 4292 2744 4370 emendo.
2777 4293 3050 4370 diabolum
3083 4301 3494 4370 superarernnt.
3570 4363 3603 4370 η
3670 4364 3684 4370 Δ
3747 4363 3780 4370 η
3819 4361 3830 4370 .

2330 4359 2458 4415 299.
2503 4361 2606 4417 Ubi
2629 4363 2817 4418 dicunt
2838 4359 3163 4430 Donatistae,
3197 4363 3472 4418 diabolum
3501 4378 3532 4417 a
3563 4361 3861 4419 Catholicis

2259 4443 2381 4485 esse
2411 4431 2713 4487 defensum.

2330 4500 2456 4557 500.
2500 4503 2814 4559 Prosecutio
2842 4502 3267 4572 Catholicorum,
3298 4504 3735 4560 Maximianistas
3761 4505 3862 4559 Do-

509 4608 516 4613 .
559 4565 703 4620 bono
725 4609 739 4634 ,
786 4567 1048 4624 mundum
1089 4571 1479 4642 scripturarum
1534 4572 1857 4628 testimoniis
1909 4576 2156 4631 nomina-
2185 4603 2235 4664 ι)
2263 4572 2474 4657 natistis
2501 4589 2621 4664 esse
2650 4577 2934 4640 meliores,
2967 4593 2993 4629 a
3017 4577 3235 4664 .quibt‘ts.
3252 4565 3694 4664 persecutionem
3718 4573 3860 4648 passi

558 4645 691 4692 tum.

628 4709 753 4766 275.
820 4710 1166 4786 lnterlocutio
1215 4729 1336 4784 quae
1387 4715 1648 4784 scriptum
1701 4728 1827 4769 esse
1879 4716 2152 4786 praecipit,

558 4792 901 4851 perstrepere
948 4783 1278 4839 Donatistas.

628 4851 755 4906 274.
799 4852 898 4908 Ubi
939 4868 1186 4909 asserunt
1225 4855 1552 4920 Donatistas,
1585 4855 1932 4926 interpretari
1967 4857 2154 4914 Eccle-

556 4921 690 4984 siatn
737 4939 843 4978 non
873 4940 1036 5000 posse
1065 4940 1160 5000 per
1185 4926 1440 5000 mundum
1467 4967 1483 5000 ,
1527 4921 1934 4981 cummitndnm
1962 4944 2150 5000 agrum

557 5006 837 5064 esse__non
873 4995 1170 5050 Ecclesium
1213 4998 1326 5064 ipse
1356 4995 1608 5052 Christus
1631 5001 1980 5064 expresserit.

629 5061 754 5116 275.
808 5063 1156 5140 interlocutio
1180 5061 1520 5140 interrogans
1549 5061 1884 5137 Donatistas,
1914 5071 2034 5140 quis
2059 5071 2153 5130 ille

559 5132 910 5206 sittmundus,
941 5140 1028 5206 qui
1056 5139 1347 5194 salvandus
1372 5132 1455 5194 est
1477 5140 1673 5194 dictus.

629 5203 756 5281 276.
819 5203 1215 5281 Donatistarum
1259 5211 1326 5266 ad
1370 5213 1468 5266 ista
1512 5211 1831 5281 responsio,
1889 5213 2150 5270 mundum

559 5274 708 5329 illum
743 5277 1016 5331 hominem
1052 5279 1178 5335 dici.

630 5348 781 5423 277._
815 5348 1183 5423 lnterlocutio,
1215 5365 1337 5423 qua:
1365 5353 1624 5423 requirit,
1650 5365 1829 5409 utrum
1857 5369 1925 5409 ex
1957 5355 2150 5412 iisdem

559 5415 868 5472 hominibus
897 5430 1109 5473 constet
1137 5415 1398 5475 Ecclesia.

630 5487 757 5543 278.
817 5489 1214 5545 Donatistarum
1238 5491 1305 5543 ad
1339 5493 1437 5546 ista
1465 5495 1761 5549 contentio.

627 5560 774 5637 279:
812 5559 916 5637 Ubi
943 5571 1259 5637 exceptores
1285 5570 1341 5637 et
1378 5567 1570 5637 notarii
1600 5575 1926 5636 suggerunt,
1958 5568 2149 5637 imple-

560 5632 934 5708 tis_t:odictbus
954 5647 1015 5708 se
1043 5629 1245 5708 debere
1268 5629 1550 5708 discedere
1566 5677 1580 5699 ,
1608 5629 1825 5692 et‘a'lios
1847 5629 2146 5708 subrogari.

809 5702 1386 5778 interlocutio‘idtlieri
1418 5717 1669 5772 oportere
1698 5702 2038 5778 praecipiens:

626 5773 754 5847 2_8l.
813 5774 1128 5831 Prosecutio
1151 5772 1556 5847 Catholicorum
1584 5772 1946 5847 qua'prolatae
1985 5796 2014 5837 a
2047 5782 2152 5840 Do-

564 5841 775 5898 natistis
800 5848 1043 5915 epistolae
1071 5848 1227 5918 plena
1257 5842 1567 5904 adsertione
1596 5841 1943 5917 reapondent.

2260 4646 2471 4718 snpqsi
2501 4645 2731 4718 tolerata
2763 4647 3068 4718 persecutio
3096 4646 3263 4701 eflicit
3289 4645 3568 4718 meliores.

2331 4715 2456 4772 501.
2500 4715 2812 4774 Prosecutio
2841 4717 3241 4772 Donatistarum
3264 4759 3279 4782 ,
3311 4715 3400 4768 ubi
3429 4717 3634 4772 dicitur
3675 4718 3861 4771 diabo-

2257 4784 2340 4859 lus
2369 4802 2482 4841 rem
2515 4788 2706 4843 iecisse
2735 4791 2993 4858 pejorem,
3023 4789 3166 4858 quod
3187 4788 3286 4843 Job
3301 4788 3490 4843 oculos
3513 4797 3858 4859 spectatores

2255 4857 2539 4912 vulnerum
2563 4875 2667 4913 non
2698 4857 2914 4914 ademit.

2326 4927 2453 4982 502.
2503 4929 2814 4985 Prosecutio
2858 4928 3255 4985 Catholicorum
3284 4971 3298 4994 ,
3342 4929 3435 4982 ubi
3487 4931 3858 4985 consularium

2256 4997 2446 5052 fecisse
2482 5001 2809 5068 Donatistas,
2837 5013 2891 5056 et
2916 5002 3218 5058 dominicus
3238 5000 3457 5056 codices
3486 5001 3858 5057 combussisse

2254 5070 2526 5125 dicuntur.

2327 5141 2453 5195 505.
2526 5142 2840 5199 Prosecutio
2905 5143 3346 5208 Donatistarum,
3395 5141 3678 5198 Ecclesias
3734 5155 3857 5198 suas

2256 5214 2699 5286 cruentisadhuc
2725 5215 2912 5286 plenas
2933 5229 3056 5269 esse
3078 5214 3416 5286 corporibus.

2256 5353 2308 5409 ὁ.
2499 5283 2848 5341 lnterloc’utio
2888 5283 3195 5355 quaerens,'
3222 5301 3288 5340 an
3320 5287 3434 5355 ipsa
3480 5283 3645 5340 fuerit
3693 5298 3854 5340 causa

2299 5368 2386 5408 tsst
2433 5371 2488 5409 ιι.

2299 5355 2488 5410 issidii.

2326 5425 2451 5483 505.
2493 5428 2889 5483 Donatistarum
2922 5429 2987 5482 ad
3011 5429 3114 5483 ista
3142 5427 3439 5497 responsio.

2329 5497 2455 5552 506.
2498 5498 2597 5554 Ubi
2638 5514 2668 5552 a
2707 5499 2999 5555 Catholicis
3025 5499 3220 5554 dicitur
3257 5501 3357 5554 hoc
3385 5514 3550 5570 posse
3574 5499 3853 5556 Maximia-

2257 5569 2426 5622 nistas
2455 5569 2691 5639 objicere
2718 5571 3034 5625 Donatistis.

2330 5639 2454 5712 507.
2498 5639 2842 5712 lnterlocutio
2866 5641 3062 5696 similis
3087 5640 3431 5712 prtecedenti.

2328 5711 2454 5768 508.
2517 5711 2616 5767 Ubi
2645 5711 2910 5766 Catholici
2949 5711 3242 5782 provbcant
3271 5712 3580 5768 Donatistas
3619 5721 3678 5766 ut
3719 5725 3846 5766 cau-

2257 5797 2370 5838 sam
2399 5782 2596 5837 veteris
2621 5782 2828 5837 dissidii
2859 5782 3142 5838 fateantur.

2332 5851 2456 5908 509.
2499 5851 2598 5907 Ubi
2639 5852 2826 5908 dicunt
2863 5853 3152 5910 Donatista:
3182 5851 3490 5919 traditores,
3518 5853 3569 5909 id
3595 5860 3702 5916 est,
3732 5861 3847 5905 mu
