4130 6170
299 241 446 300 4453

1257 232 1488 292 ϐεὸΐΑ
1524 231 1983 291 COLLATIONiS
2019 229 2653 289 ρΑιιΤιιΑωΝεΝάιε.

3495 231 3628 293 ΙΞἹ

374 348 500 404 427.
534 346 940 404 Catholicorum
990 330 1297 416 prosecu'lio
1325 342 1526 416 similis
1556 343 1904 410 praecedenti.
1939 348 1987 410 Α
2017 355 2144 400 tunc
2169 355 2223 398 et
2251 347 2425 400 latere
2449 317 2608 398 facile
2631 343 2877 414 potuisse
2901 383 2914 408 ,
2941 342 3292 416 Cmcllianttm
3319 351 3497 416 autem
3526 363 3632 402 non

370 419 501 478 428.
536 420 886 476 lnterlocutio
911 417 1318 471 Catholicorum
1347 415 1490 466 dicta
1519 419 1868 468 confirmans.

370 491 502 546 4‘29.
541 491 639 547 Ubi
667 489 932 544 Catholici
968 489 1306 554 interrogant
1351 483 1661 538 Donatistae
1684 526 1699 550 ,
1734 496 1911 540 utrum

299 571 554 630 tempore
579 559 968 630 persecutionis
993 565 1192 627 negent
1219 554 1330 630 fieri
1353 555 1546 630 solere
1559 557 1835 630 collectas.

369 625 504 688 430.
539 625 936 686 Donatistarum
982 625 1290 698 prosecutio
1327 639 1451 693 quae
1496 625 1628 680 dicit
1666 626 1774 698 hoc
1819 628 1918 698 de:

296 713 511 758 cretum
543 702 684 772 quod
727 717 756 756 a
791 700 1076 772 duodecim
1116 697 1401 766 Episcopis
1441 697 1915 772 act_u_t_n_Catho!ici

297 768 802 845 protulerunt,_vel
832 773 958 825 hinc
980 771 1176 845 falsum
1192 781 1363 845 esse,
1388 769 1534 836 quod
1562 768 1669 845 illis
1700 775 1917 845 nonest

299 837 646 914 temporibus
683 842 914 914 factum,
945 841 1026 896 vel
1058 837 1219 914 quod
1230 837 1570 914 imperatore
1603 840 1653 892 in
1693 841 1917 908 propin-

340 908 435 970 uis'
454 914 768 986 regionibus
795 913 970 982 posito
998 908 1159 967 nemo
1188 909 1297 964 illic
1323 908 1554 964 auderet
1581 925 1916 980 congregare

329 987 635 1042 lonciliutn.

377 1057 511 1114 451.
548 1057 645 1113 Ubi
674 1052 938 1109 Catholici
982 1052 1208 1116 dicunt,
1243 1064 1469 1119 parvum
1520 1051 1916 1121 Episcoporum

305 1144 602 1186 numerum
634 1125 789 1180 facile
815 1135 943 1179 tunc
971 1123 1153 1194 colligi
1184 1122 1448 1190 potuisse.

380 1201 510 1254 452.
541 1195 940 1253 Donatistarum
970 1193 1037 1248 ad
1080 1193 1185 1250 ista
1215 1193 1522 1262 responsio.

379 1273 510 1326 455.
545 1269 645 1325 Ubi
677 1265 943 1321 Catholici
971 1271 1348 1319 conteStantur
1378 1277 1490 1317 non
1525 1264 1762 1330 permitti
1791 1278 1920 1319 suos

306 1343 462 1397 exire
487 1357 627 1412 quos
664 1338 729 1393 ad
775 1346 929 1412 gesta
968 1336 1239 1412 miserant
1265 1335 1593 1412 perferenda
1637 1335 1703 1389 de
1731 1337 1922 1407 Marty-

310 1414 466 1469 ribus
491 1406 545 1467 iit
574 1406 800 1466 collecta
821 1423 880 1462 se
909 1406 1071 1460 fuisse
1095 1407 1406 1460 fateuttbus.

381 1485 510 1539 454.
547 1482 648 1538 Ubi
688 1479 826 1535 ultro
853 1489 1007 1549 gesta
1038 1476 1332 1546 Martyrum
1361 1475 1660 1534 Donatistae
1685 1477 1923 1533 offerunt

312 1555 894 1680 re(4.3:?)dlaitoterloeutio
917 1619 1236 1688 praecipiens
1257 1616 1510 1672 eamdem
1539 1619 1777 1673 recitari.

387 1697 519 1752 456.
537 1694 640 1752 Ubi
666 1693 906 1750 recitatio
927 1693 994 1744 de
1019 1691 1188 1759 gestis
1211 1689 1438 1744 consule
1479 1698 1537 1744 et
1566 1689 1655 1743 die
1683 1689 1926 1759 flagitant

319 1733 756 1830 ῡοῖἔιῖίδτωιίιῖἶ
772 1767 931 1819 etiam
961 1733 1170 1815 de'ereti
1206 1760 1396 1830 consul
1430 1771 1484 1814 et
1530 1760 1646 1814 dies
1680 1733 1801 1814 coiit
1831 1777 1925 1816 eo-
1955 1733 2002 1793 Β

320 1838 574 1894 rumdem
603 1829 872 1906 gestorum
914 1831 1137 1906 consule
1183 1830 1267 1885 vel
1293 1829 1380 1906 die
1409 1831 1778 1906 conferantur.

395 1909 524 1964 457.
561 1902 898 1962 lnterlocutio
943 1917 1066 1972 quae
1114 1905 1252 1955 inter
1292 1902 1500 1972 decreti
1545 1913 1928 1972 gestorumque

321 1988 572 2047 tempora
601 1987 856 2047 quantum
885 1971 1098 2047 intersit
1117 2013 1132 2035 ,
1165 1971 1409 2047 inquirit.

395 2043 530 2105 458.
558 2043 659 2104 Ubi
689 2049 843 2102 aliter
869 2045 934 2100 de
963 2043 1250 2099 intervallo
1285 2043 1550 2111 temporis
1577 2045 1931 2112 pronuntian-

326 2121 476 2174 tibus
506 2118 830 2184 Catholicis,
860 2126 1118 2186 quantum
1162 2113 1468 2170 interfuerit
1495 2115 1674 2170 scriba
1704 2131 1932 2186 respon-

327 2192 428 2246 det
451 2191 559 2246 fil.

403 2194 669 2318 EQOUM
700 2258 751 2313 id
773 2257 840 2313 de
869 2273 974 2327 quo
1003 2255 1260 2324 temporis
1285 2257 1572 2311 intervallo
1598 2255 1754 2310 aliter
1777 2272 1808 2310 a
1827 2258 1932 2311 Ca-

329 2329 553 2386 tltolicis
598 2331 960 2384 renuntiatum
988 2327 1207 2393 fuerat,
1239 2328 1354 2382 tolli
1396 2328 1465 2381 de
1507 2327 1702 2382 tabulis
1746 2330 1933 2398 prohi-

329 2402 466 2459 bent
497 2402 808 2456 Dona-tistte.

402 2473 536 2528 440.
570 2471 666 2527 l‘bi
696 2471 797 2524 hoc
837 2469 1012 2538 ipsum
1043 2468 1308 2524 Catholici
1336 2478 1641 2536 excusant,
1676 2478 1732 2524 et
1760 2485 1934 2524 rema-

324 2559 466 2600 nere
499 2547 774 2612 patiuntur
805 2541 857 2596 in
887 2541 1106 2612 tabulis.

405 2607 536 2670 44f.
572 2612 674 2668 Ubi
721 2613 790 2667 de
841 2613 942 2666 hoc
985 2610 1108 2665 falsi
1164 2619 1354 2666 notant
1397 2607 1707 2666 Catholicos
1750 2612 1933 2667 Dona-

329 2688 496 2742 tistas.

402 2755 532 2810 442.
565 2753 968 2809 Catholicorum
1021 2752 1341 2823 responsio,
1387 2766 1492 2822 qua
1539 2763 1792 2807 asserunt
1837 2753 1938 2808 fal-

327 2843 449 2883 sum
479 2827 610 2880 illud
641 2826 747 2880 dici
776 2841 884 2880 non
917 2838 1077 2892 posse
1104 2827 1382 2878 decretum
1403 2864 1417 2887 ,
1451 2825 1552 2876 nisi
1588 2826 1938 2893 probaverint

328 2897 628 2953 Donatista:
659 2897 1051 2966 persecutionis
1077 2904 1320 2964 tempore
1362 2894 1620 2949 collectas
1661 2897 1780 2952 fieri
1826 2912 1934 2951 non

330 2971 530 3025 solere.
735 2985 742 2992 ·

405 3039 534 3096 445.
568 3037 884 3095 Prosecutio
915 3038 1311 3092 Donatistarum
1335 3077 1350 3102 ,
1382 3051 1488 3091 non
1525 3037 1761 3104 potuisse
1792 3039 1936 3102 Con-

2020 418 2114 470 illo
2157 417 2446 470 duodecim
2507 416 2884 484 episcoporum
2926 415 3190 481 decreto,
3238 415 3335 470 sed
3383 415 3634 470 Miltiadis

2021 488 2200 557 potius
2230 487 2538 539 absolutum
2574 500 2695 540 esse
2722 484 2946 553 judicio.

2091 557 2217 614 455.
2265 557 2367 613 Ubi
2401 558 2593 610 iterum
2631 557 2925 610 Donatist'c
2955 556 3271 612 Catholicos
3300 567 3496 628 cogunt
3521 557 3636 625 jac-

2021 638 2200 683 turam
2233 628 2407 697 ipsius
2437 628 2622 682 subire
2652 628 2877 682 decreti.

2093 699 2226 754 456.
2270 699 2372 755 Ubi
2412 699 2515 751 alia
2556 698 2880 752 documenta
2923 699 3262 764 Imperatorii
3287 698 3511 766 iudicati
3542 713 3632 754 su-

2023 785 2123 839 per
2151 771 2501 825 absolutione
2533 770 2804 823 Caeciliani
2838 772 3024 824 volunt
3053 769 3250 825 offerre
3279 767 3563 824 Catholici.

2097 839 2228 895 457.
2272 841 2626 895 lnterlocutio
2657 840 2709 895 id
2743 842 2916 908 ipsum
2953 843 3272 909 praeripit-ns
3301 843 3542 896 recitari.

2100 911 2231 965 458.
2279 911 2378 966 Ubi
2417 911 2641 978 exigunt
2678 926 2708 964 a
2745 911 2927 980 judice
2970 912 3293 975 Donatistae,
3339 923 3396 966 ut
3434 912 3502 966 de
3539 912 3639 967 de-

2025 983 2168 1034 creti
2204 983 2351 1036 illius
2389 980 2625 1036 falsitate
2657 983 2993 1048 pronuntiet.

2103 1051 2234 1124 459.
2277 1052 2661 1124 lnterlocutio,
2713 1054 2977 1109 claruisse
3024 1053 3092 1108 de
3137 1055 3305 1124 gestis
3350 1051 3463 1108 fieri
3513 1062 3640 1108 tunc

2029 1123 2280 1191 potuisse
2310 1123 2633 1177 Concilium.

2105 1192 2235 1249 460.
2281 1195 2594 1249 Prosecutio
2619 1193 3019 1249 Catholicorum
3041 1237 3054 1260 ,
3082 1209 3184 1263 qua
3209 1193 3512 1250 tacentibus
3534 1193 3640 1247 Do—

2031 1266 2251 1336 natistis
2269 1266 2566 1335 judicatum
2595 1267 2931 1320 Constantini
2962 1281 3127 1336 super
3153 1265 3496 1320 absolutione
3519 1264 3640 1318 Cae-

2027 1335 2214 1390 ciliani
2247 1336 2482 1391 offerunt
2514 1337 2870 1390 recitandum.

2103 1407 2230 1463 46f.
2281 1408 2595 1462 Prosecutio
2651 1407 3089 1472 Donatistarum,
3148 1420 3253 1475 qua
3303 1404 3639 1460 contendunt

2031 1477 2150 1534 fleri
2184 1490 2308 1534 tunc
2340 1496 2445 1533 non
2480 1479 2720 1548 potuisse
2749 1478 3049 1533 Concilium
3075 1520 3088 1542 ,
3125 1488 3178 1531 et
3209 1475 3408 1530 debere
3436 1475 3639 1530 Catho-

2030 1549 2164 1604 licos
2193 1551 2437 1618 ejusdem
2468 1547 2670 1604 decreti
2701 1547 3044 1617 disiiendium
3087 1549 3376 1601 sustinere.

2102 1617 2233 1674 462.
2275 1622 2623 1676 lnterlocutio
2666 1630 2792 1675 tunc
2820 1620 2886 1673 de
2917 1621 3018 1672 isto
3050 1619 3270 1672 decreto
3298 1617 3514 1671 enixius
3558 1618 3637 1670 lu-

2029 1693 2354 1761 quircudum
2397 1691 2598 1755 fuisse,
2641 1693 2684 1744 si
2729 1693 2779 1744 in
2825 1691 2926 1744 hoc
2953 1689 3230 1761 Caeciliani
3260 1688 3640 1761 absoltttio‘te-

2031 1757 2273 1830 neretur,
2310 1778 2452 1817 nunc
2484 1763 2788 1816 Donatistas
2814 1771 3001 1815 contra
3030 1759 3295 1828 judicium
3337 1757 3634 1830 Miltiadis,

2033 1835 2178 1889 aliud
2223 1827 2478 1904 oportere
2506 1833 2601 1904 fvel
2641 1833 2856 1897 dicere,
2899 1834 2981 1886 vel
3015 1827 3262 1900 proferre
3285 1869 3300 1894 ,
3333 1843 3441 1902 quo
3468 1827 3641 1882 Caeci-

2035 1906 2160 1958 liani
2191 1903 2460 1958 absolutio
2483 1903 2815 1958 destruatur.

2105 1975 2232 2031 465.
2279 1976 2590 2030 Prosecutio
2617 1975 3042 2034 Donatistarum,
3070 1987 3173 2041 qua
3203 1969 3641 2041 promittuntire-

2033 2061 2333 2118 sponsores
2378 2061 2437 2118 se
2479 2059 2599 2118 esse
2641 2055 2828 2118 contra
2868 2039 3131 2118 judicium
3175 2039 3640 2118 Miltiadiszlidem

2036 2114 2217 2172 tamen
2252 2117 2397 2172 illius
2429 2115 2806 2186 inquirendam
2839 2129 2960 2170 esse
2991 2114 3217 2168 decreti.

2106 2188 2235 2243 464.
2282 2181 2630 2242 lnterlocutio
2662 2189 2882 2256 exigens
2926 2186 3164 2238 intimari
3206 2181 3408 2256 aliquid
3450 2190 3641 2256 contra

2033 2261 2295 2326 judicium
2337 2259 2622 2323 Miltiadis,
2659 2267 2717 2312 et
2741 2251 2988 2326 j'udicans
3028 2256 3081 2309 in
3110 2255 3493 2326 persecutione
3523 2251 3643 2307 fieri

2041 2332 2283 2401 potuisse
2312 2329 2633 2401 Concilium.

2110 2401 2236 2456 46%.
2279 2399 2680 2455 Catholicorum
2729 2397 3042 2468 prosecutio
3076 2394 3440 2450 necessariam
3475 2392 3646 2448 fuisse

2037 2487 2258 2527 causam
2289 2487 2386 2525 cur
2417 2480 2543 2524 tunc
2581 2477 3045 2539 congregarentur
3077 2468 3350 2539 Episcopi.

2112 2541 2612 2599 466.1uterlocutio
2639 2535 2862 2609 exigens
2893 2548 3078 2592 contra
3108 2536 3385 2609 Caeciliani
3418 2535 3640 2590 absolu-

2039 2616 2243 2668 tionem
2274 2630 2303 2668 a
2336 2613 2625 2667 Donatistis
2657 2608 2858 2680 aliquid
2903 2608 3244 2677 responderi.

2114 2685 2241 2740 467.
2287 2685 2600 2739 Prosecutio
2648 2677 3050 2737 Donatistarum
3076 2719 3090 2742 ,
3122 2679 3368 2749 quamvis
3399 2677 3643 2749 collecta;

2044 2766 2172 2810 tttnc
2205 2757 2356 2810 facta:
2387 2757 2496 2809 sint
2532 2755 2724 2823 plebis,
2759 2763 2937 2806 tamen
2985 2747 3364 2821 episcoporum
3393 2747 3644 2804 contrahi

2041 2836 2170 2881 tunc
2201 2843 2304 2880 non
2337 2827 2573 2897 potuisse
2599 2823 2922 2879 Concilium.

2097 2897 2242 2954 ⁴468.
2287 2890 2632 2952 lnterlocutio
2681 2897 2906 2964 exigens
2962 2893 3265 2950 Donatistas
3313 2893 3494 2961 legere
3544 2890 3644 2944 ali-

2043 2970 2170 3039 quid
2202 2968 2670 3038 contrajudicium
2698 2966 2972 3020 Miltiadis.

2113 3039 2242 3096 469.
2285 3032 2599 3094 Prosecutio
2654 3039 3050 3093 Donatistarum
3071 3077 3086 3097 .
3116 3050 3222 3090 non
3252 3034 3496 3105 potuisse
3525 3032 3644 3105 cpi:

330 3112 515 3165 cilium
541 3125 609 3168 eo
635 3120 876 3179 tempore
901 3109 1362 3178 congregari,quo
1388 3102 1653 3177 Martyres
1684 3109 1736 3163 in
1767 3125 1937 3180 equu-
1964 3114 2010 3177 C
2041 3127 2238 3180 scopos
2255 3126 2382 3166 suos
2427 3111 2478 3164 in
2525 3125 2590 3164 co
2629 3109 2859 3163 crimine
2889 3107 3116 3162 alterum
3158 3102 3556 3168 condemnare,
3599 3102 3649 3158 si

333 3183 420 3238 leo
445 3181 845 3250 dependebant.

403 3249 532 3307 444.
567 3252 919 3308 lnterlocutio
967 3249 1371 3306 Catholicorum
1420 3257 1676 3320 repetens
1715 3253 1785 3306 ad
1831 3252 1935 3310 ista

337 3337 683 3392 responsum.

408 3395 536 3448 445.
574 3393 669 3466 Ubi
703 3392 973 3466 Catholici
994 3391 1327 3466 respondent
1350 3391 1511 3446 etiam
1537 3399 1783 3466 tempore
1813 3411 1936 3466 per-

335 3465 636 3520 secutionis
657 3473 861 3518 tantam
905 3464 1069 3518 fuisse
1089 3463 1528 3535 Christianorum
1558 3463 1892 3535 diligentiam
1921 3509 1936 3534 ,

337 3546 396 3590 ut
425 3538 476 3589 in
505 3535 818 3591 carceribus
842 3534 1100 3604 baptizati
1127 3534 1390 3606 Martyres
1421 3534 1940 3594 fecerintcollectas

339 3607 548 3676 plebis,
579 3606 748 3663 faetas
783 3622 852 3662 ex
876 3615 1150 3676 gestorum
1183 3621 1342 3676 posse
1385 3607 1705 3663 recitatione
1732 3612 1938 3665 clares-

338 3693 486 3732 cere.

411 3746 924 3818 446.'lnterlocutio
947 3787 960 3813 ,
992 3756 1145 3813 gesta
1169 3748 1490 3818 praecipiens
1516 3747 1757 3804 recitari.

411 3817 542 3874 447.
576 3819 676 3874 Ubi
711 3818 1252 3889 Donatisttedieuut,
1287 3817 1401 3874 lucc
1431 3824 1546 3887 ipsa
1578 3833 1636 3873 se
1664 3829 1814 3889 gesta
1843 3835 1942 3874 nu-

341 3905 439 4014 per
469 3890 732 4014 obtulisse
777 3888 1053 3946 recitanda
1083 3905 1201 3960 qua:
1244 3905 1386 3946 nunc
1415 3905 1447 3945 a
1476 3888 1771 3945 Catholicis
1813 3906 1942 3960 pro-

361 3975 494 4014 erun
527 3977 609 4014 ur.
1745 3996 1756 4002 νς

361 3969 609 4018 eruntur.
1745 3996 1756 4002 ης

412 4033 540 4088 448.
590 4031 724 4088 Item
777 4030 1024 4087 recitatio
1078 4041 1351 4103 gestorum
1410 4031 1608 4102 quibus
1661 4033 1940 4102 passiones

340 4103 638 4175 Martyrum
670 4103 1040 4175 continentur.

343 4175 356 4185 Χ
413 4172 540 4230 449.
577 4174 711 4230 ltem
738 4173 972 4228 offerunt
999 4174 1104 4227 alia
1139 4173 1428 4244 Martyrum
1467 4183 1614 4243 gesta
1637 4174 1939 4242 Catholici,

345 4245 488 4300 unde
509 4246 756 4302 collecta:
785 4245 956 4315 plebis
985 4255 1112 4299 tunc
1139 4244 1294 4300 facta:
1335 4245 1635 4300 doceantur
1659 4287 1675 4311 ,
1707 4257 1763 4302 et
1801 4247 1942 4301 rcci-

345 4327 551 4372 tantur.

416 4385 548 4443 450.
577 4385 925 4458 lnterlocutio
950 4397 1072 4454 quae
1101 4385 1291 4458 definit
1321 4401 1388 4440 ex
1421 4386 1740 4443 recitatione
1760 4397 1944 4458 gesto-

345 4473 467 4553 rum
501 4459 753 4513 collectas
789 4457 960 4527 plebis
990 4455 1379 4523 persecutionis
1423 4469 1666 4526 tempore
1695 4455 1944 4514 celebra-
1968 4491 2023 4553 Β

346 4539 450 4584 tas.

416 4598 548 4655 451.
593 4598 909 4655 Prosecutio
966 4597 1405 4668 Donatistarum,
1460 4613 1562 4668 qua
1610 4601 1944 4656 contendunt

344 4670 654 4725 Catholicos
701 4669 906 4725 decreti
961 4669 1117 4724 istius
1165 4667 1344 4724 facere
1389 4667 1590 4724 debere
1633 4672 1897 4739 jacturam
1924 4712 1940 4737 ,

344 4742 472 4822 quia
510 4756 616 4796 non
655 4743 826 4812 potuit
855 4753 981 4796 tunc
1025 4741 1334 4809 episcopale
1364 4740 1666 4797 Concilium
1712 4757 1942 4813 congre-

382 4827 487 4868 art.

344 4829 584 4956 833.43
625 4881 1260 4956 452.1uterloi-utioqum
1282 4881 1794 4956 drelinit,duodecim
1821 4883 1944 4956 Epi-

348 4954 546 5022 scopos
574 4957 624 5006 in
654 4969 810 5007 unam
838 4954 1058 5008 domum
1086 4964 1212 5007 tunc
1241 4955 1419 5021 colligi
1452 4958 1710 5022 potuisse,
1731 4955 1945 5025 quando

349 5025 796 5095 collectarplebis
824 5027 1033 5095 publice
1063 5025 1178 5079 fieri
1211 5036 1521 5094 potuerunt.

423 5096 550 5151 455.
594 5094 905 5150 Prosecutio
949 5097 1346 5151 Donatistarum
1369 5137 1383 5160 ,
1413 5112 1520 5166 qua
1549 5097 1726 5154 adhuc
1753 5099 1821 5154 de
1849 5098 1944 5154 de-

351 5168 488 5238 creti
519 5166 1115 5238 falsitateconteudnnt
1137 5208 1151 5232 ,
1181 5177 1235 5222 et
1261 5168 1433 5238 ipsius
1463 5169 1694 5224 decretis
1725 5181 1944 5226 senten-

353 5237 459 5294 tias
479 5246 533 5292 et
554 5238 715 5292 verba
738 5237 1055 5302 discutiunt,
1072 5248 1127 5292 et
1147 5237 1492 5294 (chilianum
1517 5250 1702 5294 contra
1725 5241 1951 5297 damna-

355 5321 504 5382 tores
534 5323 661 5362 suos
692 5310 782 5362 illo
811 5324 871 5366 se
896 5308 1125 5382 decreto
1147 5309 1336 5382 dicunt
1357 5310 1657 5382 defendere
1689 5315 1949 5382 potuisse,

355 5381 401 5435 si
432 5390 702 5434 constaret
733 5391 858 5435 tunc
889 5379 1085 5435 factum
1115 5379 1218 5435 hoc
1241 5381 1410 5436 fuisse
1434 5381 1733 5437 decretum.

428 5449 554 5505 454.
595 5449 947 5524 lnterlocutio
973 5461 1162 5524 contra
1192 5453 1591 5508 Donatistarum
1620 5457 1954 5524 prosecutio-

359 5537 523 5587 nem,
560 5535 678 5591 qua:
716 5522 845 5578 dicit
879 5521 1167 5580 duodecim
1213 5525 1497 5592 episcopos
1534 5535 1591 5580 et
1622 5521 1951 5596 congregari

437 5655 517 5730 (ι)
550 5653 616 5730 ln
643 5672 739 5730 ms.
768 5658 1229 5730 pronutttiantium
1266 5655 1556 5730 Catholicis
1584 5670 1840 5730 quantum
1871 5660 1955 5714 in-

363 5725 607 5785 terfuerit
637 5725 833 5796 scripta
864 5729 1190 5797 respondeat
1216 5742 1228 5779 :
1259 5725 1405 5783 nullo
1429 5743 1579 5786 sensu
1595 5725 1615 5798 ζ
1635 5741 1767 5788 recte
1787 5745 1956 5788 einen-

2039 3199 2110 3238 eo
2143 3184 2242 3252 ipsi
2276 3191 2596 3252 tenerentur
2621 3180 2864 3234 obnoxii.

2113 3246 2239 3310 470.
2271 3251 2675 3308 Catholicorum
2701 3253 2776 3306 de
2805 3250 3090 3320 scripturis
3133 3248 3419 3304 dominicis
3447 3247 3513 3301 ad
3547 3246 3646 3301 ista

2037 3341 2346 3392 responSto.

2113 3391 2242 3451 47l.
2284 3394 2630 3451 lnterlocutio
2670 3395 2895 3464 exigens
2933 3404 2988 3449 ut
3029 3405 3219 3448 contra
3249 3391 3644 3448 absolutionem

2041 3469 2316 3523 Caeciliani
2351 3466 2478 3534 quid
2513 3465 2836 3534 proferatur.

2112 3539 2241 3593 472.
2307 3531 2627 3594 Prosecutio
2681 3537 3080 3592 Donatistarum
3116 3578 3130 3602 ,
3184 3535 3534 3592 Caecilianum
3591 3531 3648 3602 in

2041 3611 2224 3684 Africa
2271 3611 2358 3664 ιιὺί
2402 3611 2687 3663 damnatus
2715 3609 2919 3684 fuerat,
2968 3608 3231 3684 debuisse
3253 3607 3504 3684 purgari;
3534 3601 3652 3684 Mil-

2042 3682 2206 3738 tiadis
2233 3691 2410 3735 autem
2440 3694 2537 3748 pro
2565 3695 2631 3734 eo
2659 3681 2983 3734 sententiam
3015 3695 3119 3733 non
3151 3675 3331 3733 valere
3353 3675 3375 3742 ,7
3411 3675 3534 3745 quia
3578 3675 3651 3728 si-

2043 3752 2159 3807 mili
2186 3753 2347 3803 etiam
2373 3751 2598 3805 crimine
2625 3751 2929 3803 tenebatur.

2118 3823 2246 3876 475.
2288 3822 2601 3876 Prosecutio
2621 3819 3022 3874 Catholicorum
3045 3820 3272 3888 exigens
3297 3817 3403 3871 hoc
3429 3810 3652 3885 probari

2044 3891 2188 3964 quod
2205 3892 2543 3964 Adefcrimine
2571 3890 2854 3964 Militiadis
2873 3891 3120 3946 dixerant
3154 3890 3466 3964 Donatistae.

2116 3961 2244 4017 474.
2287 3963 2633 4035 lnterlocutio
2670 3963 2960 4035 approbari
3003 3963 3323 4032 praecipiens
3363 3957 3508 4029 quod
3561 3957 3647 4012 in-

2047 4036 2288 4089 tenditur
2317 4034 2554 4090 Miltiadi.

2116 4105 2245 4161 475.
2289 4106 2603 4162 Prosecutio
2645 4105 3042 4162 Donatistarum
3068 4145 3086 4171 ,
3126 4119 3230 4175 qua
3267 4103 3336 4158 de
3387 4099 3644 4155 Miltiadis

2046 4177 2267 4231 nomine
2305 4178 2431 4246 quid
2470 4179 2540 4231 sit
2577 4185 2754 4230 actum
2777 4218 2790 4243 ,
2822 4177 3144 4246 probaturos
3171 4191 3230 4230 so
3259 4183 3530 4242 gestorum
3559 4184 3647 4224 re-

2043 4248 2304 4303 citatione
2345 4248 2679 4316 promittunt.

2117 4317 2247 4372 476.
2290 4311 2390 4374 Ubi
2419 4317 2685 4371 Catholici
2717 4324 2906 4386 petunt
2933 4315 3002 4371 de
3032 4316 3250 4370 nomine
3277 4311 3528 4368 Miltiadis
3559 4325 3650 4367 res

2044 4389 2311 4461 judicatas
2326 4388 2540 4461 debere
2570 4387 2818 4461 proferri.

2120 4460 2249 4514 477.
2295 4460 2394 4516 Ubi
2436 4453 2727 4514 DOttatistte
2767 4459 2954 4514 dicunt
2991 4472 3051 4514 se
3079 4458 3296 4527 scriptis
3344 4453 3524 4527 Optati
3555 4468 3652 4527 ca-

2049 4532 2234 4586 tholici
2287 4531 2530 4600 episcOpi
2581 4539 2976 4586 monstraturos
3043 4525 3391 4585 Caecilianum
3455 4525 3652 4580 Brixiae

2050 4604 2216 4659 fuisse
2243 4603 2575 4657 damnatum.

2057 4734 2064 4740 ,
2120 4673 2246 4730 478.
2291 4674 2672 4738 lnterlocutio,
2701 4671 2884 4743 Optati
2918 4671 3228 4729 testimonio
3255 4683 3399 4743 nunc
3428 4674 3611 4743 amoto
3633 4706 3650 4731 ,

2049 4739 2178 4802 illttd
2221 4749 2400 4815 potius
2433 4745 2578 4816 quod
2618 4739 2781 4815 super
2821 4745 3038 4800 nomine
3068 4741 3326 4798 Miltiadis
3357 4739 3652 4793 Donatistze

2051 4819 2412 4886 promiserant
2465 4816 2870 4887 proferendum.

2079 4887 2244 4970 L479.
2290 4887 2392 4943 Ubi
2425 4881 2718 4944 Donatista:
2746 4888 2928 4960 Optati
2955 4887 3143 4944 volunt
3171 4881 3538 4940 testimonium
3567 4893 3656 4936 re-

2045 4969 2222 5013 Cllal'l.

2114 5028 2243 5084 480.
2285 5028 2634 5087 lnterlocutio
2682 5046 2804 5100 quae
2855 5029 3125 5100 promittit
3173 5026 3655 5100 Optatiutestimo-

2045 5101 2194 5154 nium
2222 5101 2557 5173 recitandum
2580 5142 2594 5165 ,
2627 5103 2671 5155 si
2702 5096 2931 5171 primum
2963 5101 3108 5173 quod
3139 5108 3334 5154 contra
3362 5096 3656 5153 Miltiadem

2059 5175 2383 5241 promissum
2426 5170 2599 5226 fuerat
2631 5170 2905 5241 reeitetur.

2126 5241 2253 5298 481.
2299 5242 2611 5297 Prosecutio
2649 5240 3055 5297 Catholicorutn
3081 5282 3096 5307 ,
3129 5249 3316 5297 contra
3349 5239 3658 5294 eminentes

2057 5313 2783 5396 episcoporum_s_ententias
2837 5315 2993 5368 unius
3035 5312 3218 5384 Optati
3283 5310 3658 5366 testimonium

2057 5384 2260 5452 suscipi
2293 5399 2399 5440 non
2430 5384 2653 5441 debere.

2127 5456 2258 5512 482.
2303 5457 2700 5512 Donatistarum
2725 5456 3052 5526 prosecutio,
3075 5455 3302 5526 nimium
3330 5466 3514 5526 verum
3536 5461 3662 5504 esse

2060 5528 2202 5618 quod
2227 5538 2416 5583 contra
2436 5522 2744 5584 Catholicos
2767 5527 2996 5600 Optatos
3017 5525 3319 5583 catholicus
3348 5522 3504 5576 dixit.

2062 5663 2245 5786 «(latinam
2291 5679 2322 5716 a
2356 5660 2575 5718 Baluzio
2612 5679 2675 5718 ea:
2721 5665 2855 5735 Aug.
2900 5664 2953 5716 in
3001 5659 3199 5716 Brm’c.
3254 5653 3384 5710 Coll.
3435 5627 3537 5705 diei
3587 5652 3659 5720 5,
