4130 6170
535 213 557 284 ε
626 177 766 234 1255

1556 173 1816 241 ζῦΕδΤΑ
1857 171 2311 232 COLLATIONIS
2344 171 2968 232 CARTHAGINENSIS.

3731 185 3833 240 1256

696 290 824 346 485.
865 286 1262 359 Catholicorum
1306 265 1654 359 prosecutio:
1684 287 1864 358 Optati
1896 288 2093 358 scripta
2127 303 2223 359 pro
2251 291 2302 348 A
2399 288 2546 359 512.
2570 287 2970 359 Donatistarum
2997 283 3324 359 prosecutio,
3353 284 3469 359 ideo
3492 287 3557 343 ibi
3582 302 3671 344 non
3697 293 3833 347 teneri

627 361 910 428 scripturis
948 357 1224 414 canonicis
1252 372 1358 412 non
1393 356 1600 412 haberi.

597 450 602 455 ·
697 432 825 487 484.
868 430 1214 493 Prosecutio,
1265 443 1366 496 qua
1417 431 1639 498 exigunt
1686 429 1980 484 Donatista:
2029 439 2084 484 ut
2137 437 2227 484 aut

627 502 886 558 damnent
913 499 1174 556 Catholici
1204 499 1455 568 Optatum
1479 541 1494 565 ,
1526 510 1620 553 aut
1657 500 1928 568 patiantur
1957 501 2076 568 ejus
2119 509 2226 555 tes-

628 573 911 628 timonium
939 570 1153 626 recitari
1183 586 1288 641 quo
1311 571 1657 641 Czecilianum
1684 571 1878 626 Brixiae
1905 571 2033 626 dicit
2063 570 2227 626 fuisse

628 643 977 700 damnatum:
1019 650 1073 696 et
1112 640 1217 709 qua
1259 640 1555 696 admonent
1589 642 1862 711 jndicem,
1897 653 1957 697 ut
1996 642 2226 712 promis;

626 729 740 770 sam
782 722 960 769 teneat
999 713 1324 782 aequitatem.

697 784 823 840 485.
868 783 1215 839 lnterlocutio
1244 783 1437 836 similis
1464 783 1817 851 praecedenti.

697 857 824 913 486.
864 855 1262 911 Catholicorum
1305 857 1648 923 prosecmio,
1698 864 1886 909 contra
1933 853 2223 909 Miltiadem

628 927 830 984 debere
871 927 1177 980 Donatistas
1208 923 1454 993 proferre
1484 925 1696 995 aliquod
1723 926 2045 995 judicatum.

697 1000 828 1055 487.
872 997 1218 1051 lnterlocutio
1257 996 1450 1049 similis
1481 996 1828 1066 pra-cedenti.

697 1069 826 1126 488.
874 1068 974 1125 Ubi
1031 1066 1218 1121 dicunt
1274 1067 1570 1121 Donatista:
1623 1083 1728 1122 non
1781 1083 1901 1122 esse
1955 1067 2224 1137 prolixum

627 1139 1094 1213 quodrde_0ptato
1123 1137 1439 1213 desiderant
1468 1138 1703 1192 recitari.

699 1210 828 1267 489.
869 1208 1254 1273 lnterlocutio,
1287 1209 1533 1262 ordinem
1574 1209 1896 1264 servandum
1928 1223 2050 1264 esse
2089 1207 2225 1263 deﬁ-

629 1283 786 1338 niens
805 1323 822 1348 ,
855 1290 912 1336 ut
939 1281 1113 1350 primo
1139 1288 1328 1333 contra
1358 1279 1648 1334 Miltiadem
1677 1281 1916 1350 aliquid,
1949 1289 2132 1350 postea
2159 1279 2227 1334 de

629 1355 824 1424 Optato
855 1361 1113 1424 quantum
1148 1351 1454 1424 voluerint,
1489 1351 1761 1424 recitetur.

699 1424 825 1481 490.
871 1419 971 1478 Ubi
999 1431 1150 1493 gesta
1181 1423 1231 1475 in
1263 1421 1396 1493 urbe
1426 1421 1606 1475 habita
1639 1422 1874 1477 olfernnt
1908 1419 2221 1493 Donatistae.

700 1495 827 1550 491.
874 1493 972 1551 Ubi
1009 1491 1163 1562 gesta
1205 1491 1392 1546 eadem
1434 1492 1730 1547 recitantur
1767 1494 1960 1562 quibus
2000 1495 2050 1546 in
2093 1491 2226 1546 urbe

629 1567 800 1623 Roma
840 1582 868 1618 a
911 1565 1163 1620 nonnulis
1202 1562 1321 1616 aliis
1349 1571 1401 1616 et
1432 1578 1460 1616 a
1493 1564 1722 1632 quodam
1754 1565 2006 1620 Stratone
2045 1578 2224 1618 rerum

629 1638 1130 1694 Ecclesiasticarum
1173 1635 1390 1689 traditio
1434 1645 1737 1703 perpetrata
1769 1645 1872 1691 est.

703 1709 830 1764 492.
874 1706 1318 1777 lnterlocutioin
1335 1717 1448 1777 tam
1479 1707 1705 1775 prolixis
1735 1708 1904 1777 gestis
1947 1705 2080 1760 nihil
2109 1704 2224 1760 dic-

632 1788 742 1835 tum
775 1780 844 1834 de
876 1778 1094 1832 nomine
1121 1775 1394 1830 Miltiadis.

701 1851 830 1906 495.
876 1849 977 1906 Ubi
1020 1849 1206 1902 dicunt
1252 1847 1547 1901 Donatista:
1588 1849 1762 1904 adhuc
1805 1864 1864 1904 se
1911 1865 2016 1903 non
2045 1847 2230 1902 ﬁnisse

633 1929 802 1978 totum
833 1918 978 1990 quod
1007 1919 1367 1990 promiserant
1395 1918 1649 1974 recitare.

701 1991 829 2048 494.
852 1988 1271 2044 Ὀειιιιοιὶοοτυῐη
1316 1991 1621 2057 prosecutio
1660 2005 1762 2059 qua
1806 1989 2030 2058 prolixis
2067 1988 2231 2059 gestis

631 2077 693 2118 se
736 2061 1050 2132 patientiam
1103 2060 1401 2132 przgrhuisse
1444 2068 1728 2123 testantur,
1763 2070 1816 2114 et
1855 2061 1989 2114 nihil
2029 2075 2095 2113 ex
2137 2060 2232 2132 iis-

631 2129 754 2189 dem
785 2135 1070 2202 adversum
1104 2129 1395 2202 Miltiadem
1425 2145 1546 2202 esse
1574 2133 1840 2202 prolatum
1877 2133 2016 2202 unde
2046 2146 2107 2185 se
2131 2130 2225 2202 de-

631 2204 761 2260 bere
810 2205 876 2259 de
924 2200 1267 2257 absolutione
1314 2200 1622 2268 Caeciliani,
1674 2203 1837 2257 etiam
1888 2201 2230 2256 Constantini

631 2274 898 2344 Principis
931 2274 1111 2343 legere
1136 2271 1453 2344 judicatum.

703 2342 830 2402 495.
872 2342 1187 2400 Prosecutio
1218 2342 1620 2397 Donatistarum
1643 2383 1658 2408 ,
1689 2360 1792 2414 qua
1828 2351 2094 2399 testantur
2123 2351 2233 2396 tra-

629 2417 890 2472 ditionem
931 2431 990 2470 se
1026 2414 1191 2483 gestis
1234 2414 1501 2483 prioribus
1540 2416 1832 2483 recitasse,
1876 2425 1930 2470 et
1969 2415 2146 2469 adhuc
2173 2428 2232 2468 se

629 2488 831 2545 habere
855 2487 998 2554 quod
1025 2487 1221 2554 legant.

707 2504 831 2545 uere
894 2504 998 2542 uoa
1026 2504 1221 2554 tegant.

701 2559 827 2617 496.
855 2504 1256 2619 (interlocutio,
1302 2556 1407 2610 alia
1452 2555 1596 2612 circa
1642 2557 1894 2612 Miltiadis
1942 2571 2229 2624 personam

635 2631 850 2688 recitari
881 2639 1030 2702 gesta
1065 2628 1384 2702 permittens
1399 2668 1428 2702 _._
1450 2639 1505 2682 et
1543 2627 1840 2684 Catholicis
1878 2643 2140 2693 servans,
2175 2637 2232 2681 ut

629 2703 865 2760 recitent
887 2699 1078 2769 postea
1106 2699 1150 2752 si
1176 2699 1303 2768 quid
1331 2699 1514 2752 velint.
1897 2715 1910 2727 ι

702 2773 832 2828 497.
879 2772 974 2826 Hic
1021 2769 1278 2826 Catholici
1330 2770 1517 2823 volunt
1567 2783 1688 2824 esse
1739 2777 2027 2836 testatum,
2086 2769 2228 2839 quod

634 2859 739 2900 non
784 2843 1151 2910 expresserim
1207 2840 1542 2906 Donatistae,
1603 2841 1691 2896 tibi
1746 2842 2024 2912 superiora
2077 2851 2228 2910 gesta

631 2916 874 2972 confecta
926 2914 1053 2968 sint.

702 2987 829 3043 498.
873 2984 1216 3041 lnterlocutio
1269 2983 1594 3039 conﬁrmans
1647 2982 1791 3054 quod
1844 2999 1872 3036 a
1929 2981 2226 3037 Catholicis

633 3056 836 3112 dictum
867 3066 968 3111 est.

673 3057 836 3113 ictum
867 3066 968 3111 est.

702 3129 831 3184 499.
875 3128 1006 3183 Item
1049 3144 1076 3181 a
1120 3128 1416 3182 Donatistis
1445 3135 1595 3194 gesta
1624 3126 1728 3179 alia
1761 3127 2076 3190 recitantur,
2110 3124 2228 3193 qni-

631 3200 734 3256 bus
765 3207 886 3268 post
912 3199 1174 3256 redditam
1207 3197 1401 3270 agendi
1430 3197 1698 3252 licentiam
1739 3197 2108 3270 Christianis,
2141 3209 2229 3250 res

631 3267 889 3328 Ecclesia:
917 3287 1037 3342 qua:
1068 3267 1274 3326 tradita:
1305 3267 1516 3342 fuerant
1538 3309 1552 3333 ,
1584 3277 1968 3342 recuperantur
1990 3283 2038 3342 _a
2077 3267 2228 3342 Stra-

633 3350 760 3398 tone
813 3352 868 3399 et
895 3337 1108 3397 oft-teris
1137 3357 1272 3412 quos
1300 3341 1367 3394 ad
1401 3340 1452 3395 id
1483 3340 1753 3409 negotium
1801 3338 2067 3394 Miltiades
2108 3337 2226 3407 epi-

635 3425 833 3477 scopus
866 3413 1180 3467 destinarat.

705 3484 828 3539 500
875 3483 1220 3538 lnterlocutio
1241 3523 1255 3545 ,
1286 3481 1428 3545 quod
1457 3481 1619 3535 etiam
1647 3481 1882 3536 secunda
1911 3489 2062 3552 gesta
2093 3480 2226 3535 nihil

632 3552 702 3610 de
733 3562 884 3611 reatu
914 3553 1227 3608 contineant
1257 3552 1530 3607 Miltiadis.
1945 3615 1949 3618 _

704 3626 829 3684 501.
874 3624 974 3682 Ubi
1000 3633 1251 3680 asserunt
1274 3624 1564 3677 Donatista:
1590 3636 1713 3678 eum
1738 3622 2044 3678 Stratonem
2074 3623 2225 3692 quasi

633 3696 918 3752 diaconum
949 3713 976 3750 a
1010 3695 1245 3751 Miltiade
1275 3695 1538 3749 directum
1569 3694 1634 3748 ad
1665 3709 1752 3749 res
1786 3695 2040 3751 Ecclesiae
2073 3709 2228 3764 repe-

632 3767 826 3822 tendas
846 3809 861 3830 ,
893 3769 982 3830 qui
1016 3768 1288 3823 invenitur
1319 3775 1442 3822 ante
1471 3765 1773 3821 tradidisse.

895 3837 1021 3894 502.
1063 3838 1411 3892 lnterlocutio
1442 3839 1718 3906 postulans
1751 3837 1803 3892 id
1832 3837 2039 3892 doceri.

705 3907 830 3964 505.
848 3907 892 3962 Ι]
903 3909 951 3960 bi
974 3908 1230 3962 recitatur
1241 3923 1308 3962 ex
1330 3910 1516 3974 primis
1531 3909 1697 3976 gestis
1714 3907 1982 3962 Stratonis
2004 3922 2221 3961 nomen.

706 3978 833 4035 504.
902 3977 1247 4032 lnterlocutio
1303 3977 1578 4046 postulans
1632 3978 1913 4031 evidenter
1967 3978 2224 4042 ostendi,

632 4057 813 4106 utrum
844 4050 1063 4106 Straton
1095 4049 1150 4104 in
1180 4049 1372 4120 primis
1413 4048 1581 4118 gestis
1617 4046 1875 4104 diaconus
1920 4047 2083 4103 fuerit
2127 4063 2224 4103 no-

630 4121 887 4178 minatus.

702 4193 830 4250 505.
875 4193 975 4249 Ubi
1020 4193 1308 4247 Donatistae
1347 4206 1413 4244 ex
1459 4190 1561 4246 hoc
1599 4190 1731 4245 illud
1764 4189 2103 4250 interpretari
2135 4205 2227 4246 vo-

630 4265 748 4321 lunt
784 4265 858 4320 ibi
897 4267 1180 4319 diaconum
1222 4260 1580 4333 signiﬁcatum
1628 4261 1768 4331 quod
1821 4260 2008 4317 iisdem
2057 4263 2226 4333 gestis

629 4337 876 4392 hortator
905 4336 1333 4404 susperstitionis
1365 4332 1527 4387 fuerit
1565 4334 1897 4388 nominatus.

699 4407 826 4499 I1.5.06.
865 4405 1263 4499 ‘UbiDCathnl‘ici
1293 4420 1359 4459 ex
1400 4405 2222 4499 Donatistarum.pgosecutione
2247 4437 2298 4499 Β

627 4476 920 4546 colligunt,
963 4477 1078 4548 ﬁeri
1118 4477 1358 4548 potuisse
1397 4485 1455 4531 ut
1492 4477 1628 4531 alter
1667 4475 1829 4530 fuerit
1866 4476 2081 4531 Straton
2122 4490 2216 4530 su-

626 4549 959 4620 perstitionis
988 4547 1252 4602 hortator.

697 4619 821 4676 507.
867 4620 1267 4675 Donatistarum
1307 4625 1493 4674 contra
1526 4619 1630 4673 ista
1657 4617 1952 4672 contentio.

695 4693 821 4748 508.
863 4690 1210 4746 lnterlocutio
1238 4705 1343 4758 qua
1370 4689 1564 4743 dicitur
1593 4699 1817 4756 utraque
1843 4697 1991 4756 gesta
2021 4687 2212 4743 iisdem

624 4763 958 4833 temporibus
989 4761 1149 4827 facta,
1176 4772 1231 4833 et
1251 4761 1503 4815 debuisse
1535 4760 1839 4833 Stratonem
1864 4758 2055 4815 eodem
2087 4759 2214 4814 bor-

624 4831 811 4888 tatoi-is
849 4835 1068 4889 nomine
1097 4832 1384 4902 utrobique
1412 4831 1633 4900 signari.

695 4903 820 4959 509.
864 4904 995 4958 Item
1028 4902 1372 4958 interlocutio
1401 4919 1521 4972 qua:
1550 4901 1778 4968 requirit
1816 4910 2061 4969 apertum
2099 4902 2212 4956 cri-

624 4985 835 5098 mendet
863 4975 1198 5030 manifestam
1229 4974 1632 5030 damnationem
1661 4973 1914 5029 Miltiadis
1939 4988 2060 5029 esse
2093 4989 2212 5042 pro-

624 5059 751 5098 men
792 5059 900 5098 am.

623 5059 900 5100 mendam.

694 5116 800 5173 510
867 5113 1178 5172 Prosecutio
1215 5117 1611 5172 Donatistarum
1640 5158 1653 5182 ,
1703 5116 1951 5172 eumdem
2004 5117 2210 5173 Strato-

621 5201 746 5258 nem
795 5201 919 5244 esse
965 5188 1058 5254 qui
1104 5189 1278 5257 primo
1319 5189 1572 5254 tradidit,
1618 5199 1803 5258 postea
1851 5203 1935 5243 res
1979 5191 2218 5257 suscepit

621 5257 912 5323 Ecclesiae;
966 5273 1064 5312 nec
1116 5260 1306 5315 obesse
1358 5257 1627 5323 veritati,
1657 5260 1796 5330 quod
1846 5259 1921 5314 ibi
1971 5261 2213 5316 hortator

620 5330 1025 5401 superstitionis
1077 5339 1162 5383 est
1211 5331 1422 5399 dictus,
1474 5331 1598 5401 quia
1649 5332 1880 5400 gentiles
1934 5331 2209 5386 diabolum

620 5399 804 5471 dicere
833 5401 1156 5456 noluerunt:
1190 5407 1318 5455 tunc
1345 5401 1412 5455 de
1439 5399 1673 5456 Miltiade
1701 5410 1955 5470 oportere
1978 5402 2210 5471 judicari

621 5470 890 5529 Stratonis
929 5471 1203 5526 consortio
1241 5475 1528 5527 maculato.

692 5545 818 5599 511.
862 5541 1248 5608 lnterlocutio,
1305 5543 1518 5614 probari
1571 5553 1821 5614 oportere
1874 5542 2016 5613 quod
2070 5541 2210 5598 idem

620 5613 843 5686 Straton
888 5617 1045 5671 etiam
1082 5625 1207 5670 tunc
1235 5631 1265 5670 a
1295 5613 1528 5669 Miltiade
1569 5613 1809 5673 directus
1847 5617 1952 5682 sit,
1996 5615 2212 5686 quando

620 5685 815 5745 dicitur
847 5688 1152 5746 tradidisse.

2329 358 2648 413 vocabulum
2679 358 2934 412 Miltiadis
2960 355 3104 427 quod
3132 355 3308 427 adhuc
3347 358 3609 427 episcopus
3629 377 3716 415 non
3739 363 3839 418 luis-

2329 440 2445 502 set;
2493 428 2618 485 hinc
2659 439 2840 502 autem
2888 425 3180 502 Miltiadem
3222 425 3389 502 fuisse
3409 425 3692 502 pollutum,
3727 434 3836 502 quod

2333 499 2645 554 traditotem
2670 500 2980 554 Stratonem
3012 497 3065 551 in
3096 512 3318 552 numero
3342 497 3514 554 habuit
3533 497 3835 558 diaconorum.

2402 572 2526 626 515.
2571 571 2918 625 lnterlocutio
2961 567 3352 638 pronuntians,
3395 580 3562 639 partes
3596 587 3732 642 agere
3766 574 3838 631 de-

2331 642 2463 714 bere
2487 658 2613 714 quae
2641 649 2980 714 competunt.
3016 710 3024 714 Α
3089 710 3120 714 Η
3175 676 3182 684 .

2402 709 2528 767 514ζ
2570 709 3336 775 ProsecntioCatholicorum,
3357 709 3460 766 duo
3481 711 3726 770 Stratones
3747 723 3841 772 tunc

2329 798 2452 840 esse
2501 785 2778 854 potuisse,
2830 796 2933 837 nec
2978 781 3346 854 abhorrereha
3394 785 3763 854 consuetudine.
3802 798 3843 843 ut

2331 855 2440 910 duo
2472 851 2577 908 uno
2618 853 2839 908 nomine
2883 863 3228 909 censeantur.
3270 851 3546 908 Miltiadem
3584 871 3694 910 vero
3727 872 3839 913 reum

2331 941 2452 981 esse
2501 941 2604 979 non
2656 939 2852 995 posse,
2902 923 3009 978 nisi
3052 921 3388 978 traditionem
3435 923 3679 982 Stratonis
3715 929 3842 984 scisse

2330 997 2611 1051 doceatur.
3743 1033 3747 1040 .

2402 1065 2528 1123 515.
2571 1065 2914 1122 lnterlocutio
2966 1064 3121 1137 inter,
3155 1065 3428 1134 episcopos
3473 1065 3595 1122 nihil
3636 1068 3840 1137 suspicio-

2330 1137 2490 1193 nibus
2524 1137 2892 1202 actitandum,
2938 1144 2994 1191 ct
3036 1136 3238 1191 debere
3282 1137 3599 1193 Constantini
3638 1136 3842 1209 judicium

2331 1210 2568 1264 recitari.

2403 1280 2530 1335 516.
2572 1279 2837 1334 Recitatio
2881 1277 3066 1350 jndicii
3114 1277 3478 1346 Constantini,
3520 1293 3615 1350 quo
3652 1281 3766 1350 apud
3800 1296 3842 1337 se

2331 1365 2544 1418 quoque
2569 1351 2920 1405 Caecilianum
2953 1348 3124 1404 fuisse
3152 1358 3427 1419 purgatum
3457 1348 3566 1420 post
3588 1348 3840 1407 Arelatense

2330 1420 2628 1476 Concilium
2650 1463 2664 1487 ,
2700 1419 2967 1488 signiﬁcat
3000 1422 3313 1490 Imperator.

2403 1491 2528 1548 517.
2571 1493 2921 1546 lnterlocutio
2949 1508 3069 1557 quae
3096 1492 3344 1546 admonet
3379 1491 3655 1548 Donatistas
3674 1535 3686 1556 ,
3710 1501 3840 1547 utrum

2329 1573 2518 1617 contra
2553 1563 2669 1618 haac
2700 1563 2932 1618 habeant
2958 1563 3160 1630 aliquid
3193 1563 3538 1618 recitandum.

2403 1633 2529 1688 518.
2555 1634 2657 1690 Ubi
2689 1635 2876 1688 dicunt
2907 1636 3102 1689 iterum
3136 1633 3425 1689 Donatista!)
3447 1634 3707 1690 Miltiadem
3727 1635 3839 1690 Stra-

2257 1677 2306 1737 B
2335 1677 2775 1760 toriis’so‘cie-tate
2802 1677 3090 1774 polluinm.

2406 1777 2532 1832 519.
2575 1777 2924 1830 Interlomitio
2954 1776 3147 1830 similis
3191 1775 3527 1845 praecedenti.

2404 1848 2530 1901 520.
2574 1846 2673 1903 Ubi
2702 1848 2887 1902 dicunt
2919 1847 3212 1902 Donatista:
3232 1889 3247 1910 ,
3284 1847 3469 1902 falsum
3499 1861 3608 1902 esse
3639 1847 3837 1917 judicium

2331 1918 2669 1974 Constantini
2699 1918 2920 1973 auribus
2962 1918 3287 1973 intimatnm.

2405 1989 2531 2045 521.
2573 1990 2921 2044 lnterlocutio
2947 2031 2962 2056 ,
3002 1990 3147 2060 quod
3195 1991 3335 2045 inter
3382 2000 3551 2060 partes
3591 1990 3837 2045 sententiain

2334 2061 2519 2116 tulerit
2545 2062 2859 2130 Imperator.

2405 2131 2531 2185 522.
2573 2131 2674 2187 Ubi
2708 2133 2809 2186 hoc
2840 2133 2942 2202 legi
2971 2131 3282 2187 desiderant
3317 2132 3609 2188 Donatistae.

2405 2203 2534 2258 525.
2580 2203 2964 2267 lnterlocutio,
3009 2204 3112 2258 hoc
3151 2205 3325 2269 ipsum
3375 2203 3683 2274 signiﬁcans,
3721 2209 3761 2256 et
3790 2214 3836 2254 ex

2333 2276 2598 2343 rescripto
2637 2273 2907 2343 Principis
2935 2275 3183 2344 superius
3215 2273 3457 2329 recitato.

2405 2344 2532 2399 524.
2579 2344 2676 2401 Ubi
2722 2347 3012 2400 Donatistis
3057 2348 3250 2400 volunt
3291 2361 3410 2401 esse
3449 2354 3669 2400 testatum
3694 2344 3733 2397 in
3774 2356 3837 2396 re-

2337 2415 2541 2483 scripto
2584 2415 2849 2486 Principis
2887 2432 2985 2472 nec
3023 2417 3163 2470 diem
3193 2432 3317 2472 esse
3345 2433 3444 2472 nec
3471 2416 3728 2472 con~nleni.

2406 2488 2532 2543 525.
2575 2487 2677 2542 Ubi
2719 2488 3048 2558 respondent
3073 2487 3335 2558 Catholici
3359 2529 3374 2554 ,
3406 2499 3459 2545 et
3488 2489 3657 2543 lectum
3682 2500 3772 2540 esse
3792 2498 3835 2538 ex

2333 2559 2598 2626 rescripto
2627 2558 2768 2614 diem
2790 2557 2821 2624 ,ί
2839 2570 2893 2612 et
2925 2561 3114 2614 iterum
3146 2557 3385 2614 offerunt
3414 2570 3468 2613 ut
3496 2560 3691 2628 legatur.

2403 2630 2531 2684 526.
2574 2629 2889 2685 Prosecutio
2917 2629 3320 2685 Donatistarum
3340 2672 3356 2699 ,
3387 2630 3521 2686 lecto
3546 2629 3623 2684 die
3649 2643 3732 2682 non
3755 2639 3838 2680 esse

2335 2701 2616 2777 consulem
2660 2701 2878 2777 lectum.
3067 2773 3080 2777 _
3127 2774 3136 2777 _
3499 2773 3509 2777 _
3763 2767 3771 2777 .

2405 2769 2532 2844 527.
2573 2771 2975 2844 Catholicorum
3015 2773 3081 2827 ad
3126 2774 3227 2828 ista
3272 2773 3574 2844 restionsio,
3601 2780 3644 2824 et
3672 2778 3718 2822 ut
3739 2765 3837 2820 side

2333 2843 2598 2921 rescripto
2641 2843 2937 2911 dubitatur,
2977 2844 3328 2900 archivorum
3373 2845 3662 2914 inspiciatur
3701 2850 3836 2893 aucto-

2332 2925 2486 2966 ritas.
2916 2965 2920 2980 ἱ

2404 2984 2529 3058 528.
2573 2976 2959 3058 lnterlocutio,
3004 2988 3290 3058 imperiale
3323 2987 3626 3058 rescriptum
3647 2983 3715 3036 cui
3740 2976 3837 3033 desit

2254 3055 2299 3118 C
2332 3055 2523 3109 consul
2564 3066 2618 3108 et
2658 3056 2778 3111 dies
2798 3099 2812 3122 ,
2847 3059 2898 3112 in
2927 3057 3151 3114 dubium
3181 3061 3428 3115 revocari
3460 3055 3557 3113 non
3587 3067 3733 3123 posse.

2405 3127 2530 3182 529.
2573 3127 2674 3183 Uhi
2720 3129 3022 3200 Donatistre
3059 3140 3366 3199 queruntur
3402 3122 3677 3200 episcopale
3705 3122 3836 3200 decre-

2335 3206 2444 3250 tum
2483 3201 2732 3268 superius
2759 3215 2786 3251 a
2814 3190 3107 3254 Catholicis
3145 3217 3274 3257 cum
3327 3190 3542 3258 consule
3577 3190 3683 3252 esse
3715 3190 3839 3268 proli}-

2333 3275 2485 3350 "1"}.
2531 3260 2585 3352 ςὲι
2627 3285 2766 3324 nunc
2805 3269 3154 3341 Imperatoris
3197 3274 3482 3344 epistolam
3535 3271 3638 3325 sine
3677 3260 3837 3320 consule

2330 3350 2565 3394 recitari.

2403 3411 2527 3465 550.
2575 3411 2674 3467 Ubi
2715 3411 2980 3467 Catholici
3026 3426 3330 3482 provocant
3372 3413 3675 3474 Donatistas,
3713 3413 3758 3458 ut
3785 3401 3838 3455 di-

2330 3493 2468 3557 cant
2488 3483 2677 3557 falsam
2705 3498 2827 3539 esse
2857 3483 3209 3557 Imperatoris
3241 3487 3538 3557 epistolam.

2403 3554 2528 3608 551.
2576 3553 2674 3609 Ubi
2707 3549 2978 3623 postulant
3005 3549 3303 3614 Donatistae
3325 3601 3338 3624 ,
3373 3569 3423 3612 ut
3450 3553 3582 3623 quod
3605 3549 3690 3606 sibi
3711 3555 3836 3602 serva-

2331 3624 2681 3701 ‘U'I‘luerfn,
2715 3626 2782 3701 de
2811 3629 3007 3701 Optato
3041 3628 3323 3701 proferant
3364 3628 3646 3701 lectionem.
3707 3690 3716 3701 ο
3767 3686 3774 3696 ,

2401 3695 2529 3769 552.
2586 3696 2979 3763 lnterlocutio,
3037 3699 3243 3756 debere
3297 3695 3838 3769 reSpnndereprinntus

2330 3765 2643 3841 Donatistas
2666 3809 2680 3833 ,
2721 3777 2902 3841 utrum
2945 3761 3073 3841 falsa
3105 3773 3176 3826 sit
3200 3761 3542 3841 Imperatoris
3569 3761 3781 3836 epistola,
3802 3761 3839 3810 el

2330 3837 2665 3914 ita__t_ietni_i_m_
2681 3838 2896 3894 recitari
2924 3840 3007 3914 de
3021 3841 3218 3908 Optato
3248 3837 3389 3914 quod
3415 3841 3591 3914 velint.

2399 3909 2524 3963 555.
2568 3909 2666 3966 Ubi
2708 3921 2956 3966 asserunt
2985 3903 3284 3968 Donatista;
3312 3912 3587 3968 Caeciliano
3613 3903 3721 3961 nihil
3747 3911 3832 3967 W'O'

2327 3976 2488 4033 desse
2516 3981 2838 4052 rescriptum
2863 4024 2877 4046 ,
2908 3984 3028 4052 quia
3060 3984 3337 4039 invenitur
3368 3994 3542 4052 postea
3580 3975 3832 4034 condemna-

2331 4058 2421 4126 tus
2435 4067 2465 4126 :_
2482 4062 2552 4126 _et
2572 4051 2685 4126 hoc
2716 4051 3151 4126 voluntrecitata
3177 4051 3605 4126 Optati’lectione
3628 4053 3835 4126 cogente:

2397 4121 2526 4176 554.
2572 4121 2670 4178 Ubi
2715 4121 2978 4180 Catholici
3027 4116 3426 4188 contesiantur,
3472 4119 3602 4194 quod
3643 4116 3724 4170 sibi
3762 4122 3837 4163 ηοη

2327 4191 2899 4269 obsi_t__error_0ptati:
2929 4197 3029 4269 legi
3060 4207 3242 4254 tamen
3275 4189 3540 4269 patiuntur
3563 4189 3815 4269 Optatum;

2402 4263 2528 4388 555.
2571 4263 2672 4321 Ubi
2715 4257 2900 4336 postea
2943 4257 3148 4322 consul
3205 4257 3475 4325 invenitur
3501 4257 3732 4332 Imperiali
3757 4263 3836 4318 ενι·

2402 4351 2411 4386 l
2435 4354 2500 4388 (19.

2325 4341 2500 4390 stolae.

2397 4406 2522 4461 556.
2564 4406 2669 4463 Ubi
2697 4408 2764 4463 de
2795 4407 2993 4478 Optato
3022 4409 3185 4466 lectio
3217 4413 3490 4467 recitatur.
3619 4473 3642 4478 _
3811 4460 3819 4471 ,

2396 4478 2523 4552 557.
2564 4478 2680 4552 Non
2709 4467 2920 4534 inventa
2950 4484 3000 4535 itt
3025 4482 3224 4552 Optato
3251 4479 3586 4552 damnatione
3609 4467 3836 4552 Cfcc’iiiﬁllh

2319 4547 2413 4604 sed
2445 4550 2747 4605 retentione
2772 4553 2912 4621 apud
2945 4540 3177 4607 Brixiatn
3212 4550 3587 4621 temperantins
3611 4545 3670 4600 ab
3690 4540 3835 4608 οΡ¹³¹⁰

2321 4633 2444 4675 esse
2469 4621 2679 4676 dictum
2709 4636 2960 4677 asserunt
2991 4623 3307 4680 Donatistae.

2393 4689 2519 4747 558.
2542 4675 2957 4759 ίΙηιειοΙοᾷιᾸίὶὸῖ
2975 4675 3510 4751 άθιίέἶὲῄὁδέιειίςιαε
3535 4687 3616 4760 qui

2319 4766 2503 4840 tatum_
2537 4755 2941 4840 temperantius'
2977 4768 3221 4840 posuisse
3281 4755 3568 4840 dixerunt;
3599 4755 3837 4840 evidenti?!

2319 4835 2619 4902 approbare
2653 4822 3011 4890 'Caecilianutii
3059 4838 3127 4892 ab
3173 4838 3499 4908 Imperatore
3544 4822 3688 4885 fuisse
3727 4822 3837 4874 dalll‘

2319 4914 2522 4958 natum.

2391 4975 2514 5030 559.
2559 4976 2875 5035 Prosecntio
2906 4980 3299 5035 Donatistarum
3321 5020 3335 5046 ,
3379 4992 3479 5048 qua
3517 4974 3680 5030 dicunt
3713 4962 3835 5017 alium

2319 5045 2604 5122 C8§:t2_n0tl
2637 5049 2803 5108 fuisse
2837 5052 3126 5106 Donatum.
3322 5045 3327 5046 γ
3397 5045 3429 5122 ’γ
3640 5111 3684 5122 ..

2390 5116 2517 5191 540.
2556 5121 2955 5178 Catholicorum
2977 5123 3042 5178 ad
3071 5126 3167 5178 ista
3189 5121 3468 5191 responsio
3486 5160 3501 5184 ,
3526 5111 3652 5186 quod
3675 5111 3716 5163 in
3736 5111 3834 5191 a_C_l|$

2319 5187 2574 5262 Miltiadis
2593 5193 2842 5262 Donatus
2873 5194 3124 5248 Casensis
3164 5182 3719 5262 evidenterespressus.
3740 5182 3806 5262 Si}:

2391 5261 2518 5316 541.
2561 5261 2658 5319 Ubi
2689 5265 2978 5320 Petilianns
3003 5266 3304 5336 Episcopus
3326 5261 3488 5334 partis
3513 5256 3679 5336 Donati
3707 5256 3834 5315 imI’e’

2319 5331 2896 5408 dinienlqraucedinis
2921 5331 3082 5408 agere
3108 5353 3166 5392 se
3193 5331 3298 5390 rion
3328 5331 3480 5408 passi:
3509 5335 3725 5408 tes'lzlltl‘fo

2393 5402 2522 5458 542.
2549 5404 2665 5480 _Ub_i
2702 5396 2983 5480 Catholici
3007 5417 3294 5480 testantur,
3329 5396 3456 5458 ideo
3492 5413 3547 5480 se
3572 5396 3827 5480 Bellii=liffl_'ﬂ

2321 5475 2654 5544 excusationi
2704 5477 3026 5534 subtrahere
3073 5463 3346 5542 voluisse,
3395 5471 3528 5544 quod
3566 5468 3614 5523 ei
3650 5463 3831 5521 Dona!"S

2319 5543 2575 5620 Casensis
2598 5561 2663 5601 ex
2691 5550 2859 5620 gestis
2889 5553 3166 5606 evidenter
3191 5543 3438 5620 oStensus
3470 5549 3566 5596 est.
3649 5607 3660 5620 _
3716 5595 3778 5620 με

2389 5617 2514 5690 515.
2556 5604 2938 5686 Ιηῑθτῖοουιίυί,
2961 5604 3341 5690 curn—septeni
3372 5615 3574 5672 adstettt
3592 5653 3606 5681 ,
3632 5607 3690 5665 de
3713 5604 3826 5658 illiills

2317 5686 2531 5747 defectu
2559 5691 2832 5761 querelam
2861 5707 2982 5752 esse
3007 5709 3186 5767 posse.
