4130 6170
555 229 699 288 1259

1529 216 1758 276 GESTA
1797 212 2255 275 COLLATIONIS
2293 214 2921 283 CARTHAGINENSIS.

3664 238 3773 299 1260

558 343 806 402 Petronio
829 351 874 398 et
899 339 1086 395 Libosp
1108 335 1423 400 ducenariis,
1456 332 1732 405 Bonifacio
1759 341 1807 388 et
1836 329 2026 385 Evasio
2051 345 2150 400 ap-
2178 333 2235 396 Α
2256 336 2514 406 cognitio,
2541 339 2610 396 ab
2636 340 2889 397 omnibus
2914 340 3328 411 possitadverti,
3353 343 3467 402 licet
3487 359 3590 406 eam
3607 357 3770 411 cunctis

559 437 870 512 paritoribus
886 433 1164 488 illustrium
1181 439 1330 501 atque
1353 427 1685 483 eminentium
1709 435 2038 498 potestatum,
2065 421 2161 477 Fi-

559 536 661 591 leto
685 525 1209 604 apparitoreillustris
1236 524 1486 579 comitivce
1504 523 1637 578 sedis
1668 520 1768 596 (3),
1801 519 2033 576 Exitioso
2065 518 2163 572 ad-

552 632 731 701 jutore
761 620 1069 678 corniculari
1091 659 1108 687 ,
1141 616 1386 673 Possidio
1406 658 1421 682 ,
1455 613 1810 682 Quodvultdeo
1847 623 1893 668 et
1916 611 2160 667 Colonico

559 718 887 792 adjutoribus
912 713 1394 770 commentariorum
1430 709 1597 780 Ofﬁcii
1627 726 1680 764 ι).
1711 724 1765 785 N.
1799 723 1852 762 ν.
1887 723 1937 764 c.
1981 716 2027 761 et
2048 722 2164 778 spe-

559 811 762 868 ctabilis
784 806 1105 882 proconsulis
1133 803 1357 877 Navigio
1379 803 1615 874 adiutore
1631 817 1960 857 numerorum
1998 799 2163 870 Olj‘icii

560 923 613 962 υ.
638 921 689 960 Ν.
721 919 775 959 v.
805 918 856 958 c.
890 909 936 955 et
959 898 1250 970 spectabilis
1290 897 1465 952 vicarii
1487 938 1501 964 ,
1540 895 1770 966 Nampio
1797 893 1964 949 scriba
1999 894 2165 964 Oﬂicii

558 1012 698 1054 νηί.
732 995 886 1066 legati
918 993 1070 1048 alme
1105 989 1436 1060 Carthaginis
1459 1030 1474 1057 ,
1514 987 1798 1058 Ruﬁniano
1826 986 1992 1041 scriba
2025 1001 2080 1040 ν.
2106 999 2156 1039 c.

560 1091 809 1147 curatoris
857 1087 1006 1142 celstc
1046 1083 1399 1155 Carthaginis,
1431 1079 1796 1152 accipientibus
1824 1080 1978 1135 etiam
2008 1076 2164 1132 Hila—

555 1204 616 1242 ro
642 1195 688 1241 et
715 1182 1034 1238 Praetextato
1054 1175 1404 1248 exceptoribus
1431 1193 1482 1231 ι).
1517 1191 1571 1230 1v.
1603 1190 1654 1229 v.
1681 1189 1733 1229 c.
1785 1183 1830 1228 et
1868 1170 2165 1244 spectabilis

560 1274 907 1349 proconsulis,
936 1271 1102 1326 Fabia
1151 1277 1418 1339 exceptare
1445 1284 1497 1323 ι).
1523 1282 1579 1322 1v.
1613 1281 1668 1320 ν.
1701 1281 1751 1320 c.
1782 1273 1830 1319 et
1869 1261 2162 1334 spectabilis

557 1371 758 1437 vicarii,
789 1378 836 1424 et
857 1365 1082 1421 Romulo
1111 1370 1378 1434 exceptare
1406 1375 1460 1415 v.
1493 1375 1545 1416 c.
1572 1359 1725 1430 legati
1755 1357 1908 1412 alnus
1934 1353 2159 1410 Cartha—

555 1465 713 1539 ginis,
739 1459 1108 1534 excipientibus
1135 1471 1336 1528 quoque
1365 1453 1626 1509 Januario
1653 1460 1696 1507 et
1732 1449 1905 1504 Vitale
1947 1448 2161 1503 notariis

556 1559 805 1616 Ecclesia:
827 1554 1094 1610 catholica:
1120 1569 1139 1619 ;
1193 1549 1394 1605 Victore
1422 1558 1468 1602 et
1507 1545 1778 1602 Cresconio
1807 1543 2022 1598 notariis
2061 1540 2164 1594 Ec-

560 1653 730 1708 clesia:
766 1648 1198 1709 Donatistarum,
1247 1641 1408 1697 Ursus
1443 1638 1751 1694 ducenarius
1776 1635 2060 1691 illustrium
2081 1648 2163 1687 at—

2261 427 2563 486 innotuisse
2583 440 2665 486 sat
2691 432 2894 510 clarum
2914 433 3002 488 sit.
3038 432 3293 490 Martialis
3317 448 3537 510 exceptor
3570 444 3770 502 recitauit.

2333 521 2388 576 4.
2473 521 2833 594 Imperatores
2887 523 3131 584 Caesares
3181 527 3392 586 Flavius
3444 532 3678 593 llonorius
3733 547 3778 595 et

2265 613 2604 672 Theodosius
2629 618 2741 687 pii,
2774 618 2958 676 felices
2983 660 2996 685 ,
3030 620 3261 678 victores
3285 664 3298 689 ,
3329 638 3389 680 ac
3421 625 3780 699 triumphatores

2264 723 2480 780 semper
2508 708 2756 781 Augusti,
2782 709 2964 769 Flavio
2987 713 3293 770 Marcellino
3314 730 3405 772 suo
3425 718 3644 777 salutem.
3669 722 3779 779 inter

2265 800 2479 871 imperii
2506 805 2674 859 nostri
2706 805 2970 862 maximas
2998 822 3176 876 curas,
3219 809 3495 868 Catholicae
3521 811 3639 883 legis
3663 830 3783 872 reve-

2264 894 2462 962 rentia,
2491 904 2584 950 aut
2610 896 2788 967 prima
2816 912 3054 967 semper,
3087 908 3178 956 aut
3205 902 3315 956 sola
3345 912 3457 959 est:
3489 919 3642 976 neque
3665 907 3782 963 enim

2266 985 2412 1042 aliud
2443 996 2535 1042 aut
2558 987 2685 1045 belli
2716 989 2993 1047 laboribus
3022 993 3231 1065 agimus
3255 1037 3270 1063 ,
3317 1004 3403 1051 aut
3427 997 3562 1068 pacis
3589 999 3786 1056 consiliis

2267 1079 2618 1150 ordinamus,
2673 1083 2778 1139 nisi
2829 1092 2888 1140 ut
2913 1101 3098 1142 verum
3143 1087 3236 1143 Dei
3279 1087 3471 1144 cultum
3497 1091 3627 1147 orbis
3651 1091 3786 1147 nostri

2267 1173 2422 1244 plebs
2449 1174 2644 1232 devota
2670 1177 2978 1246 custodiat,
3022 1189 3079 1236 ut
3105 1181 3266 1238 etiam
3295 1183 3580 1240 Donatistas
3606 1185 3677 1241 vel
3701 1194 3789 1242 ter-

2265 1281 2391 1322 rore
2419 1267 2506 1324 vel
2534 1271 2743 1325 monittt
2767 1271 2897 1327 olim
2933 1272 3156 1344 implere
3187 1285 3538 1343 convenerat,
3579 1277 3656 1348 qui
3679 1275 3788 1333 Alri-

2267 1374 2385 1416 cam
2411 1403 2426 1429 ,
2456 1360 2559 1417 hoc
2582 1371 2684 1428 est,
2719 1363 2870 1434 regni
2898 1365 3068 1420 nostri
3097 1367 3381 1422 maximam
3414 1375 3621 1439 partem,
3643 1376 3688 1424 et
3708 1382 3789 1424 sa:-

2267 1456 2538 1513 cularibus
2565 1457 2760 1515 ofﬁciis
2785 1458 3020 1518 ﬁdeliter
3046 1463 3394 1532 servientem,
3425 1478 3552 1518 vano
3575 1477 3729 1519 errore
3747 1471 3788 1517 et

2267 1550 2604 1607 dissensione
2624 1552 2895 1620 superﬂua
2925 1553 3260 1610 decolorant.
3307 1554 3414 1614 Nos
3452 1563 3615 1610 tamen
3641 1555 3792 1611 eadem

2266 1640 2600 1713 frequentius
2629 1661 2736 1700 non
2771 1650 2915 1718 piget
2944 1648 3207 1718 replicare
3232 1687 3248 1715 ,
3288 1665 3405 1721 quae
3442 1649 3655 1704 omnium
3679 1657 3790 1704 retro

556 1763 652 1819 que
680 1743 1006 1801 eminentium
1039 1746 1362 1810 potestatum,
1399 1735 1531 1790 dixit
1554 1749 1572 1788 :
1597 1731 1807 1788 Dudum
1832 1741 2011 1787 vestra
2032 1728 2162 1784 sub—
2189 1727 2239 1788 B
2269 1735 2572 1806 principum
2597 1735 2791 1792 devota
2820 1739 2874 1794 in
2905 1739 3077 1796 Deum
3119 1739 3364 1796 deﬁnivit
3407 1741 3672 1797 auctoritas
3691 1780 3704 1806 ,
3743 1753 3794 1794 ne

558 1840 761 1895 limitas
793 1836 869 1907 (4)
913 1831 1212 1889 secundum
1263 1827 1545 1898 imperiale
1584 1833 1917 1897 praeceptum
1965 1830 2019 1878 et
2063 1836 2164 1878 nos

557 1942 613 1992 et
641 1943 870 1990 caeteros
913 1930 1005 2000 qui
1036 1939 1142 1983 tam
1183 1927 1252 1982 de
1282 1924 1650 1980 sacratissimo
1696 1922 1953 1978 comitatu
1998 1935 2159 1991 quam

556 2028 720 2085 etiam
743 2024 812 2080 de
843 2020 1107 2078 Africanis
1138 2019 1332 2075 ofﬁciis
1355 2016 1704 2074 sublimitatis
1744 2025 1848 2072 tua:
1879 2023 2004 2070 sunt
2027 2013 2162 2069 acti-

557 2121 661 2179 bus
693 2116 974 2188 deputati,
1021 2114 1089 2170 ad
1133 2113 1372 2184 singulas
1402 2111 1706 2182 provincias
1731 2109 2057 2179 destinavit,
2107 2114 2165 2164 et

565 2214 741 2272 edicta
770 2210 935 2266 etiam
966 2224 1063 2279 per
1091 2208 1398 2262 universam
1429 2205 1668 2260 Africam
1700 2203 1895 2259 direxit
1920 2243 1935 2269 ,
1967 2211 2024 2257 ut
2053 2210 2162 2257 tam

560 2303 825 2364 Catholici
873 2316 1033 2372 quam
1079 2297 1374 2355 Donatista:
1425 2295 1668 2367 episcopi
1719 2295 1857 2351 intra
1907 2302 2161 2366 quartum

555 2413 802 2460 mensem
827 2395 1102 2454 collationi
1129 2396 1311 2449 cuncti
1337 2391 1532 2448 adesse
1553 2391 1816 2447 deberent
1841 2408 1854 2444 :
1879 2405 2000 2461 quae
2027 2399 2162 2446 tem-

556 2509 690 2566 pora
725 2490 989 2547 hodierna
1014 2488 1102 2543 die
1133 2487 1380 2541 videntur
1407 2483 1620 2555 impleri
1649 2499 1662 2538 :
1705 2492 1760 2539 et
1789 2483 1914 2554 quia
1959 2489 2162 2552 prmsto

557 2598 685 2646 sunt
707 2584 966 2652 universi,
1001 2583 1070 2639 de
1110 2581 1362 2637 omnibus
1393 2579 1601 2634 scilicet
1627 2575 1925 2648 provinciis
1951 2575 2162 2631 Africa—

554 2683 642 2739 nis
665 2721 680 2748 ,
708 2679 763 2736 id
788 2687 874 2735 est
897 2719 912 2743 ,
940 2675 1010 2732 de
1037 2672 1313 2746 provincia
1345 2669 1756 2742 proconsulari,
1783 2669 1851 2725 de
1875 2667 2159 2739 provincia

487 2817 498 2822 -
556 2770 840 2849 Byzacena
871 2770 975 2842 (5),
1005 2768 1074 2824 de
1101 2764 1352 2822 Numidia
1373 2807 1388 2834 ,
1420 2763 1489 2820 de
1535 2762 1869 2818 Mauritaniis
1917 2760 2162 2817 Sitifensi

559 2877 614 2924 et
641 2861 964 2922 Caesariensi
992 2902 1006 2927 ,
1054 2857 1150 2914 sed
1201 2858 1362 2913 etiam
1395 2864 1450 2912 et
1479 2854 1547 2911 de
1570 2854 1904 2924 Tripolitana
1934 2853 2159 2924 provin-

558 2960 663 3027 cia,
695 2958 742 3014 si
773 2951 1018 3027 prmcipit
1047 2950 1301 3007 nobilitas
1329 2956 1441 3016 tua,
1472 2946 1652 3002 adsint
1679 2944 1846 3002 iidem
1875 2943 2161 3001 venerabi-

558 3053 640 3109 les
670 3049 788 3116 viri,
823 3057 882 3102 ut
901 3046 1082 3102 omnia
1109 3057 1208 3104 suo
1235 3040 1429 3097 ordine
1451 3050 1799 3111 peragantur.

2266 1828 2604 1898 temporibus
2629 1832 2830 1886 nostris
2860 1832 2908 1886 si
2933 1832 3062 1904 quid
3093 1831 3234 1888 forte
3265 1834 3318 1888 in
3339 1832 3576 1904 iniuriam
3601 1831 3710 1902 legis
3726 1845 3794 1886 ca-

2267 1919 2482 1976 tholicaa
2523 1919 2682 1977 fuerit
2727 1933 3041 1994 generatum
3071 1967 3085 1993 ,
3131 1925 3283 1997 justo
3323 1925 3519 1997 judicio
3564 1925 3653 1982 hoc
3679 1923 3797 1980 nobis

2266 2012 2438 2081 possit
2466 2011 2732 2085 imputare
2760 2016 3070 2086 posteritas.
3121 2015 3235 2074 Nec
3259 2033 3390 2075 sane
3420 2018 3546 2074 latet
3571 2015 3795 2073 conscien-

2265 2102 2395 2158 tiam
2425 2115 2666 2161 nostram
2696 2120 2876 2163 sermo
2903 2109 3146 2166 cmlestis
3183 2109 3433 2176 oraculi,
3470 2124 3615 2181 quem
3651 2120 3798 2163 ert-on

2265 2211 2365 2252 suo
2393 2213 2554 2268 posse
2579 2200 2844 2270 proﬁcere
2870 2217 3012 2258 saeva
3043 2203 3447 2261 Donatistarum
3487 2198 3796 2273 interpretatio

2265 2288 2548 2359 profitetur
2586 2309 2600 2361 ;
2651 2292 2744 2365 qui
2771 2295 3017 2366 quamvis
3043 2295 3372 2366 depravatos
3409 2295 3604 2351 animos
3627 2291 3680 2348 ad
3699 2305 3795 2346 cor-

2265 2385 2563 2442 rectionem
2589 2385 2772 2445 mitius
2799 2388 3077 2457 invitaret,
3104 2389 3320 2447 aboleri
3341 2405 3464 2447 eum
3496 2397 3650 2444 tamen
3668 2385 3796 2441 etiam

2263 2488 2390 2535 ante
2421 2480 2684 2550 jussimus
2708 2521 2724 2547 ,
2770 2497 2841 2538 ne
2868 2498 2971 2555 qua
2999 2482 3488 2554 superstitionibus
3514 2488 3800 2552 praestaretur

2264 2574 2498 2629 occasio.
2549 2573 2703 2633 Nunc
2745 2591 2958 2648 quoque
3005 2576 3409 2634 excludendam
3463 2572 3798 2643 subreptionem

2264 2665 2428 2722 simili
2457 2670 2779 2726 auctoritate
2805 2684 3115 2736 censemus,
3142 2671 3392 2742 illudque
3421 2667 3604 2726 merito
3625 2662 3800 2736 proﬁte-

2265 2773 2409 2824 mur,
2442 2758 2674 2816 libenter
2701 2775 2800 2817 nos
2825 2777 2887 2818 ea
2915 2777 3035 2834 quae
3058 2771 3267 2820 statuta
3296 2760 3801 2819 Iuerantsubmovere.

2265 2864 2335 2908 ne
2363 2852 2414 2907 in
2443 2852 2683 2908 divinum
2714 2854 2916 2910 cultum
2944 2855 3101 2912 nobis
3128 2869 3190 2913 se
3238 2857 3520 2929 quisquam
3553 2847 3807 2909 auctoribus

2265 2947 2497 3004 aestimet
2523 2964 2685 3019 posse
2715 2965 2957 3020 peccare.
3018 2950 3088 3005 Et
3113 2952 3374 3022 quamvis
3401 2965 3504 3009 una
3529 2949 3592 3004 sit
3617 2940 3807 3001 omnium

2266 3054 2323 3101 et
2351 3045 2632 3102 manifesta
2659 3047 2930 3103 sententia
2965 3045 3274 3104 Catholicae
3313 3047 3448 3119 legis
3494 3045 3681 3116 plenam
3705 3032 3809 3091 veri-

629 3146 687 3201 2.
741 3140 957 3197 Flavius
997 3137 1332 3194 Marcellinus
1377 3133 1440 3188 V.
1470 3131 1531 3188 C.
1566 3132 1799 3186 tribunus
1841 3140 1888 3187 et
1931 3131 2162 3187 notarius
2188 3123 2236 3188 C
2270 3147 2438 3195 tatem
2461 3149 2610 3196 recto
2637 3119 2914 3196 ιιοίηίηυιη
2944 3141 3092 3196 cum,
3121 3151 3179 3197 et
3211 3141 3425 3200 cales“
3447 3137 3683 3198 samum
3700 3141 3812 3187 00m.

559 3241 728 3296 dixit:
773 3237 967 3294 Adsint
1010 3231 1347 3290 venerabiles
1383 3228 1486 3285 viri
1531 3242 1667 3299 quos
1705 3237 2002 3308 praesentes
2042 3240 2164 3282 esse

562 3332 872 3405 suggeritis.
925 3328 994 3383 Et
1037 3325 1282 3401 ingressis
1309 3323 1559 3379 universis
1583 3322 1835 3393 episcopis
1866 3323 2028 3393 partis
2051 3320 2160 3375 Do-

563 3427 697 3494 nati,
729 3425 972 3496 ingressis
1001 3424 1157 3476 etiam
1170 3418 1403 3482 Aurelio,
1430 3417 1636 3488 Alypio,
1665 3416 1954 3487 Augustino
1975 3455 1990 3480 ,
2039 3412 2165 3468 Vin-

562 3519 752 3585 centio,
782 3515 1094 3579 Fortunato,
1128 3511 1504 3566 Fortunatiano
1536 3518 1582 3563 et
1627 3506 1870 3562 Possidio
1906 3507 2164 3578 episcopis

564 3614 813 3672 Ecclesia!
837 3609 1139 3676 Catholicae,
1168 3622 1283 3662 cum
1305 3603 1509 3660 Nouato
1537 3643 1552 3670 ,
1575 3601 1846 3657 Florentio
1871 3643 1886 3668 ,
1917 3600 2168 3656 Mauren-

563 3711 654 3774 tio,
684 3707 972 3776 Bonifacio,
1001 3701 1206 3766 Prisco,
1237 3698 1524 3754 Sereniano
1549 3704 1597 3750 et
1621 3694 1880 3766 Scyllacio
1907 3695 2166 3765 coepisco-

564 3799 645 3869 pis
675 3799 807 3863 suis,
835 3793 1102 3858 Deuterio,
1139 3790 1329 3855 Leone,
1367 3787 1594 3856 Asteria,
1628 3797 1675 3842 et
1706 3787 1978 3855 Restituto,
2022 3801 2169 3858 teque

565 3889 820 3961 episcOpis
844 3896 887 3941 et
910 3883 1204 3940 custodibus
1232 3890 1517 3953 gestorum.

672 3984 725 4039 5.
790 3978 1126 4035 Marcellinus
1174 3976 1248 4030 vir
1301 3974 1617 4028 clarissimus
1680 3974 1910 4029 tribunus
1971 3982 2016 4028 et
2066 3990 2166 4029 no-

565 4081 728 4136 tarius
770 4077 937 4131 dixit:
978 4073 1235 4145 Optarent
1283 4067 1503 4141 quidem
1553 4076 1716 4124 tantae
1772 4067 1932 4138 hujus
1985 4068 2167 4126 atulli-

566 4174 767 4231 tudinis
798 4170 1143 4226 sanctitatem
1191 4179 1313 4236 quae
1340 4163 1440 4219 sub
1473 4161 1631 4218 unius
1659 4161 1862 4218 Christi
1896 4163 1992 4220 Dei
2033 4164 2166 4220 relic

565 4272 727 4344 gione
754 4273 1009 4324 censetur
1033 4304 1048 4331 ,
1078 4261 1225 4318 nulla
1251 4273 1282 4314 a
1307 4273 1367 4315 se
1393 4257 1734 4315 dissensione
1772 4258 1978 4328 sejungi
2007 4276 2018 4313 :
2070 4256 2167 4313 sed

567 4367 691 4436 quia
736 4360 790 4416 id
822 4357 965 4429 quod
995 4354 1198 4412 dudum
1244 4367 1400 4408 error
1440 4350 1647 4422 antiqui
1688 4350 1862 4405 hostis
1899 4349 2168 4418 immisit,

566 4457 736 4511 Deum
767 4461 971 4507 certum
1000 4456 1084 4504 est
1111 4447 1250 4502 velle
1280 4459 1422 4499 nunc
1441 4444 1675 4514 corrigi,
1707 4459 1775 4498 ne
1809 4443 2011 4499 diutius
2040 4457 2171 4514 gerr

2268 3232 2578 3302 probatam,
2607 3232 2786 3290 studio
2809 3234 2955 3304 pacis
2979 3242 3036 3290 et
3059 3237 3280 3306 gratiae,
3311 3232 3676 3291 venerabilium
3703 3223 3812 3280 viro-

2278 3339 2402 3380 rum
2448 3326 2827 3397 episcoporum
2866 3327 3201 3397 legationem
3251 3328 3486 3384 libenter
3531 3320 3814 3378 admisimus;

2280 3432 2403 3488 qua:
2425 3419 2741 3488 congregari
2771 3418 3076 3474 Donatistas
3106 3407 3277 3494 25,7
3303 3412 3647 3492 episcoposad
3665 3417 3817 3466 C(Blllm

2285 3509 2654 3567 celeberrimae
2675 3509 2946 3567 desiderat
2965 3511 3229 3580 civitatis,
3253 3509 3509 3569 utelectis
3522 3507 3665 3565 etiam
3682 3511 3820 3557 sacer-

2274 3603 2492 3660 dotibus
2519 3619 2656 3675 quos
2681 3619 2807 3675 pars
2833 3613 3062 3677 utraque
3104 3606 3388 3680 delegerit
3418 3602 3608 3662 habitis
3630 3598 3821 3664 dispuli-

2274 3697 2514 3753 tionibus
2565 3698 3008 3769 superstitionem
3065 3701 3214 3756 ratio
3274 3698 3554 3756 manifesta
3610 3687 3819 3750 confutet.

2274 3792 2447 3860 Quam
2479 3808 2592 3848 rem
2622 3792 2761 3848 intra
2787 3801 3017 3864 quatuor
3061 3808 3288 3852 menses
3332 3789 3662 3865 praecipimus
3696 3773 3824 3846 exilli‘

2275 3885 2428 3954 cari,
2481 3896 2539 3942 ut
2582 3901 2873 3942 conversos
2912 3886 3124 3942 animos
3153 3887 3485 3959 populorum
3515 3881 3660 3939 etiam
3685 3877 3825 3930 nostra

2275 3981 2589 4047 clementia,
2619 3977 2762 4036 sicut
2782 3980 3072 4050 desiderat,
3106 3983 3352 4038 celerius
3377 3977 3548 4052 possit
3564 3973 3829 4044 cognoscere

2279 4073 2434 4146 (Aug.
2467 4071 2666 4127 Brevia.
2698 4071 2887 4127 Collal.
2912 4072 3013 4128 diei
3036 4073 3087 4141 l,
3113 4090 3161 4128 c.
3193 4073 3273 4145 1).
3328 4072 3488 4140 Quod
3512 4067 3557 4124 si
3583 4066 3704 4121 intra
3725 4067 3830 4146 pr?

2279 4143 2528 4222 stitutum
2561 4175 2774 4236 tempus
2800 4165 3043 4221 studiose
3075 4143 3494 4221 Donatistarum
3520 4149 3729 4233 episcopi
3758 4143 3835 4200 (ιε’

2279 4259 2603 4314 clinaverint
2623 4259 2913 4315 convenire
2939 4257 3064 4313 trini
3091 4258 3264 4315 edicti
3294 4260 3576 4314 vocatione
3607 4252 3833 4304 contuma-

2280 4354 2424 4408 cium
2455 4361 2698 4424 tempora
2727 4351 3121 4409 concludantur
3148 4371 3161 4407 :
3219 4353 3424 4423 quibus
3469 4342 3686 4407 emensis
3712 4343 3836 4405 αιιιυθ

2285 4445 2596 4512 transactis,
2630 4445 2676 4499 si
2706 4445 2980 4515 provocati
3005 4443 3204 4500 adesse
3227 4439 3688 4512 contempserint,
3718 4425 3838 4483 cedat

563 4563 718 4603 mana
758 4542 951 4612 religio
975 4537 1379 4596 concertatione
1405 4551 1500 4590 sua
1519 4535 1888 4605 Spectaculum
1911 4507 2252 4606 gentibus],
2281 4553 2403 4595 cum
2466 4538 2711 4594 ccclesiis
2760 4537 2989 4607 populus
3043 4538 3136 4608 qui
3186 4537 3458 4593 doctores
3508 4544 3630 4589 suos
3669 4515 3838 4582 silentio

561 4639 762 4704 faciat,
793 4635 919 4690 licet
953 4646 1127 4703 supra
1146 4629 1398 4685 meritum
1427 4641 1610 4682 meum
1635 4668 1650 4694 ,
1679 4625 1786 4680 hoc
1824 4641 2156 4697 cognoscam

559 4748 682 4788 esse
705 4728 966 4802 judicium
991 4767 1004 4791 ,
1051 4731 1108 4778 ut
1137 4723 1278 4776 inter
1303 4734 1398 4775 eos
1426 4718 1613 4774 videar
1639 4716 1884 4787 judicare
1909 4733 1938 4772 a
1966 4719 2170 4788 quibus

565 4841 652 4880 me
683 4823 861 4893 potius
886 4819 1143 4874 decuerat
1167 4811 1434 4885 judicari:
1463 4819 1642 4864 tamen
1674 4809 1795 4879 quia
1820 4817 2026 4864 certum
2055 4819 2168 4879 est,

563 4919 703 4971 hanc
731 4925 950 4969 causam
978 4915 1259 4979 spectante
1299 4905 1409 4958 Deo
1440 4911 1494 4958 ct
1530 4901 1735 4973 angelis
1783 4903 2009 4958 testibus
2049 4906 2173 4977 agi-

565 5004 804 5066 tandem,
835 5015 956 5072 qua:
983 4999 1083 5054 sub
1116 4997 1236 5052 ﬁdei
1262 4995 1501 5052 cmlestis
1528 4993 1776 5050 examine
1817 4995 1901 5051 vel
1932 4997 2163 5068 probata

562 5096 845 5171 praemium
872 5092 1083 5160 alierat,
1108 5091 1193 5146 vel
1219 5091 1347 5146 lmsa
1370 5089 1651 5160 judicium,
1687 5097 1746 5144 ut
1778 5087 1993 5146 tandem
2023 5107 2161 5161 prte-

561 5191 798 5250 sentium
851 5183 1329 5255 disceptationibus
1388 5185 2158 5254 episcoporum-manifestius

560 5286 763 5343 veritas
785 5282 1082 5346 elucescat,
1112 5278 1411 5348 imperialis
1441 5278 1692 5348 primitus
1722 5280 1932 5335 sanctio
1961 5281 2171 5338 recite--

560 5389 670 5445 tur,
701 5363 762 5434 ut
779 5375 834 5431 in
862 5385 1021 5443 quem
1050 5369 1267 5424 modum
1284 5379 1446 5442 atque
1471 5369 1699 5425 formam
1722 5371 1790 5426 sit
1808 5373 2160 5443 suscipienda

634 5538 714 5612 (ὅ)
747 5534 919 5612 Sedis.
952 5529 1382 5612 Proconsularis.

630 5599 710 5694 la)
748 5607 929 5664 Vestra
969 5602 1278 5660 sublimitas.
1311 5599 1680 5658 Marcellinum
1711 5601 1984 5661 tribunum
2012 5605 2152 5664 allo-

556 5685 1039 5824 quiisrliyzacena.
1113 5749 1173 5809 In
1215 5744 1384 5807 veteri
1411 5745 1711 5817 exemplari
1760 5747 1954 5820 legitur
1982 5747 2153 5823 Byza-

2279 4631 2597 4702 cognoverit
2618 4638 2904 4701 superatos
2927 4671 2943 4698 ,
2970 4637 3027 4686 et
3057 4629 3273 4684 victum
3306 4644 3370 4684 se
3399 4619 3679 4697 aliquando
3700 4619 3840 4702 gratu-

2280 4727 2442 4793 letur,
2471 4700 2710 4795 sciatque
2738 4725 2787 4779 si
2818 4739 2924 4780 non
2956 4723 3250 4794 praeceptis
3284 4722 3518 4786 nostris,
3541 4715 3623 4773 vel
3645 4700 3840 4768 Catholio

2282 4836 2362 4876 cae
2390 4820 2522 4890 legis
2545 4820 2693 4874 veris
2725 4819 2974 4891 imperiis
3002 4818 3387 4874 serviendum.
3422 4816 3521 4872 Cui
3547 4809 3738 4882 quidem
3761 4799 3844 4855 dis-

2281 4911 2548 4984 putationi
2580 4911 2826 4982 principe
2849 4911 2971 4966 loco
3003 4919 3054 4966 te
3076 4909 3329 4980 judiccm
3362 4909 3613 4965 volumus
3655 4892 3845 4984 residere

2288 4983 2567 5077 (quicquid
2590 5005 2752 5062 etiam
2780 5014 2905 5062 ante
2928 5005 2980 5061 in
3013 5003 3294 5061 mandatis
3320 5002 3620 5075 acceperis,
3648 4983 3846 5084 plenissi-

2285 5115 2374 5156 me
2396 5101 2693 5156 meministi
2718 5102 2735 5170 )
2763 5114 3085 5170 omnemque
3111 5097 3204 5154 vel
3249 5099 3308 5155 in
3338 5088 3720 5169 congregandis
3760 5093 3845 5155 ei)“.

2285 5195 2486 5264 scopis,
2513 5195 2596 5250 vel
2625 5192 2933 5260 evocandis,
2948 5193 2995 5248 si
3019 5191 3220 5247 adesse
3232 5187 3681 5260 contempserint.
3705 5180 3847 5233 Cum“

2287 5299 2343 5343 te
2380 5288 2632 5344 volumus
2659 5287 2928 5344 sustinere
2952 5328 2968 5354 ,
3017 5293 3077 5341 ut
3115 5293 3179 5341 et
3230 5299 3300 5342 ea
3329 5299 3455 5356 quas
3498 5287 3620 5337 ante
3643 5264 3847 5356 utendi!a

2285 5391 2413 5438 sunt
2454 5391 2507 5438 et
2549 5396 2670 5453 quae
2707 5395 2850 5437 nunc
2880 5385 3081 5438 statuta
3105 5353 3411 5450 cognoscis
3431 5419 3446 5443 ,
3478 5372 3690 5449 probata
3715 5353 3847 5436 p055“

2285 5535 2444 5595 Unde
2473 5517 2754 5596 Massonus
2800 5545 2855 5594 et
2901 5535 3138 5592 Pithaeus
3181 5533 3450 5602 fecerunt,
3479 5522 3740 5602 But-censi,

2276 5578 2921 5683 5652:3337
2939 5578 3329 5680 ἓάῖαωηαῒῦί
3415 5578 3638 5661 ῧαιυῑὶο
3655 5578 3847 5652 animad'

2276 5695 2498 5739 versum
2521 5691 2624 5739 est.
