4130 6170
559 235 702 294 1265

1526 229 1753 290 GESTA
1790 227 2242 288 COLLATIONIS
2279 227 2904 290 CARTHAGINENSIS.
3662 236 3770 296 ηδε

561 354 680 424 pria
733 352 900 426 248
946 351 1254 408 redituros:
1283 349 1428 421 quod
1472 365 1560 407 me
1585 360 1641 407 et
1679 367 1777 422 per
1818 351 2157 408 tremendum
2190 350 2238 412 Α
2267 349 2563 422 intelligant
2589 350 2876 418 interesse,
2907 359 2966 406 ut
2987 351 3032 405 si
3054 350 3142 422 qui
3172 365 3235 406 ex
3259 348 3770 421 disputantihusutrin-

553 445 743 517 iudicii
770 447 942 507 diem,
973 454 1026 500 et
1053 460 1152 516 per
1179 454 1520 499 sacramenta
1551 444 1804 515 superius
1833 451 2156 510 memorata,

557 542 634 596 ita
684 540 950 595 facturum
995 553 1120 595 esse
1165 538 1447 610 polliceor.
1499 528 1701 593 omnes
1739 545 1919 592 autem
1965 537 2053 608 qui
2091 535 2159 591 ad

562 634 804 705 singulas
843 634 1146 704 provincias
1196 633 1410 689 fuerant
1451 631 1747 698 destinati,
1799 631 2054 687 noverint
2105 631 2159 684 in

559 727 711 781 nullo
737 741 797 781 se
822 741 1148 798 quemquam
1178 726 1436 796 deinceps
1463 725 1863 780 Donatistarum
1895 724 2160 793 aliquate-

559 833 662 883 nus
689 818 984 874 convenire
1011 818 1249 874 debere:
1296 819 1381 873 vel
1411 818 1644 889 aliquam
1690 817 1880 872 iisdem
1913 816 2160 886 superio-

557 913 636 968 ris
663 911 1000 967 executionis
1030 910 1331 966 molestiam
1373 924 1634 980 generare
1661 951 1675 974 ,
1725 909 1780 962 ni
1812 908 2020 962 malunt
2061 922 2160 978 pro

555 1013 871 1075 contemptu
905 1003 1226 1060 recentioris
1265 1002 1522 1072 praecepti
1559 1000 1844 1071 subjacere
1873 998 2153 1054 vindictas.

551 1099 671 1156 Erit
695 1107 876 1153 autem
907 1095 1160 1150 omnibus
1189 1093 1505 1149 Donatiana:
1532 1093 1701 1163 partis
1729 1091 2062 1157 hominibus,
2087 1090 2159 1146 de

553 1207 743 1250 eorum
774 1190 868 1260 qui
908 1189 1058 1264 missi
1086 1196 1214 1243 sunt
1237 1185 1688 1243 concussionibus
1716 1193 1770 1240 et
1798 1183 2158 1254 depraedatio-

559 1285 746 1353 nibus,
769 1284 814 1338 si
840 1298 975 1354 quas
1004 1282 1146 1337 forte
1174 1281 1438 1335 admissas
1465 1294 1586 1336 esse
1615 1288 1904 1344 noverunt,
1929 1277 2157 1333 liberum

501 1376 510 1386 ’
555 1376 842 1448 conqueri,
867 1386 927 1431 ut
954 1375 1008 1430 in
1036 1390 1132 1430 eos
1157 1374 1380 1444 probata
1406 1373 1692 1428 criminum
1717 1371 1996 1442 qualitate,
2023 1369 2159 1424 ultio

555 1473 715 1544 digna
746 1470 1026 1543 procedat.
1067 1469 1138 1524 Et
1167 1469 1274 1523 alia
1299 1485 1476 1522 manu.
1517 1467 1877 1537 Pr0ponatur.

630 1549 686 1623 6.
731 1564 1072 1621 Marcellinus
1115 1565 1192 1618 vir
1223 1563 1547 1630 clarissimus
1577 1561 1810 1615 tribunus
1833 1569 1881 1614 et
1923 1556 2156 1612 notarius

557 1662 709 1717 dixit.
741 1661 965 1716 Lectum
995 1659 1230 1714 edictum
1259 1657 1427 1728 gestis
1453 1654 1813 1726 praesentibus
1834 1651 2152 1716 adhaerebit,

2265 459 2370 514 que
2399 445 2639 515 septenis
2663 445 2914 501 conferre
2939 445 3226 500 consilium
3251 461 3366 500 cum
3392 462 3584 501 suorum
3606 465 3774 521 quoque

2264 537 2530 602 voluerit,
2563 551 2686 592 cum
2715 537 2906 593 eodem
2941 537 3050 592 illic
3077 537 3294 592 secedat
3323 537 3372 592 in
3401 548 3616 608 partem,
3647 554 3774 612 atque

2263 629 2334 683 ibi
2367 630 2760 684 communicata
2809 631 3080 699 patienter
3119 631 3325 686 ratione
3370 633 3640 700 tractandi,
3681 652 3778 705 pro-

2262 721 2438 792 prium
2470 730 2774 778 revertatur
2804 722 2870 776 ad
2905 723 3113 788 locum,
3142 722 3303 778 fidem
3327 735 3610 781 servaturus
3630 726 3778 791 ofﬁcii,

2263 823 2322 869 ut
2349 815 2506 883 alter,
2539 814 2628 870 cui
2657 815 2713 870 id
2742 831 2966 871 necesse
2996 825 3078 871 est
3097 859 3113 883 ,
3156 816 3378 872 tacendo
3401 818 3637 874 audienda
3663 835 3782 875 com-

2262 909 2513 974 mendet;
2551 909 2690 964 alter
2713 909 2800 965 cui
2828 909 2880 964 id
2911 919 3107 965 munus
3135 918 3220 965 est
3243 952 3258 977 ,
3308 911 3557 981 loquendo
3579 925 3782 983 suscepta

2263 999 2571 1056 conﬁrmet.
2616 1001 2755 1068 gErit
2796 1012 2976 1058 autem
3026 1002 3298 1058 collationi
3344 1004 3628 1073 aptissimus
3667 1007 3784 1062 locus

2261 1095 2623 1152 Thermarum
2645 1095 3099 1166 Gargilianarum,
3124 1099 3178 1152 in
3205 1113 3359 1168 quem
3381 1097 3463 1154 die
3488 1099 3782 1155 kalendarum

2260 1183 2542 1241 Iuniarum
2566 1185 2788 1242 eosdem
2811 1186 3098 1258 episcopos
3125 1185 3270 1241 solos
3294 1186 3382 1257 qui
3411 1187 3650 1257 designati
3687 1196 3786 1242 sunt

2261 1287 2510 1347 oporteat
2557 1279 2871 1334 convenire.
2934 1278 3014 1333 Ex
3055 1293 3163 1348 quo
3198 1278 3332 1334 illud
3366 1277 3590 1349 profecto
3619 1279 3785 1348 perspi-

2262 1381 2422 1423 cuum
2449 1377 2553 1433 est,
2577 1384 2643 1424 eo
2667 1369 2872 1423 nullum
2903 1369 3120 1439 penitus
3150 1369 3328 1439 populi
3357 1367 3467 1424 ﬁeri
3493 1368 3669 1425 debere
3691 1385 3792 1425 con-

2260 1468 2479 1515 ventum
2501 1503 2516 1528 ,
2560 1475 2668 1531 quo
2697 1475 2797 1516 nec
2834 1462 2981 1532 ipsos
3024 1462 3309 1518 universos
3343 1460 3601 1517 conﬂuere
3625 1463 3789 1517 sinatur

2262 1555 2571 1626 episcopos.
2631 1553 2765 1609 Nam
2811 1569 2935 1609 cum
2967 1555 3220 1625 patientia
3257 1554 3556 1624 disputandi
3592 1570 3693 1624 qua:
3715 1553 3791 1608 soli

2261 1648 2436 1702 amica
2466 1647 2689 1703 silentio
2713 1655 2797 1704 est
2815 1689 2829 1713 ,
2861 1662 3080 1703 omnem
3108 1648 3419 1702 catervatim
3458 1647 3662 1718 agminis
3682 1655 3791 1701 stre-

557 1771 666 1827 quo
690 1763 905 1812 constat
949 1768 1036 1809 me
1078 1751 1384 1808 evidentius
1413 1749 1675 1806 obtulisse
1693 1791 1708 1815 ,
1759 1756 1815 1801 ut
1838 1747 1886 1800 si
1916 1748 2156 1817 placeret
2185 1738 2234 1798 B
2262 1740 2430 1810 pitum
2459 1740 2878 1810 perhorrescat,
2923 1741 3055 1795 nihil
3087 1741 3348 1807 interest,
3379 1750 3550 1796 utrum
3576 1755 3678 1796 eam
3699 1755 3795 1795 con-

555 1851 762 1906 electus
789 1863 821 1902 a
851 1854 1030 1903 vestra
1063 1853 1214 1916 parte
1253 1858 1469 1900 mecum
1497 1842 1634 1896 alius
1663 1839 1910 1911 cognitor
1951 1836 2158 1893 reside-

554 1950 675 1998 ret:
715 1941 807 2011 qui
831 1940 878 1994 si
903 1947 1102 2008 prmsto
1131 1946 1237 2002 est,
1271 1936 1499 1990 introire
1525 1935 1794 2012 dignetur.

621 2032 677 2087 7.
724 2030 1020 2084 Petilianus
1069 2029 1343 2100 episcopus
1383 2026 1535 2080 dixit.
1593 2024 1712 2080 Non
1744 2023 1906 2080 decet
1935 2037 2036 2078 nos
2063 2037 2155 2077 co-

554 2122 824 2194 gnitorem
851 2121 1052 2189 eligere
1075 2120 1348 2184 alterum,
1398 2116 1493 2186 qui
1538 2129 1644 2170 non
1697 2113 1991 2186 petivimus
2045 2113 2156 2183 pri-

553 2229 726 2269 mum.
770 2211 840 2266 Et
869 2212 976 2265 alia
999 2227 1178 2265 manu.
1221 2208 1549 2277 Recognovi.

625 2306 680 2359 8.
728 2303 1070 2357 Marcellinus
1113 2301 1191 2355 vir
1217 2298 1534 2354 clarissimus
1581 2297 1818 2352 tribunus
1844 2306 1891 2353 et
1919 2297 2154 2350 notarius

551 2397 704 2452 dixit.
765 2392 1186 2450 Evidentissime
1240 2389 1625 2464 praeceptionis
1670 2397 1913 2461 augusta:
1962 2397 2153 2444 tenore

550 2489 886 2546 declaratum
939 2495 1024 2544 est
1065 2485 1413 2541 collationem
1458 2498 1564 2538 non
1607 2485 1943 2552 cognitorem
1985 2480 2154 2535 fuisse

547 2582 874 2655 postulatum
900 2621 916 2647 ,
943 2587 1001 2635 et
1024 2577 1250 2634 arbitrio
1277 2591 1377 2632 suo
1409 2590 1543 2629 mea:
1572 2571 1965 2628 mediocritatis
2001 2569 2150 2640 'judi-

547 2676 691 2730 cium
719 2673 987 2744 delegisse
1011 2689 1026 2725 :
1073 2671 1158 2725 cui
1206 2682 1432 2724 necesse
1457 2673 1542 2722 est
1571 2680 1659 2720 me
1687 2664 1938 2718 omnibus
1967 2661 2144 2716 modis

549 2765 817 2822 inservire
842 2806 858 2831 ,
904 2778 1028 2818 cum
1079 2770 1135 2816 ct
1177 2760 1520 2815 sanctitatem
1548 2766 1784 2813 vestram
1813 2755 1933 2810 ideo
1955 2770 2153 2810 conve-

546 2858 696 2914 nisse
724 2854 1074 2912 manifestum
1099 2852 1192 2919 sit,
1221 2862 1282 2907 ut
1311 2849 1599 2907 satisﬁeret
1627 2847 1996 2917 imperialibus
2021 2861 2152 2903 cou-

547 2950 772 3006 stitutis.

623 3043 678 3098 9.
722 3041 1010 3096 Petilianus
1037 3039 1311 3109 episwpus
1339 3037 1492 3095 dixit.
1534 3035 1712 3092 Salvis
1741 3034 1993 3091 omnibus
2022 3048 2148 3104 qua:
2175 3086 2179 3087 ν

2261 1834 2434 1902 gestio
2463 1833 2812 1903 populorum,
2845 1848 2914 1888 an
2943 1833 3326 1904 episcoporum
3357 1833 3506 1890 turba
3537 1832 3790 1904 praepediat.

2260 1923 2425 1995 Igitur
2451 1923 2692 1995 episcopi
2745 1926 3026 1980 memorati
3074 1926 3179 1981 soli
3223 1927 3276 1980 in
3326 1925 3625 1996 praedictum
3658 1926 3795 1980 locum

2263 2024 2581 2088 tempusque
2613 2007 2978 2073 conveniant:
3028 2017 3100 2073 ita
3147 2027 3325 2074 tamen
3367 2029 3424 2073 ttt
3449 2018 3623 2088 reliqui
3648 2029 3796 2071 omnes

2260 2111 2542 2181 utriusque
2570 2113 2739 2183 partis
2767 2112 3006 2182 episcopi
3035 2121 3161 2168 ante
3186 2113 3335 2168 diem
3366 2112 3456 2183 qui
3503 2110 3797 2182 prmdestina-

2259 2209 2345 2256 tus
2366 2201 2600 2256 examini
2625 2211 2730 2267 est,
2756 2212 2929 2257 ratum
2957 2218 3016 2258 se
3045 2202 3330 2258 habituros
3352 2203 3594 2274 quicquid
3616 2216 3640 2255 a
3659 2207 3795 2269 septe—

2257 2293 2343 2348 nis
2373 2295 2622 2365 utrinque
2651 2295 2991 2366 coepiscopis
3017 2295 3130 2350 suis
3166 2295 3336 2351 fuerit.
3383 2296 3668 2358 actitatum,
3705 2289 3792 2358 epi-

2257 2389 2411 2444 stolis
2466 2389 2531 2443 ad
2583 2405 2758 2445 meam
2815 2390 3142 2446 dicatione'm
3199 2391 3548 2446 currentibus
3597 2387 3796 2452 utrinque

2255 2483 2556 2553 designent.
2591 2483 2798 2552 Quibus
2821 2485 3063 2554 epistolis
3089 2494 3274 2541 tamen
3299 2485 3462 2540 etiam
3491 2480 3796 2539 testimonium

2255 2589 2445 2631 omnes
2490 2576 2632 2646 apud
2679 2592 2766 2632 me
2797 2578 3032 2648 propria:
3077 2577 3498 2650 subscriptionis
3538 2575 3794 2644 adjungant.

2254 2665 2645 2736 IEqnissimum
2679 2683 2913 2738 namque
2941 2676 3025 2722 est
3048 2709 3063 2735 ,
3095 2677 3153 2723 ut
3183 2684 3382 2724 eorum
3409 2669 3644 2723 universa
3667 2661 3798 2718 colla-

2254 2759 2330 2812 tio
2359 2769 2472 2812 rata
2504 2759 2683 2814 futura
2711 2761 3056 2828 promittatur
3083 2762 3152 2817 ab
3170 2763 3456 2827 omnibus,
3478 2760 3564 2830 qui
3584 2759 3802 2825 eliguntur

2253 2852 2321 2906 ah
2353 2852 2622 2908 omnibus.
2676 2852 2867 2909 Nullus
2892 2870 3023 2925 ergo
3053 2855 3139 2910 vel
3198 2856 3374 2911 laicus
3400 2897 3416 2922 ,
3464 2855 3548 2910 vel
3570 2851 3802 2922 episcopus

2253 2944 2390 2999 ultra
2425 2962 2707 3002 numerum
2753 2949 3116 3015 praestitutum
3168 2950 3229 3005 in
3283 2951 3437 3005 illum
3486 2941 3804 3017 tranquillissi-

2252 3051 2399 3092 mum
2431 3039 2647 3093 concilii
2679 3039 2860 3094 locum
2886 3051 3078 3096 contra
3111 3043 3457 3112 prohibitum
3493 3040 3716 3098 moliatur
3739 3049 3805 3088 ac-

544 3142 864 3206 competunt
893 3131 1050 3188 nobis
1073 3172 1090 3199 ,
1122 3140 1178 3187 et
1203 3131 1269 3186 de
1295 3143 1528 3202 persona
1557 3135 1614 3184 et
1637 3127 1689 3182 in
1716 3141 1878 3182 causa
1899 3168 1915 3194 ,
1946 3141 2144 3197 propo-
2169 3115 2216 3179 C
2249 3129 2446 3185 cedere
2465 3169 2478 3193 ,
2507 3129 2634 3201 quin
2667 3132 2845 3199 potius
2874 3133 3039 3188 etiam
3070 3133 3272 3204 plebes
3302 3150 3433 3192 suas
3462 3134 3542 3204 pia
3571 3129 3740 3202 quietis
3760 3138 3809 3178 ac

538 3238 673 3284 nant
711 3228 750 3282 ii
790 3227 882 3299 qui
920 3227 1022 3282 ista
1050 3226 1250 3283 elicere
1295 3232 1633 3280 meruerunt.
1690 3219 1760 3276 Et
1802 3221 1912 3276 alia
1958 3237 2138 3276 manu.

539 3323 838 3380 Petilianus
867 3321 1156 3393 episcopus
1186 3320 1504 3390 recognovi.

618 3413 956 3469 Marcellinus
977 3416 1054 3468 vir
1075 3414 1393 3467 clarissimus
1414 3411 1644 3466 tribunus
1664 3421 1711 3465 et
1734 3409 1966 3464 notarius
1988 3409 2140 3465 dixit.

539 3505 718 3563 Salvis
743 3516 907 3576 atque
929 3504 1294 3559 incolumibus
1322 3504 1586 3558 universis
1607 3517 1730 3573 quae
1759 3502 1971 3571 legibus
1992 3499 2142 3555 defe-

541 3607 761 3663 runtur,
792 3595 1092 3652 edictorum
1121 3609 1218 3666 per
1241 3592 1512 3658 ordinem,
1545 3593 1684 3649 sicut
1710 3603 1762 3648 et
1795 3591 1948 3662 prius
1978 3590 2141 3646 statui

539 3689 731 3747 forma:
759 3689 1078 3745 recitentur.

616 3784 705 3838 lt).
753 3781 1015 3836 Martialis
1063 3789 1304 3850 exceptat:
1350 3780 1597 3834 recitavit.
1667 3777 1980 3849 Magnitudo
2035 3776 2139 3832 hu-

539 3875 700 3944 jusce
743 3873 987 3942 negotii,
1034 3871 1179 3942 quod
1219 3871 1288 3925 de
1323 3872 1566 3926 veritatis
1596 3885 1658 3925 ac
1688 3870 1963 3939 religionis
1987 3869 2140 3939 agni-

542 3965 694 4021 tione
719 3963 1035 4034 suscipitur,
1059 3961 1273 4018 etiamsi
1304 3975 1490 4029 parum
1517 3962 1774 4016 momenti
1803 3962 1886 4015 sui
1916 3959 2140 4016 librare-

535 4066 626 4114 tur
662 4055 913 4112 examine
936 4097 952 4123 ,
998 4061 1327 4111 convenerat
1351 4060 1531 4108 tamen
1563 4054 1678 4123 ipsa
1717 4052 2136 4123 disceptantium

537 4149 806 4222 gravitate
845 4155 1010 4219 atque
1050 4146 1374 4202 auctoritate
1415 4145 1654 4216 pensari.
1693 4143 1838 4201 Nulli
1867 4147 2010 4202 enim
2041 4144 2137 4200 ha—

532 4242 696 4298 betur
739 4240 1053 4310 ambiguum
1079 4279 1096 4306 ,
1146 4238 1335 4309 quanti
1379 4239 1450 4292 sit
1494 4237 1745 4308 ponderis
1771 4253 1970 4305 causa,
2013 4254 2136 4310 quae

536 4332 681 4388 inter
702 4332 1083 4403 episcoporum
1106 4339 1189 4386 est
1209 4329 1544 4384 discutienda
1570 4343 1847 4398 personas.
1879 4330 1987 4386 Sed
2008 4345 2132 4385 cum

531 4423 670 4478 mihi
709 4422 1073 4493 cognitionem
1115 4422 1522 4492 disceptationis
1571 4421 1796 4493 hujusce
1835 4422 2134 4480 crediderit

2246 3219 2528 3277 modestia:
2555 3224 2982 3279 commonitione
3011 3227 3378 3293 conveniant,
3410 3226 3515 3282 hoc
3541 3239 3631 3297 per
3655 3218 3807 3278 Eccle-

2248 3314 2359 3369 sias
2391 3315 2636 3385 proprias
2666 3326 2792 3373 ante
2829 3327 3121 3375 tractantes
3147 3363 3163 3388 ,
3202 3333 3476 3393 quatenus
3503 3337 3530 3375 a
3559 3319 3640 3374 die
3661 3318 3808 3384 dispu-

2248 3407 2470 3463 tationis
2512 3424 2575 3464 ac
2621 3410 2740 3466 loco
2776 3412 2953 3467 omnis
2998 3429 3059 3470 se
3103 3416 3410 3472 multitudo
3451 3415 3734 3474 contineat,
3767 3413 3811 3459 ut

2247 3501 2502 3571 religioso
2541 3503 2814 3572 patientia;
2863 3506 3185 3576 magisterio
3215 3509 3510 3564 delinitum
3539 3504 3812 3579 Christiana:

2248 3593 2364 3662 paci
2396 3595 2660 3663 pupulum
2692 3605 2900 3666 parent.
2935 3598 3051 3654 Non
3081 3601 3271 3657 solum
3301 3606 3450 3658 enim
3483 3595 3720 3671 episcopi,
3743 3605 3814 3646 Ve-

2246 3701 2364 3742 rum
2397 3687 2562 3743 etiam
2610 3691 2949 3748 rationabilis
2998 3695 3053 3749 in
3085 3694 3236 3753 hanc
3263 3697 3590 3754 sententiam
3629 3689 3814 3763 populi!s

2244 3783 2520 3838 consentit
2543 3822 2559 3849 ,
2612 3783 3020 3856 diSputantibus
3049 3794 3396 3861 supradictis
3425 3812 3440 3848 :
3491 3801 3546 3849 et
3572 3789 3657 3845 ubi
3681 3783 3815 3853 maior

2243 3877 2530 3945 occupatio
2561 3879 2822 3934 mentium
2849 3880 3021 3937 deﬁxa
3044 3887 3336 3952 consistit,
3364 3886 3435 3942 de
3463 3885 3679 3940 veritate
3701 3889 3817 3948 qutt-

2243 3969 2490 4025 rentibus
2517 4013 2530 4036 ,
2585 3972 2717 4027 nihil
2748 3976 3022 4032 turbidum
3053 4020 3066 4043 ,
3122 3980 3268 4036 nihil
3300 3980 3683 4036 tumultuosum
3711 3966 3816 4026 nihil

2240 4059 2474 4131 denique
2522 4064 2960 4137 intempestivum
2990 4069 3205 4128 debere
3251 4087 3485 4142 prorsus
3525 4071 3813 4134 obstrepere.

2239 4150 2372 4207 Nam
2417 4162 2476 4209 ut
2505 4156 2644 4226 quod
2682 4160 2921 4214 omnium
2968 4161 3135 4218 saluti
3190 4165 3494 4234 proficiat,
3541 4161 3627 4218 ﬁat
3667 4162 3816 4230 postat

2239 4247 2548 4316 publicum,
2601 4251 2762 4332 debet
2789 4253 3219 4312 discutientibus
3267 4259 3559 4314 veritatem
3602 4257 3816 4323 praestare

2237 4347 2364 4394 ante
2393 4352 2698 4399 secretum:
2727 4359 2757 4400 a
2785 4359 2873 4402 me
2899 4359 3029 4401 vero
3059 4347 3136 4402 ita
3171 4364 3280 4419 per
3302 4349 3489 4406 omnia
3518 4341 3818 4419 ρτοωυιεπι·

2237 4430 2305 4486 da
2342 4435 2615 4490 sententia
2654 4447 2774 4504 est,
2826 4447 2885 4492 ut
2931 4439 2985 4493 in
3037 4441 3329 4508 publicam
3361 4442 3585 4496 dimissa
3610 4433 3817 4492 notitiam

531 4524 757 4606 augusta
805 4513 1049 4585 dignatio
1072 4555 1088 4579 ,
1135 4513 1321 4584 eisque
1359 4513 1596 4584 judiccm
1642 4514 1854 4606 dederit
1873 4557 1890 4583 ,
1933 4516 2130 4586 quibus
2157 4500 2212 4560 Ῑ)
2239 4533 2351 4580 toto
2371 4528 2669 4596 splendida:
2687 4500 3273 4604 Carthaginis-populo
3296 4534 3486 4606 judice
3509 4529 3816 4604 ponderetttr.

530 4605 848 4662 inferiorem
882 4620 970 4660 me
1011 4620 1134 4661 esse
1159 4645 1174 4672 ,
1223 4619 1322 4674 pro
1351 4606 1481 4660 tanti
1514 4605 1749 4660 nominis
1781 4609 2130 4664 veneratione

529 4713 820 4769 cognosco,
848 4695 978 4752 ﬁdei
1003 4695 1383 4751 sollicitudinis
1413 4711 1548 4751 mea:
1571 4696 1672 4752 hac
1692 4698 2129 4756 consideratione

529 4789 788 4859 prospexi
811 4829 827 4854 ,
876 4795 937 4842 ut
966 4787 1036 4842 de
1063 4801 1186 4842 meo
1211 4787 1406 4842 vellem
1429 4787 1635 4856 judicio
1659 4788 1911 4857 judicari.
1957 4790 2127 4859 llujus

530 4882 693 4954 igitur
720 4882 1047 4961 auctoritate
1098 4878 1360 4950 propositi
1400 4894 1587 4935 omnes
1632 4881 1914 4952 utriusque
1957 4884 2126 4953 partis

523 4977 808 5048 episcopos
837 4974 1025 5030 censui
1055 4973 1500 5038 commonendos,
1533 4985 1590 5028 ut
1613 4984 1739 5031 ante
1764 4988 2118 5048 cognoscant,

525 5086 636 5128 non
658 5068 892 5138 amplius
913 5084 1074 5138 quam
1100 5077 1358 5138 septenos
1388 5067 1664 5124 ambarum
1688 5070 1973 5142 episcopos
1999 5066 2123 5142 par-

522 5163 659 5218 tium
689 5167 890 5215 mutuae
935 5160 1078 5215 inter
1117 5174 1178 5215 se
1220 5159 1632 5231 disceptationis
1680 5161 1959 5219 habituros
1998 5178 2120 5220 esse

521 5251 876 5322 colloquium,
904 5265 1040 5320 quos
1063 5249 1119 5303 in
1147 5250 1387 5306 officium
1410 5251 1722 5323 disputandi
1750 5269 1968 5326 suarum
1995 5269 2120 5326 par-

519 5343 657 5399 tium
690 5340 996 5412 subrogarit
1027 5341 1261 5396 electio:
1306 5344 1571 5413 siquidem
1610 5354 1817 5401 certum
1855 5347 2018 5419 deligi
2050 5364 2117 5404 ex

519 5433 768 5506 partibus
793 5446 1076 5488 numerum
1111 5435 1435 5503 praeceperit
1465 5436 1761 5508 imperialis
1795 5440 2110 5495 auctoritas.

516 5525 766 5582 Aderunt
795 5523 886 5579 alii
911 5537 1128 5594 quoque
1152 5526 1388 5593 septeni,
1413 5527 1608 5584 delecti
1633 5529 1838 5600 judicio
1875 5545 1987 5586 sua:
2014 5549 2110 5587 cu-

510 5618 707 5691 jusque
729 5619 895 5692 partis
914 5617 1184 5689 episcopi:
1214 5617 1306 5688 qui
1331 5633 1542 5678 servata
1564 5624 1814 5695 primitus
1835 5641 1934 5698 per
1949 5642 2110 5684 omne

2232 4617 2310 4673 Ita
2339 4620 2540 4691 quippe
2568 4623 2740 4678 oculis
2786 4639 2892 4679 non
2939 4619 3121 4680 solum
3154 4629 3320 4685 urbis
3355 4628 3583 4699 hujusce
3605 4666 3620 4690 ,
3662 4630 3818 4676 verum

2232 4711 2397 4765 etiam
2418 4714 2687 4770 universa:
2709 4716 3001 4786 provincia:
3024 4727 3181 4775 totus
3207 4737 3459 4779 emensa
3483 4711 3820 4793 disputationis

2233 4805 2368 4860 ordo
2396 4807 2658 4876 pandetur
2681 4850 2696 4876 ,
2751 4820 2808 4864 ut
2859 4820 2965 4866 tam
3000 4817 3438 4882 prosecutiones
3470 4809 3819 4883 disputantium

2231 4896 2610 4967 episcoporum
2659 4917 2818 4971 quam
2871 4907 3338 4974 prosecutionum
3400 4922 3644 4965 mearum
3678 4897 3821 4959 series

2232 4990 2548 5058 subsecuta,
2597 4994 2820 5066 digestis
2847 4998 2904 5052 in
2935 4998 3161 5068 publico
3196 5002 3585 5057 voluminibus
3613 4995 3818 5065 explice‘

2234 5091 2339 5136 tur.
2383 5084 2508 5138 Haec
2533 5087 2677 5142 enim
2704 5089 2756 5143 in
2783 5086 2967 5160 judice
2999 5095 3288 5151 securitas
3320 5096 3455 5154 ﬁdei
3484 5105 3585 5163 est,
3614 5101 3670 5149 ut
3691 5089 3750 5146 de
3769 5098 3816 5140 se

2233 5188 2338 5228 non
2378 5176 2566 5233 timeat
2590 5179 2842 5250 judicari.
2889 5181 2962 5240 Ut
2991 5183 3168 5256 igitur
3199 5189 3259 5243 in
3291 5189 3582 5246 eliciendae
3607 5181 3816 5240 veritatis

2229 5283 2458 5328 examen
2492 5288 2596 5327 non
2635 5275 2880 5346 inserpat
2907 5277 3273 5349 aliquatenus
3305 5283 3644 5340 calumniosa
3668 5271 3816 5345 suspi'

2228 5360 2318 5415 cio
2342 5404 2356 5429 ,
2408 5363 2692 5435 lucemque
2720 5370 3059 5439 perspicuam
3096 5388 3276 5444 quam
3309 5375 3590 5431 mentibus
3621 5365 3818 5442 publicis

2225 5455 2608 5523 probationum
2660 5459 2993 5518 evidentium
3045 5463 3200 5523 ﬁdes
3255 5466 3515 5525 absoluta
3563 5459 3814 5539 purgabii.

2221 5546 2387 5602 nullis
2431 5550 2644 5618 penitus
2672 5553 2887 5609 nebulis
2917 5558 3174 5614 causatio
3205 5561 3510 5629 cujuslibet
3552 5561 3712 5631 partis
3733 5554 3812 5608 ob-

2219 5637 2424 5704 ducat;
2476 5640 2528 5696 id
2559 5643 2722 5700 etiam
2754 5657 2941 5703 contra
2979 5650 3379 5720 suspicionum
3430 5652 3589 5711 fucos
3617 5658 3809 5708 etcom-

3997 5425 4003 5674 ι

515 5711 842 5783 colloquium
869 5709 1246 5770 mOdel'alione
1269 5711 1504 5781 Silentii,
1548 5715 1617 5771 ad
1664 5715 1768 5775 hoc
1795 5732 1856 5777 se
1899 5728 2106 5780 tantum
2214 5741 2401 5788 menta
2429 5731 2649 5793 fallendi
2680 5741 2988 5798 necessario
3009 5695 3807 5812 omnes
3997 5695 4001 5908 Ι
