4130 6170
598 290 735 349 {267

1569 288 1795 351 GESTA
1836 282 2293 349 ωιιλτιοωε
2330 279 2954 347 εΑιιτιιΑοικεΝειε.

3714 289 3816 347 m8

673 404 762 459 lii.
800 402 1136 461 Marcellinus
1160 401 1236 455 rir
1265 401 1585 461 clarissimus
1614 404 1851 461 tribunus
1888 412 1934 465 et
1975 402 2209 463 notarius
2236 402 2285 460 Α
2313 413 2531 457 causam
2559 399 2830 473 superflue
2855 409 2910 457 et
2959 407 3083 456 ante
3131 401 3321 455 merita
3365 401 3642 471 principalis
3665 409 3819 475 negotii

595 495 750 550 dixit.
786 496 1023 555 Alterius
1049 507 1264 565 quoque
1293 494 1460 569 partis
1492 494 1751 553 recitetur
1778 493 2029 565 epistola.

674 588 762 643 16.
798 584 1054 643 Romulus
1073 594 1313 657 exceptor
1336 586 1587 641 recitavit.
1619 587 1936 649 Honorabili
1978 601 2040 643 ac
2073 585 2206 645 dile-

598 683 844 743 ctissimo
875 680 989 738 filio
1015 680 1133 735 viro
1154 680 1467 739 clarissimo
1497 690 1551 738 et
1580 680 1863 753 spectabili
1895 680 2110 741 tribuno
2157 688 2212 739 ct

599 774 819 843 notario
844 772 1185 838 Marcellino,
1232 772 1508 841 Aurelius,
1538 771 1808 844 Sylvanus
1830 813 1847 837 ,
1874 779 1931 828 et
1971 768 2212 828 universi

596 867 839 938 episcopi
890 864 1178 920 Catholici.
1201 894 1275 907 -—-
1294 862 1490 919 Edicto
1512 864 1923 935 spectabilitatis
1944 870 2071 929 tute,
2100 872 2207 921 etc.

595 959 756 1016 Extat
780 959 921 1033 apud
933 958 1153 1030 August.
1183 967 1221 1011 t.
1247 973 1304 1023 It,
1336 956 1436 1011 col.
1470 957 1599 1023 487,
1633 956 1850 1027 Ep.128
1874 967 2059 1013 nostra:
2084 955 2207 1011 edit.

673 1053 760 1107 17.
795 1050 1129 1105 Marcellinus
1171 1049 1337 1125 250
1384 1050 1460 1102 vir
1490 1048 1810 1104 clarissimus
1842 1057 1889 1102 et
1917 1046 2211 1118 spectabilis

597 1143 829 1203 tribunus
852 1152 899 1197 et
920 1142 1155 1197 notarius
1177 1140 1330 1194 dixit.
1350 1139 1615 1209 Quoniam
1631 1139 1841 1210 justitia
1865 1138 2103 1195 dictante
2126 1136 2211 1193 vel

598 1236 707 1291 fide
735 1233 905 1290 semel
927 1247 1013 1288 me
1037 1230 1395 1305 spopondisse
1423 1230 1797 1296 commemini,
1820 1228 2207 1301 quidquidcum

598 1328 885 1399 utriusque
906 1325 1075 1401 partis
1120 1324 1391 1397 episcopis
1417 1339 1644 1396 gessero
1675 1324 1728 1381 in
1759 1324 2027 1395 publicam
2041 1331 2212 1383 trans-

602 1422 899 1477 missurum
931 1434 1017 1475 me
1047 1433 1168 1474 esse
1208 1418 1480 1484 notitiam,
1512 1433 1676 1474 causa
1720 1419 1852 1473 mihi
1880 1417 2209 1489 repetendo-

599 1530 721 1572 rum
751 1514 990 1571 nascitur
1019 1512 1347 1575 edictorum.
1380 1511 1512 1577 Nam
1541 1527 1665 1573 cum
1716 1512 2015 1587 superioris
2037 1512 2210 1573 forma

604 1607 1019 1680 programmatis
1056 1620 1117 1661 ea
1152 1604 1360 1678 digesta
1387 1606 1702 1671 contineat,
1734 1606 1930 1677 quibus
1960 1602 2209 1665 ordinata

603 1702 847 1773 cognitio
888 1698 1212 1757 inoffensum
1263 1706 1521 1771 sequatur
1570 1698 1839 1755 tramitem
1889 1697 2207 1769 judicandi;

2316 510 2652 567 supervacua
2682 510 2802 550 esse
2830 502 3146 561 noscuntur,
3179 508 3348 564 neque
3384 495 3506 555 mihi
3549 511 3701 559 nostra
3725 520 3820 574 pro.

2315 588 2512 659 positio
2552 606 2565 640 :
2610 600 2788 658 neque
2829 584 3047 643 illorum
3089 586 3365 655 responsio
3395 587 3597 647 ofﬁcere
3642 602 3820 663 potest,

2314 693 2460 744 cum,
2491 677 2657 734 salvis
2705 676 2960 735 omnibus
3004 685 3131 733 ante
3183 691 3390 732 causam
3440 696 3570 736 nunc
3608 683 3744 740 limen
3763 688 3824 745 ia-

2312 772 2487 844 gressi
2506 770 2714 841 judicii,
2745 785 2866 840 quae
2891 769 2997 823 sint
3020 770 3215 825 merita
3240 770 3431 841 negotii
3455 772 3661 831 deﬁnire
3685 779 3826 833 valea-

2315 880 2456 925 mus.
2490 863 2559 918 Et
2593 865 2700 919 alia
2718 880 2893 917 manu.
2928 862 3200 918 Emeritus
3220 864 3495 935 episcopus
3517 870 3774 938 recognovi.

2385 958 2476 1013 21.
2508 954 2848 1011 Marcellinus
2878 955 2955 1010 vir
2976 955 3292 1015 clarissimus
3329 956 3549 1013 tribunus
3575 968 3617 1013 et
3651 961 3829 1016 notarius

2315 1051 2467 1109 dixit.
2502 1047 2731 1104 Constat
2750 1048 2819 1107 de
2844 1062 3007 1105 causa
3033 1047 3165 1105 nihil
3185 1047 3396 1118 penitus
3431 1049 3713 1115 mutilatum,
3735 1066 3825 1106 cum

2315 1158 2379 1200 ea
2405 1150 2612 1197 tantum
2641 1156 2764 1212 quae
2791 1148 2917 1194 ante
2939 1138 3138 1209 scripta
3161 1139 3244 1201 vel
3280 1148 3424 1209 gesta
3444 1148 3587 1206 sunt,
3617 1155 3830 1212 praecepe-

2313 1238 2418 1293 rim
2447 1235 2689 1293 recitari.
2723 1233 2879 1291 Unde
2909 1234 3165 1305 quoniam
3193 1244 3375 1299 certus
3399 1249 3429 1289 a
3448 1233 3666 1305 partibus
3691 1250 3830 1293 nume-

2312 1345 2409 1391 rus
2459 1329 2715 1387 constitui
2766 1328 2968 1387 debere
3004 1335 3307 1399 praeceptus
3359 1336 3477 1396 est,
3523 1338 3679 1385 utrum
3696 1328 3830 1385 edicto

2278 1434 2287 1445 ο
2315 1423 2552 1495 paritem
2579 1421 2674 1489 sit,
2706 1421 2847 1479 sicut
2866 1421 3118 1491 superius
3150 1420 3427 1485 interfatus
3446 1434 3590 1489 sunt,
3614 1420 3831 1485 venerabi-

2315 1515 2442 1572 litas
2468 1524 2648 1579 vestra
2684 1513 2939 1571 intimare
2960 1512 3230 1584 dignetur.
3424 1562 3457 1579 ,.

2385 1606 2477 1661 22.
2513 1604 2774 1661 Emeritus
2802 1605 3077 1674 episcopus
3106 1604 3256 1660 dixit.
3287 1602 3549 1660 Admoniti
3575 1603 3751 1671 quidem
3770 1603 3828 1661 in-

2315 1697 2585 1769 tegritatis
2616 1708 2720 1753 tute
2745 1696 2963 1767 edictis,
2995 1697 3175 1755 omnia
3205 1698 3409 1769 integra
3434 1696 3684 1755 etillibata
3698 1711 3827 1751 causa

602 1793 971 1850 necessarium
1000 1807 1120 1847 esse
1136 1805 1484 1857 consueram,
1517 1791 1644 1863 quid
1676 1805 1842 1865 super
1867 1789 2060 1853 eodem
2087 1803 2211 1861 pars
2240 1794 2292 1859 Β
2318 1792 2675 1848 servabimus.
2712 1790 2862 1846 llane
2890 1806 3139 1876 causam,
3159 1793 3204 1846 si
3237 1801 3464 1862 tempus,
3488 1792 3529 1847 si
3548 1792 3648 1846 dies
3665 1791 3823 1861 patitur,

600 1898 828 1959 utraque
845 1886 1095 1955 sentiret,
1128 1885 1307 1941 edicto
1332 1884 1401 1939 ab
1427 1884 1693 1941 universis
1744 1882 2016 1954 episcopis
2061 1881 2213 1954 ﬂagi-

613 1991 731 2036 tare
761 1998 773 2033 :
813 1977 942 2053 quid
973 1976 1233 2033 dicationi
1261 1991 1397 2038 meae
1425 1978 1617 2047 partim
1647 1990 1744 2047 per
1771 1976 2064 2041 notoriam,
2090 1989 2215 2044 par-

609 2073 705 2127 tim
737 2086 833 2147 per
863 2069 1149 2151 epistolam
1178 2068 1565 2133 rescribentes,
1598 2065 1728 2139 quid
1756 2081 1921 2137 super
1941 2065 2213 2129 conditio-

608 2164 770 2221 nibus
793 2177 967 2235 nuper
997 2161 1286 2235 propositis
1307 2160 1548 2221 sentiant
1572 2160 1909 2219 inlimarunt.
1937 2156 2105 2231 Cujus
2127 2157 2213 2215 vel

606 2255 877 2329 epistolae,
916 2254 1001 2311 vel
1033 2253 1260 2311 notoria:
1287 2252 1743 2329 quemadmodum
1791 2266 1851 2309 se
1878 2252 2051 2309 forma
2081 2267 2213 2315 con-

610 2347 816 2413 tineat,
863 2345 1199 2403 offerendum
1253 2344 1485 2417 publicis
1527 2344 1805 2407 obtutibus
1850 2344 2121 2423 judicavi,
2156 2353 2217 2402 ut

607 2442 734 2515 quid
763 2443 850 2499 vel
876 2440 1233 2522 praecedentis
1263 2440 1429 2503 edicti
1452 2447 1631 2505 textus
1668 2439 1943 2515 exegerit,
1973 2439 2058 2499 vel
2101 2441 2213 2495 sin-

606 2534 855 2613 gularum
889 2533 1121 2609 partium
1142 2532 1501 2602 responsione
1531 2531 1764 2595 relatum
1789 2531 1859 2595 sit
1884 2571 1900 2595 ,
1930 2529 2021 2586 ubi
2052 2530 2215 2593 totius

608 2628 794 2700 populi
816 2626 1174 2683 considerarit
1199 2624 1427 2701 agnitio,
1458 2624 1693 2701 qualiter
1719 2637 1779 2683 se
1799 2621 1999 2685 habeat
2018 2622 2215 2687 exami-

609 2724 791 2779 nantis
818 2722 1046 2778 intentio
1061 2720 1348 2792 perspicue
1361 2718 1535 2791 possit
1557 2717 1858 2779 advertere.
1882 2716 1999 2793 Quo
2019 2718 2209 2786 indito,

608 2816 743 2873 idem
764 2817 1016 2875 recitavit.

688 2911 776 2969 18.
808 2906 1121 2968 Honorabili
1149 2922 1213 2966 ac
1236 2906 1592 2973 dilectissimo
1615 2907 1725 2973 lilio
1764 2907 1881 2973 viro
1908 2907 2215 2973 clarissimo

609 3012 665 3063 et
693 3003 972 3074 spectabili
994 3002 1215 3061 tribuno
1244 3010 1298 3061 et
1325 3002 1539 3067 notario
1559 3001 1894 3069 Marcellino,
1925 3002 2212 3071 Aurelius,

611 3095 864 3161 Silvanus
895 3106 951 3159 et
982 3094 1220 3161 universi
1234 3091 2083 3167 episcopiCatholici._Multum
2113 3110 2213 3161 nos

2316 1886 2647 1943 intimamus.
2677 1883 2890 1941 Scimus
2903 1885 3047 1941 enim
3076 1893 3133 1941 et
3157 1883 3337 1949 edicto
3355 1884 3825 1956 spectabilitatistua,

2316 1988 2369 2036 et
2398 1978 2539 2043 sacri
2571 1986 2762 2037 tenore
2791 1978 3066 2049 rescripti,
3099 1978 3237 2034 intra
3280 1987 3502 2049 quatuor
3530 1990 3711 2035 menses
3732 1989 3827 2029 cau-

2317 2086 2435 2131 sam
2466 2070 2668 2131 deoere
2698 2068 2866 2127 ﬁniri.
2891 2069 2948 2126 Si
2976 2070 3077 2126 iste
3108 2078 3195 2127 est
3223 2070 3339 2127 dies
3362 2112 3375 2136 ,
3399 2068 3653 2125 veniamus
3671 2066 3724 2123 ad
3740 2080 3828 2120 mu-

2317 2180 2456 2227 sam.
2484 2164 2600 2221 Non
2631 2178 2919 2235 possumus
2949 2163 3150 2225 etenim
3179 2164 3464 2239 quicquam
3484 2161 3550 2227 tle
3574 2158 3827 2216 meritisdis-

2318 2268 2559 2332 captare.
2588 2259 2690 2315 nisi
2725 2259 2905 2332 primo
2948 2258 3017 2314 de
3044 2258 3135 2315 die
3165 2257 3329 2319 fuerit
3353 2256 3643 2328 judicatum.
3677 2250 3729 2309 Et
3749 2249 3825 2307 alii

2317 2370 2499 2408 manu.
2532 2352 2808 2413 Emeritos
2833 2352 3119 2423 episcopus
3143 2350 3455 2424 recognovi.

2386 2447 2480 2503 25.
2513 2446 2849 2504 Marcellinus
2869 2447 2944 2501 uir
2982 2446 3307 2507 clarissimus
3336 2444 3556 2505 tribunus
3585 2450 3628 2499 tt
3646 2438 3826 2497 statarius

2318 2540 2467 2601 dixit.
2495 2539 2574 2597 Ex
2603 2538 2781 2595 edicto
2831 2539 3070 2601 secundo
3118 2538 3264 2597 diem
3298 2550 3607 2610 cognoscere
3643 2529 3825 2604 potuisti,

2317 2632 2409 2703 qui
2464 2630 2583 2689 dies
2611 2629 2719 2686 kal.
2746 2631 3024 2693 Juniarum
3051 2630 3265 2697 videtur
3284 2647 3403 2691 esse
3427 2627 3823 2692 constitutus,quo-

2317 2726 2464 2783 niam
2499 2724 2643 2783 hunc
2683 2738 2805 2780 esse
2834 2723 3158 2789 hodiernum
3190 2724 3356 2785 etiam
3379 2720 3623 2795 Suggestio
3645 2711 3827 2787 patelcdt

2317 2816 2505 2889 ofﬁcii,
2560 2824 2617 2873 et
2666 2817 2915 2872 recitatio
2972 2818 3302 2881 monstravit
3360 2815 3533 2872 edicti.
3594 2810 3827 2879 Superest.

2317 2918 2497 2967 utrum
2522 2910 2592 2965 de
2618 2909 2923 2967 ordinando
2968 2911 3187 2983 negotio
3228 2926 3262 2979 a
3309 2908 3498 2979 vestris
3542 2903 3742 2978 partibus
3761 2897 3829 2955 eli-

2315 3002 2619 3079 gendisque
2641 3002 2890 3075 personis
2914 3002 3253 3069 satisfactum
3277 3003 3371 3073 sit,
3400 2999 3667 3065 intimatur.
3700 2989 3828 3059 εἶπ’

2316 3092 2439 3159 dem
2470 3095 2525 3159 in
2549 3094 2773 3159 confusa
2797 3094 3163 3163 multitudine,
3187 3107 3338 3165 certa
3364 3110 3465 3150 non
3480 3090 3830 3163 possitesselle"

609 3190 869 3255 sollicitos
905 3188 1142 3249 reddidit
1170 3188 1383 3251 notoria
1413 3187 1495 3247 vel
1527 3188 1719 3253 litterae
1740 3187 1965 3255 fratrum
1996 3199 2211 3247 nostro-
2239 3177 2289 3257 C,
2317 3202 2473 3256 sorua,
2500 3201 2624 3251 cum
2650 3185 2755 3242 hoc
2778 3196 2989 3243 constet
3018 3188 3184 3243 etiam
3207 3188 3415 3261 legibus
3437 3184 3701 3243 ἀεῧιιίιυίηο

610 3297 728 3337 rum
752 3324 767 3350 ,
814 3290 921 3351 etc,
970 3280 1131 3343 Extat
1173 3281 1312 3355 apud
1343 3280 1406 3339 S.
1437 3279 1683 3355 August.,
1715 3289 1839 3347 tant,
1873 3297 1933 3353 tt,
1966 3281 2210 3351 tle90,

613 3370 784 3440 Epist.
821 3373 922 3428 H9
946 3372 1186 3433 editionis
1207 3382 1418 3435 nostris.
2074 3416 2077 3419 η

685 3463 949 3543 25219.
986 3464 1324 3531 Marcellinus
1350 3466 1426 3525 uir
1453 3464 1771 3535 clarissimus
1798 3466 2032 3535 tribunus
2047 3476 2099 3522 et
2130 3483 2216 3535 tto-

614 3554 778 3608 tnrius
801 3556 952 3608 dixit.
987 3555 1283 3617 Evidenter
1309 3555 1557 3625 apparuit
1576 3556 1753 3621 edicto
1770 3556 2053 3619 dicationis
2079 3573 2215 3614 meae

610 3663 837 3704 numero
863 3649 1105 3723 praestita
1135 3663 1293 3719 quem
1324 3662 1390 3703 ex
1418 3650 1656 3707 omnium
1684 3649 1957 3717 voluntate
1974 3652 2217 3721 suscipe-

612 3750 756 3807 rent,
790 3755 976 3796 curam
999 3740 1198 3819 negotii
1243 3740 1603 3813 peragendam
1632 3783 1649 3810 ,
1675 3742 1928 3812 quoniam
1960 3741 2012 3803 id
2050 3742 2214 3807 etiam

614 3833 1033 3899 sacratissimam
1053 3834 1225 3906 legem
1256 3834 1492 3891 voluisse
1527 3835 1644 3907 ejus
1673 3836 1916 3893 recitatio
1936 3835 2211 3909 patefecit.

613 3924 686 3979 Et
714 3923 839 3999 quia
878 3923 1188 3980 Catholicos
1214 3926 1498 3997 episcopos
1525 3926 1592 3982 ad
1620 3927 1780 3985 edicti
1813 3940 2053 3993 tenorem
2083 3942 2215 3983 ροη-

615 4016 856 4075 sensisse
882 4023 1241 4081 monstratum
1266 4026 1371 4085 est,
1402 4028 1582 4083 utrum
1626 4017 1791 4081 etiam
1820 4019 2058 4089 episcopi
2089 4035 2213 4091 pars

617 4109 687 4163 tis
712 4107 932 4179 alterius
953 4108 1021 4166 de
1051 4108 1153 4165 hac
1193 4124 1255 4167 re
1302 4108 1660 4179 satisfecerint
1686 4152 1702 4179 ,
1733 4110 1819 4169 vel
1860 4120 2041 4181 utrum
2069 4127 2215 4183 nunc

613 4202 927 4260 satisfacere
950 4204 1141 4273 velint,
1169 4203 1421 4273 intimare
1448 4202 1754 4276 dignentur.

686 4296 777 4354 20.
802 4295 1060 4367 Emeritus
1091 4296 1359 4369 episcopus
1388 4294 1536 4351 dixit.
1571 4298 1703 4359 Acta
1725 4305 1832 4365 est,
1855 4305 1917 4363 ut
1939 4298 2176 4361 arbitror
2197 4340 2214 4368 ,

619 4402 782 4445 causa
822 4396 882 4459 et
907 4388 1083 4444 adhuc
1112 4387 1531 4444 conﬂictantium
1564 4404 1671 4445 non
1716 4398 1801 4446 est
1839 4399 2037 4459 statuta
2090 4407 2213 4469 per-

616 4496 773 4549 sona.
806 4481 925 4538 Tibi
956 4482 1123 4555 enim,
1152 4481 1402 4555 judicum
1431 4483 1734 4552 verissime,
1783 4483 1918 4541 nihil
1959 4484 2103 4543 aliud
2133 4485 2215 4545 in-.

2392 3280 2486 3341 24.
2516 3280 2772 3341 Emeritos
2795 3282 3067 3352 episcopus
3100 3282 3258 3338 dixit.
3298 3282 3443 3351 Diem
3479 3274 3658 3349 negotii
3698 3278 3825 3331 utrum

2322 3375 2584 3443 terminus
2625 3372 2871 3431 edictalis
2920 3372 3230 3441 incluserit,
3286 3389 3353 3433 an
3400 3370 3559 3437 forma
3609 3356 3829 3457 impertitis

2323 3468 2603 3539 prmccpti,
2636 3467 2930 3529 nobilitatis
2957 3474 3063 3523 tua:
3119 3468 3289 3541 debet
3324 3466 3518 3538 judicio
3555 3455 3746 3521 deliniri
3788 3447 3831 3507 ει

2320 3561 2427 3615 alia
2456 3577 2633 3621 manu.
2663 3558 2932 3625 Emeritus
2952 3561 3245 3630 episcopus
3273 3554 3566 3631 recognovi.

2392 3653 2484 3707 25.
2517 3652 2858 3711 Marcellinus
2881 3654 2959 3707 uir
2980 3652 3304 3709 clarissimus
3353 3650 3576 3715 tribunus
3599 3654 3638 3699 ct
3660 3636 3830 3695 notarius

2320 3744 2473 3811 dixit.
2502 3743 2579 3800 Ex
2608 3744 2787 3800 edicto
2813 3743 2929 3799 dies
2959 3754 3041 3801 est
3082 3747 3411 3805 constitutus
3433 3785 3447 3810 ,
3489 3733 3735 3799 secundum
3758 3727 3829 3781 lut-

2322 3852 2465 3892 mam
2503 3834 2694 3908 judicii
2745 3835 3091 3907 principalis;
3126 3846 3181 3891 et
3212 3834 3465 3908 quoniam
3504 3844 3602 3886 non
3625 3822 3756 3881 estin
3777 3815 3831 3908 illi

2318 3906 2521 3985 diutius
2543 3906 2962 3994 immorandum,
2993 3906 3248 3996 superest
3265 3935 3323 3985 ut
3348 3926 3401 3980 in
3423 3918 3661 3979 electione
3683 3906 3831 3969 satisﬁ-

2318 4017 2474 4075 ciatis
2501 4017 2813 4074 coelestibus
2841 4018 3168 4074 constitutis.
3710 4095 3717 4098 Α
3784 4089 3808 4098 η

2388 4108 2479 4164 26.
2506 4108 2766 4177 Emeritus
2795 4110 3067 4182 episcopus
3096 4110 3253 4167 dixit.
3284 4110 3478 4167 Forma
3505 4095 3721 4177 praecepti
3743 4089 3830 4147 talis

2318 4212 2420 4272 est,
2448 4211 2509 4260 ut
2534 4204 2675 4261 intra
2702 4212 2939 4275 quatuor
2964 4219 3180 4261 menses
3210 4220 3374 4261 causa
3393 4203 3607 4259 dicatur.
3629 4193 3674 4251 Si
3693 4199 3834 4246 securi.

2320 4295 2445 4363 dum
2469 4295 2608 4363 haue
2636 4295 2868 4367 formam
2889 4296 3240 4371 sublimitatis
3269 4308 3374 4365 tum
3404 4296 3619 4367 edictum
3655 4290 3722 4343 est
3740 4292 3834 4333 εθιὶ·

2320 4390 2587 4457 stizutum,
2615 4399 2867 4461 superest
2910 4400 2970 4453 ut
3014 4400 3341 4463 suggerente
3367 4386 3540 4446 ofﬁcio
3572 4383 3618 4438 in
3656 4372 3833 4435 medium

2319 4496 2479 4539 causa
2497 4483 2765 4539 mittatur.
2796 4480 2864 4543 Et
2891 4482 2995 4539 alia
3025 4498 3206 4539 manu.
3232 4481 3499 4547 Emeritos
3518 4475 3758 4546 episcopus
3776 4474 3832 4516 τέ’

613 4578 821 4635 cumbit
848 4593 1009 4651 quam
1041 4587 1226 4641 tenere
1255 4579 1561 4636 veritatem.
1592 4579 1650 4637 Si
1680 4580 1823 4637 enim
1852 4581 2093 4637 omnium
2125 4596 2217 4639 ne-
2239 4572 2295 4651 Ι)
2320 4574 2573 4645 coenavi.

612 4674 880 4748 gutiorum
905 4682 1212 4731 avertamus
1233 4671 1545 4733 instantiam
1566 4714 1582 4740 ,
1609 4672 1782 4744 primo
1823 4672 1894 4729 de
1920 4680 2164 4742 tempore
2197 4714 2214 4739 ,

611 4765 681 4825 de
704 4768 982 4835 mandato,
1016 4765 1084 4825 de
1111 4780 1363 4836 persona,
1394 4764 1464 4821 de
1491 4779 1650 4823 causa
1674 4805 1690 4831 ,
1746 4772 1875 4821 tunc
1900 4763 2118 4823 demum
2146 4766 2215 4823 ad

610 4859 805 4915 merita
837 4857 1039 4931 negotii
1068 4857 1394 4929 veniendum
1423 4862 1527 4923 est.
1557 4854 1713 4923 Quod
1738 4856 1784 4913 si
1831 4858 2213 4928 Dt‘mtermisﬁs

611 4950 752 5016 istis,
794 4949 1090 5011 secundum
1140 4949 1385 5013 forenses
1409 4948 1584 5013 fasces
1628 4947 2044 5023 jactaptiamqpe
2068 4949 2215 5015 illius

611 5041 998 5101 controversia:
1024 5055 1185 5121 quam
1214 5039 1504 5111 tribunalia
1533 5038 1638 5111 sibi
1668 5040 1967 5111 vindicant,
1989 5056 2209 5113 semper

610 5131 798 5205 legalis
831 5131 986 5203 nobis
1032 5134 1166 5205 ritus
1194 5147 1259 5195 ac
1289 5148 1469 5203 sermo
1515 5133 1813 5213 servandus
1834 5141 1940 5203 est,
1979 5134 2160 5206 judica
2191 5176 2209 5204 ,

609 5224 694 5281 vir
720 5225 988 5295 sublimis,
1018 5226 1070 5297 in
1100 5227 1316 5299 negotio
1342 5226 1652 5303 Christiano
1680 5242 1696 5282 :
1730 5228 1855 5309 quia
1883 5229 2010 5299 huic
2030 5244 2211 5303 cattsze

605 5313 811 5387 iudicat
833 5316 999 5389 Deus,
1027 5316 1119 5391 qui
1146 5327 1201 5389 et
1220 5329 1404 5393 nostra
1430 5324 1627 5401 merita
1650 5331 1703 5388 et
1723 5323 1839 5395 veri
1859 5322 2058 5399 judieis
2085 5338 2211 5383 seu-

609 5406 833 5462 tentiam
862 5423 1011 5481 aequa
1041 5409 1348 5481 ponderans
1378 5414 1514 5471 libra
1543 5429 1613 5481 ne
1642 5414 1887 5487 invergat
1909 5457 1925 5483 ,
1954 5414 2209 5479 attendit.

606 5498 815 5557 Edictis
841 5502 985 5556 enim
1019 5504 1312 5581 propositis
1347 5505 1657 5589 praesentiae
1709 5514 1813 5573 tua:
1843 5514 2104 5583 quantum
2140 5506 2211 5569 ad

605 5592 803 5663 judicis
832 5595 1167 5655 voluntatem
1198 5601 1459 5670 pertinet,
1512 5599 1648 5657 nihil
1680 5609 1886 5656 temere
1917 5639 1932 5669 ,
1973 5598 2104 5653 nihil
2133 5599 2215 5655 in-

615 5699 872 5761 congrue,
898 5687 1031 5746 nihil
1059 5690 1319 5763 adversus
1341 5690 1580 5762 aliquem
1606 5690 1851 5747 videmus
1890 5704 2011 5749 esse
2038 5692 2214 5763 prola-

548 5784 557 5791 ‘
618 5783 727 5830 tum
754 5785 1012 5847 quantum
1040 5780 1107 5836 ad
1133 5780 1522 5851 responsiones
1548 5790 1785 5851 nostras,
1815 5783 2067 5859 quoniam
2089 5792 2216 5853 ante

2394 4666 2486 4721 27.
2519 4664 2855 4723 Marcellinus
2885 4667 2960 4722 uir
3007 4668 3327 4739 clarissimus
3354 4666 3572 4722 tribunus
3596 4667 3636 4714 et
3658 4646 3834 4708 notarius

2322 4761 2473 4827 dixit.
2528 4759 2776 4818 Ofﬁcium
2848 4761 2916 4831 ad
2968 4763 3193 4833 quaesita
3249 4758 3585 4832 respondeat.
3638 4739 3834 4813 ΝαυιΡί⁸ί⁸

2320 4851 2506 4929 Scriba
2531 4851 2685 4907 dixit.
2716 4852 3023 4913 Secundum
3071 4853 3215 4910 diem
3266 4852 3426 4921 edicti
3475 4839 3731 4933 nobilitatis
3760 4841 3833 4933 tum

2320 4955 2543 5020 quartus
2579 4948 2785 5017 mensis
2829 4947 3121 5019 conclusus
3170 4956 3277 5017 est,
3317 4945 3404 5005 die
3445 4957 3532 4998 xiv
3566 4934 3661 4997 kal.
3691 4929 3834 4986 lunia-

2320 5055 2461 5099 ιίυη.
3780 5111 3788 5121 ι

2386 5134 2477 5201 98.-
2513 5133 2848 5205 Μανοεηὶηιιδ
2886 5137 2963 5193 vir
2990 5137 3305 5193 clarissimus
3350 5131 3574 5193 tribunus
3591 5132 3633 5181 et
3656 5122 3833 5175 notant:

2314 5228 2469 5295 dixit.
2502 5229 2637 5287 Cum
2670 5239 2849 5303 partes
2889 5231 3270 5302 Carthaginem
3301 5234 3537 5295 ιιιι-ιιττιιιθ
3574 5214 3830 5305 “MSS”?

2316 5324 2373 5389 in
2415 5324 2555 5381 hunc
2584 5297 2689 5387 eas.
2716 5325 2861 5383 diem
2910 5297 3256 5389 consensisse
3300 5338 3406 5381 non
3437 5314 3642 5375 dubium
3665 5313 3748 5396 est:

2314 5416 2553 5485 quidem
2582 5417 2727 5483 nulla
2773 5432 2937 5488 super
2973 5417 3077 5475 hac
3124 5426 3279 5489 parte
3321 5412 3559 5473 videatur
3584 5410 3666 5460 aut
3689 5394 3831 5453 dilatio

2318 5509 2608 5579 postulata,
2640 5517 2735 5565 aut
2757 5509 3020 5581 judicium
3048 5508 3369 5581 flagitatum.
3396 5560 3415 5575 ,

2391 5601 2483 5659 29.
2512 5576 2799 5657 Petilianus
2820 5603 3091 5676 episwpus
3117 5576 3266 5658 dixit.
3296 5600 3405 5657 Nos
3446 5593 3508 5649 ad
3543 5591 3671 5651 hanc
3690 5576 3827 5676 orbein

2319 5710 2389 5752 xv
2439 5694 2549 5750 kal.
2575 5695 2663 5751 die
2689 5695 2967 5763 .luniarum
3017 5698 3256 5762 venisse,
3303 5703 3357 5751 et
3385 5689 3585 5749 notoria
3607 5682 3827 5763 nostra“:

2322 5786 2640 5863 enavimus.
2692 5755 2749 5851 et
2791 5804 3008 5853 omnem
3042 5755 3167 5854 non
3215 5755 3339 5849 uico
3378 5755 3826 5857 Carthaginem“
