4130 6170
351 289 498 347 1269

1333 267 1561 330 GESTA
1600 269 2061 334 COLLATIONIS
2097 264 2718 330 CARTHAGINENSIS.

3575 281 3718 340 12Ἱο

344 404 593 464 Africam
615 397 849 457 fecimus
877 402 1074 452 testem
1103 411 1118 459 ;
1141 392 1233 464 qui
1254 388 1318 460 {si
1344 400 1451 444 non
1473 383 1836 458 adessemus,
1865 390 1977 460 jam
2005 390 2059 451 Α
2083 385 2235 442 dixit.
2267 383 2345 440 Ne
2370 383 2498 455 quid
2518 381 2833 438 inordinate
2861 378 2992 438 ﬁeri
3011 384 3293 457 videatur,
3321 393 3584 463 quoniam
3612 398 3718 457 hoc

344 515 478 573 pars
497 498 733 554 adversa
755 491 876 548 sine
906 488 1076 547 dubio
1107 485 1375 560 ﬂagitaret
1420 481 1477 538 in
1511 487 1874 540 contumaces
1900 484 1982 540 di-

339 593 580 653 cendam
607 601 734 646 esse
759 583 1115 646 sententiam,
1151 589 1474 650 tempusque
1495 573 1606 644 jam
1646 574 1822 633 fuisse
1848 575 1982 632 deﬁ-

345 689 550 753 nitum,
578 697 690 756 quo
713 694 814 736 nec
835 686 963 750 post
982 673 1328 734 venientibus
1357 683 1519 741 agere
1541 668 1840 741 quicquam
1886 677 1983 726 aut

342 777 689 852 respondere
732 770 1003 830 licuisset.
1053 768 1110 826 Si
1159 765 1324 838 igitur
1370 764 1454 819 vir
1482 761 1683 818 nobilis
1739 763 1980 820 mediam

346 887 576 945 semper
597 869 794 926 libram
816 863 1008 936 judicii
1032 861 1110 918 tui
1135 871 1456 930 suspensam
1489 855 1561 912 ita
1615 863 1774 912 tenes
1793 871 1861 912 ac
1890 870 1981 913 re-

343 969 457 1039 gis,
489 972 551 1020 ut
577 961 779 1018 nullam
813 956 869 1011 in
897 963 1106 1026 partem
1126 960 1315 1021 vergat
1340 945 1544 1018 aliquid
1570 947 1803 1039 gratiam
1826 947 1980 1039 illam

349 1037 465 1132 qua
493 1057 592 1114 tibi
618 1050 995 1111 conditionem
1022 1055 1184 1113 atque
1217 1048 1563 1132 praeceptum
1583 1037 1861 1108 imperiali
1888 1053 1982 1094 au-

346 1131 606 1213 ctoritate
625 1146 913 1220 cognoscis
942 1156 1066 1198 esse
1088 1136 1441 1212 permissum,
1469 1141 1529 1189 ut
1548 1131 1693 1188 ferre
1711 1132 1892 1202 possis
1925 1131 1982 1186 in

343 1256 710 1307 contumaces
734 1238 1098 1297 sententiam:
1133 1249 1276 1291 nunc
1314 1240 1364 1287 te
1392 1225 1642 1301 judiciali
1688 1225 1787 1281 illo
1826 1232 1983 1281 motu

344 1346 444 1403 illa
469 1358 596 1416 quae
621 1353 756 1412 pura
775 1347 994 1393 cessura
1025 1330 1467 1386 animadvertere
1496 1319 1810 1416 oportebit,
1843 1333 1983 1375 con-

347 1447 434 1493 tra
457 1411 603 1490 lianc
628 1411 840 1503 partem
874 1434 928 1483 te
958 1424 1104 1480 ferre
1129 1420 1420 1492 judicium,
1448 1428 1571 1484 quae
1592 1411 1829 1479 destitit,
1858 1423 1984 1503 quae

351 1545 465 1588 non
493 1502 690 1592 adfuit,
719 1536 841 1594 quat
868 1519 1134 1577 delectata
1155 1525 1240 1572 est
1268 1508 1561 1568 laboribus
1585 1506 1750 1570 meis,
1785 1518 1902 1576 quae
1925 1502 1983 1557 in

354 1626 463 1681 hoc
492 1633 709 1694 quoque
740 1613 874 1671 mihi
917 1608 1217 1673 insultavit,
1249 1613 1309 1662 ut
1338 1603 1440 1661 diu
1475 1599 1682 1657 chorus
1724 1598 1824 1653 iste
1858 1610 1986 1694 san-

355 1686 638 1774 ctissimus
659 1715 877 1767 senatus
895 1701 1134 1762 cmlestis
1153 1703 1431 1771 spectaret
1451 1692 1643 1763 iudicii
1661 1692 1740 1748 tui
1754 1686 1984 1747 auctori-

2081 487 2137 535 et
2163 478 2342 548 ipsum
2369 475 2619 532 veritatis
2646 471 2839 544 regula
2870 475 3224 548 continetur,
3249 490 3307 538 et
3335 482 3520 557 legum
3551 489 3723 550 dictat

2082 572 2400 638 auctoritas,
2451 570 2604 640 prius
2644 574 2734 626 est
2780 573 2843 621 ut
2869 581 3240 637 personarum
3277 592 3540 638 numerus
3576 583 3724 642 desi-

2081 675 2279 738 gnetur
2329 683 2343 722 :
2398 671 2530 720 tunc
2583 662 2808 752 demum
2861 677 2929 716 ea
2994 682 3124 733 quae
3191 671 3441 742 partibus
3497 693 3724 752 compe-

2084 765 2238 826 tunt,
2272 771 2370 828 per
2401 771 2503 815 eos
2547 754 2642 826 qui
2693 751 2898 846 ﬁrmati
2949 755 3163 818 fuerint
3207 767 3413 825 rectius
3460 751 3726 846 peragen-

2084 859 2194 905 tur.
2241 848 2322 906 Ne
2367 851 2487 904 haec
2533 847 2682 903 inter
2727 844 2976 904 incertas
3021 867 3291 923 personas
3324 844 3620 923 videantur
3647 867 3727 924 in-

2085 942 2266 998 ﬁrma.

2161 1035 2252 1090 55.
2299 1033 2570 1090 Emeritus
2594 1033 2873 1105 episcOpus
2895 1034 3055 1094 dixit.
3081 1038 3217 1099 Cum
3241 1060 3434 1106 omnes
3458 1052 3550 1124 qui
3578 1069 3734 1112 man-

2088 1128 2272 1184 daturi
2321 1137 2452 1186 sunt
2509 1126 2740 1184 adstare
2780 1126 3098 1200 videantur,
3149 1140 3432 1213 magisque
3497 1161 3733 1216 persona

2092 1225 2446 1292 praesentium
2494 1236 2667 1293 quam
2714 1236 2899 1278 sermo
2939 1232 3198 1287 teneatur
3239 1234 3571 1307 absentium,
3603 1243 3734 1312 quid

2099 1322 2189 1369 est
2214 1317 2356 1387 quod
2382 1324 2577 1389 potest
2605 1330 2831 1371 movere
2849 1315 3082 1390 judicia,
3101 1338 3224 1380 cum
3244 1330 3462 1386 statutis
3480 1335 3734 1392 omnibus

2105 1421 2234 1478 quae
2260 1413 2439 1483 primo
2465 1427 2538 1468 ex
2568 1411 2687 1482 lege
2709 1409 3077 1484 descendunt,
3105 1435 3338 1492 qumque
3363 1425 3577 1483 initium
3605 1445 3736 1486 cau-

2109 1513 2188 1558 sae
2220 1503 2396 1561 facere
2425 1512 2855 1572 consueverunt,
2889 1513 3020 1565 tunc
3049 1511 3268 1569 demum
3306 1516 3374 1571 ad
3403 1518 3731 1579 electionem

2111 1595 2462 1656 defensorum
2494 1598 2798 1656 secundum
2836 1598 3075 1659 edictum
3122 1606 3476 1665 sublimitatis
3507 1620 3614 1669 tuae
3643 1630 3732 1671 ar-

2109 1686 2332 1748 bitrium
2352 1690 2671 1749 veniamus?
2699 1690 2770 1748 Et
2798 1692 2906 1748 alia
2934 1711 3112 1754 manu.
3145 1698 3422 1758 Emeritus
3440 1705 3726 1778 episcopus

357 1818 553 1876 tatem,
577 1802 872 1863 excubaret
915 1810 1054 1870 pene
1101 1791 1366 1865 quotidie,
1421 1787 1658 1858 ipsaque
1690 1787 1808 1854 Dei,
1861 1798 1982 1855 quae
2020 1777 2078 1842 B
2107 1788 2420 1858 recognovi.

362 1920 520 1963 sacra
542 1911 690 1968 sunt,
705 1899 824 1956 sine
836 1890 1192 1953 sollicitudine
1204 1903 1310 1944 non
1328 1883 1619 1957 gessisset.
1642 1881 1812 1939 Feras
1824 1881 1985 1952 igitur

363 2014 555 2074 quaeso
593 1993 879 2068 judicium,
915 1997 1237 2061 promasque
1285 1977 1652 2047 sententiam,
1705 1991 1817 2034 non
1863 1975 1985 2032 dico

367 2073 640 2156 acriorem
692 2105 852 2165 quam
895 2086 1176 2143 adversum
1226 2093 1315 2135 me
1351 2075 1508 2132 ferre
1536 2082 1840 2146 potueras,
1890 2073 1987 2129 sed

371 2187 664 2264 quam-tibi
718 2186 863 2254 leges
908 2188 962 2235 et
1001 2171 1283 2246 imperiale
1322 2175 1670 2264 praeceptum
1712 2166 1981 2232 intimant,

371 2260 646 2355 quamque
666 2274 1012 2351 praecipiunt.
1036 2269 1152 2324 Non
1183 2264 1326 2322 enim
1349 2260 1431 2316 fas
1460 2271 1545 2316 est
1561 2303 1578 2326 ,
1604 2268 1667 2316 ut
1685 2261 1776 2332 qui
1798 2268 1986 2328 contra

298 2423 330 2439 η
375 2353 476 2433 nos
506 2387 698 2447 posses
723 2371 865 2426 ferre
883 2363 1180 2438 judicium,
1217 2371 1361 2415 nunc
1400 2362 1592 2410 contra
1647 2353 1987 2410 adversarios

375 2484 531 2528 meos
558 2463 882 2524 sententiam
913 2459 1096 2515 valeas
1122 2455 1414 2524 denegare.
1443 2447 1515 2503 Et
1530 2448 1641 2503 alia
1665 2464 1844 2504 manu.
1887 2447 1989 2504 Pe-

376 2567 598 2623 tilianus
623 2561 910 2631 episcopus
930 2549 1245 2623 recognovi.

450 2657 541 2715 ‘50.
572 2652 913 2710 Marcellinus
935 2647 1016 2702 vir
1042 2643 1366 2701 clarissimus
1399 2636 1637 2693 tribunus
1666 2643 1716 2690 et
1754 2637 1988 2692 notarius

379 2750 535 2806 dixit.
586 2745 946 2804 Sanctitatem
973 2747 1136 2810 atque
1184 2735 1436 2807 peritiam
1469 2739 1618 2785 tuam
1661 2729 1831 2786 latere
1875 2745 1986 2786 non

369 2841 543 2899 credo
569 2839 621 2895 id
650 2835 918 2908 imperiali
938 2830 1300 2904 praeceptione
1328 2826 1501 2882 fuisse
1521 2822 1894 2890 constitutum,
1927 2831 1987 2878 ut

378 2951 443 2992 ea
475 2949 600 3007 pars
628 2928 891 3004 qumtrini
917 2921 1464 2983 edicticonventione
1487 2916 1680 2972 adesse
1700 2916 1982 2983 noluisset,

381 3026 702 3085 sententiam
753 3018 1090 3079 contumacis
1136 3017 1468 3072 incurreret.
1520 3010 1792 3080 Perpensa
1836 3009 1982 3064 enim

381 3117 839 3176 clementissimus
890 3113 1186 3182 imperator
1213 3105 1590 3162 moderatione
1619 3101 1902 3158 constituit
1929 3109 1987 3156 ut

381 3214 430 3269 si
485 3209 888 3282 longinquitate
941 3204 1156 3260 itineris
1203 3208 1400 3272 quarto
1450 3212 1636 3254 mense
1690 3204 1872 3266 partes
1914 3193 1980 3252 ad

383 3307 738 3363 constitutum
780 3301 961 3357 locum
993 3297 1180 3353 venire
1223 3294 1446 3350 minime
1477 3288 1805 3361 potuissent,
1845 3285 1984 3340 duo-

383 3415 502 3454 rum
558 3395 822 3451 mensium
869 3388 1102 3446 inducize
1152 3391 1555 3458 praestarentur.
1592 3379 1764 3448 Quam
1814 3376 1983 3450 253

383 3491 601 3563 quidem
624 3505 738 3545 rem
761 3502 830 3544 ne
851 3485 1082 3555 alicujus
1099 3482 1270 3554 partis
1298 3477 1526 3551 querela
1557 3474 1834 3530 videretur
1863 3473 1983 3527 exi-

383 3592 553 3650 stere,
581 3579 772 3636 videor
796 3577 1118 3634 custodisse.
1145 3573 1296 3630 Unde
1325 3571 1395 3627 de
1427 3580 1699 3639 tempore,
1728 3565 1980 3635 quoniam

384 3677 553 3746 magis
581 3673 812 3729 forensis
833 3674 932 3727 'est
979 3683 1140 3739 quam
1194 3663 1515 3736 episcopalis
1561 3659 1834 3731 objectio,
1861 3669 1981 3727 quas

383 3767 600 3839 quidem
626 3779 726 3822 nec
747 3766 801 3819 in
826 3761 1044 3834 publico
1065 3757 1269 3830 judicio
1298 3755 1590 3812 secundum
1623 3752 1849 3807 formam
1881 3749 1980 3804 im-

383 3859 604 3929 perialis
653 3854 910 3927 praecepti
951 3850 1250 3923 praevalere
1293 3846 1570 3919 potuisset,
1627 3857 1748 3899 eum
1799 3850 1980 3912 partes

384 3961 612 4022 utraque
641 3949 964 4004 observasse
989 3953 1074 4000 sat
1093 3943 1316 4008 clareat,
1344 3939 1484 3996 sicut
1520 3936 1768 4008 superius
1814 3934 1980 3990 inter-

383 4042 522 4098 fatus
547 4055 691 4104 sum,
724 4049 902 4094 utrum
929 4037 1092 4094 electi
1121 4034 1336 4107 sintqui
1371 4046 1630 4104 peragere
1659 4036 1880 4102 possent
1910 4042 1976 4083 ex

384 4137 629 4193 omnium
653 4132 929 4187 voluntate
953 4131 1250 4201 negotium,
1271 4128 1519 4184 intimare
1539 4123 1851 4194 dignamini.

457 4227 545 4282 Si.
589 4222 850 4278 Emeritus
897 4222 1166 4291 episwpus
1210 4218 1360 4273 dixit.
1413 4216 1598 4271 Causae
1639 4211 1981 4283 praescriptio

385 4330 469 4381 est
491 4316 692 4388 judicis
732 4328 936 4377 sermo,
970 4310 1175 4366 servari
1201 4308 1471 4364 forensem
1503 4321 1656 4361 usum
1688 4313 1979 4360 consuetu-

329 4483 338 4486 _
384 4413 680 4482 dinemque
700 4405 952 4480 jurgandi
983 4406 1125 4460 inter
1143 4403 1429 4474 episcopos
1457 4415 1565 4456 non
1594 4405 1849 4469 oportere
1879 4414 1981 4453 nu-

387 4517 503 4564 tare
527 4505 670 4562 illam
703 4500 998 4559 versutiam
1040 4498 1217 4569 legum
1256 4495 1500 4566 jurisque
1526 4490 1974 4555 controversiam,

2010 3186 2056 3248 C
2090 3180 2188 3235 bus
2215 3178 2472 3249 denegari

2174 1880 2264 1936 5i.
2309 1878 2652 1934 Marcellinus
2678 1878 2757 1933 vir
2786 1879 3108 1938 clarissimus
3149 1886 3384 1942 tribunus
3411 1899 3461 1944 et
3491 1893 3726 1948 notarius

2097 1959 2252 2026 dixit.
2301 1969 2612 2040 Numquam
2688 1969 2891 2028 habere
2942 1976 3120 2043 potuit
3167 1986 3374 2034 certam
3426 1982 3723 2040 multitudo

2093 2078 2417 2133 personam,
2472 2077 2594 2119 cum
2650 2064 2755 2119 hoc
2801 2065 2967 2120 etiam
3015 2066 3070 2121 in
3113 2069 3352 2138 publicis
3402 2074 3714 2131 actionibus

2093 2165 2257 2229 atque
2327 2157 2658 2228 corporibus
2727 2157 2905 2216 soleat
2956 2159 3259 2227 custodiri,
3328 2169 3389 2220 ut
3457 2155 3558 2234 per
3625 2183 3718 2222 or-

2090 2249 2306 2305 dinatas
2360 2257 2524 2320 atque
2578 2247 2826 2304 ﬁrmatas
2891 2249 3254 2322 (personas)
3317 2254 3498 2310 omnia
3554 2271 3716 2327 pera-

2090 2350 2304 2414 gantur.
3225 2408 3228 2411 ι

2162 2435 2254 2490 55.
2297 2431 2558 2489 Emeritus
2581 2433 2852 2505 episwpus
2895 2433 3049 2489 dixit.
3100 2432 3288 2492 Teneo
3325 2437 3487 2494 fidem
3535 2448 3708 2511 tuam,

2089 2527 2174 2583 vir
2203 2527 2475 2595 sublimis,
2509 2526 2646 2583 nihil
2677 2527 2810 2582 mihi
2852 2526 2922 2584 de
2943 2525 3086 2596 juris
3117 2527 3236 2599 lege
3263 2532 3572 2600 praescribi,
3616 2535 3710 2593 ubi

2090 2622 2269 2691 agitur
2297 2620 2367 2676 de
2396 2619 2523 2676 ﬁde.
2555 2617 2624 2674 Et
2647 2619 2757 2674 alia
2784 2634 2960 2673 manu.
2996 2619 3274 2676 Emeritus
3301 2621 3590 2696 episcopus
3617 2641 3706 2684 re-

2089 2714 2342 2786 cognovL

2160 2809 2249 2865 56.
2295 2806 2633 2864 Marcellinus
2671 2807 2748 2860 vir
2773 2805 3092 2861 clarissimus
3119 2806 3355 2863 tribunus
3382 2818 3430 2866 et
3469 2812 3704 2869 notarius

2091 2901 2244 2955 dixit.
2290 2899 2642 2955 Interlocutio
2689 2913 2809 2954 mea
2843 2913 2953 2953 non
2980 2898 3072 2967 jus
3100 2913 3320 2954 cessare
3347 2900 3568 2969 debere,
3602 2905 3702 2960 sed

2087 2991 2363 3049 forensem
2415 2991 2821 3049 contentionem
2879 2990 3226 3058 apertissime
3273 2990 3537 3048 definivit.
3592 2994 3701 3052 Ne-

2090 3101 2194 3156 que
2245 3084 2391 3141 enim
2438 3091 2663 3154 possunt
2725 3083 2910 3152 aliqua
2963 3097 3083 3152 qua:
3155 3090 3472 3154 competunt
3525 3088 3700 3156 parti-

2523 3194 2536 3230 :
2579 3177 2675 3233 sed
2704 3177 2752 3232 si
2784 3177 2886 3231 hoc
2916 3160 3271 3246 utrarumque
3300 3177 3534 3247 partium
3564 3192 3700 3240 con-

2091 3287 2284 3327 sensus
2313 3271 2498 3336 habet,
2545 3278 2603 3325 ut
2651 3268 2786 3326 nihil
2837 3269 2906 3327 de
2929 3272 3052 3344 jure
3082 3274 3323 3345 publico,
3365 3275 3461 3330 sed
3508 3277 3698 3332 omnia

2089 3363 2488 3421 Ecclesiasticis
2507 3362 2729 3435 regulis,
2777 3363 2830 3420 id
2860 3374 2944 3421 est
2997 3367 3124 3422 novi
3153 3375 3208 3422 et
3253 3368 3453 3424 veteris
3505 3367 3698 3426 Testa-

2086 3457 2252 3514 menti
2310 3457 2634 3518 testimoniis
2692 3469 3041 3531 peragantur,
3095 3475 3224 3533 pars
3272 3470 3502 3532 utraque
3548 3462 3696 3520 desi-

2084 3561 2233 3622 gnet.

2155 3645 2243 3699 57.
2289 3642 2582 3700 Petilianus
2625 3644 2892 3716 episcOpus
2938 3646 3090 3701 dixit.
3141 3645 3394 3716 Optimus
3436 3647 3693 3703 modera-

2087 3746 2188 3794 tor.
2237 3735 2311 3791 Et
2387 3737 2496 3792 alia
2553 3753 2733 3793 manu.
2795 3738 3097 3797 Pctilianus
3160 3739 3462 3814 Episcopus
3530 3755 3693 3806 reco-

2081 3847 2265 3902 gnovn

2154 3926 2244 3982 58.
2287 3925 2528 3982 Aurelius
2583 3927 2854 3999 episcopus
2882 3926 3150 4004 .Ecclesite
3209 3929 3478 3986 catholicte
3534 3929 3688 3986 dixit.

2082 4020 2352 4089 Quoniam
2383 4021 2682 4077 secundum
2712 4029 2763 4078 1v;
2801 4037 2855 4077 τ.
2889 4021 3127 4078 edictum
3159 4039 3266 4084 non
3296 4037 3486 4082 omnes
3514 4023 3690 4080 nostri

2082 4116 2311 4185 collegae
2340 4116 2655 4183 adsunt,illi
2679 4115 3123 4184 obtemperantes
3147 4117 3348 4184 edicto,
3375 4114 3692 4172 etvoluntas

2081 4215 2405 4261 cunctorum
2435 4206 2692 4262 mandato
2718 4208 3048 4274 continetur,
3075 4207 3206 4278 jube
3232 4207 3337 4265 hoc
3365 4207 3507 4262 idem
3535 4222 3689 4266 man-

2083 4297 2271 4356 datum
2302 4300 2373 4356 ab
2421 4299 2604 4356 ofﬁcio
2632 4299 2836 4370 suscipi
2874 4310 2928 4355 et
2966 4301 3202 4357 recitari.
3251 4300 3322 4356 Et
3357 4301 3464 4356 alia
3505 4318 3683 4360 manu.

2085 4393 2424 4464 Recognovi.

2157 4488 2246 4544 '59.
2290 4488 2555 4543 Emeritus
2603 4489 2874 4561 episcopus
2915 4489 3066 4544 dixit.
3112 4487 3173 4544 Si
3207 4487 3389 4559 jubes,
3428 4488 3690 4560 competit

386 4601 479 4659 ubi
519 4600 588 4656 de
619 4597 744 4654 fidei
791 4603 937 4652 statu
968 4601 1017 4648 et
1060 4593 1127 4648 de
1156 4590 1321 4646 totius
1363 4587 1664 4642 sanctitatis
1708 4584 1978 4654 discepta-
2006 4575 2060 4635 D
2084 4588 2264 4636 causae
2279 4597 2373 4652 per
2394 4583 2760 4652 integritatem
2789 4591 2956 4638 tuam.
2983 4582 3051 4637 Et
3078 4582 3184 4640 alia
3206 4599 3386 4638 manu.
3408 4580 3686 4642 Emeritus

389 4695 534 4752 tione
559 4701 838 4751 tractatur.
871 4687 1029 4758 Quod
1053 4685 1270 4758 quidem
1300 4683 1463 4738 castis
1488 4691 1542 4736 et
1579 4680 1719 4736 bene
1747 4679 1985 4735 credulis

387 4789 608 4845 auribus
638 4785 952 4856 accipimus,
1002 4781 1086 4835 vir
1112 4775 1466 4850 spectabilis:
1517 4773 1612 4829 sed
1640 4787 1708 4828 ne
1748 4771 1893 4826 forte
1930 4771 1984 4827 in

391 4881 685 4954 perniciem
727 4885 970 4934 nostram
1006 4874 1107 4928 ista
1133 4868 1488 4939 replicentur,
1517 4867 1714 4936 jusque
1746 4873 1988 4920 transeat

389 4975 456 5031 ad
487 4973 828 5030 adversarios
873 4971 1067 5024 iterum
1098 4961 1452 5034 conﬂigendi,
1475 4962 1865 5030 adseraturque
1887 4974 1987 5016 no-

392 5069 475 5124 bis
515 5067 619 5123 hoc
661 5065 802 5136 juris
845 5069 1116 5134 praecepto
1161 5066 1416 5114 servato:
1465 5056 1518 5110 in
1568 5055 1710 5110 hanc
1755 5053 1983 5108 formam

392 5162 531 5233 legis
559 5157 873 5216 consentire
911 5155 1098 5219 debes,
1132 5152 1234 5208 hoc
1264 5152 1438 5222 ipsum
1485 5147 1770 5216 judiciaria
1801 5155 1990 5201 aucto-

393 5255 556 5312 ritate
582 5254 779 5324 deﬁge,
815 5247 1136 5320 episc0palis
1159 5261 1258 5300 nos
1287 5242 1457 5300 moris
1486 5235 1672 5310 regula
1714 5239 1989 5293 sanctitati

395 5347 589 5403 adesse
608 5345 827 5406 debere,
871 5351 929 5395 ut
955 5355 1059 5395 non
1087 5337 1375 5410 praestigiis
1393 5332 1551 5405 juris,
1589 5345 1762 5400 neque
1788 5330 1992 5410 ligami-

398 5441 558 5496 uibus
603 5439 863 5508 cujusque
907 5432 1195 5496 facundiae,
1237 5429 1334 5484 sed
1362 5428 1718 5484 Testamento
1743 5440 1882 5479 novo
1924 5409 1988 5481 ac

401 5533 594 5595 veteri,
623 5528 764 5598 quod
815 5525 1045 5580 instituit
1075 5524 1235 5582 Deus,
1270 5520 1412 5590 quod
1449 5521 1684 5574 sacravit
1732 5516 1990 5571 Dominus

401 5623 673 5684 Christus,
703 5633 864 5674 causa
887 5616 1055 5686 possit
1075 5613 1270 5668 audiri.
1298 5612 1366 5665 Et
1382 5613 1488 5667 alia
1511 5629 1688 5667 manu.
1719 5611 1990 5667 Emeritos

401 5718 692 5791 episcopus
713 5707 1019 5782 recognovi.

474 5811 565 5878 52.
610 5807 942 5872 Marcellinus
969 5803 1046 5869 vir
1070 5800 1384 5860 clarissimus
1424 5801 1658 5862 tribunus
1681 5808 1728 5856 et
1755 5799 1988 5858 notarius

2089 4677 2380 4748 episcopus
2403 4677 2716 4749 recognovi.

2162 4775 2253 4829 40.
2302 4771 2639 4828 Marcellinus
2667 4773 2745 4827 vir
2767 4773 3087 4827 clarissimus
3123 4770 3356 4828 tribunus
3385 4776 3431 4831 et
3461 4771 3689 4836 notarius

2092 4864 2242 4919 dixit.
2278 4865 2437 4920 Aliud
2467 4874 2680 4922 constat
2707 4881 2828 4921 esse
2857 4864 3144 4936 quaesitum
3177 4873 3236 4920 ut
3265 4871 3446 4918 utrum
3485 4878 3514 4918 a
3564 4863 3687 4932 jure

2086 4957 2307 5028 publico
2331 4958 2512 5013 recedi
2532 4959 2710 5015 velitis
2735 4965 2788 5014 et
2818 4966 2987 5013 totum
3013 4955 3209 5016 divinis
3235 4955 3447 5027 legibus
3473 4954 3687 5027 agitari,

2088 5053 2286 5108 vestris
2310 5053 2738 5121 professionibus
2762 5052 3168 5110 demonstretis.

2159 5144 2249 5199 41.
2293 5145 2532 5200 Aurelius
2571 5147 2840 5217 episcopus
2884 5144 3129 5202 Ecclesia:
3171 5144 3441 5204 catholica:
3472 5143 3692 5206 Cartha.

2091 5240 2317 5311 ginensis
2345 5238 2498 5293 dixit.
2524 5239 2764 5294 Inveniet
2797 5239 2896 5295 hoc
2923 5240 3099 5310 ipsum
3122 5240 3426 5302 sublimitas
3453 5246 3540 5293 tua
3561 5252 3690 5300 cum

2094 5335 2196 5390 hoc
2224 5333 2534 5389 mandatum
2566 5333 2727 5389 fuerit
2773 5335 3080 5394 recitatum.
3114 5334 3183 5392 Et
3226 5335 3330 5391 alia
3357 5349 3533 5390 manu.
3584 5331 3690 5392 Re-

2091 5424 2340 5497 cognovi

2165 5521 2253 5576 42.
2303 5519 2641 5575 Marcellinus
2662 5521 2736 5575 vir
2763 5521 3079 5578 clarissimus
3102 5520 3334 5575 tribunus
3362 5525 3428 5577 et
3459 5513 3692 5571 notarius

2095 5615 2246 5670 dixit.
2294 5614 2360 5670 Et
2396 5614 2498 5668 hoc
2538 5615 2793 5669 mandato
2819 5614 3221 5671 evidentissime‘
3252 5609 3580 5676 continetur,
3628 5617 3690 5688 ut

2096 5709 2292 5763 omissa
2334 5707 2473 5776 juris
2503 5707 2701 5776 publici
2733 5703 3126 5768 controversia,
3168 5702 3349 5759 omnia
3378 5699 3575 5756 divinis
3606 5701 3691 5758 leo

2094 5801 2250 5874 gibus
2274 5809 2616 5873 peragantur.
