4130 6170
562 299 586 354 1
604 297 695 356 271

1522 291 1744 350 GESTA
1784 287 2238 347 COLI.ATION|S
2275 289 2888 351 CARTHAGINENSIS.

3659 305 3767 360 1279.

561 417 575 476 ξ
633 417 725 469 45.
771 414 1012 469 Aurelius
1052 411 1323 483 episcopus
1374 408 1622 464 Ecclesia:
1649 407 1912 463 catholica:
1945 406 2163 462 Cartha—
2189 410 2241 468 Α
2267 416 2431 478 atque
2457 409 2933 482 adstipulationem
2977 414 3179 470 faciant
3200 419 3520 486 praesentium
3533 430 3768 491 gestorum;

563 508 792 577 ginensis
836 507 989 560 dixit.
1021 503 1292 560 Recitatio
1320 502 1560 558 mandati
1579 516 1785 557 ‘sensus
1814 511 1937 556 tuos
1964 499 2164 571 poterit

561 597 875 652 informare.
910 595 980 649 Et
1007 596 1113 649 alia
1142 611 1318 649 manu.
1347 593 1680 664 Recognovi.

633 691 724 744 44.
769 688 1058 744 Pctilianus
1081 689 1352 757 episcopus
1374 687 1526 740 dixit.
1549 685 1747 755 Legem
1770 685 1865 739 Dei
1889 683 2161 754 repudiat,

561 782 652 852 qui
683 780 895 835 dubitat
923 779 1049 849 quid
1089 778 1286 834 debeat
1320 777 1582 846 profiteri.
1616 774 1686 829 Et
1728 777 1832 829 alia
1860 792 2035 829 manu.
2065 774 2167 831 Pe-

559 874 783 929 tilianus
805 874 1093 943 episcopus
1116 871 1429 941 recognovi.
2141 875 2148 882 '

631 965 725 1020 45.
769 965 1104 1020 Marcellinus
1135 964 1210 1016 vir
1241 961 1560 1016 clarissimus
1600 960 1836 1015 tribunus
1861 970 1906 1014 et
1933 960 2165 1014 notarius

562 1057 716 1110 dia'it.
747 1057 860 1127 Ego
891 1055 1006 1110 haec
1051 1055 1282 1125 partium
1327 1053 1476 1107 volui
1524 1052 1882 1122 responsione
1915 1052 2115 1104 firmari
2149 1069 2162 1106 :

565 1161 824 1207 caeterum
847 1161 1057 1205 certum
1087 1159 1170 1204 est
1195 1147 1571 1219 mc,quoniam
1603 1147 1867 1218 imperiali
1895 1155 2164 1217 prascepto

561 1245 742 1300 ontnia
775 1261 917 1300 nunc
948 1254 1202 1314 aguntur,
1232 1259 1330 1314 per
1357 1244 1502 1315 quod
1544 1243 1668 1314 jura
1697 1244 1986 1298 constituta
2014 1254 2160 1310 sunt,

561 1340 784 1393 omnino
815 1355 920 1393 non
954 1354 1135 1408 posse.

631 1432 722 1486 46.
764 1431 1001 1485 Aurelius
1031 1431 1304 1503 episwpus
1331 1431 1577 1487 Ecclesia:
1598 1431 1866 1486 catholica:
1894 1431 2165 1502 Lari/tagi-

560 1527 729 1582 nensis
773 1526 924 1580 dixit.
977 1525 1178 1596 Legem
1228 1525 1322 1580 Dei
1354 1541 1460 1580 non
1505 1526 1856 1596 repudiamus
1891 1541 2012 1580 cum
2063 1525 2166 1581 hoc

561 1615 872 1673 mandatum
907 1619 1199 1688 ingerimus
1223 1618 1534 1688 legendum,
1564 1619 1616 1673 in
1646 1635 1754 1689 quo
1785 1628 1965 1690 potest
1987 1619 2164 1674 omnis

562 1726 746 1770 nostra
769 1715 1000 1770 assertio
1023 1714 1330 1784 perdoceri.
1360 1714 1469 1769 Nec
1495 1714 1638 1770 enim
1667 1713 1850 1782 egredi
1876 1728 2163 1783 possumus

2265 511 2325 558 ut
2348 504 2391 558 si
2416 505 2550 561 forte
2573 505 2626 560 in
2660 509 2967 565 assertione
2995 509 3235 580 ejusdem
3263 527 3428 568 causa:
3447 513 3712 583 defecerint,
3731 520 3772 573 in

2266 611 2452 651 eorum
2482 612 2709 667 persona
2740 601 2828 668 qui
2871 601 3178 670 hujusmodi
3207 605 3462 675 negotium
3483 608 3774 677 susceperint,

2265 689 2471 759 absque
2503 690 2854 748 cunctatione
2891 694 3062 749 victos
3099 710 3195 750 eos
3235 710 3349 751 esse
3387 707 3438 752 et
3461 679 3672 754 recitatio
3705 701 3776 754 de-

2267 793 2532 838 monstret
2558 793 2830 840 actorum.
2864 786 2931 841 Et
2960 787 3083 844 ideo
3111 789 3232 858 quia
3263 805 3362 856 non
3387 806 3512 858 opus
3546 802 3618 846 est
3639 793 3782 848 multi-

2265 875 2405 931 faria
2434 875 2691 932 dilatione
2737 893 2952 934 causam
3003 896 3280 952 peragere,
3320 881 3536 952 deligant
3573 898 3780 950 personas

2267 967 2564 1022 secundum
2598 970 2860 1039 propositi
2902 970 3061 1026 edicti
3104 980 3341 1027 tenorem
3386 988 3498 1042 qua:
3533 973 3782 1030 collationis

2267 1077 2488 1117 causam
2519 1065 2838 1133 suscipiant,
2871 1075 2927 1120 ut
2957 1066 3211 1120 omnibus
3241 1081 3444 1136 semper
3457 1067 3652 1138 probata
3673 1069 3781 1122 veri-

2269 1162 2352 1209 tas
2395 1156 2514 1211 luce
2541 1156 2739 1212 clarius
2766 1157 3186 1214 demonstretur.
3214 1159 3342 1213 Nam
3370 1159 3646 1214 mandatum
3681 1159 3784 1213 nihil

2265 1247 2403 1316 juris
2447 1258 2503 1303 et
2535 1249 2893 1305 cavillationis
2933 1249 3165 1307 forensis
3211 1251 3423 1315 habere,
3451 1251 3556 1321 ejus
3580 1251 3780 1312 lectione,

2269 1341 2312 1393 si
2339 1356 2464 1410 pars
2493 1342 2719 1397 adversa
2751 1344 3003 1413 patiatur,
3045 1343 3256 1399 lucilius
3285 1343 3592 1400 edocebitur.
3619 1343 3674 1398 Et
3705 1345 3782 1397 alio

2269 1453 2445 1491 manu.
2477 1437 2812 1507 Recognovi.

2340 1529 2431 1584 49.
2477 1528 2814 1586 Marcellinus
2842 1532 2920 1586 uir
2948 1532 3264 1588 clarissimus
3292 1533 3513 1587 tribunus
3535 1542 3576 1586 et
3605 1533 3783 1588 notarius

2269 1620 2419 1674 dixit.
2460 1621 2899 1678 Prosecutionem
2926 1634 3068 1678 tuam
3099 1640 3218 1680 cum
3259 1624 3512 1696 imperiali
3535 1633 3704 1679 certum
3722 1631 3783 1677 est

2268 1714 2600 1770 concordare
2625 1725 2919 1786 praecepto,
2951 1733 3058 1787 quo
3087 1718 3433 1773 constitutum
3459 1726 3535 1773 est
3578 1727 3628 1770 ut
3651 1723 3785 1770 certus

561 1805 787 1860 limitem
816 1806 974 1867 istius
1000 1805 1261 1870 mandati,
1281 1804 1423 1873 quod
1457 1805 1614 1860 nobis
1644 1815 1826 1876 patres
1855 1805 1940 1859 vel
1969 1805 2162 1860 fratres
2193 1805 2241 1864 B
2268 1791 2297 1860 a
2346 1805 2572 1878 singulis
2620 1808 2862 1878 partibus
2906 1824 3163 1865 numerus
3221 1809 3500 1880 deligatur.
3553 1808 3663 1862 Nam
3703 1805 3786 1858 sive

562 1900 732 1954 nostri
779 1898 1101 1954 universalis
1149 1896 1365 1952 concilii
1410 1896 1670 1952 Ecclesia:
1714 1897 2029 1963 catholicas,
2075 1898 2165 1952 hic

560 1993 702 2062 apud
749 1990 1134 2062 Carthaginem
1183 1990 1463 2046 constituti
1534 1988 1880 2044 mandarunt.
1942 1989 2009 2044 Et
2060 1991 2165 2044 alia

560 2100 739 2138 manu.
778 2084 1107 2153 Recognovi.

631 2177 721 2232 47.
765 2176 1027 2232 Emeritus
1058 2157 1327 2246 episcopus
1347 2177 1500 2234 dixit.
1536 2177 1686 2233 Fidei
1723 2191 1884 2234 causa
1911 2187 2011 2244 est,
2043 2193 2163 2249 qua:

559 2279 616 2325 et
662 2270 780 2324 sine
827 2269 1081 2324 mandato
1126 2270 1244 2339 ipso
1283 2268 1410 2338 jure
1450 2270 1535 2339 agi
1568 2278 1763 2339 potest.
1796 2269 1981 2340 Neque
2016 2273 2160 2326 enim

560 2365 689 2418 alibi
721 2363 911 2418 oculos
943 2362 1107 2417 habet
1138 2363 1301 2427 Deus,
1341 2371 1434 2417 aut
1474 2361 1717 2418 deseruit
1761 2364 1956 2418 ccelum
1984 2377 2050 2417 ne
2083 2363 2165 2417 in-

562 2456 744 2511 tendat
791 2471 1012 2511 causam
1053 2471 1228 2510 suam.
1271 2455 1409 2520 Quid
1455 2464 1539 2510 est
1582 2455 1725 2524 quod
1776 2455 1842 2509 de
1884 2453 2160 2519 mandato,

561 2551 645 2604 vel
703 2549 772 2604 dc
816 2548 1150 2619 obligatione
1199 2547 1464 2613 mandati,
1506 2547 1574 2603 de
1621 2548 2038 2617 subscriptione,
2093 2547 2162 2603 de

561 2639 743 2706 modo,
775 2639 844 2694 de
885 2637 1153 2704 formulis,
1186 2637 1488 2708 quaeritur?
1517 2637 1654 2705 Quid
1686 2649 1768 2692 εει
1798 2638 1940 2707 quod
1980 2638 2031 2691 in
2062 2636 2162 2693 hac

560 2750 722 2790 causa
744 2734 896 2804 quasi
922 2742 1016 2788 aut
1036 2732 1384 2803 refragantis,
1415 2742 1507 2787 aut
1533 2747 1640 2786 non
1672 2731 1910 2786 mandati
1935 2731 2163 2801 judicia-

559 2829 626 2884 lis
657 2827 878 2897 sponsio
907 2825 1192 2880 arbitrium
1244 2823 1491 2894 ﬂagitat:
1541 2838 1663 2878 cum
1716 2823 1910 2893 singuli
1963 2822 2161 2893 quique

560 2921 835 2992 propriam
882 2934 1121 2984 causam,
1171 2926 1226 2973 et
1269 2917 1458 2971 salutis
1489 2930 1602 2972 sua:
1646 2916 1918 2985 negotium
1947 2923 2159 2985 gerant,

557 3013 1003 3083 superfluumqne
1016 3014 1085 3067 sit
1109 3018 1430 3066 caeterorutn
1461 3008 1794 3076 mandatum,
1825 3023 1944 3063 cum
1962 3009 2012 3062 in
2040 3023 2147 3062 uno

558 3117 772 3165 constet
799 3106 1062 3162 Ecclesiae
1109 3113 1220 3160 tota
1253 3103 1524 3175 persona?
1563 3101 1843 3164 Advertat,
1877 3103 1960 3156 vir
1999 3099 2158 3156 nobi-

2264 1899 2424 1969 juris,
2455 1900 2566 1954 sive
2593 1900 2719 1956 fidei
2749 1915 2909 1956 causa
2941 1911 3222 1968 tractatur,
3255 1911 3416 1959 certe
3451 1902 3629 1957 debent
3651 1908 3787 1954 astare

2271 2008 2540 2063 personae,
2583 2005 2638 2048 ut
2665 1995 2919 2065 quicquid
2947 2007 3124 2051 aetum
3171 1996 3354 2065 fuerit,
3399 1997 3638 2067 integrum
3665 1993 3787 2048 robur

2267 2087 2526 2143 obtineat.

2341 2180 2427 2236 50.
2438 2179 2851 2237 Fortunatianus
2888 2184 3158 2255 episwpus
3177 2183 3419 2239 Ecclesia:
3431 2181 3662 2236 catholica:
3674 2179 3785 2233 dixit.

2268 2273 2529 2345 Dignetur
2565 2275 2729 2347 igitur
2754 2279 3123 2347 spectabilitas
3169 2287 3261 2334 tua
3302 2278 3595 2333 mandatum
3616 2287 3785 2342 suscep-

2269 2376 2378 2421 tum
2411 2367 2592 2423 officio
2622 2369 2837 2425 tradere
2876 2380 2931 2426 et
2975 2372 3194 2426 recitari
3229 2369 3461 2442 (jubere)
3505 2379 3559 2423 ut
3581 2383 3631 2424 ex
3655 2382 3705 2421 eo
3727 2375 3786 2418 leo

2265 2475 2399 2516 nore
2434 2476 2560 2531 pars
2597 2462 2823 2519 adversa
2865 2464 2991 2534 quia
3038 2464 3295 2536 dignatur
3336 2465 3404 2518 ab
3451 2464 3545 2518 hoc
3587 2463 3787 2516 instructa

2267 2555 2444 2612 valeat
2488 2557 2714 2624 objectis
2773 2557 3022 2614 omnibus
3079 2557 3445 2628 respondere,
3495 2554 3619 2609 unde
3664 2549 3788 2621 possit

2265 2652 2430 2705 etiam
2456 2651 2760 2708 clarescere
2788 2653 2919 2707 nihil
2935 2668 3034 2708 nos
3051 2654 3176 2722 jure
3201 2653 3416 2725 publico
3434 2651 3564 2708 velle
3587 2646 3789 2715 tergiver-

2265 2745 2393 2798 ειη-ἰ.
2429 2743 2495 2809 Et
2517 2745 2623 2798 alia
2643 2761 2819 2799 manu.
2853 2745 3181 2817 liecognovi.

2335 2839 2425 2894 51.
2470 2838 2806 2894 Marcellinus
2827 2843 2902 2894 vir
2940 2840 3264 2895 clarissimus
3295 2841 3521 2895 tribunus
3546 2849 3588 2894 et
3615 2835 3791 2890 notarius

2263 2933 2416 2988 dixit.
2439 2933 2838 2992 Professionem
2857 2951 3017 3006 quam
3043 2935 3641 3006 exspectabatsanctitas
3659 2938 3791 2984 vestra

2263 3027 2541 3083 evidenter
2567 3029 2802 3097 accepit:
2837 3029 3072 3099 patiatur
3105 3045 3241 3100 ergo
3269 3044 3410 3085 nunc
3455 3025 3648 3084 recitari
3681 3036 3793 3077 man-

2262 3122 2466 3188 datum,
2507 3120 2660 3177 salvo
2687 3136 2754 3176 eo
2789 3132 2846 3176 ut
2875 3133 3102 3192 utraque
3132 3139 3264 3194 pars
3291 3139 3377 3178 me
3404 3131 3641 3194 agnoscat
3667 3119 3793 3185 impc-

538 3203 643 3269 ‘lis,
673 3201 953 3271 integritas
985 3207 1096 3263 tua,
1122 3213 1282 3268 quam
1317 3198 1367 3250 in
1397 3196 1500 3250 ista
1526 3194 1785 3264 sedejam
1816 3195 2049 3265 quodam
2076 3197 2159 3250 lu-
2184 3188 2228 3250 C
2262 3212 2413 3269 ﬁalis
2457 3214 2710 3283 ρι-ωρρριί
2745 3213 2968 3268 formam
3000 3188 3284 3272 gusu‘mm
3326 3188 3539 3270 debére.
3584 3211 3793 3266 ροηαηα.

557 3297 704 3351 mine
723 3309 1016 3351 coruscare
1040 3291 1441 3362 cognoscimus,
1467 3289 1753 3344 veritatem
1779 3288 1849 3342 ita
1869 3287 2158 3358 praesidere

557 3391 776 3455 debere,
825 3400 885 3444 ut
923 3391 968 3445 si
1018 3388 1251 3444 forensis
1279 3386 1560 3444 altercatio
1588 3388 1838 3456 jnrisque
1873 3386 2158 3440 conflictus

553 3480 611 3535 in
658 3480 837 3536 medio
881 3481 1132 3546 mittitur,
1169 3489 1536 3550 proponatur:
1589 3479 1672 3532 sin
1704 3489 1883 3533 autem
1928 3478 2154 3547 simplex

555 3573 652 3628 illa
681 3573 881 3627 veritas
906 3586 1008 3640 qua
1041 3570 1200 3625 datur
1231 3571 1359 3635 vita,
1391 3585 1492 3639 qua
1527 3570 1828 3624 renascitur
1869 3569 2151 3633 szeculum,

553 3680 658 3736 qua
691 3666 954 3721 liberatus
983 3675 1066 3720 est
1095 3663 1358 3726 mundus,
1390 3664 1444 3718 in
1475 3664 1579 3718 hoc
1604 3662 1803 3731 judicio
1827 3662 2052 3732 spiritali
2079 3663 2155 3716 al-

551 3760 851 3814 tercatione
877 3759 1240 3828 conquiritur,
1275 3772 1484 3828 quaeso,
1518 3758 1601 3812 vir
1640 3757 1906 3824 sublimis,
1940 3768 2153 3812 utrum-

551 3867 659 3922 que
688 3861 1064 3921 proponantet
1089 3852 1156 3907 de
1183 3863 1413 3921 utroque
1440 3867 1605 3906 unum
1629 3853 1850 3922 eligant.
1881 3857 1985 3907 Aut
2007 3853 2150 3908 enim

551 3945 746 4001 merita
777 3944 915 4014 juris
943 3945 1194 3999 omittere
1226 3960 1340 4004 non,
1375 3953 1625 4013 possunt,
1655 3946 2150 4014 prtescriptionem-

550 4052 657 4108 que
682 4051 996 4100 causarum;
1026 4043 1118 4089 aut
1151 4034 1196 4088 si
1242 4033 1311 4089 de
1351 4034 1457 4089 illis
1498 4035 1876 4089 sacratissimis
1915 4035 2147 4105 legibus,

548 4128 744 4200 quibus
775 4128 1082 4184 communis
1108 4127 1413 4182 reverentia
1446 4134 1532 4181 est
1566 4125 1869 4182 adhibenda
1913 4127 1979 4197 (f.
2011 4143 2146 4196 pen-

547 4220 781 4292 demus),
815 4221 1072 4291 patientia
1102 4221 1246 4291 ipsas
1288 4220 1457 4290 magis
1495 4221 1796 4290 amplectar
1825 4231 1878 4275 et
1912 4230 2144 4288 teneam,

544 4324 600 4370 et
633 4313 788 4383 quasi
829 4313 1071 4368 caelestis
1117 4328 1226 4368 ara:
1262 4311 1630 4381 pontiﬁcatum
1671 4313 1892 4367 adorem
1931 4329 2149 4383 semper

545 4421 610 4461 ac
653 4421 902 4472 venerer,
947 4414 1004 4459 ut
1050 4415 1109 4461 et
1156 4405 1250 4459 tibi
1292 4406 1502 4475 integro
1543 4404 1808 4475 cognitori
1851 4407 2143 4462 secundum

543 4498 854 4554 institutum
886 4498 1084 4552 mentis
1129 4507 1232 4552 tuae
1273 4499 1547 4568 morisque
1591 4497 1838 4553 ordinem
1886 4508 2036 4555 certa
2075 4500 2146 4555 sit

2265 3305 2434 3358 tianus
2479 3305 2748 3376 episcOpus
2793 3303 3038 3361 Ecclesia:
3086 3308 3365 3363 catholij
3412 3307 3551 3362 dixit.
3596 3303 3643 3360 Si
3681 3301 3796 3371 jubet

2262 3396 2630 3465 spectabilitas
2661 3406 2749 3451 tua
2780 3397 3058 3452 recitetur.

2334 3489 2424 3542 52.
2468 3488 2803 3544 Marcellinus
2829 3492 2906 3544 vir
2931 3491 3256 3547 clarissimus
3283 3493 3510 3548 tribunus
3551 3499 3592 3545 et
3615 3484 3796 3543 notarius

2261 3582 2413 3637 dixit.
2449 3582 2708 3638 Universa
2735 3599 2856 3654 quae
2900 3600 2928 3638 a
2973 3587 3221 3655 partibus
3249 3587 3567 3652 offeruntur,
3588 3592 3642 3639 ut
3662 3576 3796 3637 omnis

2259 3683 2564 3746 amputetur
2590 3676 2839 3747 ambago,
2870 3679 2938 3733 ab
2959 3679 3136 3735 officio
3158 3683 3482 3737 recitentur.

2331 3769 2421 3823 55.
2478 3765 2769 3822 Petilianus
2821 3770 3090 3842 episcopus
3144 3773 3302 3828 dixit.
3366 3775 3492 3828 Sine
3543 3762 3797 3841 prtejudicio

2257 3869 2446 3915 nostro
2484 3860 2644 3931 legat,
2701 3861 2854 3917 salvo
2891 3877 2978 3927 eo,
3022 3864 3154 3933 quia.
3180 3865 3303 3920 hate
3345 3864 3575 3920 causatio
3620 3855 3797 3916 forensis

2257 3948 2365 4018 est,
2387 3968 2493 4008 non
2523 3953 2725 4024 legalis.
2755 3953 2889 4008 Nam
2917 3957 2988 4009 uti
3015 3957 3298 4027 mandato,
3329 3958 3413 4012 his
3443 3954 3668 4013 formulis
3688 3962 3795 4022 prm-

2255 4060 2493 4110 sumere,
2547 4061 2654 4099 non
2709 4054 2792 4100 est
2843 4046 3244 4106 Ecclesiastica:
3283 4047 3685 4111 consuetudinis,
3725 4036 3797 4094 sed

2255 4136 2489 4191 forensis
2525 4136 2633 4191 ludi
2654 4146 2818 4206 atque
2840 4125 3178 4208 certaminis,
3199 4153 3254 4198 et
3282 4143 3426 4198 illius
3450 4138 3672 4198 exercitii
3687 4129 3798 4205 quod

2254 4232 2426 4298 magis
2467 4233 2797 4301 argumentis
2825 4247 2984 4301 quam
3035 4233 3140 4289 fide
3182 4237 3364 4306 aliqua
3411 4252 3550 4306 saepe
3577 4229 3792 4288 subsistit.

2254 4323 2486 4380 Proinde
2539 4326 2833 4381 nobilitatis
2879 4337 2985 4382 tua:
3030 4322 3561 4401 spectabilitatisque
3592 4335 3797 4383 censura,

2252 4416 2412 4470 etiam
2441 4427 2602 4487 atque
2629 4419 2789 4473 etiam
2832 4419 2884 4474 in
2914 4418 3017 4475 hoc
3051 4421 3176 4476 loco
3210 4423 3415 4477 morari
3443 4420 3721 4490 dignentur.
3759 4419 3801 4463 ιιι

2253 4510 2469 4565 cdicant
2494 4519 2670 4566 utrum
2700 4513 2819 4582 lege
2837 4512 3018 4568 divina
3047 4529 3271 4570 causam
3299 4518 3384 4586 agi
3410 4515 3647 4577 velint,et
3665 4509 3800 4578 ipsam

541 4607 704 4649 causa
725 4591 1027 4664 judicandi,
1061 4608 1162 4648 nec
1185 4592 1410 4648 ﬂuctuet
1433 4593 1698 4663 judicium
1732 4603 1904 4658 tuum,
1939 4594 2007 4649 de
2036 4610 2144 4665 quo

2251 4602 2698 4674 disceptationem
2725 4605 2867 4660 inter
2895 4615 3075 4676 partes
3105 4609 3395 4674 ventilari;
3424 4624 3490 4663 an
3520 4605 3716 4662 omnino
3745 4600 3803 4653 le-

542 4695 626 4742 est
653 4686 794 4741 Deus
825 4695 879 4742 et
908 4685 1136 4756 populus
1159 4685 1519 4756 indicaturus.
1547 4683 1614 4739 Et
1639 4685 1748 4738 alia
1776 4701 1952 4739 manu.
1985 4685 2143 4742 Eme-

537 4787 678 4842 ritos
705 4785 993 4857 episcopus
1014 4783 1326 4854 recognovi.

608 4882 699 4936 48.
744 4881 1158 4935 Fortunatianus
1188 4880 1458 4949 cpiscopus
1484 4876 1736 4932 Ecclesia:
1760 4879 2029 4934 catholica’
2057 4881 2139 4934 di-

535 4975 634 5030 xit.
665 4971 942 5030 Catholica
982 4974 1220 5029 Ecclesia
1251 4988 1372 5044 qua:
1403 4980 1516 5027 toto
1566 4971 1706 5027 sicut
1754 4975 2018 5041 promissa
2058 4983 2144 5030 est

533 5077 804 5124 terrarum
834 5068 988 5132 orbe,
1023 5067 1356 5132 diffunditur,
1391 5082 1512 5123 cum
1544 5065 1790 5122 adversa:
1819 5068 1952 5135 parti
1996 5083 2138 5124 sem-

530 5177 634 5233 per
653 5161 722 5217 de
751 5160 858 5216 fide
888 5161 1172 5217 obtulisset
1198 5171 1253 5218 et
1283 5162 1351 5218 de
1382 5162 1596 5218 actione
1623 5177 1783 5230 quam
1818 5162 1974 5217 nobis
2023 5166 2133 5218 cri-

529 5261 744 5316 minose
771 5254 1054 5324 objiciunt,
1077 5255 1447 5320 collationem,
1479 5265 1532 5310 et
1556 5254 1774 5324 scriptis
1803 5256 2052 5325 publicis,
2078 5265 2133 5312 et

2248 4696 2404 4767 gibus
2443 4697 2671 4766 publicis
2705 4698 2780 4752 uti
2815 4699 2981 4754 velint
3011 4717 3026 4757 :
3055 4703 3318 4770 quoniam
3352 4703 3404 4757 in
3447 4711 3660 4770 utroque
3698 4691 3802 4749 mihi

2246 4790 2476 4860 plurima
2509 4801 2853 4860 competunt;
2887 4795 3016 4849 utsi
3051 4809 3080 4847 a
3128 4797 3249 4866 lege
3277 4796 3606 4859 discesserit,
3633 4791 3804 4860 episco-

2244 4896 2372 4951 pum
2405 4898 2597 4938 senon
2632 4897 2750 4938 esse
2780 4885 3147 4950 demonstret;
3197 4888 3243 4940 si
3279 4902 3412 4942 vero
3460 4888 3621 4958 legem
3651 4891 3802 4936 tenue.

2243 4973 2334 5039 rit,
2378 4983 2505 5028 tunc
2557 4975 2606 5029 ei
2647 4986 2704 5029 ut
2733 4976 2808 5030 illi
2848 4977 2940 5047 qui
2981 4975 3328 5033 Christianus
3383 4993 3506 5034 esse
3573 4974 3804 5032 desiderat

2245 5065 2468 5122 debeam
2499 5067 2849 5136 respOndere.
2881 5067 2951 5124 Et
2975 5070 3079 5124 alia
3097 5086 3282 5125 manu.
3317 5071 3606 5126 Petilianus
3629 5065 3802 5138 episco-

2244 5174 2345 5229 pus
2373 5161 2685 5230 recognovi.

2312 5253 2401 5308 5i.
2445 5253 2785 5310 Marcellinus
2809 5257 2884 5310 vir
2908 5258 3234 5314 clarissimus
3270 5261 3507 5313 tribunus
3539 5264 3587 5310 ct
3611 5247 3800 5307 notarius

2237 5346 2388 5404 dixit.
2432 5345 2489 5402 Si
2538 5347 2687 5403 nullo
2723 5352 3005 5417 potestatis
3034 5351 3317 5406 swcularis
3350 5351 3530 5420 judice
3573 5343 3802 5402 residet!"3

2235 5439 2376 5494 inter
2421 5440 2705 5510 episcopos
2745 5449 2949 5497 tantum
3008 5443 3122 5499 hmc
3165 5445 3450 5500 contentio
3493 5444 3797 5495 tractaretur,

2237 5539 2367 5587 tunc
2395 5531 2610 5586 demum
2637 5546 2824 5586 eorum
2850 5545 2968 5589 erat
2997 5536 3231 5601 arbitrii,
3260 5544 3320 5591 et
3349 5536 3567 5589 forsitan
3595 5528 3730 5599 justi,
3757 5528 3800 5575 ut

2235 5623 2370 5678 nihil
2419 5624 2632 5693 publico
2675 5625 2839 5680 velint
2866 5627 2987 5696 jure
3027 5629 3290 5683 tractari:
3341 5643 3428 5682 me
3476 5636 3670 5683 autem,
3698 5627 3794 5671 cum

2234 5715 2616 5785 legumlatores
2664 5717 2696 5770 ii
2742 5719 2850 5773 sint
2877 5720 2966 5790 qni
3014 5735 3099 5775 me
3135 5719 3384 5788 judicem
3432 5717 3741 5787 delegerunt,
3769 5720 3793 5758 a

2234 5807 2440 5878 legibus
2469 5821 2673 5866 certum
2702 5821 2785 5867 est
2816 5811 3034 5870 deviare
3061 5827 3165 5870 non
3201 5826 3366 5883 posse
3397 5829 3410 5868 :
3444 5805 3676 5883 quamvis
3694 5812 3792 5873 PTO’

530 5349 857 5407 testimoniis
885 5347 1199 5411 multorum,
1232 5357 1288 5402 et
1327 5348 1687 5403 conventione
1718 5349 2128 5417 magistratuum

528 5442 742 5498 facilius
765 5438 1099 5494 edocebitur.
1125 5437 1231 5493 Sed
1262 5447 1318 5491 nt
1343 5438 1490 5493 omni
1515 5453 1582 5493 ex
1614 5447 1765 5507 parte
1796 5447 1908 5492 tnta
1937 5439 2006 5493 sit
2051 5439 2131 5508 ip-

525 5537 639 5591 sius
669 5531 973 5588 collationis
1002 5545 1186 5593 causa,
1222 5529 1443 5585 confusa
1495 5546 1599 5584 non
1651 5529 1779 5584 facit
1808 5530 2120 5584 multitudo.

527 5627 692 5700 254
707 5627 950 5695 Deligant
981 5627 1141 5698 igitur
1157 5632 1454 5694 praesentes
1466 5623 1662 5679 fratres
1686 5625 1858 5679 nostri
1887 5624 2010 5694 quia
2033 5639 2127 5679 vo-

525 5721 637 5774 lunt
658 5737 720 5775 ex
748 5722 974 5776 adverso
997 5721 1252 5776 sistentcs
1274 5717 1483 5788 aliquos
1513 5717 1593 5770 sui
1617 5718 1821 5772 ordinis
1841 5719 2128 5788 primarius
2161 5718 2166 5720 ⁷

525 5811 694 5877 virus,
730 5814 924 5883 quibus
975 5824 1139 5871 totam
1189 5811 1420 5868 actionis
1453 5824 1716 5867 summam
1760 5812 2122 5881 committant,
