4130 6170
297 339 433 392 ’1275

290 453 589 509 fessionem
621 448 790 522 partis
817 462 849 504 e
871 447 1098 504 diverso
1128 444 1398 501 venientis
1427 448 1779 516 apertissime
1807 462 1931 504 sus-
1956 453 2010 513 Α

284 544 495 615 ceperit
523 542 788 598 sanctitas
833 547 1038 604 vestra,
1069 540 1121 593 in
1141 551 1247 604 qua
1276 534 1328 589 id
1356 538 1704 606 expressisse
1724 553 1926 610 cOgno-

277 639 473 706 scitur,
506 634 657 707 quod
687 640 868 688 vestra
893 627 1204 700 prosecutio
1230 628 1555 698 postulavit.
1589 629 1741 686 Unde
1767 647 1940 691 man-.

270 733 467 790 datum
503 747 609 802 per
635 728 872 785 ofﬁcium
901 727 1183 782 recitetur.

344 827 440 884 55.
482 823 785 880 Petilianus
814 821 1084 891 episcopus
1101 817 1258 872 dixit.
1290 816 1580 888 Legat.’Et
1607 822 1716 875 alia
1736 837 1916 875 manu.

272 919 592 977 Petilianus
619 915 917 985 episcopus
939 910 1258 982 recognovi.
1290 907 1553 964 Romulus
1576 921 1820 981 exceptor
1839 927 1923 965 re-

273 1013 474 1069 citavit.
523 1011 658 1065 Post
703 1004 1045 1062 consulatum
1079 1000 1306 1058 Varanis
1352 1000 1459 1056 viri
1506 1001 1826 1067 clarissimi,
1858 1017 1918 1056 ιιι

276 1103 507 1162 kalend.
546 1101 676 1158 Jun.
719 1095 1029 1154 Mandatum
1079 1095 1276 1150 factum
1306 1092 1362 1148 in
1396 1093 1666 1148 Ecclesia.
1700 1091 1771 1146 Et
1801 1109 1921 1146 cum

276 1201 548 1264 recitaret,
580 1193 877 1250 Adeodatus
921 1192 1191 1262 episcopus
1231 1188 1381 1243 dixit.
1432 1187 1565 1243 Sine
1603 1187 1923 1258 praejudicio

278 1304 474 1354 nostro
524 1291 744 1349 recitet.
789 1285 1129 1343 Marcellinus
1194 1284 1272 1338 vir
1315 1283 1640 1338 clarissimus
1679 1283 1924 1337 tribunus

278 1401 324 1446 et
362 1387 614 1444 notarius
644 1384 792 1439 dixit.
830 1381 1040 1451 Saepius
1071 1377 1356 1435 interfatus
1383 1391 1532 1444 sum,
1567 1377 1746 1431 omnia
1779 1377 1926 1430 inte-

279 1485 391 1555 gris
425 1478 885 1552 responsionihus
917 1473 1156 1528 recitari.
1198 1469 1455 1526 Romulus
1485 1478 1726 1539 exceptor
1771 1467 1919 1520 reci-

283 1579 428 1633 tavit.
462 1574 778 1631 Mandatum
808 1571 1006 1624 factum
1039 1567 1092 1621 in
1120 1564 1360 1620 Ecclesia
1387 1559 1815 1631 (larthaginensi
1847 1558 1922 1614 ab

289 1672 556 1728 universo
587 1665 818 1724 concilio
843 1663 1222 1733 episcoporum
1249 1656 1645 1712 catholicorum
1672 1671 1684 1706 :
1722 1652 1920 1724 praesi-

291 1767 458 1820 dente
497 1759 726 1817 Aurelio
761 1757 1016 1826 episcopo
1057 1751 1312 1807 Ecclesiae
1354 1747 1670 1817 Carthagin.
1722 1754 1780 1800 et
1816 1743 1922 1800 Sil-

1265 329 1500 387 GESTA
1542 330 1997 406 COLLATIONIS
2035 329 2664 396 CARTHAGINENSIS.

3515 324 3653 381 123i

2111 447 2203 505 60.
2251 450 2520 508 Aurelius“
2537 456 2806 526 episcopus
2858 448 3109 506 Ecclesia:
3170 437 3448 495 catholica:
3501 439 3654 494 dixit.

2030 545 2184 616 Opus
2234 555 2320 601 est
2359 550 2481 614 hoc,
2528 548 2727 621 eligant
2760 549 2828 606 de
2857 547 2972 601 suis
3021 546 3256 609 septem,
3291 541 3349 588 et
3379 543 3514 588 eant
3562 533 3656 591 ubi

2029 638 2318 697 constituti
2371 652 2500 698 sunt
2536 644 2590 699 in
2621 642 2874 708 ecclesia,
2905 649 2958 697 et
2984 634 3209 692 videant
3238 627 3387 685 illos.
3435 629 3507 687 Et
3553 634 3660 690 alia

2028 752 2210 790 mauu.
2248 734 2578 808 Recognovi.
3550 747 3552 749 ’

2103 828 2194 885 61.
2239 828 2536 885 Petilianus
2573 832 2841 904 episcopus
2872 825 3026 882 dixit.
3077 815 3307 875 Subtilis
3353 822 3661 890 argumenti

2031 935 2118 976 res
2147 931 2253 985 est,
2289 931 2350 976 ut
2390 921 2628 992 iudicem
2675 921 2918 976 facerent
2946 921 3175 970 testem.
3207 908 3517 968 Potuerunt
3545 923 3660 972 ete-

2029 1011 2140 1066 nim
2170 1011 2337 1067 etiam
2386 1028 2760 1085 quoscumque
2795 1009 3032 1067 clericos
3079 1000 3311 1056 minoris
3341 1000 3450 1059 100i
3495 1021 3663 1079 appo-

2028 1117 2163 1158 nere
2193 1104 2509 1162 nominibus
2548 1107 2682 1172 suis,
2715 1116 2769 1159 et
2799 1103 3008 1171 ﬁngere
3040 1094 3203 1150 illum
3231 1093 3500 1155 honorem
3531 1117 3654 1160 esse

2029 1209 2195 1263 quem
2229 1197 2376 1264 apud
2417 1213 2477 1253 se
2505 1213 2774 1253 summum
2805 1191 3156 1254 existimant,
3185 1200 3308 1242 cum
3338 1189 3469 1248 hinc
3492 1197 3664 1266 potis.

2031 1285 2235 1341 simum
2259 1288 2557 1346 dubitetur.
2581 1288 2813 1346 Proinde
2830 1284 3058 1340 veniant.
3087 1281 3142 1336 in
3168 1279 3433 1351 judicium
3462 1291 3659 1347 notarii

2034 1396 2064 1435 a
2093 1381 2258 1436 nobis
2286 1384 2483 1456 singuli
2515 1389 2934 1456 cognoscantur.
2968 1376 3248 1433 Veremur
3276 1381 3476 1437 etenim
3507 1397 3668 1456 argu-

2035 1482 2224 1528 menta
2253 1490 2402 1548 saepe
2427 1479 2628 1534 diutius
2650 1472 2933 1544 requisita,
2966 1485 3094 1540 quae
3128 1471 3183 1526 in
3213 1476 3510 1543 perniciem
3535 1480 3662 1535 sim-

2035 1565 2304 1635 plicitatis
2349 1581 2547 1626 nostra:
2587 1564 2832 1640 quotidie
2863 1563 3271 1621 machinantur.
3329 1568 3456 1626 Haec
3499 1572 3662 1642 igitur

2030 1660 2203 1728 prima
2240 1677 2332 1719 res
2352 1674 2458 1730 est,
2489 1665 2559 1719 de
2586 1675 2692 1732 qua
2728 1671 2823 1726 per
2844 1658 3116 1712 notariam
3147 1669 3386 1716 nostram
3410 1664 3657 1720 sublimi-

2030 1753 2125 1807 tati
2175 1763 2286 1809 tuae
2332 1757 2591 1813 intimare
2624 1749 2951 1819 curavimus,
2993 1766 3180 1822 neque
3219 1755 3557 1810 cessavimus
3597 1766 3654 1812 ut

294 1872 440 1914 vano
494 1856 728 1927 primate
769 1847 1054 1906 Numidiae.
1116 1844 1375 1913 Quamvis
1428 1857 1592 1898 causa
1652 1840 1918 1896 Ecclesiae
1951 1853 1995 1912 Β
2027 1844 2096 1899 de
2123 1861 2358 1903 numero
2401 1851 2582 1921 primo
2609 1850 2796 1897 nostro
2825 1853 3129 1912 constaret,
3173 1860 3334 1916 quem
3377 1861 3497 1902 esse
3522 1861 3648 1918 par-

300 1950 589 2006 catholicae
629 1946 890 2001 adversus
915 1956 1106 1998 omnes
1130 1940 1292 1994 falsas
1320 1936 1761 2001 criminationes,
1803 1945 1910 1989 etc.

310 2044 434 2100 Vid.
461 2041 606 2111 apud
630 2039 847 2111 August.
876 2045 997 2089 tom.
1043 2049 1118 2100 ix,
1153 2031 1254 2086 col.
1287 2028 1526 2086 822-827
1563 2037 1749 2082 nostra:
1784 2027 1910 2082 edit.

380 2137 544 2209 257
568 2135 655 2190 56.
680 2131 1014 2187 Marcellinus
1043 2128 1120 2182 uir
1151 2125 1470 2180 clarissimus
1496 2122 1725 2176 tribunus
1747 2134 1793 2177 et
1814 2139 1907 2177 no-

311 2232 478 2287 tarius
505 2228 662 2281 dixit.
691 2224 950 2292 Quoniam
1001 2237 1065 2276 ex
1115 2219 1431 2275 recitatione
1472 2215 1711 2271 mandati
1767 2217 1910 2286 quod

310 2323 478 2394 gestis
494 2317 848 2391 praesentibus
862 2311 1374 2378 adhmrehit,c|aruit
1386 2310 1566 2366 divina
1582 2310 1750 2379 magis
1762 2311 1914 2365 testi-

314 2420 497 2472 monia
527 2429 687 2485 quam
735 2409 969 2466 forensia
999 2407 1213 2462 vincula
1246 2421 1367 2461 esse
1401 2404 1639 2476 prolata,
1672 2412 1726 2458 et
1755 2405 1913 2459 edicti

316 2509 522 2581 pariter
552 2507 658 2562 mei
677 2514 919 2560 tenorem
943 2501 1110 2557 fuisse
1146 2507 1441 2567 servatum,
1472 2502 1529 2552 in
1561 2513 1784 2553 numero
1805 2499 1913 2554 sci-

318 2603 446 2658 licet
472 2598 786 2666 deligendo,
816 2606 871 2652 et
915 2593 1212 2664 imperialis
1256 2591 1662 2647 constitutionis
1689 2590 1915 2647 formam

318 2697 674 2753 nihilominus
715 2691 1079 2747 custoditum:
1114 2688 1365 2758 ideoque,
1414 2687 1669 2758 quoniam
1696 2685 1920 2755 justitiaa

318 2791 456 2848 ordo
489 2790 589 2844 hoc
616 2787 875 2859 postulat,
909 2786 1072 2841 etiam
1105 2783 1539 2852 subscriptiones
1565 2779 1809 2835 omnium
1838 2795 1922 2836 re-

321 2887 577 2943 citentur.

393 2976 484 3032 57.
529 2973 785 3030 Romulus
805 2982 1048 3042 exceptor
1075 2969 1326 3026 recitavit.
1347 2967 1604 3023 Aurelius
1633 2966 1922 3037 episcopus

321 3069 584 3126 Ecclesiae
635 3065 918 3122 catholicae
946 3062 1390 3132 Carthaginensis
1435 3058 1749 3127 Carthagini
1781 3073 1919 3113 con-
1973 3123 1976 3126 ,

319 3163 543 3217 stitutus
568 3169 840 3231 praesente
863 3157 924 3213 V.
955 3157 1017 3213 C.
1046 3156 1263 3212 tribuno
1286 3167 1340 3211 et
1370 3153 1582 3209 notario
1608 3152 1922 3209 Marcellino

2028 1937 2208 1992 vulum
2260 1955 2486 2011 semper
2537 1934 2912 2004 imperialibus
2956 1939 3190 1994 auribus
3243 1942 3586 1997 mentiuntur
3631 1983 3644 1996 .

2021 2030 2284 2101 quidquid
2337 2037 2496 2090 enim
2544 2037 2728 2084 contra
2784 2047 2879 2088 nos
2920 2048 3142 2103 semper
3188 2035 3430 2099 elicitur,
3489 2032 3646 2104 quasi

2017 2133 2210 2179 contra
2257 2120 2641 2192 paucissimos
2670 2120 2996 2194 impetratur.
3028 2125 3100 2181 Et
3141 2126 3248 2182 alia
3275 2143 3452 2183 manu.
3495 2125 3645 2180 Petio

2017 2214 2195 2268 lianus
2228 2214 2552 2281 episcomls
2590 2217 2889 2287 recognovi.

2088 2306 2252 2379 258
2276 2305 2376 2359 62.
2438 2299 2771 2365 Marcellinus
2782 2314 2857 2366 uir
2877 2313 3192 2370 clarissimus
3216 2316 3453 2371 tribunus
3475 2323 3522 2370 et
3553 2330 3646 2368 uo-

2017 2404 2177 2457 tarius
2198 2399 2360 2452 dixit.
2408 2394 2572 2455 Falsi
2593 2404 2788 2462 crimen
2809 2423 2906 2464 nec
2926 2409 3163 2479 obiicere
3180 2410 3443 2466 condecet
3463 2422 3647 2466 sacer-

2017 2497 2220 2557 dotem,
2246 2507 2352 2549 nec
2395 2499 2750 2558 committere
2778 2503 3013 2573 potuisse
3029 2503 3361 2560 credendum
3386 2513 3492 2560 εει.
3509 2500 3646 2558 lllud

2020 2599 2198 2644 autem
2228 2595 2310 2642 est
2342 2588 2516 2656 Quod
2548 2607 2642 2660 per
2665 2605 2897 2650 vestram
2913 2597 3375 2654 venerabilitatem
3400 2595 3539 2652 scire
3554 2594 3649 2651 de-

2022 2685 2227 2748 sidero,
2256 2690 2480 2736 “utrum
2530 2700 2717 2743 omnes
2745 2689 3030 2759 episcopos
3067 2701 3262 2746 contra
3303 2705 3437 2762 quos
3467 2699 3645 2746 vestra

2023 2777 2201 2849 pergit
2238 2774 2516 2841 intentio,
2561 2796 2791 2850 quorum
2840 2782 3001 2838 etiam
3047 2782 3379 2856 subscriptio
3423 2781 3645 2841 recitata

2025 2879 2129 2941 est,
2160 2867 2382 2938 possitis
2411 2882 2739 2939 agnoscere.

2099 2962 2191 3017 63.
2235 2958 2531 3018 Petilianus
2577 2967 2845 3037 episwpus
2885 2969 3038 3023 dixit.
3081 2969 3285 3042 Singuli
3323 2972 3522 3042 quique
3550 2986 3641 3027 se-

2027 3056 2177 3112 dium
2236 3062 2546 3110 nostrarum
2574 3059 2921 3116 adversarios
2953 3063 3113 3118 facile
3141 3079 3434 3133 possumus
3467 3081 3640 3138 agno-

2026 3165 2202 3207 scere.
2219 3148 2362 3204 Sane
2375 3161 2485 3201 non
2509 3149 2704 3204 falsum
2728 3153 3054 3223 objecimus,
3079 3158 3176 3212 sed
3200 3159 3500 3228 diligentia:
3518 3176 3639 3216 ma-

320 3254 427 3310 hoc
451 3253 760 3307 mandatum
783 3250 1000 3320 suscepi
1030 3259 1085 3304 et
1113 3248 1432 3317 subscripsi.
1459 3246 1591 3301 Item
1620 3247 1724 3300 alia
1745 3265 1918 3302 manu.
1951 3249 1995 3312 C
2028 3245 2186 3300 ximat:
2217 3248 2298 3297 est
2329 3240 2470 3310 quod
2512 3241 2762 3296 volumus
2793 3255 2849 3299 et
2887 3249 3140 3316 probare,
3198 3250 3265 3305 Ει
3308 3251 3413 3306 alia
3457 3269 3633 3308 ηιαηη,

321 3345 574 3400 Silvanus
606 3343 792 3412 primae
841 3341 988 3396 sedis
1019 3339 1311 3410 provincia:
1362 3338 1626 3393 Numidiae
1659 3349 1922 3407 praesente

323 3439 386 3494 γ.
423 3437 485 3494 C.
516 3436 842 3492 Marcellino
866 3434 1084 3490 tribuno
1107 3443 1162 3489 et
1194 3434 1406 3488 notario
1431 3431 1746 3501 Carthagini
1791 3449 1920 3489 con-

316 3533 540 3589 stitutus
564 3529 821 3584 mandato
847 3543 876 3582 a
907 3528 1064 3583 nobis
1094 3526 1238 3583 facto
1262 3524 1516 3582 consensi
1535 3525 1916 3595 etsubscripsi.

315 3626 453 3682 Item
481 3625 585 3678 alia
613 3639 786 3677 manu.
813 3620 1131 3676 Valentinus
1156 3621 1445 3690 episcopus
1471 3618 1726 3676 Ecclesia:
1763 3619 1917 3675 Vaia-

314 3719 504 3776 nensis
551 3716 631 3788 (9)
672 3713 988 3785 Carthagini
1031 3716 1375 3777 constitutus,
1426 3722 1689 3783 praesente
1742 3713 1804 3767 V.
1851 3713 1913 3767 C.

313 3809 634 3868 Marcellino
649 3806 893 3862 Tribuno
915 3818 965 3861 et
993 3805 1217 3861 Notario
1240 3805 1486 3861 mandavi
1515 3813 1568 3859 et
1597 3803 1912 3873 subscripsi.

313 3904 388 3960 Et
439 3903 650 3972 reliquae
695 3899 1098 3971 subscriptiones
1149 3913 1367 3970 quorum
1421 3897 1628 3950 nomina
1674 3897 1915 3951 mandato

311 3997 667 4053 continentur.

389 4090 479 4144 58.
525 4085 863 4142 Marcellinus
889 4086 965 4139 uir
988 4086 1308 4140 clarissimus
1348 4085 1582 4139 tribunus
1606 4094 1653 4138 et
1680 4087 1913 4140 notarius

313 4182 472 4236 dixit.
506 4179 614 4234 Has
640 4191 856 4248 quoque
881 4176 1306 4245 subscriptiones
1333 4191 1452 4229 cum
1487 4175 1737 4231 mandato
1759 4187 1910 4246 gesta

310 4274 634 4346 suscipient.
658 4270 725 4324 Et
747 4269 958 4340 adjecit.
979 4268 1245 4323 Numerus
1270 4272 1432 4323 etiam
1455 4268 1906 4324 subscribendum

309 4368 646 4438 designetur.
700 4361 963 4417 Martialis
1003 4371 1240 4431 exceptor
1280 4360 1432 4414 dixit.
1478 4359 1700 4414 Dueenli
1747 4374 1913 4416 sexa-

309 4463 464 4535 ginta
496 4475 588 4515 sex
618 4465 761 4512 sunt.

388 4557 479 4612 59.
526 4553 812 4609 Petilianus
837 4550 1107 4620 episcopus
1129 4547 1279 4601 dixit.
1311 4544 1412 4602 Ubi
1433 4554 1556 4599 sunt
1577 4545 1667 4616 qni
1686 4546 1909 4601 manda-

2027 3336 2324 3393 Petilianus
2354 3333 2639 3404 episcopus
2668 3341 2980 3407 recognovi.

2094 3429 2185 3485 64.
2228 3426 2560 3480 Marcellinus
2588 3418 2665 3479 uir
2693 3427 3014 3487 clarissimus
3045 3435 3285 3491 tribunus
3313 3447 3361 3491 et
3399 3441 3634 3495 notarius

2022 3523 2171 3578 dixit.
2204 3519 2316 3574 Hoc
2341 3515 2510 3588 magis
2537 3520 2605 3572 de
2630 3530 2808 3574 vestra
2835 3522 3023 3590 judico
3052 3528 3368 3595 sanctitate,
3402 3529 3632 3601 diligen-

2019 3617 2108 3672 tiae
2139 3613 2315 3685 potius
2341 3625 2461 3666 esse
2491 3625 2650 3680 quam
2681 3612 2841 3668 ullius
2869 3615 3073 3685 objecti
3097 3619 3370 3686 criminis,
3403 3622 3547 3691 quod
3573 3624 3625 3678 in

2019 3705 2398 3780 prosccutione
2444 3702 2730 3758 dicendum
2763 3721 2886 3761 esse
2933 3709 3163 3763 credidit
3201 3712 3462 3766 sanctitas
3511 3722 3621 3767 tua.

2019 3801 2126 3857 Sed
2160 3797 2290 3854 illud
2319 3811 2524 3868 quatro,
2558 3805 2734 3852 utrum
2769 3798 2822 3853 in
2851 3801 3106 3855 omnibus
3134 3801 3270 3857 locis
3297 3813 3353 3858 et
3388 3803 3623 3859 civitati-

2017 3893 2117 3948 bus
2147 3890 2426 3961 ntriusque
2474 3891 2642 3960 partis
2671 3891 2782 3947 bini
2827 3907 2950 3948 esse
2997 3895 3206 3964 possint
3235 3897 3509 3969 episcopi;
3541 3898 3622 3954 sic

2015 3986 2158 4041 enim
2185 3994 2406 4053 possunt
2429 3997 2488 4039 se
2515 3983 2836 4040 alterutrum
2859 3986 3018 4056 plene
3042 4002 3394 4058 cognoscere.

2087 4079 2177 4134 65.
2225 4077 2512 4133 Petilianus
2555 4081 2826 4152 episcOpus
2874 4082 3025 4135 dixit.
3085 4081 3500 4152 Sapientissime
3555 4097 3620 4138 ac

2013 4171 2242 4244 praescie
2269 4172 2448 4225 omnia
2481 4172 2797 4241 praevidisti,
2833 4173 2915 4226 vir
2937 4173 3167 4238 nobilis;
3213 4190 3336 4228 nam
3377 4175 3428 4228 in
3459 4175 3619 4244 plebe

2015 4281 2155 4331 mea,
2202 4263 2252 4317 id
2306 4272 2410 4328 est,
2461 4264 2678 4319 civitate
2721 4262 3184 4330 Constantinensi,
3246 4263 3614 4321 adversarium

2015 4362 2188 4415 habeo
2218 4356 2592 4412 Fortunatum.
2624 4356 2677 4411 In
2726 4356 2904 4412 medio
2939 4366 3118 4412 autem
3150 4357 3407 4412 dimcesis
3447 4373 3604 4423 meae,

2015 4470 2160 4511 nunc
2207 4451 2512 4508 institutum
2564 4451 2759 4516 habeo,
2809 4451 2920 4506 imo
2969 4452 3069 4522 ipsi
3119 4451 3344 4517 habent,
3392 4453 3615 4509 nomine

2016 4547 2340 4619 Delphinum
2381 4545 2519 4618 (10).
2553 4545 2803 4602 Pervidet
2842 4546 2952 4616 iam
2987 4546 3114 4601 hinc
3158 4534 3468 4615 praestantia
3501 4557 3612 4613 tua,

306 4649 530 4707 verint‘i
551 4647 611 4702 Et
635 4647 743 4701 alia
763 4660 939 4698 manu.
965 4642 1258 4698 Petiliauus
1283 4638 1570 4710 episcopus
1600 4641 1906 4712 recognovi.
1936 4632 1989 4692 D
2018 4641 2155 4698 duos
2191 4641 2243 4696 in
2275 4640 2435 4695 unius
2475 4638 2631 4710 plebe
2659 4638 2827 4694 fuisse
2852 4637 3172 4709 imaginarie
3206 4638 3321 4708 (11)
3347 4638 3615 4693 constitu-

390 4791 470 4863 (9)
515 4784 840 4863 Kaiangnsjs,
879 4796 974 4836 seu
1003 4775 1435 4863 Bgiattensis,_ttti
1460 4776 1716 4863 scripulum
1745 4785 1827 4830 est
1856 4776 1908 4830 in

306 4847 484 4919 veleri
515 4860 670 4913 libro.
697 4847 836 4910 Infra
860 4868 1016 4923 capp.
1041 4851 1130 4923 99,
1166 4851 1288 4913 115,
1335 4847 1909 4923 155ηεονὶιιίιιιιίεθηι-

312 4918 420 5007 per
449 4929 713 5007 Vaieusis,
745 4926 838 4982 sed
886 4918 986 4979 nos
1019 4921 1213 5007 ubique
1267 4919 1608 5007 reposuimus
1655 4918 1908 5007 Vaia'n'en-

311 4991 426 5070 iis;
455 5004 576 5074 quia
618 4991 838 5074 constat
868 4991 1310 5074 emendationem
1334 5005 1458 5074 esse
1499 4999 1723 5074 certam“.
1776 4991 1906 5074 Nam

313 5060 486 5131 Felix.
504 5076 771 5146 episcopus
797 5067 1118 5146 Baianenst's
1142 5062 1392 5146 interfuit
1421 5062 1656 5146 concilio
1680 5060 1910 5146 Cartha-

314 5133 541 5218 ginensi'
578 5133 901 5218 sullCrato,
945 5148 998 5192 et
1025 5135 1248 5218 Beian'us
1293 5133 1596 5218 Baianensis
1613 5133 1912 5215 damnatus

313 5203 424 5276 fuit
472 5233 611 5273 anno
659 5216 782 5279 394,
833 5211 886 5266 in
929 5207 1153 5279 concilio
1182 5203 1751 5279 Bagaiensi._Anim‘us
1792 5214 1911 5258 erat

315 5273 463 5347 hanc
507 5288 689 5344 sedem
737 5273 937 5338 referre
975 5279 1040 5332 ad
1086 5273 1453 5332 Mauritaniam
1493 5273 1906 5347 Caesariensem,

314 5344 458 5435 quia
494 5362 632 5415 inter
661 5356 944 5435 episcopos
973 5350 1116 5404 illius
1145 5347 1666 5435 provinciaeejccto's
1702 5347 1770 5435 ab
1799 5344 1910 5399 Hu-

316 5416 509 5491 iierico
537 5445 662 5497 rege
689 5416 1046 5497 Vandalorum
1075 5416 1289 5497 reperio
1317 5418 1592 5497 Caecilium
1627 5416 1907 5497 Belianen-

315 5488 460 5562 siem.
496 5488 688 5555 Verum
715 5497 840 5551 huic
882 5491 1192 5562 cogitationi
1227 5490 1442 5562 obstant
1487 5488 1908 5562 subscriptiones

317 5559 538 5632 concilii
566 5559 1013 5627 Cabarsussitani,
1045 5561 1133 5616 ubi
1182 5560 1598 5632 legiturnomen
1640 5559 1905 5632 Pancratii

318 5629 678 5705 Balianeusis.
711 5637 842 5693 Cum
885 5630 1302 5705 enimsynodus
1344 5629 1430 5683 illa
1461 5629 1639 5685 habita
1679 5630 1764 5705 _sit_
1800 5644 1906 5684 uno

317 5700 468 5774 anno
498 5720 626 5767 ante
647 5707 991 5776 Bagaiensem
1012 5704 1085 5776 fin
1118 5715 1218 5768 qua
1249 5700 1643 5776 damnatusest
1677 5701 1906 5776 [ieiunus

317 5771 640 5846 Baianensis
679 5771 968 5846 Donatism,
1010 5775 1146 5846 is“!d
1185 5771 1672 5846 “Vincer‘i‘iidew'
1695 5772 1901 5846 Ecde-

315 5843 454 5918 siam
486 5855 854 5914 Balianenscm
883 5844 1046 5903 fuisse
1067 5844 1332 5902 diversam
1372 5858 1401 5899 a
1425 5843 1737 5912 Baiaucnsi;
1768 5843 1903 5901 duos

2015 4777 2211 4848 quippe
2250 4776 2537 4846 episc0pos
2579 4773 2968 4848 Donatistasin
3002 4787 3104 4848 una
3163 4770 3403 4848 Ecclesia
3433 4769 3613 4848 fuisse

2014 4842 2336 4902 constitutos
2385 4842 2491 4902 non
2531 4857 2614 4901 est
2665 4845 2976 4905 verisimile.
3029 4845 3298 4898 BALUZIUS
3334 4842 3502 4897 addit.
3552 4843 3610 4898 In

2014 4920 2205 4975 eodem
2255 4919 2482 4972 concilio
2529 4918 2979 4972 Cabarsussitano
3028 4923 3226 4983 praeter
3271 4913 3608 4970 Pancratium

2014 4989 2387 5045 Baliauensem
2416 5001 2499 5044 est
2521 4990 2755 5044 Donatus
2768 4989 3051 5058 episcopus
3078 4985 3432 5058 Belianeusis,
3469 4987 3611 5042 unde

2015 5061 2392 5116 Balianensem
2423 5070 2478 5116 et
2508 5057 2880 5116 BelianenSCm
2905 5059 3040 5113 duas
3068 5057 3226 5113 sedes
3257 5071 3378 5111 esse
3401 5068 3608 5113 certum

2015 5143 2118 5188 88L

2089 5204 2209 5274 (10)
2242 5202 2577 5274 Delphinum.
2623 5202 2815 5256 Missus
2867 5200 2914 5255 is
2944 5199 3200 5274 l'neratjn
3225 5198 3530 5274 Numidiam
3577 5214 3607 5253 a

2015 5270 2356 5348 coepiscopis
2378 5276 2490 5348 suis
2511 5283 2738 5348 propter
2759 5272 3108 5348 necessitates
3130 5272 3406 5348 Ecclesiae,
3424 5282 3483 5348 ut
3511 5270 3604 5348 ha-

2013 5341 2384 5419 bet'Augfep.
2414 5345 2478 5400 ad
2510 5344 2742 5419 illarcht.
2773 5344 2898 5419 olim
2933 5345 3056 5419 158,
3091 5360 3232 5399 nunc
3281 5343 3402 5396 159.
3438 5341 3606 5419 Hujus

2011 5420 2175 5475 etiam
2207 5415 2262 5472 lit
2293 5415 2494 5473 mentio
2537 5415 2672 5470 iul‘ra
2705 5430 2752 5470 c.
2783 5415 2910 5469 215.
2949 5415 3072 5470 Erat
3099 5419 3384 5486 episcopus
3406 5415 3605 5486 consti-

2010 5499 2156 5546 tutus
2184 5491 2250 5546 de
2275 5505 2411 5544 novo
2439 5490 2507 5542 oh
2534 5488 2786 5543 Ecclesiae
2817 5487 3166 5542 necessitates
3193 5488 3246 5541 in
3270 5485 3446 5554 aliqua
3471 5485 3604 5538 urbe

2008 5563 2375 5618 Constantina:
2400 5562 2594 5616 vicina.

2090 5622 2572 5705 (ll)'1magiuar_ie.
2620 5631 2740 5705 Sub
2760 5631 2914 5686 titulo
2943 5630 3069 5687 ﬁcto
3098 5639 3152 5683 et
3172 5623 3449 5705 supposito
3479 5641 3492 5676 :
3522 5623 3603 5705 sic

2006 5694 2290 5760 Collutlitis
2316 5694 2457 5774 apud
2480 5703 2680 5760 Athan.
2712 5703 2908 5760 dicitur
2934 5718 3040 5759 non
3066 5694 3252 5766 verus,
3275 5694 3372 5752 Sed
3413 5694 3604 5766 imagi-

2008 5777 2191 5832 narius
2217 5778 2524 5852 episcopus.
