4130 6170
549 289 690 348 1-275

1473 281 1725 355 ,GES’I‘A
1766 279 2220 342 COLLATIONIS
2258 279 2882 344 CARTHAGINENSIS.

3716 275 3849 335 i276

553 416 638 462 tos
659 447 674 473 ,
709 414 768 460 ut
807 411 864 460 et
903 416 1184 458 numerum
1212 409 1463 472 augeant,
1492 409 1548 456 et
1574 409 1754 456 tamen
1785 399 2025 471 plebium
2053 414 2153 455 nu-
2175 403 2225 464 Α
2253 402 2592 467 splendidam
2623 399 3005 471 Carthaginem
3031 397 3360 472 constitutus
3378 403 3464 452 est
3495 407 3687 450 verum
3732 408 3854 450 esse

552 511 740 555 merus
766 510 872 551 non
903 494 1044 550 idem
1071 494 1163 560 sit,
1196 495 1286 564 qui
1319 493 1390 548 sit
1414 493 1628 548 illarum
1654 492 1865 548 scilicet
1893 505 2141 563 persona.

523 603 694 648 .rum.
729 588 794 644 Et
819 587 924 644 hoc
949 586 1250 657 argumenti
1280 596 1364 642 est
1388 585 1633 650 maximi,
1668 594 1727 641 ut
1745 583 2028 640 videantur
2054 598 2153 640 nos

555 687 659 742 hoc
687 698 888 756 genere
917 697 1200 753 superare,
1254 682 1297 735 si
1323 681 1430 736 duo
1458 689 1646 736 contra
1680 696 1846 737 unum
1877 681 1988 737 sint
2023 695 2153 737 con-

553 778 728 834 stituti
753 777 840 832 vel
872 785 1002 832 tres.
1055 774 1186 830 Nam
1219 775 1380 830 etiam
1419 775 1470 829 in
1511 773 1669 844 plebe
1693 773 1979 843 praesentis
2020 788 2152 829 san-

556 870 784 926 ctissimi
811 868 1033 939 collegae
1080 881 1144 922 ac
1189 866 1370 922 fratris
1415 863 1842 930 meiAdeodati,
1881 865 1932 920 id
1962 874 2067 932 est,
2099 866 2152 922 in

559 963 780 1019 civitate
817 960 1146 1026 Milevitana,
1190 957 1264 1013 ita
1291 957 1578 1012 commissa
1621 971 1708 1012 res
1739 965 1824 1013 est
1851 999 1866 1023 ,
1901 965 1960 1012 ut
1989 970 2154 1012 unum

563 1059 760 1114 ibidem
801 1055 999 1112 habeat
1043 1052 1413 1108 adversarium
1465 1049 1605 1122 (l2),
1644 1050 1872 1106 alterum
1916 1051 1970 1106 in
2017 1049 2159 1107 Tuc-

562 1154 712 1212 censi
736 1152 851 1224 (15)
883 1149 1122 1215 civitate,
1148 1163 1266 1219 quae
1297 1147 1364 1202 ad
1409 1147 1568 1216 hujus
1596 1146 1804 1201 scilicet
1825 1144 2035 1216 plebem
2062 1159 2161 1199 an-

563 1247 789 1319 tiquitus
815 1245 1073 1316 pertinet,
1096 1250 1152 1298 et
1175 1249 1302 1296 ante
1329 1239 1604 1295 biennium
1628 1253 1748 1294 esse
1778 1237 1987 1292 videtur
2029 1251 2158 1292 con-

563 1340 816 1405 stitutus;
867 1337 1060 1393 tertius
1088 1351 1218 1391 vero
1261 1334 1331 1390 sit
1373 1335 1424 1388 in
1474 1333 1595 1388 loco
1634 1332 1722 1402 qui
1754 1331 1952 1386 dicitur
1991 1329 2158 1387 Cera-

566 1450 770 1490 mussa.
810 1433 953 1504 Ergo
980 1446 1103 1488 cum
1144 1446 1286 1485 unus
1336 1429 1408 1484 sit
1436 1427 1672 1482 civitatis
1699 1425 2020 1480 Milevitana:
2049 1424 2163 1494 epi-

565 1543 764 1599 scopus
786 1542 814 1580 a
845 1527 1088 1596 partibus
1111 1523 1328 1586 nostris,
1355 1530 1464 1576 tres
1489 1519 1740 1575 videntur
1759 1518 1826 1572 ab
1852 1517 1933 1572 his
1959 1518 2165 1572 c0nsti-

564 1623 660 1677 tuti
686 1621 872 1684 fuisse,
903 1629 956 1674 ut
983 1619 1197 1673 illorum
1229 1630 1481 1670 numerus
1511 1622 1815 1684 augeretur,
1843 1620 1935 1665 aut
1964 1613 2158 1666 fortas-

564 1716 639 1771 sis
667 1713 957 1770 exccderet
993 1725 1280 1766 numerum
1326 1707 1586 1764 veritatis.
1642 1703 2042 1775 liequirendum
2081 1709 2164 1758 est

2253 495 2428 552 credit
2455 493 2841 554 venerabilitas
2883 501 2994 561 tua,
3041 491 3153 563 jam
3184 479 3328 547 nuiic
3376 489 3632 546 intimare
3668 487 3854 560 digne-

2257 598 2367 646 tur.
3199 641 3210 645 _

2327 682 2416 739 70.
2460 681 2756 736 Petilianus
2783 679 3054 750 episcOpus
3083 677 3230 734 dixit.
3259 677 3379 733 Non
3410 675 3684 733 intellexit
3713 690 3745 732 e
3781 676 3859 731 tli-

2255 790 2417 832 verso
2447 776 2773 839 consistens,
2805 774 2933 845 quid
2975 773 3165 833 fuerim
3192 781 3536 844 prosecutus,
3585 787 3714 827 nam
3745 787 3858 828 cum

2258 871 2326 928 de
2347 886 2576 928 numero
2598 868 2968 925 mandantium
2998 882 3141 924 nunc
3167 876 3374 938 agatur,
3403 865 3708 936 diligentia:
3732 880 3862 922 mea

2261 964 2503 1021 maxime
2545 964 2642 1018 fuit
2672 963 2972 1033 requirere,
3004 961 3092 1016 ubi
3120 969 3243 1016 sunt
3270 960 3347 1015 illi
3376 960 3468 1030 qui
3505 960 3862 1030 prmsentibus

2259 1059 2691 1116 mandaverunt:
2735 1057 2931 1114 deinde
2956 1064 3206 1112 constare
3249 1069 3355 1110 non
3399 1053 3470 1108 ab
3500 1069 3566 1110 re
3593 1063 3702 1119 est,
3726 1054 3861 1126 quod

2260 1170 2378 1211 sum
2408 1155 2460 1209 in
2485 1163 2576 1210 tuo
2597 1153 2826 1224 judicio,
2853 1151 2936 1206 vir
2963 1149 3179 1215 nobilis,
3219 1157 3570 1221 prosecutus.
3601 1148 3860 1216 Quoniam

2263 1252 2425 1323 igitur
2457 1261 2508 1306 et
2533 1250 2801 1320 jacturam
2832 1247 3077 1304 fecerunt
3097 1260 3280 1300 earum
3310 1259 3492 1300 rerum
3523 1257 3664 1314 quas
3693 1241 3862 1298 foren-

2263 1343 2412 1398 sibus
2433 1340 2688 1397 cancellis
2732 1355 2796 1395 ac
2838 1339 3046 1410 legibus
3067 1338 3139 1392 uti
3172 1344 3484 1406 potuerant,
3516 1344 3576 1391 et
3606 1337 3864 1390 recitave-

2263 1446 2388 1490 runt
2420 1434 2733 1490 mandatum
2763 1431 2906 1503 quod
2947 1445 3054 1486 non
3083 1429 3249 1499 magis
3275 1426 3499 1482 forense
3528 1427 3624 1491 sit,
3661 1427 3754 1482 sed
3786 1427 3856 1482 le-

2263 1533 2405 1603 gale,
2441 1532 2565 1585 hinc
2590 1543 2826 1599 agnosco
2865 1527 3066 1582 debere
3103 1539 3187 1580 me
3216 1523 3322 1578 illis
3350 1522 3476 1593 lege
3505 1521 3695 1576 divina
3720 1537 3861 1577 com-

2266 1633 2517 1694 petenter
2553 1619 2907 1691 respondere.
2943 1618 3074 1682 Sed,
3105 1628 3161 1673 ut
3199 1617 3350 1687 prius
3384 1615 3455 1670 de
3485 1613 3859 1669 mandatorum

2269 1730 2494 1771 numero
2510 1723 2744 1778 constet,
2772 1720 2828 1768 et
2855 1711 2922 1766 de
2951 1709 3192 1782 partibus
3217 1708 3560 1779 meisquanti
3584 1707 3863 1763 mandare-

567 1810 729 1880 igitur
751 1808 966 1879 quando
993 1814 1181 1860 auctus
1209 1804 1280 1860 sit
1304 1802 1519 1858 illorum
1548 1812 1826 1864 numerus,
1861 1811 2022 1868 quam
2055 1795 2166 1850 ori-

2276 1809 2379 1864 rint
2415 1807 2498 1863 vel
2527 1805 2712 1878 quanti
2750 1805 2857 1861 sint
2897 1803 3222 1870 mandaturi,
3269 1801 3321 1856 id
3362 1803 3600 1872 primum
3646 1810 3771 1870 peto
3803 1799 3863 1856 dc

563 1904 743 1973 ginem
775 1899 1047 1963 habuerit,
1079 1907 1256 1951 utrum
1285 1895 1387 1950 hoc
1418 1893 1628 1949 novitas
1658 1889 1871 1954 iecerit,
1906 1904 1972 1941 an
2003 1886 2164 1942 dede-

562 1997 631 2051 rit
654 1994 966 2065 antiquitas,
984 2000 1186 2055 utrum,
1205 1999 1262 2042 ut
1277 1988 1347 2041 ita
1365 1984 1615 2047 dixerim,
1635 1989 1820 2038 contra
1845 1987 2164 2035 vetustatem

565 2104 780 2152 canam,
812 2088 1002 2142 vitium
1054 2084 1157 2138 hoc
1204 2081 1364 2137 fuerit
1407 2076 1680 2135 novitatis.
1730 2074 1799 2130 Et
1839 2075 1944 2130 alia
1987 2089 2164 2128 manu.

569 2181 867 2238 Petilianus
893 2179 1184 2249 episcopus
1211 2172 1525 2244 recognovi.

637 2274 729 2330 66.
773 2271 1180 2326 Fortunatiauus
1217 2268 1486 2338 episcopus
1513 2263 1760 2319 Ecclesia:
1785 2261 2050 2318 catholicas
2080 2259 2166 2314 di-

569 2367 665 2422 xit.
718 2363 1056 2432 Multiloquio
1103 2359 1360 2416 Ecclesia:
1406 2371 1623 2412 causam
1664 2356 1748 2428 agi
1809 2369 1913 2410 non
1968 2353 2170 2410 debere

568 2458 828 2531 perspicit
874 2471 1086 2512 mecum
1141 2462 1244 2508 tua:
1293 2449 1620 2522 dignationis
1693 2462 1908 2514 sensus,
1965 2445 2169 2516 optime

569 2551 928 2624 cognitorum.
974 2549 1042 2605 Et
1089 2564 1204 2603 cum
1228 2547 1438 2602 diceret.
1490 2543 1556 2600 Et
1606 2544 1711 2598 alia
1760 2559 1940 2598 manu.
1992 2541 2170 2596 Recov

568 2648 752 2720 gnovl.

641 2742 732 2796 67.
805 2738 1099 2795 Petilianus
1163 2735 1436 2806 episcopus
1498 2733 1649 2788 dixit.
1714 2731 1842 2787 Plus
1908 2729 2172 2801 scripsisti

569 2849 728 2906 quam
772 2833 904 2888 dixi.
957 2830 1026 2885 Et
1061 2830 1167 2884 alia
1209 2844 1386 2883 manu.
1427 2826 1723 2882 Petilianus
1753 2823 2040 2895 episcopus
2081 2839 2172 2880 re-

569 2926 819 2999 cognovi

645 3021 737 3077 68.
780 3018 1190 3073 Fortunatianus
1213 3015 1500 3086 'episcopus
1531 3012 1779 3068 Ecclesia:
1800 3009 2065 3070 catholica:
2094 3009 2178 3068 di-

577 3114 672 3169 xit.
705 3113 901 3168 Verum
935 3111 1016 3165 vir
1034 3109 1388 3182 gravissimus
1412 3107 1706 3162 Petilianus
1726 3119 1848 3160 cum
1874 3111 2002 3160 ante
2045 3117 2177 3174 pati-.-

2270 1902 2549 1958 noliilitate
2597 1909 2706 1967 tua,
2754 1907 2812 1953 ut
2859 1898 3191 1970 superﬂuum
3235 1911 3341 1951 non
3381 1896 3474 1962 sit,
3530 1894 3602 1950 de
3650 1908 3863 1948 numero

2266 1997 2548 2067 utriusque
2587 1993 2756 2066 partis
2795 1993 2939 2048 l'erre
2972 1992 3172 2048 debere
3197 1989 3462 2059 judicium
3495 1988 3862 2044 celsitudinem

2269 2096 2436 2144 tuam.
2493 2087 2562 2142 Et
2626 2085 2732 2141 alia
2773 2102 2948 2140 manu.
3003 2084 3295 2142 Petilianus
3351 2081 3653 2154 episcopus
3721 2096 3862 2147 reco-

2266 2182 2448 2253 gnovL

2343 2275 2431 2332 71.
2478 2274 2815 2331 Marcellinus
2840 2275 2919 2330 vir
2937 2273 3256 2328 clarissimus
3289 2270 3529 2326 tribunus
3555 2279 3603 2323 et
3641 2269 3867 2323 notarius

2270 2368 2423 2424 dixit.
2460 2367 2740 2424 Evitandze
2781 2366 2999 2438 quidem
3043 2363 3404 2421 multitudinis
3434 2377 3595 2442 causa
3633 2361 3701 2416 ad
3730 2362 3867 2416 hunc

2270 2465 2446 2519 locum
2479 2464 2548 2519 de
2575 2477 2805 2534 quorum
2839 2476 3065 2516 numero
3099 2459 3396 2521 dubitatur,
3425 2457 3650 2512 minime
3671 2471 3860 2510 conve-

2270 2559 2416 2614 nisse
2456 2557 2731 2622 dicuntur,
2782 2555 3081 2626 praesertim
3128 2568 3250 2608 cum
3291 2549 3577 2606 suffecerit
3619 2565 3716 2604 cos
3748 2564 3866 2620 prte-

2271 2651 2514 2708 sentibus
2544 2665 2704 2706 omne
2747 2648 3027 2719 delegasse
3065 2646 3376 2717 negotium;
3427 2643 3528 2698 sed
3569 2645 3614 2697 si
3644 2643 3769 2713 quid
3799 2657 3871 2696 sn-

2273 2761 2372 2816 per
2419 2744 2520 2798 hac
2577 2751 2727 2814 parte
2777 2739 3132 2798 dubitationis
3181 2737 3432 2802 all‘ertur,
3487 2735 3711 2805 iudiciis
3763 2734 3872 2789 inti-

2275 2846 2473 2892 metur.

2345 2927 2433 2986 79.
2476 2928 2714 2983 Aurelius
2743 2927 3013 2998 episcOpus
3035 2923 3280 2978 Ecclesia:
3299 2921 3581 2976 catholica
3608 2919 3869 2990 Carthagi-

2275 3023 2444 3076 nensis
2485 3021 2634 3075 dixit.
2688 3017 2794 3074 Nos
2847 3018 3114 3073 evitamus
3158 3015 3485 3081 tumultum;
3537 3013 3742 3070 idcirco
3777 3028 3870 3067 non

2276 3121 2577 3177 venerunt;
2614 3111 2708 3167 sed
2731 3110 3042 3166 mandatum
3078 3107 3451 3162 firmissimum
3477 3117 3583 3173 est,
3607 3106 3749 3177 quod
3779 3104 3874 3158 lec-

581 3207 746 3262 lnlum
772 3204 1033 3260 Ecclesiae
1063 3217 1280 3258 causam
1309 3201 1504 3255 divinis
1533 3198 1829 3268 Scripturis
1856 3196 2173 3256 ﬁrmandam
2201 3199 2246 3263 C
2282 3215 2392 3261 tum
2423 3215 2506 3261 est
2533 3203 2799 3260 nobilitati
2833 3211 2959 3256 tum.
2987 3201 3043 3257 Si
3069 3199 3139 3255 de
3167 3212 3396 3254 numero
3435 3197 3737 3260 dubitatur,
3766 3202 3876 3250 eant

579 3314 700 3356 esse
734 3299 1008 3371 professus
1048 3295 1238 3362 fuerit;
1269 3303 1428 3365 atque
1457 3309 1576 3349 eam
1617 3291 1815 3350 divinis
1855 3290 2180 3348 testimoniis

579 3395 748 3463 quaeri
797 3393 999 3448 debere
1053 3389 1441 3454 constituerit,
1500 3402 1645 3443 nunc
1695 3400 1817 3442 eum
1849 3399 1944 3454 per
1968 3383 2179 3442 diversa

582 3486 762 3554 vagari
810 3487 862 3540 in
895 3485 1145 3556 personis
1182 3483 1582 3546 ordinatorum,
1637 3479 2018 3549 prosecutione
2064 3477 2182 3547 ejus

579 3578 905 3634 ostenditur.
944 3578 1120 3647 Atque
1155 3574 1298 3641 ideo,
1329 3591 1396 3630 ne
1423 3574 1497 3628 illi
1525 3573 1728 3627 similes
1756 3571 2056 3636 videamur,
2088 3569 2185 3625 de-

579 3675 710 3730 creti
735 3683 978 3729 tenorem
1002 3671 1212 3742 accepit
1233 3668 1540 3725 sublimitas
1569 3674 1689 3732 tua;
1719 3674 1775 3721 et
1799 3663 1927 3735 quid
1961 3663 2180 3720 Patrum

579 3776 779 3821 statuta
799 3767 1093 3831 voluerint,
1123 3765 1242 3835 ejus
1261 3764 1494 3818 lectione
1527 3767 1881 3816 monstratum
1909 3768 2013 3814 est.
2041 3755 2182 3814 Con-

582 3859 730 3913 venit
778 3867 1099 3930 przrsentes,
1135 3855 1446 3910 moratoriis
1473 3853 1726 3908 omnibus
1757 3851 2060 3907 actionibus
2096 3865 2182 3905 re-

585 3951 755 4024 pulsis
799 3959 958 4021 atque
1015 3947 1324 4019 prostratis,
1358 3945 1561 4016 eligere
1603 3958 1744 3999 nunc
1789 3959 1856 3998 ex
1894 3953 2046 4013 parte
2084 3957 2181 3998 sua

583 4045 810 4102 idoneos
841 4045 930 4115 qui
977 4043 1189 4115 possint
1219 4041 1478 4096 institutae
1505 4053 1683 4096 causa:
1716 4046 1971 4106 praestare
2018 4036 2184 4092 ratio-

581 4156 730 4207 nem,
777 4141 1127 4209 omniumque
1156 4147 1480 4190 consensum
1534 4131 1617 4186 liis
1661 4130 1796 4187 actis
1835 4130 2192 4202 depromere,"

579 4242 658 4301 ut,
679 4233 1043 4289 dilucesceutc
1069 4229 1323 4294 veritate,
1353 4225 1484 4280 nulli
1512 4223 1682 4296 possit
1707 4238 1829 4279 esse
1847 4221 2182 4293 ambiguum.

584 4327 862 4397 Siquidem
909 4322 1246 4380 conﬁrmatis
1295 4319 1551 4392 personis
1607 4318 1750 4373 nulla
1797 4331 1920 4387 pars
1966 4315 2186 4371 audebit

585 4420 788 4484 dicere,
821 4419 1148 4475 sententiam
1178 4431 1284 4471 non
1315 4429 1472 4486 posse
1501 4411 1646 4484 (nec)
1681 4411 1881 4467 debere
1921 4410 2186 4466 consiste-

583 4529 664 4577 re.
699 4512 1133 4586 quandoquidem
1165 4525 1350 4565 corum
1383 4522 1680 4564 consensus
1721 4507 1857 4562 actis
1901 4505 2060 4561 fuerit
2092 4504 2187 4560 de-

2279 3300 2637 3371 provinciales
2660 3297 2726 3352 ad
2773 3296 3010 3360 Mauros,
3043 3302 3169 3351 eant
3199 3291 3564 3362 provinciales
3608 3291 3678 3346 ad
3707 3290 3875 3346 Numi-

2280 3394 2398 3462 das,
2431 3403 2553 3448 eant
2583 3390 2940 3462 provinciales
2966 3389 3031 3443 ad
3060 3388 3396 3460 Byzacenos.
3429 3395 3561 3441 eant
3582 3400 3795 3457 quoque
3819 3380 3875 3436 ad

2279 3487 2666 3558 Tripolitanos,
2699 3492 2826 3539 eant
2871 3484 2937 3537 ad
2985 3480 3277 3552 provinciae
3325 3478 3764 3549 proconsularis,
3800 3475 3876 3545 qui

2283 3590 2586 3651 prmsentes
2625 3587 2752 3634 sunt
2793 3593 2859 3634 ex
2908 3590 3134 3632 numero
3162 3573 3430 3645 ipsorum,
3464 3583 3521 3629 et
3564 3577 3879 3644 c0gnoscant

2283 3684 2501 3733 nostros
2556 3671 2646 3743 qui
2687 3671 2814 3726 huic
2859 3669 3115 3726 mandato
3159 3666 3631 3737 subscripserunt.
3681 3664 3751 3720 Et
3793 3663 3880 3718 alia

2284 3786 2461 3824 manu.
2495 3767 2822 3837 Recognovi.

2355 3863 2444 3918 75.
2487 3861 2826 3916 Marcellinus
2853 3859 2930 3914 uir
2957 3857 3274 3913 clarissimus
3301 3853 3540 3909 tribunus
3589 3865 3642 3908 et
3671 3852 3882 3908 notarius

2285 3956 2438 4009 dixit.
2472 3954 2589 4009 Non
2624 3953 2797 4022 patiar
2825 3966 2938 4007 rem
2978 3947 3302 4019 superﬂuam
3331 3946 3492 4015 longa
3535 3947 3772 4016 partium
3805 3941 3886 3996 ob-

2284 4047 2578 4103 luctatione
2607 4043 2837 4110 differri,
2863 4042 3006 4098 unde
3031 4040 3246 4096 veniant
3267 4038 3532 4094 universi.

2359 4139 2446 4194 74.
2489 4138 2730 4193 Aurelius
2783 4137 3050 4207 episcOpus
3109 4132 3357 4187 Ecclesia:
3402 4131 3682 4186 catholica
3745 4128 3885 4182 dixit.

2286 4231 2424 4302 Quid
2453 4245 2590 4300 opus
2617 4241 2698 4285 est
2731 4227 2947 4284 turbis?
2979 4227 3044 4281 Et
3073 4239 3168 4278 nos
3197 4224 3248 4278 in
3280 4223 3508 4280 civitate
3556 4222 3654 4276 diu
3698 4218 3887 4276 versati

2287 4339 2495 4390 sumus,
2529 4331 2584 4379 et
2606 4321 2774 4376 nostri
2800 4319 3042 4389 collegae.
3069 4315 3108 4370 li
3131 4330 3344 4386 quoque
3371 4314 3426 4369 in
3454 4314 3702 4376 civitate.
3735 4324 3790 4368 ut
3818 4310 3892 4365 di-

2287 4425 2434 4482 cunt,
2497 4429 2602 4470 non
2658 4413 2839 4483 hodie,
2892 4411 2986 4466 sed
3039 4408 3330 4480 aliquantis
3383 4406 3576 4462 diebus
3635 4403 3891 4462 demorati

2289 4517 2434 4563 sunt.
2479 4506 2750 4577 Legantur
2797 4501 3247 4572 subscriptiones,
3285 4509 3342 4554 et
3378 4498 3448 4553 de
3477 4498 3641 4567 cujus
3687 4498 3892 4553 nomine

584 4615 900 4678 promptus;
929 4613 984 4660 et
1028 4604 1150 4659 ideo
1178 4613 1268 4657 aut
1293 4598 1786 4671 subscriptionibus
1808 4613 1928 4668 quae
1950 4597 2188 4668 gerimus
2217 4591 2266 4651 D
2293 4599 2564 4663 dubitant,
2598 4598 2714 4668 ipse
2739 4595 2939 4652 veniat.
2979 4593 3041 4648 Et
3069 4593 3177 4647 alia
3205 4607 3384 4645 manu.
3416 4589 3764 4660 Recognovi.

587 4717 648 4758 se
673 4701 903 4758 doceant
932 4700 1282 4760 conlirmare.
1315 4704 1405 4749 aut
1445 4707 1772 4752 consensum
1801 4706 1956 4745 suum
1987 4690 2186 4760 singuli

585 4796 931 4864 patefaciant,
977 4802 1033 4849 ut
1063 4793 1206 4848 actio
1249 4789 1507 4847 Ecclesiae
1555 4787 1725 4858 possit
1751 4801 1850 4846 suo
1880 4785 2073 4859 ordine
2115 4785 2189 4850 in-

587 4884 792 4940 choari.
822 4885 888 4940 Et
918 4886 1024 4938 alia
1055 4900 1234 4938 manu.
1269 4880 1600 4951 Recoguovi.

661 4978 749 5034 69.
793 4977 1128 5034 Marcellinus
1156 4978 1233 5032 vir
1261 4973 1579 5030 clarissimus
1619 4970 1855 5026 tribunus
1882 4980 1930 5026 et
1959 4971 2190 5030 notarius

589 5073 739 5126 dixit.
768 5065 850 5126 De
877 5076 1304 5142 incompetenter
1333 5067 1595 5122 ordinatis
1621 5081 1758 5136 quos
1789 5064 2085 5120 Petilianus
2112 5063 2193 5120 vir

589 5164 969 5222 sanctissimus
998 5161 1435 5232 comprehendit,
1487 5175 1573 5214 me
1609 5169 1818 5216 certum
1865 5166 1950 5214 est
1992 5156 2083 5228 qui
2127 5155 2193 5211 ad

591 5259 750 5313 aliam
807 5267 1013 5329 partem
1066 5255 1347 5327 principali
1402 5253 1728 5308 auctoritate
1791 5251 1956 5322 judex
2008 5249 2197 5306 videor

593 5351 941 5413 constitutus,
976 5363 1082 5402 non
1129 5363 1288 5417 posse
1331 5361 1680 5418 cognoscere.
1711 5346 1970 5417 Superest
2016 5353 2096 5410 ut,
2149 5343 2193 5402 si

592 5457 880 5500 numerum
929 5439 1310 5510 episcoporum
1359 5439 1450 5509 qni
1497 5439 1566 5494 ab
1631 5437 1814 5494 ofﬁcio
1866 5439 2003 5493 intra
2056 5439 2196 5499 hanc

669 5595 790 5669 (η)
818 5594 1204 5651 Adversarium.
1248 5591 1509 5669 severum
1535 5607 1739 5669 nempe
1761 5591 1854 5669 qui
1889 5589 2049 5660 paulo
2069 5599 2197 5669 ante

603 5662 921 5724 inﬁrmitate
949 5674 1234 5734 correptus
1263 5665 1611 5730 dis0esserat,
1641 5673 1700 5719 ut
1731 5662 1958 5719 habetur
1983 5677 2033 5716 c.
2064 5662 2195 5719 2l5.

605 5740 1154 5812 Exstatejuscpistola
1177 5739 1239 5812 ad
1255 5735 2201 5812 Augti_stiiium_iiilet-Augustinianas

616 5810 741 5878 109,
763 5807 1270 5885 θιὶιιιωἈυειιειὶηἰ
1301 5808 1370 5867 ad
1403 5809 1578 5881 ipsum
1608 5807 1710 5864 110
1731 5819 1782 5866 et
1803 5807 1895 5876 62,
1924 5815 2211 5880 postremas

2367 4692 2530 4766 259
2541 4692 2626 4746 75.
2647 4688 2982 4743 Marcellinus
3003 4687 3079 4740 vir
3099 4684 3417 4739 clarissimus
3431 4683 3673 4739 tribunus
3695 4693 3743 4737 et
3766 4691 3894 4734 nota.

2296 4785 2408 4842 rius
2439 4784 2590 4850 dixit.
2615 4781 2673 4836 In
2701 4794 2808 4836 uno
2832 4778 2951 4834 loco
2976 4785 3103 4838 sunt
3131 4789 3320 4838 omnes
3343 4816 3357 4840 ,
3389 4783 3480 4828 aut
3506 4773 3557 4827 id
3594 4789 3706 4829 non
3737 4777 3897 4846 potest

2298 4877 2505 4948 liquido
2527 4873 2835 4944 designari?

2369 4969 2460 5024 76.
2492 4968 2730 5024 Aurelius
2757 4966 3026 5044 episcopus
3049 4959 3295 5016 Ecclesia!
3318 4959 3591 5014 catholica'
3621 4959 3780 5013 dixit.
3808 4953 3896 5010 Ne-

2298 5060 2501 5118 scimus
2524 5070 2707 5135 postea
2740 5074 2897 5136 quam
2949 5055 3342 5126 mandavarunt
3370 5052 3498 5124 quid
3532 5066 3680 5122 Opus
3709 5059 3820 5105 erat
3848 5055 3893 5099 nt

2298 5155 2776 5212 concludercutur.
2807 5151 2872 5210 Et
2901 5151 3006 5208 alia
3028 5165 3202 5208 manu.
3227 5145 3563 5215 Recognovi.
3593 5145 3895 5217 Augustinus

2297 5251 2572 5324 episcOpus
2629 5246 2876 5301 Ecclesia:
2901 5241 3168 5298 catholica:
3219 5239 3370 5293 dixit.
3421 5240 3493 5294 De
3519 5251 3760 5308 quorum
3809 5248 3892 5287 no-

2298 5345 2443 5414 mine
2482 5341 2775 5402 dubitatur,
2811 5337 2910 5416 ipsi
2945 5336 3180 5391 veniant.
3223 5330 3289 5408 Et
3347 5330 3455 5386 alia
3504 5347 3690 5385 manu.
3743 5328 3892 5385 Reco-

2298 5438 2482 5508 gnavi

2303 5589 2578 5648 editionis.
2597 5586 2731 5642 lhid.
2750 5599 2840 5654 ep.
2853 5583 2945 5647 δι,
2962 5579 3251 5654 Augustini
3262 5575 3676 5654 condiscipulus
3694 5573 3888 5654 dicitur-

2381 5662 2494 5731 (15)
2536 5659 2768 5714 Alterum
2789 5647 2847 5710 in
2881 5647 3128 5731 Tac-censi
3151 5651 3378 5731 ciuitate.
3409 5647 3679 5731 Sitbinutp
3711 5647 3892 5731 de'qnt‘t

2310 5750 2362 5790 e.
2382 5706 2512 5797 ltili],
2536 5706 2862 5802 episcopum
2887 5706 3124 5802 civitatis
3149 5723 3308 5802 hujus
3330 5722 3394 5802 in
3435 5706 3709 5781 Numidia.
3753 5706 3893 5776 llsiliil

2319 5793 2624 5880 ita‘pridem
2651 5793 2974 5876 episcopalis
2999 5795 3136 5858 facta
3167 5793 3363 5854 luerat.
