4130 6170
246 277 287 334 ἴ.

318 331 452 388 ηπ

237 442 247 543 l

1280 319 1515 381 GESTA
1557 320 2008 380 CULLATIONIB
2045 296 2698 382 CARTHAGINENSIS.

3508 337 3651 395 i278

377 442 469 495 77.
502 437 764 499 Amemus
791 438 1062 509 ορεεεομιη
1109 435 1261 495 dmi.
1318 434 1623 502 impugnat
1666 450 1726 492 se
1771 437 1934 504 actio,
1962 442 2017 505 Α
2042 436 2125 494 Ad
2153 436 2319 493 multa
2338 438 2518 496 fratris
2540 439 2647 495 mei
2682 437 2870 495 videat
2894 441 3151 500 nobilitas
3180 453 3266 503 tua
3295 463 3454 521 quam
3484 467 3653 525 pauca

233 528 243 591 ἔ
303 540 355 588 et
409 548 480 589 ex
534 547 639 587 una
673 537 825 601 parte
852 530 1065 584 diversa
1108 528 1417 590 contentio;
1455 538 1610 581 unus
1660 530 1934 601 prosequi-

298 634 384 689 tur
429 626 631 682 venire
671 624 891 693 debere,
938 623 1076 679 alter
1127 623 1427 683 nescirese
1475 626 1668 680 utrum
1720 625 1931 694 possint

217 684 231 781 ί
290 717 518 774 adesse.
556 715 905 772 Concordem
953 714 1094 769 inter
1137 726 1198 768 se
1219 708 1505 771 sententiis
1528 714 1667 782 suis,
1688 723 1743 772 et
1783 715 1930 772 arbi-

216 808 217 821 ‘
285 816 433 875 tratu
466 808 703 883 proprio
726 817 886 881 atque
906 816 1118 865 secreto
1132 806 1262 875 quid
1286 804 1460 877 magis
1480 804 1708 878 eligant,
1724 808 1923 866 dicant.

203 918 209 947 ε
279 903 636 981 Opperimur
665 900 809 958 enim
838 914 939 973 pro
975 898 1187 955 meritis
1212 901 1320 958 tuis
1351 899 1611 972 quicquid
1648 902 1734 958 isti
1775 901 1930 958 dixe-

278 999 400 1065 rint
429 1039 446 1064 ,
486 996 645 1069 quod
686 995 859 1066 magis
909 992 1223 1065 putaverint
1262 991 1597 1067 eligendum.
1630 994 1742 1051 Non
1781 995 1926 1051 enim

282 1105 391 1157 nos
436 1088 704 1151 falsitatis
739 1087 948 1145 crimen
976 1084 1313 1157 objecimus,
1366 1086 1464 1144 sed
1493 1085 1597 1144 ltoc
1635 1087 1806 1157 ipsum
1845 1084 1930 1141 fa-

288 1188 445 1235 ctum
474 1180 736 1235 volumus
771 1178 994 1250 iudiciis
1024 1177 1338 1248 approbari.
1363 1179 1550 1237 Melior
1571 1190 1652 1235 est
1665 1179 1807 1236 enim
1830 1177 1930 1233 ad-

212 1264 219 1289 ‘
295 1271 600 1342 stipulatio
628 1312 645 1339 ,
672 1287 792 1351 qua:
821 1269 1189 1343 prasentibus
1216 1272 1349 1327 actis
1381 1271 1601 1340 inditur,
1625 1279 1681 1328 et
1726 1264 1930 1327 verita-

300 1366 370 1420 tis
428 1365 577 1421 fides
632 1364 1124 1425 instrumentorum
1167 1366 1394 1422 veritate
1434 1366 1695 1422 firmatur.
1735 1363 1930 1436 Agitur

298 1457 449 1514 enim
479 1473 577 1513 res
606 1456 674 1517 de
711 1460 810 1528 qua
835 1457 955 1528 quis
986 1471 1189 1526 negare
1230 1458 1429 1527 poterit
1462 1476 1475 1514 :
1509 1457 1634 1513 Non
1661 1456 1926 1523 mandavi,

303 1565 403 1603 non
426 1549 677 1619 interfui,
728 1551 917 1602 nescio.
943 1547 1060 1603 Non
1090 1549 1235 1609 enim
1268 1566 1338 1606 ex
1366 1566 1455 1609 me
1473 1552 1575 1607 ista
1596 1551 1926 1623 procedunt,

305 1641 404 1698 sed
430 1657 502 1697 ex
526 1640 664 1710 ipsis
696 1642 872 1711 potius
895 1641 986 1710 qui
1012 1642 1111 1695 ista
1140 1642 1492 1713 confingunt.
1523 1642 1761 1699 Habeant
1788 1643 1932 1698 inter

308 1752 369 1797 se
416 1736 709 1792 consilium
755 1749 945 1800 suum,
975 1733 1309 1806 arbitrioque
1359 1750 1469 1791 suo
1498 1736 1762 1791 deliniant
1812 1736 1934 1791 uni-

2033 530 2414 602 respondeam.
2503 531 2662 601 Quod
2728 531 2776 587 si
2832 534 2998 591 nobis
3068 539 3339 597 voluerint
3421 562 3651 616 respon-

2032 626 2167 683 dere
2197 668 2211 694 ,
2243 641 2404 683 causa
2452 637 2563 683 tota
2609 627 2722 681 cito
2771 626 3007 685 forsitan
3050 644 3374 707 peragetur;
3407 628 3654 699 metuen-

2033 721 2161 776 dum
2191 731 2310 791 est,
2359 736 2429 778 ne
2466 721 2590 778 ideo
2635 735 2745 775 non
2791 721 2887 777 fiat
2939 730 3204 786 tumultus
3248 732 3317 789 ab
3370 733 3471 790 bac
3504 738 3658 795 turba

2034 828 2156 885 quae
2180 829 2425 885 praesens
2444 823 2530 871 est
2547 856 2562 881 ,
2593 814 2725 885 quia
2756 828 2867 870 non
2903 816 2995 874 ltie
3017 831 3103 877 est
3130 823 3235 880 alia
3259 828 3547 885 multitudo
3565 873 3578 898 ,
3603 832 3656 888 in

2032 924 2194 980 quam
2244 911 2414 982 possit
2458 908 2658 987 referri
2704 912 2975 969 causatio.
3010 913 3081 972 Et
3107 918 3213 975 alia
3256 938 3436 979 manu.
3479 924 3655 982 Reco-

2030 1004 2216 1072 gnovi.

2104 1097 2197 1153 εξ.
2225 1097 2523 1154 Petilianus
2540 1097 2608 1169 (Γ.
2626 1093 2921 1175 Emerilus)
2943 1105 3217 1179 episwpus
3238 1108 3389 1167 dixit.
3414 1112 3656 1169 Confite-

2032 1189 2111 1245 ris
2135 1190 2261 1247 illos
2290 1207 2415 1247 cum
2443 1189 2685 1246 tumultu
2714 1204 2839 1248 esse
2870 1205 3155 1269 venturos.
3181 1199 3313 1256 Nam
3345 1202 3433 1258 ilic
3460 1206 3662 1261 tumul-

2033 1291 2122 1337 tus
2150 1298 2255 1340 nec
2283 1284 2383 1341 fuit
2411 1299 2515 1341 nec
2542 1283 2655 1340 erit
2675 1297 2703 1337 a
2728 1287 2980 1354 partibus
3003 1293 3232 1350 nostris.
3255 1292 3322 1347 Et
3348 1295 3454 1351 alia
3479 1314 3656 1354 manu.

2032 1375 2314 1435 Emeritos
2342 1362 2643 1451 episcOpus
2666 1386 2980 1451 recognovi.

2103 1468 2203 1525 83.
2236 1473 2565 1545 Augustinus
2614 1471 2883 1543 episcopus
2930 1475 3182 1541 Ecclesia:
3218 1481 3463 1538 scholica:
3505 1485 3656 1541 dixit.

2031 1558 2154 1615 Non
2185 1564 2457 1619 confiteor
2481 1578 2609 1619 cum
2637 1563 2871 1620 tumultu
2897 1582 3021 1624 esse
3042 1579 3302 1625 venturos
3327 1588 3342 1637 ;
3369 1573 3463 1630 sed
3492 1576 3660 1633 timeo

2034 1668 2106 1710 ne
2141 1654 2269 1712 ideo
2293 1656 2473 1712 adhuc
2498 1656 2747 1727 quiescat
2776 1660 3069 1717 multitudo
3093 1679 3337 1733 prxsens
3361 1707 3376 1732 ,
3401 1668 3523 1738 quia
3548 1684 3655 1723 non

2034 1756 2118 1803 est
2150 1749 2203 1804 in
2231 1764 2391 1818 quem
2417 1748 2621 1805 referat
2650 1748 2693 1803 si
2716 1751 2845 1821 quid
2889 1753 3030 1811 forte
3062 1757 3402 1814 turbulenter
3425 1761 3651 1833 exstite-

315 1844 511 1895 versa;
548 1836 605 1881 ut
631 1827 677 1882 si
705 1824 885 1880 volunt
932 1825 983 1879 in
1012 1830 1263 1894 praesenti
1306 1826 1625 1895 mandare,
1650 1828 1808 1884 sicuti
1836 1842 1929 1883 nos

2040 1840 2112 1896 rit
2138 1883 2152 1909 ,
2177 1843 2307 1897 dum
2336 1851 2571 1914 utraque
2600 1857 2845 1914 pra-sena
2882 1845 3045 1902 fuerit
3070 1849 3378 1905 multitudo.
3409 1826 3652 1908 Petimus

312 1934 581 1992 personas
608 1917 968 1973 mandantium
1006 1918 1140 1973 actis
1168 1920 1552 1979 sublimitatis
1586 1929 1689 1974 tuae
1715 1935 1854 1976 nunc
1879 1921 1935 1976 in

313 2011 575 2086 praesenti
599 2010 929 2066 insinuamus
952 2051 965 2076 ,
1010 2008 1235 2066 habeant
1272 2013 1324 2068 in
1384 2011 1728 2081 compendio
1752 2054 1766 2081 ,
1801 2014 1938 2069 tule-

315 2107 430 2169 rint
458 2104 530 2173 de
575 2103 757 2159 medio
799 2100 1118 2171 falsitatem,
1168 2102 1463 2163 donamus
1522 2104 1632 2161 illis
1685 2103 1936 2162 universa

317 2215 441 2272 qua:
462 2204 755 2269 potuerant
783 2195 850 2265 de
875 2198 1230 2267 praeceptione
1248 2197 1557 2267 depromi,
1589 2205 1646 2252 ut
1693 2197 1938 2254 sublimi-

319 2294 452 2348 tatis
485 2302 591 2347 tua:
615 2290 815 2361 judicio
844 2290 1011 2360 possit
1039 2305 1104 2345 ex
1127 2289 1344 2345 illorum
1364 2298 1429 2347 et
1451 2306 1525 2347 ex
1553 2290 1757 2346 nostris
1780 2292 1941 2361 parti-

321 2386 424 2443 bus
450 2399 754 2457 apparere,
785 2382 928 2453 quod
982 2383 1152 2453 possit
1178 2396 1298 2438 esse
1338 2383 1691 2438 mandatum.
1737 2383 1804 2439 Et
1832 2385 1939 2440 alia

322 2500 503 2540 manu.
537 2482 808 2538 Emeritos
836 2481 1121 2552 episcopus
1151 2480 1466 2549 recognovi.

399 2576 491 2633 78.
522 2577 842 2651 Augustinus
893 2576 1165 2646 cpiswpus
1195 2571 1445 2629 Ecclesia:
1475 2573 1747 2630 catholica:
1786 2575 1935 2633 dixit.

325 2669 617 2735 Tumultus
666 2684 736 2737 ne
778 2668 935 2737 lieret
958 2665 1258 2731 cavendum
1279 2662 1409 2729 fuit,
1441 2676 1496 2722 et
1518 2665 1623 2722 hoc
1651 2668 1939 2725 salubriter

329 2764 735 2839 prudenterque
756 2762 1058 2835 providisti.
1091 2763 1161 2819 Et
1181 2763 1435 2833 quoniam
1459 2762 1807 2819 metuendum
1830 2772 1931 2832 est,

331 2874 400 2916 ne
423 2898 439 2926 ,
478 2873 603 2917 cum
639 2856 1009 2919 fueritexorta
1041 2857 1217 2927 aliqua
1245 2856 1580 2926 perturbatio
1600 2898 1615 2924 ,
1647 2856 1807 2913 nobis
1841 2872 1938 2928 po—

330 2954 440 3021 tius
465 2952 755 3019 tribuatur,
786 2950 1163 3021 incertumque
1185 2949 1256 3005 sit
1288 2947 1630 3016 hominibus,
1655 2965 1684 3004 a
1707 2966 1934 3022 quorum

328 3054 481 3115 parte
532 3046 716 3115 potius
766 3042 1235 3111 oxstilerit,nibil
1263 3041 1457 3097 melius
1484 3052 1539 3098 et
1591 3046 1935 3115 tranquillius

331 3145 582 3208 putamus
613 3137 910 3195 decernere
964 3136 1303 3207 nobilitatem
1341 3144 1487 3191 tuam
1510 3178 1525 3203 ,
1554 3137 1657 3193 nisi
1708 3146 1766 3194 ttt
1794 3140 1935 3195 reci-

2040 1945 2100 1991 ut
2131 1937 2277 2008 quod
2308 1937 2512 1994 dictum
2545 1949 2660 2006 est,
2686 1938 2810 2007 fiat;
2842 1940 2911 1997 de
2961 1956 3304 2014 quocumque
3349 1944 3650 2014 dubitatur,

2039 2035 2424 2097 prmsentetur.
2458 2029 2529 2085 Et
2558 2031 2664 2085 alia
2691 2049 2871 2088 manu.
2907 2033 3246 2104 Recognovi.

2110 2119 2204 2176 84.
2229 2121 2523 2177 Adeodatus
2553 2124 2828 2196 episcopus
2853 2125 3008 2179 dixit.
3041 2124 3097 2181 Si
3130 2125 3184 2181 in
3217 2140 3419 2197 paucos
3450 2129 3652 2205 tumui-

2041 2220 2129 2267 tus
2153 2212 2268 2268 ﬁeri
2302 2229 2406 2268 non
2437 2223 2639 2284 potest,
2670 2216 2719 2271 in
2748 2216 3013 2286 plurimos
3041 2216 3158 2272 tieri
3188 2218 3645 2288 quemadmodum

2044 2307 2261 2373 potest?
2291 2306 2358 2360 Et
2383 2309 2487 2362 alia
2514 2325 2691 2363 manu.
2727 2296 3060 2379 Recognovi.
3114 2310 3353 2365 Aurelius
3379 2313 3649 2385 cpiswpus

2042 2398 2292 2469 Ecclesia:
2311 2400 2579 2458 catholij
2614 2403 2767 2459 dixit.
2791 2402 3003 2458 iudica.
3039 2400 3109 2457 Et
3134 2403 3238 2458 alia
3263 2420 3439 2459 manu.
3473 2404 3649 2462 Reco-

2039 2496 2225 2566 gnovi.

2113 2590 2203 2647 85.
2233 2588 2572 2645 Marcellinus
2599 2590 2677 2645 vir
2704 2574 3028 2669 clarissimus
3058 2592 3292 2649 tribunus
3323 2604 3373 2650 et
3413 2596 3646 2661 notarius

2042 2682 2193 2737 dixit.
2219 2683 2405 2739 Potest
2435 2683 2652 2755 quidem
2684 2684 3043 2741 sacerdotalis
3081 2686 3372 2759 multitudo
3399 2687 3642 2745 divinam

2038 2777 2394 2835 considerans
2430 2779 2719 2853 utrobique
2761 2782 3117 2851 sententiam,
3148 2782 3309 2837 etiam
3355 2782 3407 2836 in
3450 2786 3642 2852 quavis

2040 2870 2409 2942 populositate
2454 2882 2716 2943 praestare
2754 2873 3064 2941 silentium,
3115 2873 3211 2929 scd
3255 2873 3387 2928 illud
3433 2883 3642 2935 certum

2038 2975 2153 3033 est,
2182 2974 2239 3022 et
2283 2965 2483 3037 ambigi
2531 2966 2840 3022 nullatenus
2869 2975 3050 3041 potest
3071 3007 3085 3033 ,
3118 2967 3444 3040 paucitatem
3469 2968 3643 3043 magis

2038 3060 2258 3116 silentio
2286 3074 2447 3129 posse
2485 3061 2733 3131 praebere
2771 3075 3119 3116 consensum.
3153 3060 3310 3117 Unde
3340 3076 3410 3117 ne
3448 3076 3641 3133 supcr-

2035 3151 2161 3207 lluis
2217 3153 2593 3216 immorcmur,
2625 3153 2670 3208 si
2723 3152 2792 3209 de
2821 3153 3315 3225 subscriptionibus
3336 3153 3515 3226 aliqua
3555 3162 3642 3210 est

327 3234 452 3291 tatis
475 3232 728 3289 omnibus
775 3231 1107 3299 nominibus,
1159 3231 1227 3286 de
1258 3247 1366 3302 quo
1394 3229 1680 3300 dubitant“,
1724 3235 1928 3290 veniat.

2037 3246 2338 3331 dubitatio,
2391 3261 2484 3302 eos
2524 3261 2659 3316 quos
2701 3262 2802 3302 nec
2841 3254 3140 3317 praesentes
3188 3260 3344 3313 esse,
3372 3262 3472 3301 nee
3510 3246 3639 3301 sub-

331 3322 401 3393 Et
438 3325 541 3381 alia
561 3341 741 3380 mauu.
774 3323 1099 3396 Recognovi.

402 3415 489 3473 79.
525 3414 867 3471 Marcellinus
903 3417 980 3471 uir
1005 3414 1325 3475 clarissimus
1354 3416 1586 3472 tribunus
1610 3426 1657 3472 et
1702 3420 1932 3477 notarius

326 3508 478 3563 dixit.
507 3508 808 3580 Accepistis
848 3509 1238 3581 professionem
1282 3507 1450 3580 partis
1489 3510 1752 3567 adversae.
1797 3513 1929 3581 Quae

326 3609 642 3669 competunt
666 3640 682 3666 ,
714 3612 1057 3672 peragantur.

401 3693 492 3750 80.
524 3674 787 3749 Emerittis
828 3693 1095 3765 episwpus
1126 3693 1278 3765 dixit.
1322 3694 1586 3751 Patientia
1632 3695 1928 3753 nobilitatis

327 3794 432 3840 tua:
455 3786 818 3856 intimumque
848 3795 1119 3847 secretum
1140 3828 1153 3851 ,
1178 3787 1321 3860 quod
1352 3789 1602 3844 omnibus
1633 3798 1925 3858 monstras,

324 3886 644 3932 cunctorum
674 3877 845 3933 oculis
870 3877 1077 3948 patuit,
1108 3887 1266 3935 teneo
1291 3878 1485 3950 judieii
1508 3880 1583 3935 tui
1616 3881 1777 3937 fidem
1801 3922 1817 3949 ,
1848 3891 1930 3938 te-

326 3983 433 4023 neo
480 3969 867 4029 testimonium.
914 3969 1060 4029 Pene
1088 3971 1196 4041 iam
1223 3979 1443 4043 peracto
1496 3973 1629 4028 solis
1653 3974 1928 4035 curriculo

327 4068 474 4114 totus
497 4069 580 4114 est
607 4068 913 4125 transactus
938 4062 1083 4130 dies,
1112 4073 1166 4125 et
1195 4063 1376 4124 nullus
1401 4062 1577 4120 adhuc
1606 4073 1828 4121 exortus
1854 4076 1929 4121 tu-

328 4151 531 4215 multus
552 4194 566 4218 ,
591 4166 713 4207 cum
737 4161 879 4208 tanta
921 4155 1262 4215 sacerdotum
1290 4156 1387 4213 Dei
1428 4156 1717 4212 multitudo
1743 4159 1926 4214 consi-

326 4253 454 4299 stat.
486 4244 617 4314 Quis
638 4244 782 4299 enim
805 4254 1002 4315 praeter
1034 4261 1132 4308 eos
1162 4262 1301 4317 quos
1324 4246 1515 4317 judicii
1539 4248 1741 4304 veritas
1769 4250 1926 4306 ades-

326 4352 389 4393 se
435 4337 721 4407 prxcepit;
771 4338 859 4392 vel
891 4339 1168 4395 mutiendo
1198 4340 1340 4394 inter
1388 4354 1464 4405 se,
1497 4341 1585 4396 vel
1626 4342 1787 4398 ballto
1811 4358 1927 4399 ser-

326 4442 488 4499 mone
536 4428 859 4500 respondit?
884 4428 1071 4499 Tacito
1124 4430 1326 4505 lingua-2
1362 4431 1580 4489 silentio
1608 4444 1926 4504 exspectant

324 4523 548 4579 veridici
573 4524 864 4595 cognitoris
894 4524 1159 4595 integrant
1182 4539 1540 4595 severamque
1560 4528 1919 4597 sententiam,
1964 4556 1969 4563 ·

2035 3340 2279 3396 scribere
2307 3340 2552 3410 potuisse
2578 3338 2753 3396 credit
2782 3340 3041 3395 sanctitas
3079 3347 3294 3415 vestra,
3327 3338 3519 3401 faciam
3569 3339 3636 3395 ad

2027 3433 2292 3505 judicium
2320 3448 2448 3489 mox
2473 3433 2679 3500 venire,
2705 3442 2761 3487 ut
2782 3432 2998 3488 tandem
3028 3431 3318 3504 aliquando
3346 3431 3638 3505 confirma-

2034 3526 2103 3581 tis
2131 3524 2431 3581 secundum
2460 3525 2741 3595 imperiale
2763 3533 3095 3595 prmceptum
3130 3540 3196 3580 ex
3226 3532 3453 3597 utraque
3480 3533 3636 3595 parte

2032 3617 2312 3688 personis,
2338 3617 2405 3671 ad
2434 3616 2632 3689 negotii
2666 3616 2855 3672 merita
2889 3617 3154 3671 veniatur.

2105 3710 2198 3765 86.
2231 3707 2492 3763 Emeritus
2513 3710 2781 3782 episcopus
2803 3707 2954 3761 dixit.
2990 3707 3065 3762 Ex
3091 3722 3196 3761 una
3220 3714 3371 3776 parte
3397 3705 3631 3761 diversae

2031 3800 2320 3856 sententiae
2349 3801 2685 3857 concordare
2711 3800 2931 3855 debent.
2954 3798 3063 3854 Aut
3083 3799 3226 3855 enim
3252 3798 3339 3854 hic
3364 3813 3486 3854 esse
3506 3813 3634 3871 suos

2030 3891 2250 3958 dicunt,
2298 3901 2354 3947 et
2396 3893 2589 3949 adesse
2637 3891 2947 3959 debebunt;
2995 3902 3087 3947 aut
3123 3892 3169 3946 si
3218 3890 3473 3946 absentes
3511 3906 3632 3949 esse

2030 3984 2381 4057 profitentur,
2439 3987 2620 4043 videat
2650 3986 2900 4042 nobilitas
2943 3996 3029 4042 tua
3059 3984 3187 4059 quid
3215 3986 3284 4042 de
3310 3985 3630 4055 absentibus

2029 4075 2227 4134 debeat
2266 4078 2531 4147 judicare.
2584 4075 2655 4133 Et
2698 4079 2803 4134 alia
2830 4095 3006 4135 manu.
3037 4076 3313 4149 Emeritus
3338 4079 3627 4155 episcopus

2028 4172 2342 4241 recognovi.

2100 4252 2191 4319 87.
2225 4263 2567 4322 Marcellinus
2596 4268 2675 4322 vir
2703 4267 3022 4322 clarissimus
3053 4268 3283 4331 tribunus
3319 4275 3365 4341 et
3393 4269 3628 4345 notarius

2028 4355 2181 4411 dixit.
2235 4355 2389 4424 Quod
2444 4367 2742 4437 praesentes
2784 4358 3140 4429 praesentibus
3189 4358 3623 4435 mandaverunt,

2027 4448 2408 4519 prosecutione
2459 4448 2873 4527 spectabilitatis
2898 4457 3097 4505 vestrae
3138 4458 3357 4505 tenetur
3402 4465 3629 4521 expres-

2026 4555 2145 4597 sum
2165 4582 2178 4606 ,
2221 4555 2288 4597 eo
2331 4541 2473 4613 quod
2498 4532 2692 4598 omnes
2718 4543 2808 4613 qni
2831 4543 3267 4614 subscripserunt
3286 4557 3361 4607 ,‘a
3389 4542 3545 4598 vobis
3573 4551 3630 4599 et

322 4625 383 4673 et
407 4618 732 4688 acclinibus,
775 4628 831 4675 ut
853 4619 984 4685 dixit
1004 4658 1019 4684 ,
1069 4634 1209 4690 pene
1235 4618 1537 4676 cervicibus
1557 4660 1573 4687 ,
1606 4622 1660 4676 in
1691 4623 1921 4695 teipsum

2035 4646 2058 4686 a
2092 4632 2290 4688 vestris
2329 4633 2585 4713 omnibus
2618 4634 2772 4689 facile
2801 4634 3012 4704 possint
3034 4634 3277 4709 agnosci.
3326 4632 3478 4689 Unde
3502 4650 3625 4709 cum

322 4718 442 4765 toto
462 4726 557 4764 ore
578 4712 877 4783 pendentes
896 4755 910 4779 ,
934 4712 1061 4784 quid
1089 4714 1158 4770 de
1196 4713 1291 4779 Dei
1323 4727 1491 4769 causa
1535 4716 1747 4784 judices
1772 4719 1924 4774 solli-

322 4801 432 4859 cite
474 4801 761 4859 rimantur.
792 4803 980 4877 Nulius
1019 4805 1308 4876 strepitus,
1352 4818 1534 4861 sermo
1573 4808 1787 4876 nullus,
1812 4810 1923 4866 imo

319 4892 390 4948 ad
410 4892 588 4965 Deum
632 4896 886 4953 continua
915 4900 1124 4966 oratio,
1152 4908 1206 4957 et
1235 4899 1301 4965 ad
1328 4900 1525 4955 coelum
1558 4902 1763 4970 privata
1791 4920 1917 4960 vox.

322 4984 484 5051 Unde
541 4986 627 5042 llic
668 4989 928 5044 tumultus
957 4990 1207 5061 publicus
1238 4991 1307 5055 de
1338 4992 1561 5063 privatis
1580 4996 1923 5052 scurrilibus-

317 5090 430 5148 que
451 5078 792 5135 sermonibus
812 5122 827 5148 ,
858 5083 1052 5152 quibus
1098 5092 1192 5139 aut
1218 5083 1375 5147 facile
1408 5092 1651 5155 strepere
1674 5129 1688 5153 ,
1719 5097 1813 5144 aut
1852 5105 1919 5145 ex

319 5167 445 5239 ipso
484 5185 582 5225 usu
612 5173 734 5249 rixa
788 5173 1098 5243 quotidiana
1144 5186 1324 5233 metus
1355 5176 1681 5247 iudiciorum
1712 5194 1819 5234 non
1852 5181 1922 5235 ti-

318 5277 511 5331 mens,
562 5265 740 5335 possit
764 5266 1166 5336 exurgere‘lAd
1218 5270 1319 5327 ltoc
1352 5270 1446 5325 Dei
1482 5269 1795 5328 sacerdotes
1843 5281 1923 5335 tot

317 5362 625 5428 antistites,
651 5362 846 5417 anima:
876 5375 987 5417 sua:
1007 5378 1226 5422 causam
1256 5372 1311 5421 et
1335 5357 1479 5431 fidei
1489 5381 1603 5422 suae
1654 5371 1917 5427 rationem

316 5456 515 5527 audire
544 5454 822 5524 cupientes
843 5497 859 5522 ,
886 5459 1115 5515 tumultu
1143 5459 1420 5529 superfluo
1446 5469 1499 5515 et
1529 5461 1759 5533 quadam
1802 5465 1916 5521 rixa

323 5546 645 5610 turbantes,
674 5546 739 5602 ad
761 5547 945 5618 judicii
982 5552 1261 5607 veritatem
1290 5552 1537 5609 nolentes
1565 5554 1921 5627 descendere,

315 5646 573 5710 quaerunt
602 5637 897 5696 immissam
928 5642 1199 5699 actionem
1244 5640 1559 5711 turpissime
1578 5644 1917 5716 perturbare.

317 5730 395 5790 Et
422 5732 529 5788 alia
557 5747 731 5786 manu.
764 5732 1038 5788 Emeritos
1062 5732 1354 5804 episcopus
1381 5739 1690 5809 recognovi.

397 5826 489 5893 81.
514 5825 841 5903 Augustinus
879 5812 1147 5899 episcopus
1176 5825 1422 5887 Ecclesia:
1460 5832 1726 5895 catholica:
1764 5834 1915 5899 dixit.

2025 4725 2457 4797 subscriptiones
2481 4743 2579 4799 per
2607 4726 2852 4782 ordinem
2883 4726 3084 4782 iuerint
3108 4726 3350 4781 recitata:
3375 4768 3389 4793 ,
3421 4726 3490 4789 de
3520 4742 3627 4805 quo

2026 4818 2321 4885 dubitatur,
2352 4818 2551 4891 poterit
2573 4836 2696 4877 mox
2725 4821 2929 4876 venire.

2096 4910 2186 4965 88.
2221 4912 2519 4968 Adeodatus
2546 4915 2815 4986 episcopus
2841 4913 2990 4968 dixit.
3020 4911 3203 4968 Ali‘ero
3241 4909 3621 4983 compendium

2026 5000 2258 5059 diversa:
2285 5006 2454 5075 parti,
2484 5022 2553 5062 ne
2585 5006 2849 5062 tumultus
2879 5022 3039 5079 posse
3083 5007 3196 5062 fieri
3223 4988 3621 5085 utrisque'par-

2022 5095 2167 5151 tibus
2209 5095 2568 5167 praesentibus
2620 5110 2829 5172 putent.
2881 5092 2939 5156 in
2971 5115 3082 5156 uno
3134 5099 3259 5155 loco
3311 5103 3623 5181 coepiscopi

2024 5190 2196 5245 nostri
2252 5193 2587 5259 consistant,
2632 5193 2698 5248 ad
2750 5195 2984 5249 alterum
3016 5196 3143 5249 item
3180 5195 3356 5253 locum
3390 5211 3518 5250 suos
3546 5198 3624 5248 fa-

2026 5282 2177 5338 ciant
2231 5286 2440 5342 venire.
2503 5285 2572 5340 Et
2617 5301 2738 5342 cum
2770 5288 2989 5343 recitata
3020 5286 3221 5344 fuerint
3272 5302 3660 5360 quaecumque

2022 5374 2176 5445 loca,
2216 5376 2328 5432 bini
2371 5378 2679 5445 mittantur,
2731 5394 2839 5449 quo
2889 5381 3060 5451 possit
3112 5382 3292 5438 omnis
3335 5382 3615 5448 causatio,

2024 5470 2205 5524 omnis
2228 5472 2486 5528 tumultus
2527 5472 2818 5544 amputari.
2850 5473 2917 5527 Et
2945 5476 3051 5531 alia
3097 5491 3273 5531 manu.
3307 5474 3621 5551 Adeodatus

2023 5564 2312 5635 episcopus
2342 5568 2652 5643 recognovi.

2097 5656 2187 5712 89.
2221 5657 2442 5729 Alypius
2469 5659 2740 5730 episcopus
2770 5659 3019 5718 Ecclesia:
3044 5660 3311 5716 catholica:
3330 5658 3482 5711 dixit.
3509 5653 3618 5710 No-

2024 5761 2089 5801 va
2118 5764 2205 5832 res
2225 5766 2369 5832 nunc
2397 5768 2427 5808 a
2450 5752 2663 5832 diversa
2690 5764 2844 5826 parte
2869 5752 3156 5825 llagitatur.
3190 5750 3322 5831 Nam
3363 5762 3463 5832 nos
3483 5748 3617 5827 obc-

2021 5822 2574 5907 dientesncdimalibus
2608 5822 2895 5925 prxceptis
2911 5886 2928 5913 ,
2944 5822 3031 5901 tot
3056 5824 3305 5907 venimus
3332 5822 3464 5933 quoi
3492 5824 3614 5906 luc-
