4130 6170
505 307 650 364 1Ξ79

508 515 640 574 dum
668 511 1018 571 sollicitudini
1045 511 1396 582 praesentium
1417 552 1431 577 ,
1475 525 1804 583 quamquam
1832 511 1900 566 de
1921 525 2109 567 nume-

506 624 572 667 ro
597 621 842 679 quaerere
874 618 982 660 non
1013 603 1084 659 sit
1105 613 1309 659 nostra:
1337 603 1624 673 praesentis
1653 601 1902 669 actionis,
1929 610 2108 657 tamen

509 703 602 775 qui
634 700 798 757 modo
825 707 1124 772 prmsentes
1152 698 1348 756 fratres
1371 699 1542 754 nostri
1557 699 1782 769 reperiri
1798 705 2111 768 potuerunt,

506 795 641 867 jube
670 803 728 849 ut
754 791 1162 864 ingrediantur;
1191 790 1236 846 si
1268 790 1357 861 qui
1410 789 1544 847 forte
1580 791 1836 847 absentes
1875 788 2111 855 fuerint,

511 889 752 948 crastino
799 902 992 944 eorum
1018 885 1320 956 prxsentia:
1343 885 1448 940 tuis
1467 884 1627 939 etiam
1659 884 1936 940 obtutibus
1958 899 2114 938 mon-

510 981 849 1043 strabuntur,
874 978 1003 1034 dum
1035 985 1217 1032 tamen
1250 992 1318 1033 ne
1347 977 1456 1031 ulla
1487 976 1676 1031 dilatio
1715 991 1894 1032 causa:
1923 989 2114 1030 nasca-

517 1085 631 1144 tur,
663 1075 806 1131 sicut
847 1088 949 1130 nos
987 1072 1123 1129 certi
1171 1085 1398 1128 numero
1429 1069 1686 1125 adsumus
1714 1069 1872 1125 electi
1893 1070 1962 1124 ab
1993 1068 2116 1124 uni-

514 1169 716 1226 versali
746 1166 1017 1223 catholico
1037 1165 1271 1220 concilio
1291 1207 1306 1231 ,
1336 1164 1498 1219 etiam
1531 1163 1632 1234 ipsi
1662 1162 1729 1217 ad
1758 1160 2114 1217 asserendum

515 1259 818 1318 conﬁrmati
857 1259 969 1330 jam
1015 1257 1317 1328 suscipiant
1357 1270 1574 1311 omnem
1597 1254 1865 1310 sarcinam
1897 1268 2114 1321 causaz,

514 1361 577 1408 ut
597 1352 740 1408 nulla
756 1351 943 1406 dilatio
966 1349 1252 1422 quazstioni
1274 1349 1446 1421 possit
1474 1347 1696 1420 opponi.
1713 1346 1782 1402 Et
1804 1347 1909 1402 alia
1932 1362 2114 1401 manu.

519 1445 850 1520 Rccognovi.

590 1543 678 1599 90.
723 1540 1020 1596 Adeodatus
1048 1539 1318 1611 episcOpus
1341 1537 1491 1592 dixit.
1525 1534 1765 1606 Praecipe
1786 1533 1942 1590 nobis
1970 1546 2124 1587 man-

516 1635 1219 1711 datumzeoeorumdem
1259 1632 1476 1690 ostendi
1526 1631 1618 1687 ubi
1657 1631 2118 1700 subscripserunt,

519 1731 662 1804 quod
687 1745 830 1786 nunc
860 1729 1060 1785 lectum
1087 1736 1172 1783 est
1193 1727 1262 1783 ab
1291 1725 1495 1783 ofﬁcio.
1522 1723 1592 1779 Et
1621 1723 1725 1778 alia
1746 1738 1922 1777 manu.
1945 1721 2126 1778 Adeo-

521 1823 681 1879 datus
720 1822 1010 1892 episcopus
1035 1819 1350 1890 recognovi.

593 1916 685 1972 91.
722 1913 1058 1968 Marcellinus
1089 1913 1166 1967 vir
1201 1911 1518 1966 clarissimus
1547 1910 1779 1964 tribunus
1809 1916 1855 1964 et
1891 1907 2123 1962 notarius

522 2011 673 2065 dixit.
706 2006 1017 2062 Mandatum
1052 2003 1195 2075 quod
1221 2019 1365 2060 nunc
1388 2004 1455 2058 ab
1479 2002 1660 2059 ofﬁcio
1694 2001 1980 2058 recitatum
2009 2009 2122 2068 est,

526 2103 582 2159 in
625 2117 734 2174 quo
781 2102 1024 2155 omnium
1065 2098 1496 2169 subscriptiones
1534 2096 1902 2162 continentur,
1940 2105 2126 2168 postu-

525 2195 766 2253 lantibus
787 2193 1123 2251 ostendatur.

597 2290 687 2345 92.
726 2288 1018 2344 Petilianus
1041 2289 1312 2359 episcOpus
1343 2287 1495 2341 dixit.
1529 2285 1774 2357 Magnam
1806 2284 1963 2340 nobis
1982 2283 2129 2341 solli-

525 2381 820 2437 citudinem
876 2380 1004 2435 facit
1049 2380 1152 2436 ista
1183 2381 1458 2435 varietas:
1501 2387 1597 2434 aut
1643 2377 1804 2434 hodie
1829 2392 2129 2448 represen-

527 2484 942 2530 tentnumerum
964 2488 1152 2530 eorum
1173 2488 1310 2544 quos
1335 2472 1438 2528 sibi
1464 2471 1651 2528 dicunt
1674 2471 1959 2527 mandasse
1984 2470 2129 2542 quod

527 2575 726 2637 agant,
764 2574 856 2620 aut
877 2565 976 2636 ipsi
1026 2579 1246 2620 causam
1275 2565 1329 2621 in
1351 2564 1650 2620 crastinum
1681 2563 2032 2620 distulerunt.
2065 2562 2132 2618 Et

527 2658 634 2713 alia
658 2675 835 2712 manu.
869 2657 1163 2712 Petilianus
1187 2657 1479 2726 episcopus
1503 2655 1813 2725 recognovi.

603 2750 698 2808 93.
729 2750 946 2822 Alypius
972 2749 1243 2820 episcopus
1275 2747 1520 2802 Ecclesia:
1545 2747 1810 2802 catholica:
1831 2745 1982 2801 dixit.
2013 2744 2130 2800 Non

529 2852 614 2896 eSt
641 2841 806 2895 dilata
852 2856 1046 2906 causa;
1093 2839 1256 2895 hodie
1285 2840 1492 2910 agenda
1543 2849 1646 2893 est.
1681 2837 1750 2891 Et
1791 2840 1896 2893 alia
1949 2855 2129 2890 manu.

530 2933 864 3005 Recognovi.
899 2933 1216 3006 Augustinus
1269 2933 1536 3004 cpiscopus
1567 2930 1722 2985 dixit.
1775 2928 2131 3002 (Mandatum)

530 3029 666 3082 actis
693 3025 973 3092 offeratur,
996 3026 1065 3082 ab
1095 3025 1276 3081 officio
1314 3023 1594 3080 ofl‘eratur.
1688 3078 1695 3083 _

603 3121 694 3177 91.
720 3120 1014 3174 Adeodatus
1043 3122 1315 3192 episcopus
1347 3119 1499 3175 dixit.
1532 3119 1642 3174 Hoc
1671 3119 2131 3190 exspectavimus,

1480 298 1710 358 GESTA
1748 298 2201 358 COLLATIONIS
2236 301 2868 360 CARTHAGINENSIS.
3675 304 3817 360 12·ὶο
3987 42 4007 446 ὶ

1480 416 1619 446 .1.--
1646 431 1755 446 η..
1788 428 1866 446 Α...
1909 431 2076 446 Mm...
2148 418 2170 446 Α
2210 419 2433 446 .ι..,...ιι,.
2476 421 2900 446 -.-ιωητηηηη
2939 421 3167 446 ..-Αηεμ
3209 422 3528 446 _-.-_-_.-._
3672 425 3793 446 ---ε

504 430 633 478 rant
657 419 836 478 edicto
859 417 1088 474 deﬁniti.
1115 415 1224 474 Sed
1253 415 1379 487 quia
1431 424 1488 473 et
1513 416 1620 473 ltoc
1646 431 1758 474 non
1787 428 1873 474 est
1908 431 2106 488 negan-
2132 418 2187 480 Λ
2209 419 2436 489 singulis
2475 421 2903 491 subscriptiones
2939 421 3170 494 proprim
3209 422 3549 495 relegantur,
3579 432 3645 480 ut
3670 425 3824 496 agni-

2215 511 2284 567 tis
2307 513 2502 569 iisdem
2529 514 2682 569 exire
2711 513 3020 585 dignentur.
3301 529 3313 540 κ

2285 607 2376 663 99.
2410 607 2676 663 Martialis
2702 618 2938 680 exceptor
2966 626 3029 664 ex
3069 612 3312 667 mandato
3356 613 3614 668 recitavit.
3651 615 3826 670 Aure-

2215 699 2326 756 lius
2383 701 2674 771 episcopns
2724 701 2983 757 Ecclesia:
3031 704 3308 759 catholica:
3359 703 3820 775 Carthaginensis

2215 792 2531 864 Carthagini
2558 794 2920 861 constitutus,
2951 806 3216 866 praesente
3242 798 3364 852 viro
3395 797 3710 853 clarissimo
3739 801 3829 855 tri-

2218 885 2364 940 buno
2394 896 2448 940 et
2478 887 2694 942 notario
2737 887 3052 944 Marcellino
3073 929 3088 955 ,
3118 888 3224 944 hoc
3249 888 3575 944 mandatum
3609 893 3826 963 suscepi

2217 989 2273 1032 et
2303 979 2618 1048 subscripsi.
2660 979 2772 1034 Hoc
2800 981 2952 1035 modo
2974 998 3143 1038 omnes
3173 983 3358 1054 reliqui
3384 985 3827 1055 subscripserunt.

2227 1069 2356 1125 Item
2384 1072 2638 1126 recitavit.
2669 1071 2918 1127 Silvanus
2944 1073 3229 1145 episcopus
3256 1075 3612 1131 Summensis
3645 1076 3832 1132 Eccle-

2219 1163 2314 1218 siae
2357 1163 2664 1219 catholicrc.
2716 1163 2866 1218 Idem
2894 1166 3042 1221 dixit.
3067 1165 3273 1222 Praesto
3308 1183 3456 1222 sum.
3489 1169 3831 1226 Marcellinus

2219 1255 2296 1309 vir
2319 1255 2636 1311 clarissimus
2665 1256 2900 1311 tribunus
2927 1266 2972 1311 et
3000 1259 3226 1313 notarius
3260 1260 3418 1314 dixit.
3447 1260 3712 1316 Silvanus
3742 1264 3828 1333 qui

2221 1364 2330 1405 non
2361 1351 2603 1420 suscepit
2627 1351 2972 1406 collationem
2994 1362 3168 1407 exeat.
3197 1351 3314 1417 Quo
3341 1369 3556 1422 egresso
3585 1355 3723 1409 idem
3754 1372 3832 1410 re-

2221 1442 2412 1510 citavit.
2428 1441 3049 1514 Valcntinusepiscopus
3062 1443 3321 1500 Ecclesia:
3345 1444 3678 1503 Vaianensis
3698 1449 3829 1519 (1.1).

2225 1531 2371 1588 ldem
2395 1533 2550 1588 dixit.
2584 1534 2792 1590 Praesto
2819 1549 2963 1590 sum.

2297 1624 2421 1682 100.
2476 1627 2697 1698 Alypius
2747 1628 3016 1696 episcopus
3064 1626 3312 1682 Ecclesia:
3362 1629 3647 1685 catholica
3682 1632 3829 1687 dixit.

2225 1716 2600 1774 Reddiderunt
2625 1732 2723 1773 nos
2750 1718 3052 1785 sollicitos,
3085 1718 3424 1790 diligentiam
3457 1721 3622 1776 nobis
3655 1724 3834 1792 primi-

2155 1810 2204 1870 B
2233 1820 2317 1866 tus
2363 1809 2466 1878 ipsi
2506 1810 2850 1866 incusserunt
2879 1829 2892 1864 :
2937 1811 3208 1882 quomodo
3239 1814 3600 1868 nominantur
3623 1818 3830 1883 nostri,

2227 1900 2307 1956 sic
2352 1902 2514 1956 etiam
2568 1902 2638 1958 de
2691 1903 2932 1973 ipsorum
2985 1919 3212 1959 numero
3257 1904 3600 1962 dubitamus.
3637 1908 3711 1962 Et
3739 1911 3834 1963 alia

2229 2010 2407 2050 manu.
2433 1995 2764 2068 Recognovi.

2304 2089 2425 2143 101.
2461 2087 2796 2145 Marcellinus
2825 2091 2902 2144 vir
2932 2091 3248 2148 clarissimus
3269 2093 3514 2149 tribunus
3535 2106 3581 2150 et
3605 2099 3834 2151 notarius

2233 2179 2383 2235 dixit.
2420 2181 2497 2236 ita
2528 2182 2620 2237 fiet
2643 2224 2656 2248 ,
2683 2184 2956 2239 consentit
3000 2193 3179 2240 tamen
3209 2200 3341 2257 pars
3381 2186 3599 2241 diversa
3621 2230 3635 2254 ,
3683 2199 3740 2245 ut
3770 2190 3838 2244 si-

2233 2271 2342 2326 tnul
2371 2273 2535 2343 agniti
2562 2283 2779 2329 exeant.

2307 2366 2433 2423 102.
2463 2367 2704 2423 Aurelius
2746 2371 3013 2443 episcOpus
3060 2369 3310 2427 Ecclesia:
3363 2373 3628 2428 catholicae
3682 2375 3838 2430 dixit.

2235 2458 2340 2517 Sed
2368 2460 2547 2531 primo
2575 2461 2835 2518 mandare
2860 2463 3062 2518 habent
3098 2475 3154 2520 et
3179 2464 3313 2535 ipsi,
3347 2474 3410 2520 ut
3437 2477 3698 2538 appareat
3721 2468 3838 2540 quia

2235 2552 2322 2609 hic
2347 2563 2492 2610 sunt.
2526 2553 2592 2608 Et
2621 2556 2726 2610 alia
2756 2573 2932 2612 manu.
2968 2557 3302 2628 llecognovi.

2308 2647 2430 2703 105.
2468 2647 2806 2704 Marcellinus
2829 2651 2906 2704 vir
2929 2651 3248 2708 clarissimus
3271 2653 3514 2710 tribunus
3534 2665 3583 2710 et
3610 2659 3842 2709 notarius

2237 2738 2386 2794 dixit.
2413 2739 2556 2810 Ergo
2575 2740 2750 2810 placet
2773 2742 3053 2797 sanctitati
3081 2752 3297 2811 vestrae,
3323 2754 3384 2799 ut
3409 2755 3541 2816 post
3563 2746 3844 2816 impletum

2237 2831 2548 2887 mandatum
2574 2875 2588 2899 ,
2617 2842 2812 2889 exeant
2831 2873 2846 2899 ,
2875 2835 3039 2888 etiam
3077 2835 3248 2904 partis
3277 2845 3479 2892 vestra:
3504 2838 3845 2893 venerabiles

2237 2925 2337 2980 viri
2364 2927 2606 2997 episcopi
2633 2969 2647 2992 ,
2680 2937 2735 2982 et
2762 2928 2906 2983 inter
2940 2943 3142 2998 paucos
3163 2945 3324 2986 causa
3346 2939 3665 3002 peragatur,
3695 2941 3753 2986 et
3781 2931 3846 2986 ad

2237 3018 2379 3088 quod
2409 3019 2694 3089 quaesitum
2718 3027 2802 3074 est
2826 3020 3159 3091 respondere
3186 3021 3514 3092 dignemini.

2313 3111 2437 3167 104.
2495 3109 2798 3165 Primianus
2824 3112 3093 3184 episcOpus
3120 3111 3370 3168 Ecclesia:
3417 3114 3851 3186 Carthaginensis

533 3211 637 3268 hoc
667 3211 1126 3280 desideravimus,
1159 3223 1219 3267 nt
1248 3212 1436 3268 eadem
1462 3221 1614 3284 gesta
1638 3212 1833 3282 quibus
1859 3212 2140 3282 subscrip-.
2159 3201 2204 3265 C
2238 3202 2386 3258 dixit.
2417 3203 2554 3260 Cum
2582 3214 2636 3260 et
2659 3219 2760 3259 nos
2787 3205 2929 3275 apud
2957 3216 3078 3262 acta
3121 3207 3572 3264 mandaverimus
3615 3225 3853 3279 praesen-

533 3317 719 3360 sernnt
767 3307 819 3360 in
863 3308 1273 3377 praesentiarum
1322 3307 1431 3361 sint
1483 3306 1658 3362 donec
1678 3305 2023 3361 mandatores
2045 3321 2136 3360 ve-

534 3396 702 3451 niant.
729 3395 797 3450 Et
826 3398 932 3452 alia
957 3415 1133 3454 manu.
1161 3398 1479 3454 Adeodatus
1505 3399 1792 3468 episcopus
1821 3400 2134 3469 recognovi.

607 3487 698 3541 95.
745 3487 1078 3544 Marcellinus
1103 3491 1180 3544 vir
1209 3490 1530 3544 clarissimus
1553 3489 1788 3543 tribunus
1818 3499 1865 3544 et
1907 3490 2139 3543 notarius

533 3580 690 3635 dixit.
727 3581 838 3636 Iloc
865 3596 1091 3638 necesse
1121 3591 1206 3638 est
1237 3590 1297 3636 ut
1347 3583 1440 3636 fiat
1465 3581 1571 3646 ita,
1601 3590 1660 3636 ut
1685 3580 1729 3635 si
1757 3580 2140 3636 sollicitudinis

535 3673 739 3744 aliquid
765 3675 984 3746 geritis,
1012 3691 1042 3731 a
1066 3675 1222 3732 vobis
1245 3674 1525 3745 obsignata
1555 3684 1863 3730 serventur.

609 3769 698 3825 96.
762 3769 1050 3824 Petilianus
1094 3770 1364 3839 episcOpus
1419 3768 1571 3824 dixit.
1602 3767 1819 3823 Illorum
1851 3770 2139 3838 praesentia

541 3862 699 3916 nobis
728 3863 1038 3917 necessaria
1068 3873 1186 3931 est,
1227 3879 1333 3918 non
1363 3863 1699 3920 mandatum.
1731 3862 1799 3918 Et
1824 3864 1932 3919 alia
1959 3881 2137 3919 manu.

541 3951 844 4007 Petilianus
866 3952 1152 4022 episcopus
1177 3956 1489 4023 recognovi.

611 4043 701 4098 97.
748 4040 1156 4099 Fortunatianus
1196 4045 1471 4115 episcopus
1509 4044 1755 4100 Ecclesia:
1775 4047 2044 4102 catholica:
2065 4047 2143 4101 di-

539 4137 636 4192 xit.
663 4136 782 4192 Jam
825 4137 1216 4208 postulat-intus
1242 4137 1440 4194 fratres
1479 4147 1534 4194 et
1577 4139 1999 4196 consacerdotes
2043 4157 2142 4196 no-

539 4237 684 4284 stros
727 4229 1012 4284 intromitti
1056 4229 1290 4293 debere.
1324 4231 1413 4301 qui
1458 4241 1758 4302 praesentes
1787 4231 2020 4288 inveniri
2051 4249 2146 4303 ρος

543 4329 779 4376 tuerunt.
811 4322 1101 4393 Prazcipiat
1143 4321 1400 4378 nobilitas
1425 4333 1546 4390 tua,
1579 4324 1913 4394 superﬂuum
1944 4325 2143 4381 nodum

541 4415 811 4484 amputari
848 4415 1169 4486 quaestionis
1191 4457 1206 4482 ,
1243 4423 1302 4470 ut
1331 4415 1627 4471 intromissi
1655 4417 1848 4472 saltem
1880 4417 1963 4473 vel
1991 4417 2146 4472 obtu.

545 4506 687 4562 tibus
711 4522 902 4562 eorum
933 4507 1093 4564 ﬁdem
1124 4507 1360 4564 debitam
1390 4507 1585 4565 ferant.
1612 4507 1681 4564 Et
1707 4510 1812 4564 alia
1840 4525 2018 4564 manu.
2047 4509 2146 4566 Re-

541 4601 796 4670 cognovi.

612 4691 704 4749 98.
742 4691 1080 4748 Marcellinus
1109 4692 1187 4748 vir
1213 4694 1532 4748 clarissimus
1577 4693 1812 4748 tribunus
1839 4705 1886 4750 et
1916 4694 2147 4750 notarius

541 4787 692 4841 dixit.
729 4786 790 4840 lli
839 4787 1528 4843 venerabilessaccrdotes
1565 4788 1658 4858 qui
1690 4797 1990 4858 praesentes
2027 4802 2151 4844 esse

542 4878 815 4946 dicuntur,
847 4881 1036 4936 venire
1061 4880 1374 4950 dignentur.
1423 4879 1491 4933 Et
1527 4881 1767 4952 ingressis
1791 4881 2042 4954 episcopis
2064 4898 2150 4937 ca-

545 4970 773 5024 tltolicis.

621 5058 955 5116 Marcellinus
980 5063 1057 5118 vir
1095 5063 1413 5120 clarissimus
1459 5063 1692 5119 tribunus
1732 5075 1778 5120 et
1807 5066 2042 5120 notarius
2067 5065 2150 5119 di-

545 5154 640 5208 xit.
688 5150 742 5205 In
773 5154 919 5208 omni
977 5157 1225 5226 petitioni
1261 5167 1456 5212 vestra:
1505 5158 1845 5214 satisfactum
1894 5174 2016 5214 esse
2055 5176 2149 5214 co-

549 5261 776 5320 gnosco.
811 5247 876 5300 Et
899 5249 1108 5320 adjecit.
1137 5250 1441 5308 Prxsentcs
1471 5262 1596 5307 sunt
1640 5253 1879 5324 episcOpi
1906 5267 2042 5324 quos
2071 5253 2151 5307 in-

548 5341 699 5412 gredi
745 5339 1026 5406 voluistis;
1059 5344 1148 5412 qui
1192 5346 1488 5400 secundum
1545 5346 1839 5416 itnperialis
1889 5327 2148 5416 prmcepti

547 5435 780 5491 formam
807 5443 864 5490 et
891 5434 1056 5490 edicti
1085 5444 1352 5504 tenorem,
1376 5449 1585 5494 certum
1615 5452 1899 5492 numerum
1933 5437 2000 5492 ad
2031 5452 2152 5506 per-

550 5529 816 5603 agendam
855 5543 1077 5586 causam
1121 5529 1352 5599 elegisse
1380 5539 1702 5586 noscuntur.
1732 5529 1922 5596 Unde,
1960 5544 2028 5586 ne
2048 5544 2153 5600 qua

553 5624 783 5682 ulterius
826 5625 1002 5698 possit
1055 5629 1180 5681 ease
1224 5621 1491 5678 dubitatio
1515 5664 1530 5692 ,
1565 5623 1651 5681 vel
1691 5624 1832 5681 forte
1869 5621 2151 5689 confusio,

627 5805 753 5880 (14)
791 5807 1097 5866 Valentinus
1159 5808 1485 5866 Vaianensis.
1539 5807 1748 5868 Primas
1793 5805 2166 5866 fuitNumidae

2240 3306 2321 3354 tes
2346 3339 2360 3364 ,
2391 3299 2634 3364 eximus,
2662 3299 2856 3354 damus
2893 3302 3073 3356 locum
3105 3302 3381 3357 actoribus
3415 3321 3430 3357 :
3469 3302 3559 3358 hic
3589 3312 3775 3358 tamen
3803 3305 3853 3357 in

2239 3391 2488 3462 proximo
2510 3393 2733 3448 erimus.
2768 3392 2836 3447 Et
2877 3395 2983 3448 alia
3011 3411 3189 3450 manu.
3221 3394 3536 3450 Primianus
3561 3397 3855 3467 episcopus

2241 3486 2557 3555 recognovi.

2313 3579 2438 3634 105.
2469 3579 2810 3636 Marcellinus
2829 3581 2907 3636 uir
2927 3581 3250 3638 clarissimus
3273 3583 3517 3639 tribunus
3544 3595 3595 3638 et
3619 3586 3859 3640 notarius

2242 3670 2394 3726 dixit.
2426 3671 2569 3742 Ergo
2607 3682 2804 3727 vestrm
2826 3689 3043 3745 quoque
3067 3675 3504 3745 subscriptiones
3518 3675 3752 3745 judiciis
3784 3677 3863 3730 in-

2245 3763 2528 3831 timentur,
2559 3773 2620 3818 ut
2670 3765 2887 3821 illorum
2941 3781 3157 3838 quoque
3187 3766 3562 3838 professiones
3617 3784 3864 3840 praesen-

2245 3857 2377 3912 tium
2403 3858 2769 3927 requiruntur.

2319 3951 2442 4006 106.
2475 3948 2765 4005 Petilianus
2810 3951 3082 4023 episcopus
3110 3952 3261 4006 dixit.
3294 3950 3458 4021 Apud
3493 3962 3620 4007 acta
3671 3953 3868 4008 volunt

2247 4043 2530 4098 mandare.
2569 4043 2634 4097 Et
2660 4046 2766 4098 alia
2792 4061 2972 4100 manu.
3001 4044 3294 4100 Petilianus
3327 4047 3653 4116 recognovi.

2324 4134 2450 4189 107.
2487 4135 2826 4190 Marcellinus
2850 4138 2926 4190 uir
2953 4137 3264 4190 clarissimus
3288 4137 3534 4191 tribunus
3555 4149 3606 4192 et
3633 4141 3872 4192 notan'us

2248 4228 2397 4282 dixit.
2427 4225 2584 4297 Apud
2611 4243 2733 4298 quae
2758 4236 2876 4283 acta
2899 4229 3159 4283 sanctitas
3185 4239 3366 4283 vestra
3391 4244 3454 4284 se
3479 4229 3687 4284 asserit
3714 4245 3874 4284 manv

2247 4319 2495 4376 daturam
2517 4319 2541 4373 Ῥ

2321 4415 2447 4471 108.
2474 4414 2736 4471 Emeritus
2770 4415 3042 4487 episcOpus
3069 4415 3220 4471 dixit.
3248 4414 3305 4470 In
3352 4415 3564 4486 judicio
3594 4426 3881 4487 pmstan—

2251 4507 2343 4562 tia:
2374 4515 2484 4563 tua:
2511 4508 2760 4563 voluntas
2781 4517 3071 4563 estnostra
3093 4551 3107 4576 ,
3131 4509 3174 4563 si
3201 4507 3363 4578 jubes
3402 4517 3463 4562 ut
3489 4509 3665 4578 gestis
3689 4510 3883 4563 muni-

2168 4589 2223 4650 D
2247 4599 2515 4670 cipalibus
2549 4599 2651 4655 hoc
2683 4600 2892 4668 judicio
2923 4601 3218 4657 nobilitatis
3244 4609 3351 4655 tute
3385 4601 3633 4657 ﬁniatur.
3663 4599 3741 4655 Et
3769 4602 3882 4657 alia

2250 4712 2432 4751 manu.
2467 4697 2742 4753 Emeritus
2769 4697 3059 4767 episcopus
3090 4697 3402 4767 recognovi.

2324 4789 2447 4846 109.
2483 4789 2819 4845 Marcellinus
2846 4791 2922 4844 vir
2945 4790 3257 4846 clarissimus
3279 4789 3525 4844 tribunus
3553 4799 3606 4844 et
3630 4793 3887 4847 notarius

2251 4881 2403 4936 dixit.
2457 4881 2593 4937 Illud
2643 4897 2786 4937 nunc
2833 4890 2947 4947 est,
2978 4883 3122 4952 quod
3163 4897 3192 4936 a
3241 4890 3427 4936 vestra
3475 4883 3791 4938 sanctitate
3817 4883 3887 4938 ad

2249 4975 2607 5044 amputandas
2638 4991 2829 5031 omnes
2856 4975 3112 5046 ambages
3159 4975 3471 5030 necessario
3522 4977 3886 5044 postulatur,

2252 5076 2310 5120 ut
2331 5065 2673 5135 apertissime
2702 5065 2996 5137 designetis
3041 5076 3219 5121 utrum
3247 5063 3405 5119 vobis
3431 5065 3673 5135 epistola
3724 5083 3891 5120 man-

2252 5157 2368 5212 dati
2395 5173 2518 5214 cum
2547 5159 3040 5228 subscriptionibus
3063 5159 3285 5214 recitata
3312 5157 3575 5225 sufﬁciat,
3600 5174 3679 5214 an
3709 5161 3888 5216 etiam

2254 5249 2402 5322 ipsos
2431 5250 2672 5321 qttmritis
2698 5249 2838 5320 apud
2861 5260 2978 5305 acta
3008 5251 3288 5306 mandare.

2333 5343 2454 5398 110.
2486 5340 2778 5397 Petilianus
2807 5343 3080 5415 episcOpus
3127 5343 3281 5396 dixit.
3326 5342 3445 5398 Non
3478 5352 3540 5398 ut
3571 5344 3893 5413 proﬁtean-

2259 5443 2350 5490 tur
2403 5434 2647 5491 volumus
2673 5475 2688 5500 ,
2719 5434 2814 5488 sed
2861 5446 2923 5489 ut
2977 5443 3441 5507 recognoscantur
3469 5450 3501 5490 a
3549 5438 3728 5494 nobis
3749 5481 3768 5505 ,
3799 5441 3888 5510 qui

2262 5527 2548 5584 mandasse
2585 5525 2866 5582 dicuntur.
2901 5527 2971 5581 Et
3001 5527 3106 5582 alia
3127 5545 3303 5582 manu.
3333 5527 3404 5584 Ut
3432 5542 3620 5598 supra.

2341 5621 2466 5677 111.
2496 5617 2832 5674 Marcellinus
2855 5620 2934 5674 vir
2959 5619 3278 5675 clarissimus
3306 5620 3545 5676 tribunus
3569 5632 3615 5675 et
3634 5627 3890 5678 notarius

2273 5818 2420 5864 anno
2439 5803 2567 5872 419,
2598 5818 2710 5876 quo
2737 5803 2968 5860 concilio
2993 5801 3408 5875 Carthaginensi
3441 5797 3738 5858 interfuit.‘
