4130 6170
297 239 444 305 1285

1286 235 1511 306 GESTA
1547 237 2007 306 COLLATIONIS
2042 242 2668 310 CARTHAGINENSIS.

3485 242 3624 312 less

292 372 498 429 scepus
545 357 722 430 plebis
773 357 1126 420 Perdieensis
1156 357 1298 433 (46).
1329 358 1479 416 Idem
1527 356 1682 414 dixit.
1711 357 1923 414 Praesto
1949 365 2002 425 Α
2028 369 2173 417 ctum
2205 363 2277 418 sit
2303 364 2371 419 ad
2400 365 2668 434 postulata
2695 365 3042 437 respondeat.
3085 366 3152 422 Et
3179 367 3283 423 alia
3310 382 3491 422 manu.
3522 370 3624 425 lte-

289 467 435 509 sum.
487 452 721 525 Regulus
768 454 1049 525 episcopus
1085 453 1307 509 civitatis
1355 451 1713 522 suprascripta:
1754 450 1909 506 dixit.

289 549 550 618 Agnosco
584 547 756 604 illum.
814 547 948 603 Item
998 547 1259 604 recitavit.
1313 543 1570 614 Navigius
1623 543 1916 614 episcopus

287 639 623 711 Dydritanus
643 638 785 713 (47).
820 637 974 696 Idem
1005 641 1159 696 dixit.
1193 637 1406 694 Praesto
1435 651 1578 693 sum.
1602 636 1915 693 Honoratus

286 734 567 804 episcopus
588 733 808 790 civitatis
837 734 1220 803 suprascripta:
1262 729 1423 786 dixit.
1448 731 1696 801 Agnosco
1735 729 1910 786 illum.

285 822 424 880 Item
454 826 707 881 recitavit.
751 825 1034 882 Romanus
1063 825 1367 896 episcopus
1423 824 1600 894 plebis
1651 820 1912 892 Leptimio

285 920 478 976 nensis
530 919 669 993 (48).
727 917 874 974 Idem
933 918 1092 976 dixit.
1139 916 1360 972 Praesto
1409 930 1554 972 sum.
1611 913 1916 972 Victorinus

281 1012 566 1084 episcopus
593 1013 808 1068 civitatis
833 1013 1212 1083 suprascripta:
1234 1008 1388 1064 dixit.
1445 1011 1697 1081 Agnosco
1736 1009 1912 1065 illum.

2021 467 2268 524 cognovn

2093 545 2216 602 1‘25.
2242 545 2531 602 Petilianus
2575 550 2842 620 episcopus
2867 551 3018 605 dixit.
3075 550 3188 610 Hoc
3229 555 3341 625 jam
3396 559 3628 620 interna}

2017 637 2250 694 actionis
2269 647 2372 695 est.
2407 639 2470 693 Et
2499 640 2604 694 alia
2635 659 2808 696 manu.
2835 642 2904 698 Ut
2928 658 3113 713 supra.

2091 729 2216 784 126.
2246 729 2584 787 Marcellinus
2615 734 2692 786 vir
2719 733 3040 796 clarissimus
3063 736 3299 796 tribunus
3325 750 3375 796 et
3396 749 3628 803 notarius

2018 820 2171 875 dixit.
2207 820 2362 877 Nunc
2390 830 2602 892 coeptus
2631 824 2766 879 ordo
2809 835 3077 881 teneatur.
3105 829 3178 884 De
3209 831 3326 899 his,
3371 835 3416 889 si
3450 838 3624 895 visum

2018 913 2181 968 literit
2206 914 2526 970 rationabile
2549 955 2566 982 ,
2615 924 2804 985 postea
2855 918 3183 985 requiratur.
3213 921 3346 978 Item
3374 929 3627 985 recitavit.

2019 1005 2363 1064 Victorianus
2383 1007 2673 1079 episcopus
2713 1011 2885 1079 plebis
2927 1013 3271 1086 (Mustitanaa)
3312 1034 3408 1087 pro
3462 1024 3626 1095 263

282 1103 426 1162 Item
457 1107 708 1164 recitavit.
741 1105 970 1162 Ruﬁnus
994 1107 1289 1178 episcopus
1320 1103 1497 1174 plebis
1532 1104 1915 1160 Drusilianen-

279 1200 362 1256 sis
386 1199 531 1274 (i9).
570 1199 714 1256 Idem
734 1201 883 1255 dixit.
909 1199 1117 1256 Praesto
1137 1212 1286 1254 sum.
1315 1196 1613 1254 Restitutus
1643 1197 1918 1267 episcopus

277 1292 511 1348 civitatis
536 1292 904 1363 suprascripr
931 1291 1081 1347 dixit.
1124 1292 1380 1361 Agnosco
1406 1288 1590 1347 illum.
1626 1287 1761 1345 Item
1781 1290 1916 1346 reci-

275 1383 430 1439 tavit.
462 1383 703 1440 Donatus
723 1377 1007 1454 episcopus
1033 1382 1350 1440 Tisilitanus
1381 1377 1532 1449 (50).
1569 1379 1722 1437 Idem
1760 1381 1914 1436 dixit.
2015 1377 2155 1444 joris
2185 1377 2324 1450 (56).
2357 1376 2504 1436 Idem
2534 1381 2686 1436 dixit.
2720 1381 2928 1439 Praesto
2959 1399 3102 1452 sum,
3136 1387 3396 1445 unitatem
3421 1390 3620 1448 habeo.

277 1475 501 1533 Prmsto
525 1492 645 1532 sum
670 1517 687 1544 ,
746 1476 839 1534 sed
871 1492 976 1532 non
1008 1475 1186 1533 habeo
1213 1479 1405 1530 contra
1437 1486 1544 1529 me
1591 1473 1757 1529 alium
1805 1475 1921 1544 epi-
2021 1468 2342 1541 Pomponius
2358 1471 2758 1545 (57)episcopus
2781 1477 2878 1531 loci
2907 1480 3252 1549 suprascripti
3263 1481 3414 1537 dixit.
3435 1487 3622 1556 Agno-

276 1582 540 1637 scopum.
572 1568 858 1628 Petilianus
885 1571 1157 1642 episcopus
1207 1565 1485 1621 Donatista
1547 1567 1702 1624 dixit.
1738 1566 1920 1626 Exivit
2020 1577 2116 1619 sco
2168 1563 2342 1620 illum.
2405 1564 2538 1623 Item
2587 1571 2838 1626 recitavit.
2887 1571 3184 1629 Asmunius
3214 1577 3504 1648 episcopus
3532 1581 3626 1636 Ti-

279 1662 350 1719 de
381 1678 644 1733 corpore.
677 1661 806 1719 Item
831 1664 1083 1720 recitavit.
1123 1660 1312 1719 Gallus
1335 1659 1643 1730 episcOpus
1669 1659 1918 1717 Ticensis
2019 1659 2290 1728 gualensis
2320 1660 2459 1732 (58).
2496 1661 2643 1718 Idem
2680 1664 2830 1719 dixit.
2871 1664 3080 1722 Pl‘iUSIO
3120 1683 3260 1723 sum.
3299 1670 3355 1724 In
3385 1671 3625 1733 dimcese

284 1756 431 1831 (5i),
489 1756 640 1814 Idem
665 1758 813 1814 dixit.
870 1757 1080 1814 Praesto
1124 1769 1266 1812 sum.
1302 1750 1605 1808 Petilianus
1645 1752 1916 1826 episcopus
1945 1751 1994 1816 B
2021 1767 2140 1810 mea
2169 1753 2276 1808 duo
2302 1763 2448 1821 sunt,
2484 1755 2722 1813 Gaianus
2750 1766 2805 1812 et
2843 1757 3114 1814 Privatus.
3158 1758 3388 1816 Gaianas
3427 1767 3624 1836 episco-

2019 1097 2275 1192 Pascasio
2291 1100 2546 1169 episcopo
2577 1101 2751 1170 plebis
2779 1105 3188 1175 Anguiensium.
3208 1107 3324 1180 (55)
3350 1110 3497 1166 Idem
3518 1113 3630 1171 Pa-

2019 1191 2214 1245 scasius
2258 1191 2410 1248 dixit.
2453 1191 2664 1250 Praesto
2728 1210 2873 1265 sum,
2943 1199 3201 1256 unitatem
3259 1203 3453 1260 habeo.
3492 1206 3627 1264 Item

2018 1283 2267 1339 recitavit.
2316 1285 2495 1341 Ferox
2540 1287 2829 1358 episcomis
2879 1289 3051 1360 plebis
3093 1292 3480 1353 Macrianensis
3513 1301 3626 1356 Ma-

287 1849 447 1905 dixit.
481 1849 601 1905 Non
633 1850 808 1918 venit,
841 1849 1052 1906 litteras
1078 1849 1249 1904 misit.
1273 1843 1405 1900 Item
1432 1845 1696 1915 recitavit.
1739 1844 1914 1900 Dona-

290 1943 476 2000 tianus
516 1944 803 2014 episcopus
844 1943 1130 2000 Montenus
1156 1939 1296 2014 (52).
1330 1937 1475 1993 Idem
1503 1937 1658 1992 dixit.
1706 1938 1914 1994 Prmsto

291 2048 434 2091 sum.
467 2034 760 2094 Petilianus
788 2036 1058 2108 episcopus
1083 2034 1238 2089 dixit.
1263 2030 1538 2102 IEgrotat.
1587 2028 1725 2084 Item
1775 2029 1908 2086 reci-

296 2128 442 2181 tavit.
477 2126 823 2184 Victorianus
872 2128 1164 2198 episcopus
1213 2123 1389 2193 plebis
1407 2121 1717 2178 Mustitante
1767 2120 1910 2193 (55).

299 2221 454 2279 Idem
477 2222 627 2279 dixit.
672 2223 876 2280 Prwsto
904 2237 1045 2279 sum.
1073 2222 1261 2278 Habeo
1287 2217 1621 2275 Felicianum
1669 2216 1913 2275 Mustita-

300 2331 434 2372 num
464 2325 518 2372 et
542 2316 807 2374 Donatum
838 2315 1139 2373 Turensem
1169 2315 1288 2388 (54)
1313 2323 1499 2368 contra
1532 2327 1642 2368 me.

380 2407 506 2460 122.
537 2409 751 2479 Alypius
764 2409 1035 2480 episcOpus
1064 2407 1314 2462 Ecclesia:
1357 2405 1622 2462 catholica:
1651 2409 1802 2463 dixit.
1837 2393 1912 2467 De

304 2493 528 2550 nomine
548 2495 804 2550 Felicisni
825 2537 841 2563 ,
857 2504 1038 2552 utrum
1057 2495 1112 2550 in
1135 2492 1522 2550 communione
1542 2497 1613 2550 sit
1629 2494 1913 2552 Primiani.

305 2586 376 2642 Et
404 2587 512 2641 alia
538 2604 712 2643 ntanu.
734 2587 1072 2660 Recognovi.

380 2679 507 2746 125,
533 2677 819 2736 Petilianus
861 2681 1132 2754 episcOpus
1158 2679 1310 2736 dixit.
1340 2677 1474 2747 Quis
1499 2678 1593 2736 tibi
1625 2679 1727 2736 hoc
1755 2697 1911 2738 man-

308 2771 457 2830 davit
477 2813 492 2840 ,
523 2782 616 2827 aut
641 2789 708 2829 ex
739 2773 893 2843 cujus
925 2787 1158 2844 persona
1180 2771 1284 2828 hoc
1309 2771 1483 2844 exigis
1512 2772 1535 2827 ἲ
1581 2787 1650 2828 an
1682 2773 1762 2830 vis
1817 2774 1915 2829 tibi

310 2865 590 2935 imponere
640 2881 925 2936 personam
956 2881 1145 2922 eorum
1168 2865 1258 2937 qui
1305 2865 1435 2920 loris
1492 2866 1672 2921 sunt?
1721 2865 1788 2922 Et
1809 2867 1916 2923 alia

312 2973 490 3013 manu.
544 2956 842 3017 Petilianus
887 2959 1176 3032 episcopus
1213 2959 1528 3030 recognovi.

387 3047 512 3103 124.
548 3048 764 3123 Alypius
781 3052 1050 3124 episcopus
1091 3050 1340 3106 Ecclesia:
1361 3051 1625 3108 catholica:
1645 3054 1797 3109 dixit.
1827 3055 1918 3109 Di-

2019 1863 2114 1915 pus
2153 1846 2252 1901 loci
2290 1849 2633 1918 suprascripti
2679 1848 2830 1904 dixit.
2881 1850 3133 1920 Agnosco
3173 1852 3347 1910 illum.
3399 1854 3621 1927 Alypius

2018 1940 2290 2009 episcopus
2321 1940 2574 1998 Ecclesia:
2595 1944 2863 1999 catholicae
2889 1944 3048 1998 dixit.
3093 1946 3493 2006 Animadvertit
3523 1967 3622 2007 no-

2019 2032 2198 2090 bilitas
2223 2044 2308 2090 tua
2336 2037 2502 2092 etiam
2532 2036 2587 2092 in
2612 2046 2921 2093 nostrorum
2955 2038 3180 2095 dioecesi
3210 2056 3305 2097 eos
3333 2043 3618 2100 ordinasse

2019 2128 2328 2198 episcOpos.
2366 2129 2429 2185 Et
2457 2131 2564 2184 alia
2589 2147 2768 2188 manu.
2802 2130 3134 2202 Recognovi.
3167 2132 3507 2192 Marcellinus
3545 2137 3623 2191 vir

2019 2220 2338 2278 clarissimus
2361 2221 2598 2276 tribunus
2628 2233 2676 2278 et
2728 2225 2964 2279 notarius
2996 2224 3148 2280 dixit.
3183 2225 3335 2281 Talia
3365 2228 3433 2283 ab
3463 2229 3628 2285 utris-

2019 2328 2126 2382 que
2157 2313 2398 2382 partibus
2424 2321 2641 2370 constat
2670 2314 2905 2383 objecta,
2938 2313 3040 2386 [ut]
3081 2315 3126 2371 si
3157 2315 3274 2371 haec
3310 2319 3473 2373 vultis
3503 2320 3629 2376 dili-

2020 2416 2207 2476 genter
2249 2407 2481 2477 inquiri,
2514 2407 2579 2461 ad
2636 2406 2774 2460 hanc
2823 2421 3044 2463 causam
3098 2408 3373 2477 superﬂuo
3412 2413 3627 2468 venisse

2022 2512 2328 2553 noscemur.
2396 2496 2530 2552 Item
2576 2497 2829 2551 recitavit.
2893 2496 3048 2552 Felix
3108 2499 3394 2569 episcopus
3443 2501 3617 2571 plebis

2023 2587 2440 2660 Segermitensis
2470 2587 2609 2662 (59).
2641 2585 2790 2641 Idem
2819 2587 2970 2642 dixit.
2998 2588 3203 2643 Praesto
3226 2605 3366 2644 sum.
3390 2590 3616 2648 Restitu-

2021 2695 2103 2739 tus
2134 2682 2405 2752 episcopus
2439 2681 2539 2735 loci
2579 2679 2924 2751 suprascripti
2964 2680 3115 2736 dixit.
3158 2681 3410 2752 Agnosco
3450 2685 3623 2741 illum.

2024 2774 2156 2828 Item
2178 2773 2427 2828 recitavit.
2461 2771 2740 2829 Secundus
2769 2773 3061 2843 episcopus
3092 2775 3262 2844 plebis
3284 2775 3628 2848 Magarmeli-

2024 2875 2163 2920 lana:
2192 2865 2328 2938 (60).
2377 2862 2526 2919 Idem
2564 2863 2714 2918 dixit.
2751 2863 2958 2920 Praesto
2986 2879 3128 2921 sum.
3174 2865 3332 2922 Felix
3359 2870 3630 2944 episcopus

2022 2959 2124 3016 loci
2173 2955 2513 3028 suprascripti
2553 2955 2706 3010 dixit.
2735 2955 2988 3027 Agnosco
3019 2956 3191 3012 illum.
3223 2956 3356 3015 Item
3378 2962 3625 3017 recitavit.

2023 3048 2411 3106 Vincontianus
2469 3047 2758 3119 episcopus
2819 3048 2991 3119 plebis
3055 3050 3395 3109 Feraditana:
3461 3055 3631 3126 Majo-

389 3189 503 3261 (46)
543 3187 886 3277 Βςνᾴὶσεηξξε.
912 3171 1219 3277 Antoninus
1248 3192 1301 3248 in
1335 3193 1909 3277 itinerarioul’erdicem
1942 3198 1988 3262 C
2019 3193 2252 3277 episcOpi
2279 3191 2500 3277 civitatis
2548 3190 2772 3277 Ilicibus.
2803 3203 2852 3277 et
2902 3192 3122 3277 Candidi
3155 3198 3340 3277 patrio:
3391 3198 3628 3277 Dieensis
3717 3196 3719 3199 ’

317 3273 583 3337 memorat
610 3264 750 3337 inter
794 3263 960 3337 Zarat
986 3272 1043 3319 et
1067 3264 1261 3337 Siti/im
1289 3281 1393 3319 xxv
1415 3265 1736 3337 milliaribus
1783 3285 1908 3337 pns-

317 3335 590 3408 suum_a_b
629 3335 728 3408 ista
773 3334 1038 3408 dissitam.
1093 3335 1150 3408 lo
1207 3337 1439 3392 concilio
1497 3334 1905 3408 Carthaginiensi

319 3404 444 3478 anni
474 3403 578 3478 4ρό
596 3446 622 3478 ,ί
641 3406 795 3462 adest
831 3407 1096 3478 Sylvanns
1128 3407 1356 3478 Legatus
1387 3408 1675 3477 provincias
1699 3403 1910 3466 Mauri-

321 3475 770 3548 tanimSitiiensis
795 3520 810 3544 ,
838 3475 928 3548 qui
955 3494 1062 3533 non
1093 3475 1308 3534 videtur
1327 3475 1398 3534 ab
1417 3480 1522 3534 isto
1544 3477 1816 3535 diversus.

394 3545 526 3619 (474)
563 3545 908 3619 Dydritattus.
945 3549 1255 3617 Legendum
1305 3560 1450 3605 recte
1500 3551 1720 3619 coniicit
1746 3553 1911 3607 Baiu-

321 3617 435 3693 _ziu_s
452 3617 883 3693 Ihusdritanus;
930 3637 1054 3676 nam
1097 3621 1284 3678 nullibi
1325 3617 1632 3693 Dydritama
1677 3623 1913 3678 civitatis

321 3688 374 3742 in
396 3687 574 3762 Africa
619 3692 679 3747 lit
707 3693 939 3755 mentio,
970 3703 1020 3746 et
1049 3702 1230 3759 postea
1279 3687 1400 3762 cap'.
1453 3693 1579 3748 206.
1611 3693 1915 3750 Honoratus

321 3759 640 3834 episcopus,
670 3766 760 3834 qui
795 3763 882 3817 hic
907 3763 1124 3834 dicitur;
1138 3759 1477 3834 adversarius
1521 3764 1725 3834 Navigii
1771 3767 1914 3833 epis-

321 3831 442 3904 copi
480 3831 754 3901 llydritdni
775 3875 792 3900 ,
812 3841 1056 3904 vocatur
1083 3831 1486 3888 Titusdrittmus.
1523 3831 1714 3904 Oppidi
1743 3831 1914 3890 Titus-

322 3902 514 3956 dritani
538 3906 783 3960 meminit
800 3903 1122 3959 Ptolemuvus
1143 3945 1158 3967 ,
1186 3913 1242 3958 et
1266 3905 1319 3959 in
1346 3902 1632 3960 itinerario
1652 3907 1911 3961 Antonini

322 3974 470 4045 inter,
487 3977 680 4045 Oppida
719 3975 1008 4043 provincia:
1027 3975 1318 4045 Byzacente
1338 3977 1659 4032 collocatur.

394 4044 509 4120 (i8)
559 4043 991 4120 Leptiminensis._
1014 4043 1207 4120 Oppidi
1261 4049 1555 4118 provinciae
1595 4048 1912 4120 Byzacenaa,

325 4116 466 4242 good
495 4116 565 4172 ita
594 4132 810 4187 quoque
851 4118 1154 4172 nominatur
1180 4119 1231 4172 in
1263 4116 1489 4175 'notitia.
1521 4116 1814 4176 Ptolemato
1860 4128 1917 4175 et

376 4189 597 4242 ntonino
636 4187 1000 4242 Lentisminor.
1064 4189 1352 4242 Anonvmo
1403 4191 1744 4242 Ravennemi
1793 4200 1917 4242 post:

376 4189 597 4260 ntonino
636 4187 1000 4260 Leptisminor.
1054 4189 1352 4260 _Anonymo
1403 4191 1744 4246 Ravennensi
1793 4200 1918 4260 post

327 4258 557 4315 Tabulas
574 4259 1019 4329 Peutingerianas
1042 4257 1200 4329 Lepte
1225 4257 1417 4316 minus.
1445 4262 1500 4315 ln
1525 4262 1758 4316 concilio
1783 4257 1917 4316 Car-

328 4330 629 4402 thaginiensi
657 4332 759 4388 sub
787 4328 1058 4402 Cypriano
1080 4328 1402 4388 sententiam
1433 4332 1554 4387 tulit
1579 4329 1866 4387 Demetrius
1887 4350 1921 4388 ιι

330 4400 665 4471 Leptiminus.
702 4400 978 4473 Duplicem
1032 4416 1247 4472 quoque
1285 4401 1486 4472 Leptim
1508 4403 1560 4457 in
1586 4403 1764 4458 Africa
1798 4418 1916 4457 me-

332 4483 541 4530 morant
588 4472 832 4541 veteres,
875 4473 1140 4528 minorem
1169 4479 1226 4528 et
1276 4472 1544 4544 magnam.
1591 4475 1712 4528 llzec
1740 4473 1920 4541 Lepti-

333 4547 620 4614 magnensis
669 4545 865 4602 dicitur
918 4545 972 4601 in
1004 4544 1227 4612 notitia,
1253 4555 1442 4616 estque
1463 4545 1752 4616 provinciae
1798 4546 1922 4601 Tri-

373 4618 608 4673 olitanae.

334 4633 974 4762 p0litigii”)?i'usilianensis.
1019 4686 1324 4762 Drusiliana
1345 4689 1648 4762 nominatur
1670 4688 1928 4762 post_Ta-

315 4760 459 4831 ,tiam
511 4763 801 4831 provinciae
850 4761 1248 4830 proconsularis
1277 4761 1464 4816 urbem
1495 4761 1550 4816 in
1579 4761 1774 4816 tabulis
1799 4760 1932 4816 Pcu-

341 4833 652 4902 tingerianis
669 4844 726 4888 et
747 4834 799 4888 in
831 4847 1102 4903 anonymo
1131 4831 1462 4888 Ravennate.

411 4900 523 4979 (50)
558 4905 902 4979 Tisil_itanus._
937 4900 1032 4958 Hic
1059 4902 1306 4979 diverso;
1354 4920 1385 4958 a
1434 4903 1737 4979 Tibilitano.
1789 4900 1928 4979 Nam

343 4973 581 5033 Donatus
609 4976 768 5046 hujus
818 4977 1104 5046 epis00pus
1134 4975 1221 5029 hic
1250 4975 1325 5030 ait
1357 4991 1416 5030 se
1442 4992 1548 5030 non
1582 4973 1783 5030 habere
1829 4973 1928 5046 atl-

344 5052 656 5104 versarium.
683 5045 756 5103 Et
788 5045 967 5103 tamen
1009 5061 1127 5117 cap.
1182 5046 1307 5112 197,
1357 5048 1669 5101 nominatur
1709 5045 1930 5117 Simpli-A

346 5121 528 5189 plicius
585 5121 893 5176 Tibilitanus
939 5110 1203 5189 episcopus
1240 5110 1533 5189 Donatista.
1585 5117 1658 5189 In,
1693 5110 1943 5172 concilio'

345 5190 508 5273 Carth

346 5271 487 5334 gitur

348 5405 695 5462 crediderim.

425 5477 541 5549 (5i)
571 5477 1000 5549 Ticensis,Tices
1015 5477 1070 5532 in
1097 5476 1312 5549 Getulia
1335 5483 1600 5549 memorat
1629 5488 1931 5549 anonymus

353 5547 659 5604 Ravennas.
683 5547 924 5604 Ticenam
937 5549 1124 5605 urbem
1141 5547 1729 5617 appellatPtolemaius.
1747 5547 1805 5601 In
1827 5561 1925 5605 no-

355 5621 473 5676 titia
495 5619 689 5675 Africa:
707 5621 987 5676 Bizacente
1000 5616 1202 5674 mentio
1227 5617 1305 5684 ﬁt,
1321 5618 1470 5672 urbis
1493 5616 1725 5673 Ticibus.
1758 5619 1816 5672 ln
1839 5631 1929 5688 sy-

357 5689 552 5748 nodica
575 5689 790 5762 Patrum
804 5691 1205 5762 Byzaeenorum
1246 5681 1305 5762 in
1329 5681 1936 5762 con‘cilio_Later_anerisi_

361 5763 464 5822 sub
490 5759 722 5823 Martiae
747 5757 907 5819 acti?
931 5801 946 5828 ,
971 5757 1396 5830 subscriptiones
1423 5760 1690 5833 leguntur.
1731 5759 1939 5820 Romuli

582 5192 752 5246 inensi
782 5193 882 5247 sub
912 5188 1184 5245 BonilaCio
1210 5205 1338 5245 ann.
1362 5188 1469 5245 525
1496 5231 1511 5256 ,
1567 5188 1804 5244 adfuisse
1852 5189 1931 5241 le-

594 5263 840 5318 lorentius
867 5263 1136 5332 episcopus
1166 5260 1472 5316 Tisiliensis.
1511 5260 1664 5315 Hunc
1715 5259 1931 5329 episco-

347 5332 595 5404 copatum
650 5334 717 5390 ad
762 5332 1093 5405 provinciam
1161 5335 1602 5402 proconsularem
1663 5332 1935 5402 pertinere

2019 3260 2314 3338 episcopus.
2343 3262 2405 3338 _Si
2430 3277 2528 3338 pro
2555 3260 2798 3338 Dicerisis
2823 3265 3108 3338 legendum
3143 3260 3212 3322 sit
3253 3268 3521 3338 Ticensis,
3569 3281 3629 3328 ut

2018 3333 2240 3405 conjicit
2265 3333 2713 3414 Daltiziusonic-e.
2739 3333 3087 3414 et'it_diversa
3120 3355 3150 3393 a
3187 3338 3391 3396 Ticibus
3423 3361 3434 3396 :
3477 3333 3621 3414 quod

2023 3404 2201 3462 tamen
2230 3404 2361 3458 mihi
2386 3421 2489 3457 non
2525 3404 2580 3457 fit
2601 3406 2919 3461 verisimile.
3494 3404 3510 3414 ³
3622 3432 3636 3439 -

2093 3477 2210 3548 (59.)
2258 3476 2538 3554 έὶιοηιεηιιξ
2559 3516 2580 3554 ,_
2605 3489 2701 3530 seu
2732 3475 3022 3534 Montensis
3049 3480 3102 3535 in
3130 3481 3378 3538 Numidia
3400 3485 3619 3554 episco-

2021 3546 2122 3619 pus
2153 3558 2206 3601 ut
2242 3547 2400 3619 (locet
2429 3546 2638 3619 notitia.

2094 3620 2211 3696 (55)
2246 3618 2584 3696 _i_‘rlitsti_tame.
2619 3617 2940 3696 Mustitanus
2983 3625 3273 3696 episcopus
3326 3625 3522 3696 legitur
3574 3629 3626 3683 in

2020 3689 2214 3768 notitia
2246 3689 2552 3768 Numidiae,
2597 3689 2691 3768 sed
2721 3701 2839 3744 erat
2868 3694 2968 3768 alia
3020 3689 3210 3768 Mustis
3232 3736 3249 3768 ,ί
3283 3689 3466 3752 δίιίῖίη
3500 3715 3626 3768 pro-

2022 3760 2200 3815 vincia
2238 3759 2652 3828 proconsulari,
2706 3771 2762 3814 ut
2789 3776 2855 3815 ex
2885 3764 3143 3818 Antonini
3195 3759 3626 3826 ltinenario'col-

2021 3832 2191 3913 ligere
2229 3840 2332 3913 est.
2369 3831 2536 3911 llujus
2562 3839 2674 3913 est“
2695 3830 3114 3913 episcopusdiic
3142 3835 3452 3913 ⁵,υίιηυριεῆιις
3475 3882 3491 3906 ,
3531 3843 3624 3913 qui

2028 3903 2168 3957 duos
2226 3901 2569 3957 adversarios
2637 3901 2943 3958 Douatistas
2996 3905 3236 3962 habebat
3293 3901 3629 3969 Feliciamim

2024 3973 2371 4030 Mustitanum
2399 3985 2456 4028 et
2479 3973 2742 4028 Donatum
2773 3974 3099 4032 Turensem.
3126 3979 3363 4036 Alterius
3411 3999 3540 4039 vero
3573 3990 3627 4040 in

2023 4044 2273 4120 Numidia
2299 4045 2947 4120 Donatianusepiscopns
2974 4058 3090 4102 erat
3113 4092 3126 4111 ,
3158 4067 3260 4104 non
3297 4051 3628 4120 Felicianus,

2023 4117 2120 4171 sed
2145 4117 2491 4181 Cresconius,
2544 4126 2598 4168 ut
2632 4116 2826 4185 legitur
2871 4132 2992 4186 cap.
3043 4119 3170 4174 206.
3228 4116 3632 4180 Mustitanoram

2024 4189 2184 4242 simul
2214 4196 2270 4241 et
2316 4187 2762 4257 Assuritanornm
2815 4189 3021 4242 mentio
3053 4193 3364 4257 frequenter
3387 4197 3632 4252 occurrit

2021 4258 2165 4328 apud
2194 4257 2558 4328 Augustinum
2589 4257 2642 4309 in
2675 4256 2833 4312 libris
2860 4267 3050 4313 contra
3095 4256 3423 4319 Denatistas.
3456 4267 3628 4321 Assu-

2023 4331 2183 4404 ritani
2230 4338 2410 4383 autem
2437 4327 2505 4381 ad
2535 4327 2865 4396 provinciam
2897 4332 3344 4399 proconsularem
3388 4337 3632 4404 pertine-

2023 4401 2175 4457 bant.

2101 4468 2216 4543 (54)
2266 4469 2568 4543 Turensem.
2602 4468 2831 4526 Videtur
2862 4471 2908 4526 is
2938 4471 3088 4528 locus
3146 4474 3398 4532 diversus
3443 4494 3475 4534 a
3525 4480 3634 4536 Tu-

2027 4541 2169 4597 rensi
2191 4541 2409 4599 Civitale
2451 4541 2747 4612 Byzaceuae
2772 4543 3240 4612 provincianNam
3265 4550 3475 4607 vicinus
3512 4564 3632 4608 erat

1948 4585 2004 4647 Ι)
2028 4585 2336 4688 ἱιὶὗέἱίῐὲηεὶξ
2358 4585 3628 4688 ’Ξίῦἷίᾳῖίζῗὰῐὲ’ἔιῖεῖξ’ῗίἶῐὲ›ἶρ’ί’ἱι’ἔίεὲ’ἶὲῒέοιῗὲιῖἷ

2030 4687 2202 4765 laris"
2229 4685 2400 4765 Hujus
2423 4686 2569 4765 sedis
2590 4685 2876 4765 episcopus
2904 4685 3278 4765 vi_d_etur_gsse
3304 4685 3628 4765 Samfucius,

2030 4757 2100 4813 de
2124 4774 2233 4827 quo
2259 4757 2591 4822 Augustinus
2615 4757 2722 4826 agit
2749 4758 2908 4824 epist.
2936 4757 3004 4813 54
3032 4767 3088 4813 et
3113 4759 3205 4814 85.
3434 4757 3443 4762 ’
3489 4759 3492 4762 ’

2133 4830 2227 4900 55)
2268 4829 2656 4899 Anguiensium.
2685 4827 2855 4896 Cujus
2882 4831 3171 4900 provinciae
3199 4832 3300 4899 sit,
3337 4833 3627 4894 incertum.

2129 4899 2219 4973 56)
2265 4900 2641 4974 Macriattensis
2667 4900 2904 4970 majoris.
2938 4899 2996 4954 ln
3037 4901 3350 4974 Byzacena,
3382 4918 3440 4963 ut
3467 4923 3631 4967 cons-

2033 4978 2111 5024 tat
2139 4988 2205 5026 ex
2238 4973 2450 5036 notitia,
2796 5005 2802 5010 -

2106 5040 2224 5114 (57)
2266 5041 2588 5114 Pomponius
2619 5041 3021 5111 Macrianensis,
3051 5045 3144 5114 qui
3168 5049 3404 5106 concilio
3427 5051 3633 5112 Cabur-

2032 5112 2305 5169 sus'sitano
2334 5112 2592 5169 interfuit.

2111 5187 2225 5257 (58)
2264 5183 2624 5264 Tigualensis,
2677 5199 2777 5264 seu
2821 5185 3183 5264 Ticuoltensis.
3236 5191 3292 5247 In
3349 5198 3626 5264 provincia

2037 5256 2319 5330 Byzacena
2353 5265 2410 5310 ut
2435 5256 2594 5311 docet
2620 5256 2840 5323 notitia,
2868 5272 2928 5330 ει.
2961 5257 3056 5313 95.

2111 5329 2228 5398 (59)
2261 5329 2648 5406 Segermitensis
2673 5342 2814 5406 ,_seu
2854 5328 3239 5406 Segermitanus
3269 5333 3322 5388 in
3355 5339 3632 5406 provincia

2041 5401 2321 5473 Byzacena
2350 5415 2418 5454 ex
2455 5399 2666 5473 notitia.
2697 5399 2754 5473 In
2794 5400 3028 5473 concilio
3074 5399 3488 5473 Carthagitiensi
3533 5413 3636 5467 sub

2041 5469 2327 5547 (ἡμίθηρ-
2351 5472 2675 5547 sententiam
2703 5471 2840 5547 digit
2866 5469 3188 5547 Nicomedes
3217 5491 3245 5529 a
3277 5469 3560 5547 Segemis.

2113 5542 2227 5617 (60)
2270 5543 2731 5617 Magarmelitanaz.
2762 5542 2835 5617 _ln
2876 5544 3064 5617 notitia
3107 5542 3376 5602 Numidia}
3414 5559 3640 5606 vocatur

2048 5613 2516 5686 Vayarntelitanus.
2563 5613 2846 5686 Secundus
2885 5616 3021 5686 forte
3065 5625 3150 5671 est
3187 5618 3277 5684 qui
3316 5618 3527 5686 Leporii
3570 5620 3637 5675 li-

2044 5684 2188 5744 bello
2212 5686 2530 5757 subscripsit
2569 5685 2654 5742 his
2685 5686 2864 5743 verbis
2892 5702 2908 5758 :_
2938 5684 3211 5741 Secundus
3237 5684 3506 5758 episcopus
3529 5690 3638 5746 Ec.

2048 5760 2216 5819 etesia:
2237 5759 2486 5831 Aquensis
2522 5759 2628 5816 sive
2650 5756 3070 5831 Hegarmitante.
