4130 6170
363 229 497 287 1501

1346 193 1574 284 Gesn
1609 203 2061 285 COLLATIONIS
2102 217 2742 291 CARTHAGINENSIS.
3568 254 3711 310 mi

3604 278 3636 308 ἑ)

359 345 679 404 Marcellino
706 343 1084 416 suprascripta
1127 341 1377 436 mandavi
1404 339 1806 436 etsubscripsi.
1836 339 1984 397 Idem
2010 347 2064 405 Α
2087 346 2325 436 n‘otario
2352 351 2712 421 suprascripta
2759 353 3016 411 mandavi
3045 366 3102 413 et
3129 358 3455 436 subscripsi.
3489 366 3605 435 Quo
3633 389 3713 426 re-

357 443 513 500 dixit.
539 438 826 497 Catholica
872 447 959 494 est
989 437 1130 493 sola.
1184 433 1251 490 Et
1275 435 1525 491 recitavit.
1581 429 1730 491 Felix
1765 436 1978 506 episco-

353 549 462 608 pus
485 531 931 590 Abbiritanorum
962 529 1230 600 Majorum
1261 525 1414 602 (172)
1453 541 1638 584 coram
1691 526 1760 584 ν.
1783 528 1847 585 C.
1883 530 1979 585 tri-

356 627 507 685 buno
534 635 591 683 et
622 621 844 681 notario
875 623 1201 680 Marcellino
1245 622 1612 694 suprascripta
1640 621 1894 678 mandavi
1925 630 1980 678 et

355 721 658 794 subscripsi
685 717 1025 790 Carthagini.
1072 717 1187 786 Quo
1210 718 1422 773 recitato
1448 760 1462 784 ,
1507 717 1644 772 idem
1687 717 1841 773 dixit.
1876 716 1978 773 Ca-

358 818 564 875 tholica
586 823 667 871 est
716 812 853 869 sola.
904 811 978 867 Et
1027 813 1286 869 recitavit.
1347 811 1640 883 Augendus
1686 813 1977 884 episcopus

356 910 539 986 plebis
560 904 1060 977 Villx-magnensis
1091 904 1247 978 (175)
1277 919 1460 960 coram
1489 902 1554 958 ν,
1585 903 1648 959 C.
1681 905 1900 960 tribuno
1922 912 1979 959 et

358 1003 576 1060 notario
622 999 926 1055 Marcellino
993 997 1367 1067 suprascripta
1425 993 1676 1051 mandavi
1728 1004 1784 1050 et
1847 995 1978 1049 sub-

358 1096 554 1168 scripsi
577 1093 905 1164 Carthagini.
938 1090 1060 1160 Quo
1089 1098 1322 1158 recitato,
1355 1090 1491 1146 idem
1519 1090 1670 1144 dixit.
1693 1087 1980 1144 Catholica

360 1201 445 1247 est
469 1199 699 1246 tantum.
729 1187 1032 1242 Printianus
1058 1187 1333 1256 episcopus
1355 1181 1778 1254 Carthaginensis
1818 1180 1978 1235 dixit.

358 1283 480 1355 Ipse
511 1282 674 1354 269
702 1282 894 1352 estqui
922 1277 1250 1349 jamdudum
1275 1276 1344 1332 ad
1369 1277 1517 1332 illam
1551 1284 1759 1346 partem
1793 1284 1984 1327 trans-

357 1377 442 1434 iit.
505 1376 575 1431 Et
615 1374 865 1430 recitavit.
912 1371 1154 1428 Lucidus
1194 1372 1487 1443 episcopus
1534 1367 1709 1440 plebis
1749 1363 1988 1422 Marcel-

357 1467 625 1524 lianensis
654 1463 805 1536 (174)
827 1474 882 1521 ει
913 1463 1221 1519 Bazitensis
1257 1477 1448 1518 coram
1483 1459 1549 1515 ν.
1576 1463 1640 1516 C.
1668 1458 1896 1516 tribuno
1931 1466 1992 1512 et

357 1561 576 1618 notario
638 1557 951 1614 Marcellino
995 1555 1366 1627 suprascripta
1415 1553 1672 1609 mandavi
1738 1561 1794 1607 et
1851 1547 1991 1604 sub-

357 1651 562 1722 scripsi
607 1648 960 1720 Carthagini.
996 1647 1110 1714 Quo
1142 1645 1386 1713 recitato,
1431 1645 1568 1700 idem
1597 1644 1752 1699 dixit.
1776 1641 1986 1698 Catho-

2079 431 2446 538 citata-idem
2467 443 2614 538 dixit.
2647 441 2926 538 Uuitatem
2952 447 3149 507 habeo.
3183 431 3412 525 Optatos
3438 431 3714 533 episcopus

2079 527 2249 585 dixit.
2289 534 2401 592 Non
2431 535 2696 591 habemus
2742 535 3090 611 episcopum,
3123 527 3505 620 presbyterum
3547 527 3714 613 habe-

2079 636 2233 680 mus.
2265 623 2333 682 Et
2358 629 2609 683 recitavit.
2635 626 2902 685 Trifolius
2934 635 3226 709 episcOpus
3254 643 3430 710 plebis
3460 647 3714 705 Aboren-

2081 713 2164 772 sis
2195 715 2347 791 (178)
2381 735 2568 775 coram
2599 718 2668 774 V.
2699 716 2760 774 C.
2793 723 3018 781 tribuno
3066 740 3120 784 et
3149 736 3366 791 notario
3395 737 3710 798 Marcellino

2083 811 2458 882 suprascripta
2499 809 2756 865 mandavi
2788 821 2846 867 et
2873 816 3178 891 subscripsi
3217 822 3558 901 Carthagini.
3594 835 3707 902 Quo

2082 905 2322 970 recitato,
2369 907 2509 960 idem
2550 905 2710 959 dixit.
2753 903 2974 966 Nomen
3018 915 3063 970 si
3117 918 3226 974 illic
3261 923 3504 979 auditum
3553 927 3716 984 fuerit

2087 995 2517 1090 Penatistarum,
2551 995 2848 1090 lapidatur.
2896 1000 2966 1057 Et
2996 1009 3253 1068 recitavit.
3288 1013 3391 1082 Qui
3420 1032 3582 1088 supra
3612 1036 3712 1090 pro

2086 1087 2318 1145 Paulino
2364 1091 2598 1147 Zurensi
2641 1089 2797 1163 (179)
2850 1110 3125 1164 praesente
3173 1105 3384 1163 litteras
3430 1087 3712 1170 nesciente

2089 1195 2278 1237 coram
2307 1183 2375 1239 ν.
2413 1183 2474 1240 C.
2521 1184 2847 1239 Marcellino
2888 1189 3110 1249 tribuno
3151 1207 3203 1252 et
3248 1202 3462 1258 notario
3517 1221 3712 1276 supra-

2092 1277 2296 1348 scripta
2322 1279 2578 1335 mandavi
2593 1287 2652 1335 et
2673 1279 3329 1364 subscripsiCarthagini.
3355 1297 3467 1365 Quo
3480 1303 3716 1368 recitato,

2093 1383 2141 1426 et
2189 1373 2464 1429 accedente
2508 1375 2757 1444 episcopo
2792 1373 3028 1436 Paulino
3069 1387 3345 1456 catholico,
3378 1391 3514 1447 idem
3561 1395 3712 1450 dixit.

2096 1461 2376 1558 Catholica
2419 1475 2523 1521 est.
2570 1464 2874 1523 Ilabetdeus
2920 1472 3171 1530 diaconus
3202 1477 3459 1538 Primiani
3485 1489 3715 1558 episc0pi

2094 1555 2247 1610 dixit.
2277 1556 2576 1630 Presbyter
2603 1567 2689 1614 est
2721 1559 2832 1616 illic
2856 1575 3065 1622 noster.
3100 1568 3359 1627 Dioecesis
3391 1585 3473 1629 est
3504 1555 3713 1634 nostra.

2095 1647 2163 1702 Et
2218 1651 2469 1705 recitavit.
2524 1647 2736 1706 Lucrus
2787 1654 3084 1728 episcopus
3137 1660 3310 1730 plebis
3361 1663 3706 1736 Nigrensium

357 1745 465 1802 lica
497 1754 581 1800 est
611 1741 840 1814 (Desunt
882 1742 966 1796 hic
1014 1759 1117 1796 non
1149 1738 1455 1811 nonnulla),
1507 1750 1562 1795 et
1590 1737 1812 1794 notario
1843 1734 1986 1792 Mar-
2017 1742 2064 1802 B
2093 1739 2360 1810 Majorum
2395 1741 2549 1814 (l80)
2587 1757 2774 1798 coram
2802 1743 2868 1798 V.
2902 1745 2962 1801 C.
2996 1751 3220 1806 tribuno
3243 1761 3300 1808 et
3323 1734 3536 1810 notario
3567 1760 3708 1814 Mar-

360 1839 563 1896 cellino
602 1837 972 1908 suprascripta
1003 1835 1253 1890 mandavi
1302 1845 1359 1891 et
1405 1831 1716 1903 subscripsi
1755 1831 1988 1887 Cartha-

360 1932 499 2005 gini.
527 1931 641 1998 Quo
667 1931 902 1997 recitato,
934 1929 1069 1984 idem
1098 1929 1249 1984 dixit.
1283 1927 1328 1983 E
1358 1927 1586 1984 diverso
1619 1934 1713 1982 est
1742 1925 1985 1982 Restitu-

364 2036 456 2082 tus
489 2024 667 2096 (175).
701 2022 985 2078 Restitutus
1012 2024 1285 2092 cpiscopus
1315 2021 1472 2076 dixit.
1502 2018 1770 2091 Agnosco
1808 2019 1982 2075 illum.

367 2119 438 2174 Et
496 2117 748 2173 recitavit.
810 2115 1050 2172 Auﬁdius
1099 2117 1387 2187 episcopus
1452 2113 1631 2186 plebis
1695 2112 1984 2184 Tignicen-

366 2215 446 2270 sis
477 2211 632 2287 (176)
681 2226 862 2267 coram
900 2211 1016 2266 viro
1043 2210 1347 2266 clarissimo
1389 2208 1616 2264 tribuno
1666 2217 1727 2264 et
1773 2207 1984 2262 notario

368 2303 686 2362 Marcellino
727 2302 1092 2374 suprascripta
1134 2300 1382 2358 mandavi
1413 2310 1470 2355 et
1515 2298 1824 2369 subscripsi
1852 2298 1984 2354 Car-

372 2397 600 2468 thagini.
648 2395 762 2461 Quo
805 2396 1042 2462 recitato,
1083 2395 1219 2450 idem
1261 2393 1408 2448 dixit.
1447 2392 1494 2448 E
1540 2393 1769 2449 diverso
1812 2390 1986 2448 habeo

373 2489 672 2543 lulianum.
719 2485 962 2542 Julianus
994 2487 1268 2558 episcOpus
1315 2486 1467 2542 dixit.
1503 2488 1766 2557 Agnosco
1807 2483 1979 2540 illum.

375 2579 447 2635 Et
488 2579 745 2636 recitavit.
788 2578 1120 2635 Fortunatus
1169 2578 1457 2647 episcopus
1489 2578 1670 2648 plebis
1703 2577 1986 2635 Abeusen—

377 2673 454 2729 sis
478 2671 630 2745 (177)
657 2685 841 2728 coram
868 2671 984 2728 viro
1006 2671 1313 2728 clarissimo
1340 2669 1662 2726 Marcellino
1689 2671 1908 2728 tribuno
1931 2682 1988 2729 et

380 2816 448 2872 de
467 2813 767 2884 Cresconio
796 2813 1156 2884 Villaregensi
1190 2811 1452 2884 episcopo
1473 2811 1772 2884 provincia:
1796 2811 1984 2868 Numi-

381 2888 508 2953 diae,
541 2884 687 2957 quod
703 2881 1024 2957 _Tubienseni
1045 2883 1664 2957 invaserit‘Ecclesiam.
1687 2881 1822 2957 Erat
1852 2899 1984 2955 ergo

383 2953 640 3031 oppidum
663 3029 672 3031 _
692 2955 966 3031 Sitifensis
997 2954 1290 3031 provinciae
1313 2953 1579 3031 Nu_mid_i'.e
1614 2953 1875 3031 vicinum.

457 3023 612 3101 (179.)
639 3023 1056 3101 Aobiritanoru—nt
1075 3025 1360 3099 Majorum.
1385 3024 1588 3101 Duplex
1611 3023 1709 3078 fuit
1729 3025 1982 3101 oppidum

387 3095 608 3155 nomine
630 3098 790 3153 Abbir
821 3101 877 3153 in
906 3098 1085 3154 Africa
1119 3116 1130 3150 :
1159 3095 1321 3152 unum
1354 3098 1530 3163 majus
1557 3095 1626 3151 de
1654 3112 1762 3162 quo
1794 3096 1903 3162 hic,
1933 3106 1987 3152 et

386 3173 618 3227 alterum
650 3171 719 3226 de
748 3185 856 3240 quo
882 3186 1004 3240 cap.
1034 3169 1161 3224 215.
1196 3169 1352 3240 Apud
1380 3168 1653 3240 Victorem
1680 3165 1984 3240 Vitensepi,

387 3243 482 3297 lib.
524 3258 560 3297 ιι
590 3243 657 3298 de
681 3237 963 3296 Persecuti
999 3240 1225 3296 Vaudal.
1247 3237 1427 3294 'num.
1470 3239 1525 3303 8,
1558 3238 1768 3292 mentio
1797 3239 1856 3292 ﬁt
1887 3237 1993 3293 Fe-

392 3313 503 3368 licis
524 3313 812 3384 Abbiritani
831 3313 1058 3384 epist-api
1089 3312 1141 3366 in
1170 3311 1392 3384 exilium
1415 3311 1543 3376 acti,
1567 3309 1659 3384 qui
1683 3309 1988 3384 forteidem

389 3383 636 3440 estFelix
650 3383 742 3453 qui
763 3380 1066 3438 Abdritanus
1095 3383 1397 3452 appellatur
1415 3383 1465 3436 in
1491 3380 1673 3435 notitia
1701 3382 1989 3453 provinciae

392 3451 816 3526 proconsularis.
869 3451 1164 3509 Abaritana:
1195 3453 1471 3525 provincia
1495 3453 1824 3526 mentionem
1863 3451 1992 3508 facit

391 3523 530 3582 idem
549 3527 755 3589 Victor.
781 3527 876 3580 lib.
897 3543 934 3590 ι,
951 3543 1101 3580 num.
1117 3526 1169 3585 4.
1194 3523 1466 3596 tamquam
1478 3523 1748 3578 diverszea
1766 3540 1986 3596 procon-

391 3599 492 3652 ιιινὶ
516 3615 533 3653 :
567 3598 638 3652 ibi
664 3598 808 3653 enim
841 3598 1042 3652 dicitur
1065 3593 1392 3652 Gensericits
1415 3609 1729 3650 reservasse
1749 3593 1850 3649 sibi
1874 3612 1987 3664 pro-

393 3670 598 3741 vincias
620 3668 972 3741 Byzacenant,
997 3668 1376 3741 AAbaritattam,
1407 3666 1674 3741 Getuliant
1706 3674 1753 3719 et
1791 3677 1989 3734 partem

395 3736 710 3806 Numidici;
746 3739 1009 3794 exercitui
1040 3754 1172 3808 vero
1218 3737 1556 3808 Zeugitanum
1594 3736 1989 3808 velproconsu-

394 3812 556 3866 larem
579 3811 857 3866 divisisse.
902 3808 958 3862 ln
1009 3807 1242 3863 concilio
1291 3807 1698 3876 Carthaginiensi
1741 3821 1830 3860 an.
1859 3808 1986 3874 M9,

394 3884 552 3937 adest
579 3883 849 3954 episcopus
887 3877 1152 3954 Candidus
1177 3878 1508 3954 Abbiritanus
1543 3893 1681 3954 unus
1720 3876 1990 3954 eulegatis

398 3947 733 4026 provinciae“
754 3947 1161 4026 proconsularis
1187 3970 1198 4004 :
1229 3952 1366 4026 etin
1390 3947 1872 4026 subscriptionibus

396 4018 537 4080 citur
567 4018 835 4078 Candidus
863 4021 1171 4088 Gerntaniw,
1207 4023 1405 4092 quippe
1449 4020 1564 4075 hxc
1601 4018 1739 4092 wurbs
1768 4018 1991 4092 diceba-

401 4105 486 4150 tur
517 4096 671 4151 Abbir
695 4093 1084 4148 Germanitiana
1106 4112 1125 4150 :
1156 4089 1317 4147 uu'de'
1342 4089 1404 4146 in
1441 4091 1674 4147 concilio
1699 4089 1987 4160 Carthagi-

401 4168 552 4222 nensi
577 4166 678 4221 sub
703 4162 976 4232 Cypriane
1000 4165 1245 4220 interfuit
1267 4165 1545 4219 Successus
1580 4163 1642 4215 ab
1669 4161 1988 4216 Abbir-Ger-

401 4239 704 4292 mauitiana.
738 4232 1126 4291 Cermanitiaua
1149 4243 1266 4290 erat
1291 4249 1417 4304 pars
1445 4232 1729 4304 Numidia-,
1763 4242 1822 4286 ut
1847 4234 1991 4289 colli-

401 4310 544 4380 gitur
571 4325 636 4364 ει
662 4306 999 4376 Augustino,
1029 4307 1117 4380 qui
1147 4301 1374 4380 epistola
1406 4301 1533 4366 251,
1565 4302 1992 4380 ϐςνηιαηίιὶεηεεε

403 4373 468 4435 ad
495 4395 679 4435 curam
734 4373 886 4433 suam
930 4373 1257 4448 pertinuisse
1311 4385 1557 4448 testatur.
1613 4373 1667 4448 lu
1720 4389 1990 4448 anonymo

405 4451 719 4507 Ravennate
746 4492 762 4517 ,
795 4461 848 4503 et
877 4444 1073 4504 tabulis
1106 4447 1532 4513 Pcutingeriauis
1581 4446 1710 4500 urbs
1750 4444 1992 4500 Germani

407 4505 1019 4578 statuituriin'Numidia
1071 4534 1236 4590 prope
1259 4505 1563 4590 T'ltebeSte;
1603 4525 1659 4572 et
1698 4517 1750 4590 in
1795 4517 1991 4590 Ngotitia
2020 4505 2074 4565 Ι)

411 4593 700 4659 provincia:
731 4592 1016 4658 Numidiae,
1053 4586 1204 4646 num.
1237 4589 1343 4655 28,
1376 4595 1461 4642 εει
1489 4586 1784 4659 Florentius
1819 4587 1996 4642 Naba—

413 4658 815 4725 Germaniensis.
847 4673 902 4718 et
933 4679 1082 4718 num.
1116 4662 1209 4728 9'7,
1243 4659 1629 4716 Crescentianus
1656 4658 1993 4713 Germanian-

410 4739 500 4792 sis.
530 4737 712 4807 Itaque
743 4735 900 4790 Abbir
928 4733 1258 4807 Germauitix
1279 4732 1556 4807 diversum
1587 4731 1904 4807 crederetur
1932 4731 1999 4787 ab

411 4808 566 4862 Abbir
597 4800 888 4876 provincia:
918 4805 1339 4877 proconsularis,
1369 4803 1471 4857 nisi
1500 4800 1782 4877 Candidus
1803 4804 2000 4877 episco-

413 4897 510 4949 pus
541 4873 870 4933 Abbiritanus
894 4873 1128 4949 Legatus
1160 4873 1454 4949 provincire
1495 4873 1901 4949 proconsularis
1945 4874 1997 4949 in

413 4943 643 5006 concilio
665 4943 1076 5020 Carthaginiensi
1111 4943 1198 5001 an.
1243 4945 1370 5020 M9,
1404 4943 1674 5020 diceretur
1713 4943 2003 5020 Germania:

416 5024 531 5079 sive
559 5016 992 5078 Germanitio'rum
1015 5020 1303 5091 episcopus.
1327 5016 1631 5072 Antoninus
1653 5017 1710 5091 in_
1725 5016 2002 5091 itinerario

419 5095 788 5150 Germanitiam
836 5095 902 5147 ad
957 5087 1290 5154 Byiacenaui
1344 5103 1610 5143 revovare
1665 5087 1896 5143 videtur.
1937 5087 2008 5142 Ut

420 5167 535 5222 lucc
573 5166 930 5220 concilientur
983 5158 1267 5217 dicendum
1323 5158 1652 5215 Germanitiw
1706 5160 2004 5228 regionem,

421 5239 614 5310 partim
647 5235 713 5290 ad
741 5234 1184 5360 proconsularem
1214 5275 1226 5297 ,
1283 5232 1479 5302 partim
1525 5229 1590 5283 ad
1647 5228 2006 5300 Byzacenam,

421 5312 617 5360 nat-tim
646 5307 711 5360 ad
791 5305 1042 5359 umidiam
1080 5305 1405 5360 pertinuisse
1434 5344 1450 5360 .
1507 5315 1606 5357 seu
1655 5301 1704 5354 in
1748 5300 2006 5355 limitibus

421 5300 617 5378 partim
646 5307 711 5362 ad
741 5300 1042 5378 Numidiam
1080 5300 1405 5378 pertinuisse
1434 5344 1450 5368 ,
1507 5315 1612 5378 seu
1655 5301 1704 5354 in
1748 5300 2009 5378 limitibus

425 5370 584 5435 irium
620 5380 840 5432 istarum
872 5370 1269 5446 provinciarum
1305 5376 1503 5446 sitam.
1552 5370 1876 5446 Alterutrius
1901 5387 2008 5446 Ase-

425 5451 509 5504 dis
540 5449 694 5502 Abbir
728 5450 827 5503 l'uit
851 5441 1138 5518 episeopus
1160 5446 1263 5500 iste
1295 5441 1450 5518 Felix
1495 5444 1592 5518 qui
1616 5442 2008 5518 adversarium

429 5536 535 5574 non
561 5520 795 5575 habebat
828 5512 1183 5586 ;alterntrius
1214 5529 1345 5568 vero
1370 5513 1690 5569 Annibonius
1716 5553 1732 5579 ,
1789 5512 1858 5568 de
1908 5528 2015 5584 quo

427 5587 548 5660 cap.
577 5590 702 5644 ⁸215.

511 5661 662 5730 (175)
695 5657 1203 5730 γὶιΙω-Μαςηειιιίδ.
1228 5653 1514 5730 Cyprianus
1541 5657 1810 5730 episcopus
1847 5655 2024 5730 Villa-

446 5727 745 5804 Magneusis
797 5727 1124 5800 subscripsit
1189 5727 1431 5799 epistolae
1488 5728 1762 5802 synodica:
1815 5727 2025 5800 episco-

2091 1832 2292 1888 cellino
2335 1833 2712 1904 suprascripta
2743 1838 2999 1894 mandavi
3049 1851 3104 1896 et
3149 1843 3444 1915 subscripsi
3474 1846 3704 1904 Cartha-

2087 1927 2220 1998 gini.
2255 1927 2370 1995 Quo
2398 1931 2639 1993 recitato,
2678 1928 2813 1982 idem
2841 1931 2996 1986 dixit.
3031 1932 3224 1991 Unitas
3253 1947 3357 1994 est.
3402 1938 3703 1997 llabetdeus

2086 2021 2336 2077 diaconus
2367 2021 2519 2076 dixit.
2568 2021 2956 2092 Presbyterum
3000 2025 3186 2082 habet.
3233 2028 3305 2082 Et
3328 2031 3580 2086 recitavit.
3611 2034 3696 2088 Fi-

2089 2113 2310 2170 dentius
2333 2117 2626 2186 cpiscopus
2649 2113 2821 2188 plebis
2847 2114 3316 2191 Cefalensis(lSl)
3338 2137 3522 2178 coram
3542 2124 3605 2180 V.
3633 2126 3697 2180 C.

2087 2206 2308 2261 tribuno
2335 2216 2388 2261 et
2429 2208 2645 2262 notario
2690 2209 3006 2266 Marcellino
3034 2211 3405 2283 suprascripta
3445 2218 3697 2273 mandavi

2092 2308 2147 2354 et
2193 2299 2488 2368 subscripsi
2537 2286 2893 2371 Carthaginis
2928 2302 3042 2367 Quo
3091 2305 3327 2371 recitato,
3363 2307 3503 2362 idem
3541 2311 3693 2366 dixit.

2087 2389 2364 2446 Uuitatem
2432 2391 2628 2447 habeo.
2691 2394 3086 2449 Valentinianus
3134 2395 3386 2452 diaconus
3433 2399 3697 2460 Primiani

2088 2485 2317 2558 episwpi
2344 2485 2495 2540 dixit.
2527 2487 2688 2542 Modo
2719 2485 2888 2542 exivit
2919 2486 2986 2542 de
3016 2501 3268 2558 corpore.
3298 2489 3580 2548 Fidentius
3609 2498 3694 2551 di-

2089 2580 2332 2637 cebatur.
2387 2579 2454 2634 Et
2494 2581 2740 2636 recitavit.
2793 2580 3121 2637 Cresconius
3172 2583 3466 2654 episcOpus
3517 2587 3692 2656 plebis

2091 2675 2425 2731 Rusucensis
2465 2673 2620 2747 (182)
2663 2690 2846 2732 coram
2882 2673 2944 2729 V.
2987 2672 3049 2729 C.
3102 2674 3320 2731 tribuno
3371 2686 3427 2732 et
3474 2684 3692 2736 notario

2092 2830 2285 2941 pprum
2315 2815 2781 2886 proconsularium
2827 2818 2881 2872 in
2925 2815 3164 2871 concilio
3201 2814 3558 2874 Lateranensi
3587 2823 3692 2878 sub

2146 2897 2345 2941 arltno.

2146 2897 2345 2942 arttno.

2165 2957 2318 3027 (174)
2361 2957 2827 3014 Marcellianensis.
2853 2958 2910 3012 In
2938 2957 3207 3021 Numidia,
3235 2959 3287 3010 in
3316 2959 3472 3027 cujus
3496 2963 3689 3020 n0titia

2095 3028 2289 3098 legitur
2313 3029 2585 3100 episcopus
2631 3031 2693 3084 de
2725 3027 3144 3100 Giru-Marﬁcelli.
3175 3027 3418 3083 Concilio
3459 3027 3688 3087 Cartha-

2016 3119 2062 3182 ρ
2092 3101 2303 3182 εἱειειιεὶ
2344 3099 2743 3182 sttb__Cypl_'_iano
2785 3100 2954 3182 adfuit
2972 3099 3225 3182 Julianus
3262 3117 3293 3153 a
3339 3100 3688 3182 Marcelliana

2093 3180 2187 3225 aut
2232 3169 2560 3225 Marcellino.
2595 3171 2814 3226 Diversa
2863 3180 2944 3226 est
2971 3172 3074 3226 ista
3111 3169 3274 3224 sedes
3315 3182 3344 3223 a
3385 3169 3693 3228 Masclinia-

2094 3243 2260 3307 nensi,
2289 3240 2580 3308 provincim
2611 3242 2907 3312 Byzacenaa
2939 3258 2952 3295 :
2976 3257 3100 3295 nam
3128 3240 3213 3295 hic
3239 3241 3476 3296 Lucidus
3506 3243 3690 3300 obser-

2092 3324 2186 3367 vat
2208 3314 2348 3366 hanc
2371 3313 2670 3368 Ecclesiam
2699 3313 3024 3368 catholicam
3051 3326 3195 3373 esse,
3227 3312 3331 3367 hoc
3357 3324 3440 3367 εει
3469 3313 3540 3368 ibi
3570 3317 3694 3372 nul-

2093 3383 2204 3439 lum
2245 3385 2728 3455 eSSeepiscOpnm
2787 3385 3240 3438 Donatistamzat
3285 3398 3406 3454 cap.
3441 3384 3567 3448 208,
3630 3385 3690 3455 [it

2095 3455 2298 3536 mentio
2325 3453 2570 3510 Plut-iuni
2597 3452 2825 3527 episwpi
2858 3455 3312 3510 Mascliniattensis
3342 3452 3374 3510 ε
3403 3463 3558 3525 parte
3582 3452 3694 3513 es.

2092 3534 2434 3582 natistarum.

2166 3596 2317 3670 (175)
2355 3597 2654 3670 Restitutus.
2695 3597 2946 3670 Quinque
2991 3597 3413 3670 istius‘nominis
3443 3598 3687 3670 episcopi

2093 3667 2388 3724 DonatiStte
2417 3667 2566 3723 fuere
2604 3670 2658 3723 in
2698 3669 2992 3724 collatione
3023 3667 3462 3736 Carthaginensi,
3501 3667 3692 3725 Drusi-

2094 3739 2361 3811 lianettsis,
2391 3739 2803 3811 Segerntitcnsis,
2838 3738 3328 3811 Flumenpiscensis,
3360 3738 3688 3811 Membressi-

2094 3819 2264 3876 tamts,
2295 3807 2598 3865 Larite'usis.
2632 3807 3264 3866 Drusilitl’nensis'habuit
3315 3810 3687 3867 adversarium

2095 3880 2348 3934 Ruﬁnum
2408 3883 2724 3951 episcopum
2773 3881 3128 3944 catholicum,
3183 3880 3687 3946 Membressitanus.

2093 3951 2454 4024 Gennadium.
2497 3953 2916 4024 Segermiteusis
2973 3951 3235 4024 Felicem.
3269 3953 3343 4009 De
3391 3961 3514 4006 utro
3561 3955 3690 4010 reli-

2093 4038 2322 4095 quorum
2354 4023 2805 4095 iptelligidchrat
2833 4024 2983 4078 locus
3023 4023 3125 4078 iste
3152 4023 3416 4095 incertum
3448 4033 3550 4095 est.

2167 4093 2322 4174 (1762
2357 4091 2690 4166 Tignicensis.
2717 4095 2986 4219 Tignicam
3017 4110 3180 4160 prope
3206 4091 3473 4174 Teclatam
3501 4094 3693 4152 Numi-

2167 4181 2197 4217 ι)
2221 4173 2491 4217 Civitatem
2523 4167 2704 4219 locant
2724 4176 2773 4218 ta
2819 4167 2918 4219 ulae
2948 4164 3399 4219 Pcminaertauaa.

2093 4166 2197 4220 dite
2221 4164 2491 4217 civitatem
2523 4167 2704 4220 locant
2724 4164 2918 4219 tabulae
2948 4164 3399 4230 Pcutingeriauaa.

2169 4233 2321 4304 (177)
2374 4235 2699 4290 Abensensis.
2742 4233 2907 4304 Cujus
2938 4233 3234 4302 provincia:
3277 4235 3368 4301 sit,
3398 4236 3686 4294 incertum.

2168 4304 2320 4377 (178)
2350 4305 2642 4360 Aborensis.
2681 4307 2736 4360 In
2772 4305 3048 4376 provincia
3082 4305 3481 4377 proconsulari,
3512 4317 3571 4362 nt
3599 4311 3688 4364 do-

2094 4375 2186 4432 cet
2226 4377 2457 4448 epistola
2481 4377 2743 4448 synodica
2776 4375 3164 4448 epiSCOporum
3187 4375 3366 4448 huju_s
3399 4379 3691 4444 provincice

2100 4450 2151 4502 in
2181 4446 2414 4502 concilio
2445 4445 2830 4521 ba‘teraneusi,’
2861 4448 2953 4521 cui
2978 4445 3280 4502 subscribit
3307 4445 3465 4503 Felix
3493 4451 3691 4521 episco-

2101 4535 2196 4592 pus
2212 4529 2415 4592 structa:
2437 4519 2681 4592 Ecclesia:
2708 4520 3002 4592 Aborensis.

2175 4590 2332 4662 (179)
2371 4589 2609 4645 Zurensi.
2660 4591 2717 4644 ln
2762 4591 2949 4645 eadem
2985 4589 3261 4658 provincia
3299 4593 3696 4662 proconsulari,

2102 4660 2226 4718 nam
2257 4660 2548 4717 Sllbst'l'iilil
2585 4663 2880 4717 Aboreusis
2930 4675 3027 4730 pro
3071 4675 3138 4714 eo
3167 4669 3439 4729 tamquam
3471 4677 3570 4728 pro
3617 4660 3700 4719 vi;

2101 4737 2228 4790 cino
2291 4733 2551 4804 episcopo
2599 4734 2808 4788 litteras
2853 4734 3176 4804 nesciente._
3220 4732 3375 4804 Apud
3426 4731 3698 4804 Victorem

2108 4802 2380 4861 Viteusein
2429 4805 2523 4862 lib.
2555 4823 2591 4860 ιι
2630 4806 2696 4860 de
2727 4813 2998 4874 persecut.
3030 4802 3256 4860 Vandal.
3299 4819 3418 4872 cap.
3452 4802 3506 4871 9,
3549 4822 3700 4873 qure-

2105 4878 2230 4958 dam
2267 4877 2466 4958 mulier
2495 4877 2622 4933 dicit
2652 4893 2710 4932 se
2737 4877 2902 4932 tiliam
2943 4875 3207 4929 Zuritana:
3231 4875 3489 4946 quondam
3524 4879 3702 4934 civita-

2105 4949 2170 5003 tis
2199 4949 2440 5018 episcopi.

2110 5089 2122 5101 .
2183 5017 2333 5101 (l80)
2367 5014 2704 5090 Nigrensium
2727 5019 3013 5090 Majorum.
3063 5014 3228 5086 Cujus
3275 5021 3568 5089 provincia)
3608 5021 3698 5088 sit,

2110 5099 2397 5144 incertum.

2185 5160 2335 5233 (181)
2368 5159 2670 5233 Cefalensis.
2705 5161 2761 5215 In
2794 5160 3068 5233 provincia
3094 5162 3488 5230 proconsulari,
3529 5172 3588 5222 ut
3620 5177 3705 5231 pa-

2114 5231 2282 5286 tet'ex
2315 5231 2541 5301 epistola
2570 5232 2946 5301 episcoporum
2981 5231 3124 5286 illius
3153 5234 3446 5303 provincia:
3472 5235 3536 5288 ad
3567 5234 3706 5289 Pau-

2113 5303 2224 5357 lum
2275 5304 2932 5374 Constantinopolitanum
2977 5307 3032 5359 in
3073 5306 3306 5360 concilio
3347 5305 3704 5362 Lateranensi

2112 5375 2214 5430 sub
2254 5375 2500 5428 Martino.

2194 5444 2344 5516 (182)
2399 5445 2729 5502 Rusucensis.
2773 5445 2869 5500 Est
2910 5446 2961 5500 iu
3012 5446 3328 5501 Mauritania
3373 5446 3710 5502 Cmsareensi

2125 5516 2403 5574 Rusubus.
2444 5517 2597 5586 cujus
2643 5519 2926 5588 episcopus
2965 5518 3377 5573 Rusuburitamts
3425 5518 3618 5588 dicitur
3661 5519 3716 5573 in

2127 5589 2338 5644 notitia.
2377 5588 2546 5642 Forte
2589 5589 2730 5644 idem
2777 5587 2859 5645 est
2900 5605 2962 5644 ac
2994 5589 3305 5642 Rusncensis
3343 5587 3409 5642 de
3439 5603 3546 5656 quo
3593 5587 3721 5655 hic;

2130 5669 2223 5786 pili:
2264 5657 2572 5785 Rusucibgr,
2616 5660 2761 5733 quod
2802 5661 3057 5734 Oppidum
3104 5666 3369 5714 memorat
3398 5658 3725 5719 Ptolemceus

2157 5749 2168 5785 l
2235 5745 2311 5786 ιν.
2341 5743 2460 5786 CBD.
2527 5771 2540 5786 .

2157 5743 2208 5785 ID
2235 5745 2311 5797 tv,
2341 5743 2460 5800 cap.
2487 5743 2540 5786 o.
