4130 6170
451 145 472 199 1
486 146 591 201 305

1429 137 1657 196 GESTA
1693 135 2149 197 COLLATIONIS
2185 133 2800 196 CARTHAGINENSIS.

3607 140 3744 198 1301-

450 260 767 317 Marcellino
806 259 1176 332 suprascripta
1222 255 1472 312 mandavi
1501 264 1557 312 et
1587 254 1884 326 subscripsi
1912 250 2046 308 Car-
2071 260 2122 320 Α
2148 254 2249 310 lica
2289 261 2405 320 est;
2440 267 2538 309 nec
2571 253 2782 317 habuit,
2833 265 2935 308 nec
2973 250 3154 308 habet.
3213 252 3281 306 Et
3323 251 3574 308 recitavit.
3597 252 3744 310 Tho-

453 355 680 426 tbagini.
717 354 834 422 Quo
878 354 1088 408 recitato
1126 351 1308 424 [idem]
1345 351 1498 405 dixit.
1543 347 1813 405 Unitatem
1855 347 2054 402 habeo.

455 447 757 504 Habetdeus
777 448 1029 502 diaconus
1049 445 1204 500 dixit.
1236 443 1350 498 Non
1379 443 1670 498 habemus.
1706 441 1773 496 Et
1798 439 2052 496 recitavit.

455 541 739 597 Ambibius
792 541 1080 610 episcopus
1119 537 1297 610 plebis
1349 536 1638 592 Pisitensis
1669 535 1823 607 (185)
1871 549 2055 589 coram

459 633 525 688 V.
577 633 641 688 C.
695 631 912 687 tribuno
961 640 1017 687 et
1073 633 1284 685 notario
1333 629 1645 685 Marcellino
1690 628 2057 698 suprascripta

457 723 706 779 mandavi
739 731 796 779 et
821 722 1118 793 subscripsi
1155 720 1490 792 Carthagini.
1533 720 1645 787 Quo
1674 719 2060 782 recitato,idcm

457 815 608 870 dixit.
635 814 820 870 Habeo
855 813 1089 870 Felicem
1117 829 1147 870 e
1183 813 1419 868 diverso.
1458 812 1858 866 Valentinianus
1885 810 2060 863 diaco-

459 925 556 962 nus
584 907 734 960 dixit.
772 905 931 961 Felix
977 905 1194 971 dicitur,
1241 904 1450 958 litteras
1501 903 1646 958 misit.
1693 901 2059 957 excusationis

460 999 756 1055 senectutis
786 1012 971 1053 causa.
1009 996 1076 1051 Et
1107 997 1357 1052 recitavit.
1396 995 1731 1066 Rogatianus
1769 993 2060 1062 episcolius

461 1091 636 1160 plebis
656 1091 1038 1161 Tigimmensis
1063 1088 1217 1161 (184)
1245 1103 1427 1144 coram
1455 1087 1519 1142 V.
1549 1087 1611 1142 C.
1640 1086 1857 1141 tribuno
1883 1095 1937 1140 et
1965 1101 2060 1140 no-

463 1187 602 1240 tario
632 1185 940 1240 Marcellino
971 1184 1339 1255 suprascripta
1382 1182 1634 1237 mandavi
1677 1191 1731 1237 et
1761 1181 2062 1252 subscripsi

464 1277 802 1347 Carthagini.
840 1277 953 1344 Quo
993 1278 1227 1343 recitato,
1258 1276 1393 1330 idem
1424 1276 1574 1330 dixit.
1611 1275 1652 1329 E
1687 1275 1900 1330 diverso
1931 1273 2060 1328 mihi

465 1380 552 1427 est
603 1371 970 1426 Victorianus.
1027 1370 1095 1425 Et
1147 1371 1417 1426 accedente
1473 1370 1770 1424 Victoriano
1823 1370 2063 1441 episcOpo

466 1465 647 1539 [idem]
679 1467 830 1520 dixit.
864 1465 1116 1535 Agnosco
1147 1466 1317 1519 illum.
1357 1464 1421 1518 Et
1464 1465 1718 1518 recitavit.
1755 1461 2066 1532 Stephanus

464 1561 758 1628 episcopus
799 1558 974 1628 plebis
1026 1557 1456 1614 Sinnuaritensis
1488 1555 1640 1627 (185)
1688 1570 1869 1610 coram
1902 1553 1966 1609 γ.
2000 1554 2060 1609 C.

2160 361 2277 402 mas
2319 347 2603 418 episcopus
2654 345 2831 417 plebis
2877 343 3181 401 Cubdensis
3213 345 3365 417 (189)
3411 361 3593 402 coram
3631 349 3748 403 viro

2159 440 2460 496 clarissimo
2487 440 2705 496 tribuno
2732 447 2786 494 et
2807 439 3021 494 notario
3044 437 3358 495 Marcellino
3385 443 3750 512 suprascripta

2161 531 2411 588 mandavi
2444 539 2498 586 et
2524 531 2819 601 subscripsi
2840 528 3179 602 Carthagini.
3212 533 3326 598 Quo
3354 534 3590 599 recitato,
3620 534 3757 588 idem

2162 624 2313 678 dixit.
2376 622 2419 678 E
2473 633 2660 679 contra
2713 623 2988 678 neminem
3049 622 3328 679 babemus.
3386 624 3454 680 Et
3505 625 3754 681 recitavit.

2163 715 2468 770 Restitutus
2497 715 2783 785 episcopus
2815 713 2988 784 plebis
3016 713 3351 770 Muzucensis
3381 713 3532 786 (190)
3575 730 3758 772 coram

2164 808 2281 863 viro
2329 805 2632 862 clarissimo
2682 806 2900 862 tribuno
2949 815 3005 862 et
3049 807 3254 862 notario
3304 807 3625 864 Marcellino
3675 824 3764 864 su-

2165 899 2464 972 prascripta
2518 898 2768 954 mandavi
2821 907 2876 953 et
2925 898 3216 968 subscripsi
3264 899 3600 970 Carthagini.
3654 901 3764 969 Quo

2165 993 2403 1057 recitato,
2431 990 2566 1044 idem
2595 991 2746 1044 dixit.
2797 991 2838 1046 E
2869 1001 3060 1046 contra
3089 990 3303 1046 ldaxius
3347 992 3505 1048 nobis
3552 1003 3659 1048 est.
3699 994 3759 1047 Et

2168 1084 2438 1140 accedente
2465 1082 2656 1137 Idaxio
2683 1083 2945 1154 episcopo,
2977 1082 3110 1136 idem
3137 1082 3286 1137 dixit.
3312 1083 3566 1155 Agnosco
3597 1085 3764 1142 illum.

2168 1175 2239 1230 Et
2268 1177 2516 1230 recitavit.
2549 1175 2816 1230 Antonius
2853 1176 3141 1245 episcopus
3171 1177 3340 1246 plebis
3364 1177 3763 1249 Mutugennen-

2169 1268 2245 1322 sis
2276 1267 2429 1337 (191)
2457 1283 2642 1323 coram
2675 1267 2740 1324 γ.
2784 1265 2846 1322 C.
2881 1267 3098 1323 tribuno
3125 1277 3176 1324 et
3211 1269 3426 1325 notario
3455 1270 3768 1327 Marcellino

2170 1361 2533 1431 suprascripta
2570 1360 2820 1416 mandavi
2851 1370 2906 1416 et
2950 1362 3246 1432 subseripsi
3285 1359 3622 1434 Carthagini.
3659 1365 3766 1432 Quo

2170 1454 2409 1518 recitato,
2439 1453 2602 1524 27o
2621 1453 2758 1507 idem
2780 1452 2934 1507 dixit.
2966 1453 3008 1508 E
3035 1454 3254 1509 diverso
3275 1453 3647 1524 Splendonius
3669 1468 3763 1513 est.

2173 1544 2242 1599 Et
2265 1546 2535 1600 accedente
2561 1545 2881 1616 Splendonio
2904 1548 3161 1620 episcOpo,
3186 1547 3322 1602 idem
3345 1548 3500 1602 dixit.
3524 1549 3769 1621 Agnosco

469 1651 688 1707 tribuno
725 1659 780 1706 et
820 1652 1033 1705 notario
1075 1651 1387 1706 Marcellino
1421 1648 1786 1719 suprascripta
1817 1646 2064 1701 mandavi
2097 1662 2144 1722 Β
2175 1638 2352 1695 illum.
2386 1637 2452 1692 Ει
2480 1639 2731 1693 recitavit.
2774 1639 3119 1696 Privatianus
3149 1642 3440 1712 episc0pus
3467 1643 3648 1714 plebis
3677 1644 3770 1700 γο-

467 1756 524 1800 et
567 1745 864 1814 subscripsi
909 1742 1244 1813 Carthagini.
1294 1742 1412 1808 Quo
1454 1742 1687 1807 recitato,
1737 1740 1872 1794 idem
1913 1739 2065 1793 dixit.

473 1836 660 1892 Unitas
691 1846 776 1892 est
803 1836 934 1903 illic,
986 1836 1233 1892 Ecclesia
1277 1845 1360 1890 est
1395 1835 1523 1889 illic.
1573 1833 1865 1887 Habetdeus
1891 1832 2070 1885 diaco-

467 1943 563 1980 nus
594 1927 744 1980 dixit.
777 1927 1038 1982 Dimcesis
1067 1941 1130 1980 ea
1158 1935 1241 1980 est
1266 1923 1520 1996 Cypriani
1557 1940 1588 1979 a
1611 1923 1861 1978 Siccenni
1893 1922 2065 1993 (186).

468 2019 772 2090 Cyprianus
799 2018 1000 2073 dicitur
1023 2020 1333 2088 episcopus,
1369 2017 1459 2087 qui
1493 2017 1604 2071 illic
1635 2016 1864 2070 intendit
1893 2015 1959 2070 ad
1983 2014 2070 2070 Si-

470 2126 627 2164 nnar.
663 2109 730 2163 Et
756 2110 1010 2164 recitavit.
1051 2110 1338 2166 Serotinus
1375 2109 1662 2180 episcopus
1692 2109 1866 2179 plebis
1895 2108 2068 2163 Turu-

472 2203 668 2258 zitaure
698 2201 851 2272 (187)
882 2217 1066 2258 coram
1100 2202 1160 2256 V.
1193 2202 1254 2258 C.
1315 2203 1528 2257 tribuno
1573 2211 1629 2257 et
1678 2203 1890 2256 notario
1933 2199 2072 2256 Mar-

472 2295 669 2349 cellino
688 2295 1056 2364 suprascripta
1073 2294 1321 2349 mandavi
1345 2301 1399 2349 et
1416 2295 1714 2363 subscripsi
1729 2293 2067 2364 Carthagini.

477 2385 591 2451 Quo
623 2386 857 2450 recitato,
901 2385 1038 2440 idem
1067 2385 1218 2440 dixit.
1259 2385 1561 2455 Numquam
1594 2385 1803 2452 habuit,
1850 2399 1952 2440 nec
1981 2384 2072 2439 ha-

472 2481 580 2535 bet.
617 2480 912 2536 Habetdeus
941 2481 1190 2537 diaconus
1211 2482 1360 2539 dixit.
1389 2481 1678 2552 Presbyter
1708 2490 1794 2536 est
1815 2481 1920 2535 illic
1945 2479 2070 2536 Cat-

474 2581 582 2627 tus.
620 2572 894 2628 Serotinus
921 2577 1192 2648 episcopus
1224 2573 1473 2628 Ecclesia:
1513 2573 1784 2628 catholica:
1822 2574 1973 2628 dixit.
2007 2573 2073 2628 ll-

471 2665 543 2721 lic
571 2675 676 2734 est,
706 2666 800 2721 sed
833 2665 1129 2738 superﬂuo.
1161 2665 1231 2720 Et
1261 2668 1514 2721 recitavit.
1547 2665 1837 2737 Major-inus
1861 2668 2072 2736 episco-

472 2773 575 2829 pus
604 2758 774 2830 plebis
820 2757 1122 2814 Zemtensis
1155 2758 1305 2829 (188)
1349 2773 1532 2813 coram
1574 2757 1638 2812 V.
1675 2756 1737 2812 C.
1771 2759 1988 2813 tribuno
2019 2767 2070 2814 et

475 2850 691 2906 notario
756 2850 1070 2905 Marcellino
1135 2851 1504 2921 suprascripta
1546 2851 1797 2906 mandavi
1845 2861 1896 2907 et
1940 2851 2072 2906 sub-

470 2945 663 3017 scripsi
691 2943 1028 3015 Carthagini.
1073 2942 1190 3010 Quo
1219 2944 1448 3011 recitato,
1494 2944 1633 2999 idem
1680 2943 1830 3000 dixit.
1877 2944 2077 3000 Catho-

2173 1733 2485 1803 geselitanx
2531 1733 2685 1805 (192)
2729 1749 2912 1790 coram
2953 1733 3016 1790 V.
3069 1735 3129 1790 C.
3188 1737 3405 1792 tribuno
3454 1747 3509 1792 et
3565 1741 3770 1794 notario

2174 1825 2487 1880 Marcellino
2527 1828 2889 1898 suprascripta
2935 1828 3180 1882 mandavi
3215 1837 3272 1883 et
3311 1831 3614 1901 subscripsi
3643 1832 3768 1886 Car-

2178 1918 2402 1988 thagini.
2456 1918 2569 1985 Quo
2626 1922 2869 1986 recitato,
2929 1920 3066 1975 idem
3120 1920 3275 1975 dixit.
3339 1922 3382 1977 E
3430 1921 3653 1978 diverso
3693 1934 3769 1978 est

2176 2010 2309 2066 mihi
2340 2011 2581 2068 Donatus
2626 2009 2930 2068 Cillitanus.
2979 2013 3047 2068 Et
3076 2016 3350 2069 accedente
3381 2013 3589 2071 Donato
3626 2017 3768 2073 Cilli-

2177 2115 2298 2159 tano
2319 2106 2578 2176 episcopo,
2606 2106 2744 2161 idem
2773 2107 2925 2161 dixit.
2957 2108 3219 2163 Diaconos
3239 2108 3352 2165 illic
3379 2107 3579 2175 habeo,
3603 2111 3766 2166 vicina

2176 2196 2330 2266 plebs
2372 2197 2501 2268 agit,
2548 2196 2801 2253 dimcesis
2832 2213 2952 2253 mea
2980 2209 3083 2254 est.
3125 2196 3468 2255 Privatianus
3515 2203 3768 2272 episcopus

2178 2291 2428 2346 Ecclesia:
2471 2290 2742 2347 catholicte
2791 2293 2942 2346 dixit.
2989 2293 3088 2348 Ubi
3130 2296 3518 2350 conveniunt?‘
3544 2293 3764 2348 Donatus

2175 2385 2446 2456 episcOpus
2473 2385 2626 2439 dixit.
2676 2385 2744 2440 Et
2770 2386 2885 2440 loca
2927 2396 2983 2440 et
3027 2387 3320 2441 memorias
3369 2398 3668 2461 martyrum
3696 2398 3768 2442 ta-

2177 2494 2300 2533 men
2335 2479 2680 2548 prohibuisti.
2713 2477 3014 2535 Candidum
3057 2495 3162 2536 non
3196 2479 3357 2534 habui
3400 2482 3767 2552 presbyterum

2175 2572 2334 2627 inde?
2366 2571 2701 2628 Privatianus
2741 2573 3010 2644 episcopus
3045 2573 3290 2628 Ecclesia!
3315 2575 3594 2628 catholica!
3627 2575 3766 2630 dixit.

2175 2666 2243 2722 Et
2275 2667 2362 2721 ubi
2392 2667 2697 2738 agebatur?
2739 2667 2803 2721 Et
2833 2667 3084 2722 recitavit.
3129 2665 3458 2722 rEmilianus
3493 2668 3768 2737 episcOpus

2177 2759 2435 2815 Ecclesiae
2483 2761 2842 2817 Bennel'ensis
2879 2761 3032 2834 (195)
3078 2776 3260 2818 coram
3310 2761 3428 2816 viro
3473 2762 3768 2816 clarissimo

2177 2853 2395 2910 tribuno
2421 2864 2474 2910 et
2503 2857 2716 2911 notario
2757 2857 3076 2912 Marcellino
3117 2855 3486 2926 suprascripta
3527 2852 3767 2911 mandavi

2177 2954 2231 3002 et
2269 2947 2565 3019 subscripsi
2617 2945 2955 3019 Carthagini.
3009 2947 3125 3017 Quo
3167 2948 3398 3013 recitato,
3441 2948 3583 3003 idem
3628 2946 3767 3001 dixit.

546 3131 701 3203 (183)
737 3129 1027 3203 [’isitensis.
1090 3129 1241 3203 Han_c
1272 3128 1462 3203 urbem
1493 3129 1548 3184 in
1577 3128 1831 3203 conﬁnio_
1858 3127 2074 3203 provin-
2099 3126 2143 3191 C
2177 3129 2374 3198 gustini
2400 3137 2643 3203 tempore
2672 3131 2948 3186 Donatista
2993 3131 3213 3185 nomine
3241 3131 3508 3196 Donatus,
3564 3141 3627 3187 ut
3654 3147 3772 3187 con-

475 3199 680 3260 cia'rum
732 3199 1028 3273 Byzacente
1083 3209 1156 3273 et,
1192 3199 1541 3273 Tripolitana:
1599 3203 1744 3273 locat
1800 3200 2067 3273 Baluzius.

478 3276 614 3344 Quia
654 3273 708 3327 in
757 3270 955 3327 tabulis
1010 3271 1440 3342 Peutingerianis
1470 3270 1655 3344 Pisida
1700 3272 1907 3344 locatur
1935 3272 2076 3325 inter

480 3342 699 3399 Puteam
729 3344 1022 3414 Byzacena’.
1071 3346 1258 3414 urbem
1298 3353 1354 3398 et
1382 3343 1657 3397 Sabratam
1698 3342 2071 3414 Tripolitanae.

480 3418 551 3472 At
572 3412 816 3469 Norisius
839 3413 1131 3468 Pisitanam
1152 3412 1428 3468 civitatem
1455 3414 1827 3482 proconsulari
1858 3413 2079 3482 provin-

478 3489 580 3542 ciae
619 3485 865 3538 attribuit
902 3486 1128 3553 ejusque
1167 3485 1496 3538 mentiOuem
1550 3483 1668 3539 ﬁeri
1707 3483 1783 3537 ait
1829 3485 1923 3538 lib.
1958 3500 1973 3538 ι
2011 3483 2078 3537 de

482 3556 754 3615 Miraculis
795 3558 966 3610 sancti
1015 3554 1299 3623 Stephani,
1333 3555 1423 3622 qui
1455 3554 1666 3609 Evodio
1697 3554 1941 3614 Uzalensi
1981 3555 2080 3608 tri-

481 3631 664 3684 buitur
687 3642 809 3697 cap.
848 3628 935 3682 15.
967 3627 1129 3682 Certe
1161 3625 1314 3680 Felix
1357 3625 1698 3697 adversarius
1729 3627 1965 3682 Ambibii
1988 3626 2078 3694 qui

480 3699 568 3754 hic
617 3696 954 3765 nominatur,
1007 3698 1256 3753 diversus
1298 3706 1381 3752 est
1445 3714 1474 3752 a
1530 3696 1798 3761 Putiensi,
1855 3701 1924 3752 de
1973 3713 2080 3764 quo

481 3785 604 3838 cap.
654 3771 783 3824 204.
833 3769 966 3823 Nam
999 3771 1045 3823 is
1081 3771 1147 3824 de
1192 3768 1506 3839 quo‘agitur
1534 3769 1585 3822 in
1622 3770 1872 3836 pr:rseuti
1903 3770 2080 3840 capite

482 3855 590 3896 non
613 3840 802 3893 aderat
829 3840 1138 3908 Carthagini
1161 3857 1176 3904 ;
1210 3840 1350 3894 alter
1375 3855 1504 3893 vero
1534 3855 1771 3906 pra-setis
1799 3852 1934 3894 erat.

556 3930 709 4000 (184)
751 3930 1129 4000 Tigimntensis.
1157 3931 1215 3984 In
1267 3931 1544 4000 provincia
1579 3935 1976 3999 proconsulari,
2024 3943 2083 3988 ut

484 4003 644 4073 docet
675 4003 905 4073 epistola
936 4002 1312 4071 episcoporum
1337 4001 1500 4069 hujus
1528 4004 1817 4070 provinci:c
1849 4005 1912 4058 ad
1943 4005 2082 4058 Pau-

482 4075 592 4128 lum
615 4071 1273 4141 Constantinopolitanum
1307 4073 1476 4127 relata
1509 4074 1560 4127 in
1601 4075 1833 4130 concilio
1862 4075 2084 4132 Latera-

484 4146 637 4201 nensi
662 4145 763 4199 sub
793 4145 1042 4199 Martino.

556 4237 705 4310 (185)
748 4236 1206 4310 Βὶηηαανὶιεηδίεη
1235 4237 1291 4292 1η
1351 4239 1626 4308 provincia
1673 4241 2041 4308 proclinsulari
2067 4282 2084 4305 ,

484 4307 574 4364 ubi
603 4307 1007 4363 Sinnuarenscm
1036 4318 1129 4362 attt
1169 4307 1536 4364 Sittnarensent
1575 4307 1759 4365 sedem
1794 4312 1961 4367 fuisse
1989 4313 2086 4367 do-

485 4388 574 4435 cet
604 4380 816 4449 notitia.
861 4379 916 4432 ln
954 4379 1186 4433 concilio
1215 4378 1256 4433 V
1285 4381 1548 4449 generali,
1580 4382 1874 4438 subscribit
1911 4383 2087 4438 Victor

486 4452 756 4521 episcopus
791 4448 1068 4521 Municipii
1115 4448 1609 4520 Sinna’proviucite
1659 4454 2082 4522 proconsularis.

562 4540 715 4613 (186)
754 4541 797 4595 Α
827 4540 1084 4596 Siccenni.
1106 4539 1317 4613 Oppido
1341 4544 1632 4612 provinciae
1661 4548 2082 4613 proconsularis,

487 4629 612 4684 nam
673 4612 1034 4668 Sinnaricnses
1079 4612 1241 4666 vicini
1290 4612 1668 4684 indigitantur.
1721 4615 1884 4671 Forte
1942 4617 2084 4671 idem

485 4683 640 4740 locus
661 4686 813 4753 cujus
840 4684 1126 4752 episeopus
1149 4683 1480 4740 memoratur
1502 4685 1821 4740 Maximinus
1857 4688 2087 4741 Siniten-

485 4755 580 4821 sis,
628 4771 723 4810 seu
768 4755 1052 4810 Sinicensis
1079 4756 1217 4825 apud
1236 4754 1614 4825 Augustinum,
1646 4757 1736 4810 lib.
1766 4773 1876 4812 xm
1896 4759 1962 4814 de
1999 4757 2087 4813 Ci-

489 4828 583 4880 vit.
618 4825 875 4895 Dei,~cap.
909 4825 964 4880 8.

563 4916 712 4988 (187)
767 4916 1115 4988 Turuzitanaz.
1163 4919 1380 4973 Diversa
1425 4930 1508 4974 est
1550 4920 1738 4975 istlttec
1784 4921 2022 4976 Turuzus
2053 4938 2081 4976 a

491 4986 725 5063 Iasum,
767 4988 922 5056 cujus
944 4986 1118 5063 Aptus
1140 4991 1428 5060 episc0pus
1450 5004 1782 5048 memoratur
1813 5010 1932 5063 cap.
1957 4994 2080 5051 187.

492 5058 716 5113 Videtur
745 5071 925 5112 autem
952 5060 1120 5115 fuisse
1145 5058 1434 5131 provinciae
1460 5063 1880 5133 proconsularis.

562 5149 715 5232 (188)
743 5148 1044 5232 Zenitensis.
1076 5152 1129 5205 ln
1175 5155 1448 5232 provincia
1473 5157 1868 5232 proconsulari,
1903 5165 1959 5212 ut
1987 5157 2082 5232 do-

488 5222 860 5347 celtlepistola
926 5222 1302 5292 episc0porum
1359 5222 1514 5297 hujus
1575 5222 1864 5297 provinciae
1922 5231 2080 5286 toties

488 5308 664 5347 ctaa.

483 5309 691 5417 Cll8158.9
748 5361 1045 5417 Cubdensis.
1078 5362 1280 5420 Ibidem
1318 5383 1382 5424 ex
1410 5369 1601 5424 eodem
1633 5380 2000 5426 monumento.

561 5361 713 5504 ξωοξ
746 5431 1089 5490 Muzuccnsis.
1118 5434 1414 5504 Episcopus
1447 5442 1738 5504 provinciae
1763 5442 2000 5504 Byzacen

530 5431 1089 5558 l(:90)ldiuinitatznsis.
1118 5434 1414 5509 Episcopus
1447 5442 1738 5510 provinciae
1763 5442 2077 5512 Byzacenze,

576 5522 708 5558 tocc
763 5519 832 5558 no
862 5523 872 5558 ι
905 5521 971 5557 ta.

489 5519 546 5559 Ill
576 5519 731 5560 (IOCCl
763 5519 971 5558 "0111.13.

570 5575 1209 5652 i191)“illatugemtensis.
1267 5579 1394 5636 Erat
1444 5579 1498 5635 in
1543 5583 1762 5638 diceresi
1810 5582 2077 5652 Ilipporc-

495 5649 665 5716 gicnsi
696 5649 817 5702 villa
855 5649 993 5705 dicta
1034 5648 1368 5721 Mutugenna,
1418 5653 1506 5708 ubi
1531 5657 1810 5725 presbyter
1836 5648 1953 5710 erat
1976 5659 2080 5711 Au-

2179 3207 2285 3253 stat
2305 3216 2368 3254 ex
2392 3200 2712 3270 Augustino,
2730 3205 2887 3272 epist.
2916 3218 3046 3258 χχιιι
3073 3216 3127 3259 et
3146 3217 3364 3270 eLxxut,
3393 3203 3493 3259 sed
3517 3203 3637 3260 haec
3657 3204 3773 3260 villa

2180 3273 2492 3342 episcopum
2515 3289 2621 3328 non
2654 3272 2904 3329 habebat.

2254 3361 2407 3438 (192)
2431 3363 2811 3434 Vegesclitanaz.
2833 3366 2960 3419 Duae
2987 3367 3197 3422 luerunt
3225 3365 3546 3438 Vegesettein
3570 3367 3770 3432 Africa;

2182 3449 2307 3488 nam
2324 3437 2474 3509 _ali_u_s
2502 3441 2868 3509 estepiscopus
2901 3437 3309 3509 Vegeselitanus,
3344 3453 3470 3509 cap.
3507 3439 3638 3494 155.
3673 3439 3772 3496 Una

2183 3514 2304 3580 erat
2323 3507 2376 3559 in
2405 3506 2674 3580 Numidia,
2701 3506 2854 3576 cujus
2881 3506 3470 3580 cpiScopusJanuariirs
3493 3510 3778 3567 subscribit

2183 3576 2237 3630 in
2269 3576 2937 3652 concilio‘Carthagineus‘i
2967 3576 3084 3636 sub
3105 3581 3399 3647 Bonifacio,
3439 3591 3546 3636 tam
3583 3599 3680 3652 pro
3703 3597 3774 3646 se,

2183 3663 2344 3722 quam
2373 3664 2469 3716 pro
2494 3648 2755 3704 Januario
2785 3651 3146 3707 Masculitano.
3183 3653 3256 3707 Ea
3284 3654 3474 3722 proettl
3505 3648 3676 3708 dubio
3705 3663 3781 3707 est

2187 3720 2465 3791 Mrgesela,
2492 3737 2612 3791 qua}
2641 3737 2810 3791 prope
2857 3723 3144 3778 Masculam
3174 3720 3379 3779 locatur
3417 3725 3471 3778 in
3502 3724 3778 3780 ltinerario

2186 3789 2776 3867 Attionini.__iPrivatu‘s
2835 3793 3222 3867 Yegesclittttttts
3279 3797 3554 3867 episcopus
3620 3795 3778 3850 adluit

2185 3862 2420 3937 concilio
2457 3863 2876 3937 Gartltaginensi
2911 3862 3027 3920 ἐπεὶ)
3064 3865 3250 3931 Grato,
3294 3862 3347 3937 et
3400 3865 3774 3937 Vigisilitanam

2185 3933 2383 4014 plebem
2408 3934 2589 3987 laudat
2614 3933 2968 4014 Attgustintts,
3001 3953 3086 4014 ep.
3118 3953 3263 4014 Latv,
3305 3933 3565 4014 Yegesklae
3594 3940 3647 3991 in
3671 3936 3772 3991 Nn-

2188 4004 2366 4077 tnidia
2399 4019 2589 4073 passus
2626 4004 2824 4061 dicitur
2851 4004 3120 4063 Marculus
3147 4004 3445 4074 Donatista,
3480 4009 3641 4077 Cujus
3665 4019 3774 4062 acta

2187 4075 2438 4143 superius
2471 4077 2773 4152 retulimus.
2803 4079 3043 4152 Alteram
3071 4095 3194 4152 vero
3250 4075 3649 4152 l'egeselam::td
3681 4079 3777 4149 By-

2189 4160 2442 4220 zacenam
2482 4149 2752 4220 pertinere
2782 4153 2973 4220 statuit
3002 4150 3266 4220 Balnzius,
3302 4149 3427 4220 quia
3470 4153 3524 4205 in
3552 4151 3773 4205 Itinera-

2191 4217 2274 4291 rio
2308 4218 2562 4291 Antonini
2615 4218 2858 4290 Vegcsela
2899 4235 2994 4276 seu
3047 4217 3340 4291 Vcrgesalla
3381 4223 3598 4276 locatur
3645 4224 3776 4275 inter

2193 4289 2353 4342 urbes
2402 4287 2713 4359 Byzacenre'.
2769 4291 2963 4345 Verum
3005 4294 3056 4347 iu
3102 4287 3286 4346 notitia
3341 4293 3618 4347 Numidia:
3664 4293 3776 4347 dua:

2189 4367 2317 4430 sunt
2346 4359 2504 4413 sedes
2528 4361 2685 4430 hujus
2707 4360 2820 4416 fere
2845 4363 3102 4428 nominis,
3131 4364 3337 4419 scilicet
3365 4380 3519 4418 num.
3553 4365 3652 4429 59,
3691 4362 3778 4416 Ve-

2191 4429 2458 4496 selitanus,
2501 4441 2554 4485 et
2585 4449 2731 4486 num.
2776 4432 2864 4495 80,
2909 4433 3385 4489 Velesitnnus:sed
3433 4435 3779 4489 verisimilius

2113 4514 2166 4574 D
2193 4510 2276 4585 est;
2309 4501 2447 4554 hanc
2481 4500 2798 4585 l’egeselunt,
2837 4507 2992 4573 cujus
3024 4506 3109 4562 hic
3129 4503 3551 4585 iFortuttat‘iantts
3588 4505 3781 4585 dicitur

2191 4570 2500 4639 episcopus,
2545 4570 2711 4628 fuisse
2761 4570 3051 4643 Byzacenzc
3094 4579 3266 4632 vicum
3317 4578 3402 4632 vel
3455 4577 3779 4632 castellum:

2191 4656 2316 4719 nam
2357 4646 2536 4719 statim
2585 4643 2816 4719 Donatus
2864 4643 3135 4719 Cillitanus
3183 4649 3474 4719 episcopus
3521 4664 3588 4702 ex
3639 4658 3784 4715 parte

2193 4709 2386 4784 ροηδῐὶ
2439 4717 2716 4770 contendit
2774 4715 3066 4784 Vegcselam
3118 4709 3233 4772 suae
3276 4709 3400 4774 esse
3454 4709 3780 4776 dimceseos.

2190 4778 2493 4861 Cillitanum
2545 4798 2722 4840 autem
2777 4778 3072 4861 episcopum
3132 4791 3425 4861 provincia:
3486 4789 3781 4861 Byzaceua:

2190 4853 2355 4928 fuisse
2385 4866 2598 4928 constat
2625 4874 2690 4912 ex
2713 4853 2921 4922 notitia,
2947 4853 3228 4914 Itinerario
3256 4853 3551 4927 Antonini,
3576 4872 3633 4916 et
3673 4861 3780 4928 epi-

2190 4925 2328 4977 stola
2340 4926 2716 4995 episcoporum
2740 4928 3138 4999 Byzacenorum
3162 4933 3213 4984 in
3235 4945 3394 4986 conc.
3414 4925 3658 4999 Lat.Qui
3674 4925 3785 4985 Do-

2192 5005 2342 5049 natus
2392 4999 2645 5052 statuitur
2695 5001 2856 5054 etiam
2902 4999 3242 5056 adversarius
3293 5000 3510 5057 Tertioti
3552 5004 3781 5058 Cillitani

2189 5066 2428 5144 episcopi
2459 5069 2735 5144 catholici,
2760 5086 3087 5144 supra_,_cap.
3122 5072 3244 5129 128.
3274 5073 3402 5128 Erat
3425 5075 3592 5144 igitur
3621 5074 3779 5129 simul

2186 5139 2567 5218 episcoporum
2584 5140 2887 5218 Cillitaniet
2915 5139 3246 5218 Vogesilitani
3269 5139 3637 5218 adversarius,
3659 5146 3781 5216 quia

2197 5207 2584 5287 l’egeselahzec
2623 5213 2689 5266 ad
2721 5207 3017 5287 Cillitanan't
3051 5217 3302 5271 civitatem
3349 5207 3694 5287 pertinebat;
3720 5230 3780 5270 ac

2182 5282 2408 5350 proinde
2441 5283 2492 5336 in
2520 5283 2795 5354 Byzacena
2826 5285 2928 5339 sita
2964 5295 3100 5340 erat.

2257 5374 2408 5447 (195)
2440 5374 2806 5451 _Ben_nefensis._
2831 5375 2898 5431 'ln
2932 5380 3208 5451 provincia
3239 5381 3545 5451 Byzacena,
3580 5393 3641 5437 ιιι
3683 5382 3779 5436 do-

2183 5456 2270 5522 cet
2298 5448 2508 5500 notitia.
2539 5447 2739 5522 Auctor
2754 5448 2883 5522 _vit:e
2906 5447 3077 5522 sancti
3103 5447 3395 5520 Fulgentii,
3421 5468 3543 5522 cap.
3571 5453 3665 5518 14,
3693 5453 3776 5507 di-

2185 5516 2260 5595 cit
2315 5517 2698 5595 monasterium
2751 5520 2812 5595 in
2851 5521 2993 5590 quod
3036 5516 3352 5591 Fulgentius
3381 5516 3519 5578 sese
3571 5516 3778 5595 recepit

2183 5585 2454 5668 ltcncfensi
2481 5591 2650 5668 littori
2674 5585 2904 5668 maxima
2928 5606 2993 5647 ex
3011 5585 3182 5668 parte
3201 5595 3535 5668 contiguum.
3567 5595 3623 5668 In
3647 5585 3777 5650 co'no

2183 5659 2308 5714 cilio
2338 5660 2784 5720 Cabarsussitano
2815 5659 3099 5720 subscribit
3138 5659 3421 5724 Guntasiits
3453 5665 3770 5735 Baiefensis.
