4130 6170
542 267 683 324 1511

1503 260 1731 320 GESTA
1767 260 2224 320 COLLATIONIS
2261 260 2883 322 CARTHAGINENSIS.

3695 271 3838 327 1512

529 385 731 456 scripta
760 383 1011 440 mandavi
1049 390 1105 438 et
1133 379 1430 454 subscripsi
1457 379 1807 452 Carthagine.
1842 379 1956 446 Quo
2001 381 2131 435 reci-
2157 381 2208 445 Α
2235 380 2383 435 dente
2410 379 2585 436 Felice
2621 385 2896 454 episcopo,
2928 381 3062 437 idem
3090 382 3242 438 dixit.
3271 384 3525 456 Agnosco
3561 384 3738 442 illum.
3775 385 3849 440 Et

533 487 639 534 tato
657 519 673 546 ,
699 477 839 533 idem
863 477 1014 532 dixit.
1046 475 1090 532 E
1112 475 1328 532 diverso
1351 474 1526 531 habeo
1550 472 1871 547 neminenn]
1900 471 1968 527 Et
1993 489 2138 528 acce-

532 569 680 625 dente
719 568 921 624 Victore
965 569 1244 640 episcOpo,
1273 567 1412 624 idem
1457 567 1609 622 dixit.
1661 565 1820 622 Modo
1863 580 1984 620 sum
2029 563 2140 621 illic

533 661 838 728 ordinatus,
867 676 973 716 non
1004 675 1092 716 me
1112 659 1281 716 novit.
1317 659 1626 714 Hilarianus
1652 659 1920 728 episcopus
1961 656 2141 711 Eccle-

532 755 625 811 sia
653 753 934 811 Catholica
953 755 1106 810 dixit.
1128 752 1245 810 Non
1277 752 1459 808 habet.
1487 751 1556 806 Et
1579 752 1830 806 recitavit.
1851 751 2140 806 Januarius

536 851 825 921 episcOpus
844 849 1101 906 Ecclesiae
1118 847 1421 920 Gisipensis
1440 846 1592 918 (251)
1613 845 1834 916 majoris
1858 859 2041 900 coram
2073 844 2138 899 ν.

539 942 622 1000 Cl.
656 943 876 999 tribuno
902 953 956 998 et
985 940 1202 997 notario
1244 938 1558 995 Marcellino
1587 936 1953 1008 suprascripta
1986 950 2143 990 man-

537 1036 659 1094 davi
687 1045 745 1092 et
771 1035 1065 1106 subscripsi
1083 1030 1552 1103 Carthagine.Quo
1579 1031 1812 1094 recitato,
1829 1029 1961 1082 idem
1987 1028 2138 1082 dixit.

537 1131 658 1187 Non
707 1129 990 1185 habemus.
1045 1126 1118 1181 Et
1164 1126 1416 1181 recitavit.
1465 1124 1796 1180 Severianus
1852 1122 2142 1192 episcopus

537 1223 958 1282 Ceramunensis
987 1221 1136 1293 (252)
1160 1235 1342 1276 coram
1372 1217 1436 1274 V.
1465 1216 1550 1274 Cl.
1581 1217 1798 1273 tribuno
1843 1225 1898 1270 et
1927 1215 2143 1270 notario

543 1315 858 1374 Marcellino
901 1315 1266 1386 suprascripta
1298 1310 1545 1367 mandavi
1577 1319 1633 1366 et
1680 1307 1975 1378 subscripsi
2005 1305 2141 1362 Car-

543 1411 783 1482 thagine.
819 1409 935 1478 Quo
953 1409 1185 1476 recitato,
1207 1408 1339 1461 idem
1365 1406 1516 1461 dixit.
1544 1403 1817 1460 Catholica
1836 1410 1919 1458 est
1939 1401 2140 1457 omnis.

544 1503 847 1560 Habetdeus
869 1502 1120 1557 diaconus
1149 1501 1378 1571 episcOpi
1409 1498 1663 1563 Primiani
1696 1497 1847 1551 dixit.
1873 1496 2145 1551 Habemus

543 1613 732 1655 senem
783 1595 1147 1652 Adeodatum.
1205 1593 1515 1650 Severianus
1570 1590 1842 1661 episcopus
1897 1588 2146 1643 Ecclesia

543 1691 812 1746 catholica
835 1690 984 1744 dixit.
1039 1687 1304 1743 Ostendat
1334 1687 1508 1742 illum.
1541 1684 1838 1740 Adeodatus
1876 1683 2145 1756 episcopus

543 1784 695 1839 dixit.
726 1784 782 1839 In
817 1784 973 1853 plebe
999 1797 1120 1838 mea
1151 1791 1235 1838 est
1256 1781 1560 1838 Milevitana
1582 1779 1928 1836 Ceramussa.

617 1876 740 1933 154.
775 1876 1086 1932 Severianus
1112 1877 1385 1948 episwpus
1412 1873 1660 1929 Ecclesia
1695 1872 1965 1928 catholica
1988 1873 2138 1927 dixit.

541 1969 731 2023 Omnis
778 1968 846 2023 ab
889 1967 1096 2037 origine
1145 1967 1413 2022 catholica
1443 1976 1528 2022 est
1576 1967 1679 2032 ibi,
1733 1979 2024 2036 numquam
2071 1967 2143 2021 ibi

541 2063 758 2119 luerunt
775 2062 1090 2118 Donatistae.
1117 2061 1412 2115 Adeodatus
1433 2061 1703 2132 episcopus
1726 2059 1879 2115 dixit.
1905 2059 1963 2114 In
1987 2061 2144 2131 plebe

545 2173 664 2215 mea
693 2167 795 2214 est.
847 2157 951 2213 Per
981 2155 1290 2212 violentiam
1319 2155 1444 2212 inde
1472 2155 1699 2211 exclusit
1728 2169 1916 2211 omnes
1961 2154 2145 2228 [cleri-

541 2249 662 2324 cos]
707 2258 762 2305 et
805 2248 1175 2320 presbyteros.
1225 2247 1533 2302 Severianus
1579 2247 1848 2317 episcopus
1896 2245 2146 2302 Ecclesia

543 2342 813 2398 catholica
837 2341 988 2396 dixit.
1041 2340 1297 2397 Mentitur
1325 2349 1465 2396 teste
1506 2341 1638 2395 Deo.
1687 2338 2024 2395 Marcellinus
2069 2340 2144 2393 vir

477 2480 489 2495 .
543 2435 862 2491 clarissimus
901 2433 1137 2488 tribunus
1165 2443 1213 2488 et
1258 2433 1489 2488 notarius
1523 2431 1678 2487 dixit.
1723 2431 1858 2488 Illud
1885 2433 2144 2489 sanctitas

545 2541 633 2586 tua
661 2529 980 2600 simpliciter
1008 2527 1262 2599 dignetur
1301 2527 1553 2592 edicere,
1592 2537 1774 2582 utrum
1806 2527 1858 2582 in
1890 2541 1952 2582 ea
1987 2527 2145 2596 plebe

537 2626 832 2705 episcopus
883 2638 1027 2680 nunc
1073 2623 1164 2680 sit.
1214 2622 1512 2678 Adeodatus
1557 2623 1828 2692 episcopus
1876 2620 2028 2676 dixit.
2084 2619 2144 2676 In

543 2717 701 2788 plebe
725 2731 842 2772 mea
873 2725 990 2785 est,
1021 2717 1226 2772 circum
1254 2717 1394 2771 circa
1427 2730 1606 2770 meum
1633 2725 1717 2770 est
1746 2723 1935 2770 totum.
1967 2713 2142 2769 Etiam

545 2811 650 2866 mei
680 2820 889 2867 terrore
927 2811 1328 2867 succubuerunt
1367 2825 1578 2876 omnes,
1611 2811 1698 2880 qui
1725 2810 1776 2864 in
1801 2809 1992 2865 eodem
2022 2810 2142 2863 loco

539 2905 819 2960 constituti
849 2914 1023 2961 erant.
1055 2904 1364 2959 Severianus
1384 2903 1654 2974 episcopus
1690 2901 1938 2962 Ecclesia
1969 2901 2144 2956 cat/to-

541 2999 658 3053 lica
679 2999 832 3052 dixit.
865 2997 1142 3052 Mentitur.
1176 2995 1244 3050 Et
1280 2997 1528 3051 recitavit.

611 3089 772 3161 273
805 3089 925 3143 155.
959 3088 1268 3143 Dominicus
1290 3088 1577 3158 episc0pus
1605 3087 1778 3158 plebis
1804 3087 2134 3142 Bullensinm

2237 473 2491 526 recitavit.
2518 472 2840 529 Valentinus
2882 475 3170 545 episcopus
3201 475 3524 533 Vaianensis
3567 492 3668 548 pro
3707 493 3852 535 con-

2239 565 2525 623 sacerdote
2553 583 2673 622 meo
2705 567 2914 638 Regino
2943 567 3201 624 Ecclesia
3224 568 3620 641 Vegeselitana:
3653 569 3816 643 (254)
3835 613 3854 638 ,

2240 660 2330 729 qui
2360 659 2447 714 hic
2484 659 2624 730 apud
2651 659 3032 731 Carthaginem
3064 661 3396 718 infirmitatis
3434 679 3600 719 causa
3631 665 3860 721 detine-

2243 761 2362 819 tur,
2402 762 2670 823 prasente
2702 752 2766 808 γ.
2812 752 2895 809 Cl.
2938 755 3156 810 tribuno
3203 765 3256 812 et
3288 759 3501 812 notario
3526 758 3861 816 Marcellino

2241 845 2563 915 subscripsi.
2619 847 2733 910 Quo
2782 847 2998 901 recitato
3037 847 3248 919 Alypius
3284 850 3556 922 episcOpus
3599 851 3863 907 Ecclesia

2244 938 2510 993 catholica
2537 933 2689 994 dixit.
2723 938 2859 994 Male
2878 939 3062 996 habet.
3087 940 3384 996 Habetdeus
3414 943 3672 998 diaconus
3696 944 3860 1000 dixit.

2244 1028 2482 1085 Gai-inus
2530 1030 2683 1099 (255)
2733 1039 2930 1100 praesto
2979 1039 3082 1086 est.
3130 1030 3193 1084 Et
3240 1033 3493 1088 recitavit.
3540 1033 3863 1104 Reparatus

2243 1122 2530 1191 cpiscopus
2551 1121 2725 1192 plebis
2755 1121 3137 1177 Sulasaritana
3155 1123 3306 1195 (256)
3325 1139 3510 1178 coram
3541 1124 3608 1179 ν.
3642 1125 3730 1180 Cl.
3759 1128 3864 1182 tri-

2245 1219 2389 1275 buno
2416 1228 2472 1274 ct
2509 1220 2723 1275 notario
2751 1219 3062 1276 Marcellino
3104 1221 3474 1290 suprascripta
3501 1223 3758 1279 mandavi
3792 1239 3852 1280 et

2244 1313 2537 1382 subscripsi
2577 1313 2925 1384 Carthagine.
2957 1313 3069 1380 Quo
3097 1315 3307 1368 recitato
3329 1355 3344 1379 ,
3377 1315 3516 1370 idem
3542 1317 3702 1371 dixit.
3732 1317 3862 1373 Non

2247 1405 2446 1470 habet,
2480 1406 2577 1461 luit
2624 1407 2717 1461 ibi.
2755 1406 3054 1463 liabetdeus
3089 1407 3336 1462 diaconus
3368 1409 3524 1464 dixit.
3560 1410 3723 1466 Modo
3762 1428 3862 1467 re-

2246 1503 2430 1558 cessit.
2473 1501 2540 1556 Et
2576 1503 2830 1556 recitavit.
2879 1502 3142 1558 Proculus
3189 1505 3482 1573 episcopus
3531 1504 3704 1574 plebis
3747 1506 3863 1562 loci

2249 1595 2533 1652 Serrensis
2566 1595 2718 1667 (257)
2747 1610 2934 1650 coram
2970 1594 3137 1651 v.01.
3163 1595 3383 1650 tribuno
3409 1605 3466 1651 et
3482 1597 3701 1652 notario
3717 1598 3866 1654 Mar-

2247 1687 2446 1743 cellino
2485 1685 2846 1758 suprascripta
2891 1686 3137 1740 mandavi
3178 1695 3233 1741 et
3277 1687 3580 1758 subscripsi
3621 1686 3859 1743 Cartha-

2174 1779 2222 1839 B
2247 1782 2389 1852 gine.
2426 1781 2538 1846 Quo
2565 1781 2805 1845 recitato,
2841 1780 2978 1833 idem
3008 1779 3158 1833 dixit.
3197 1778 3474 1836 Unitatem
3508 1779 3709 1836 habeo.
3748 1781 3861 1836 Va-

2247 1873 2560 1926 lentinianus
2605 1873 2852 1926 diaconus
2880 1871 3029 1926 dixit.
3057 1869 3172 1925 Non
3216 1871 3502 1926 habemus.
3547 1871 3617 1926 Et
3661 1875 3856 1928 recita-

2247 1965 2339 2018 vit.
2396 1963 2673 2019 Publicius
2714 1954 3018 2034 repiscopus
3091 1961 3614 2033 Gratianopolitante
3685 1965 3861 2034 plebis

2250 2057 2402 2130 (258)
2447 2072 2632 2113 coram
2691 2055 2756 2112 ν.
2797 2055 2884 2111 Cl.
2939 2057 3157 2111 tribuno
3210 2064 3266 2111 et
3294 2057 3512 2111 notario
3541 2057 3860 2114 Marcellino

2247 2149 2612 2221 suprascripta
2657 2148 2906 2204 mandavi
2937 2157 2992 2203 et
3020 2147 3319 2218 subscripsi
3347 2147 3708 2220 Carthagine.
3745 2151 3859 2218 Qua

2247 2245 2461 2299 recitata
2485 2284 2502 2310 ,
2534 2245 2670 2298 idem
2712 2243 2868 2298 dixit.
2898 2243 2941 2298 E
2984 2242 3201 2298 diverso
3232 2242 3526 2298 Deuterius
3553 2253 3672 2311 est,
3712 2246 3866 2301 solus

2247 2336 2368 2392 sine
2407 2336 2583 2407 plebe.
2623 2336 2890 2392 Deulerius
2935 2337 3204 2407 episctipus
3231 2336 3386 2390 dixit.
3420 2336 3554 2406 Quia
3579 2349 3631 2392 et
3658 2337 3864 2396 domos

2247 2427 2493 2499 dejecisti
2515 2471 2529 2496 ,
2559 2437 2612 2484 et
2645 2428 3076 2499 persecutionem
3106 2427 3238 2484 mihi
3268 2427 3473 2484 iecisti.
3499 2429 3566 2482 Et
3597 2431 3860 2485 recitavit.

2248 2521 2606 2578 Maximianus
2654 2521 2940 2592 episcopus
2986 2520 3155 2590 plebis
3203 2521 3661 2592 Sngabbaritanzn
3705 2523 3858 2594 (259)

2247 2629 2429 2670 coram
2467 2613 2530 2669 V.
2577 2612 2666 2669 Cl.
2715 2614 2930 2670 tribuno
2976 2623 3029 2668 et
3071 2614 3285 2669 notario
3309 2613 3628 2672 Marcellino
3675 2632 3866 2687 supra-

2247 2711 2448 2781 scripta
2475 2709 2726 2765 mandavi
2759 2717 2814 2764 et
2842 2707 3139 2779 subscripsi
3182 2706 3542 2779 Carthagine.
3585 2708 3702 2776 Quo
3735 2713 3864 2764 reci-

2247 2813 2356 2858 tato
2381 2845 2394 2869 ,
2428 2802 2561 2856 idem
2588 2803 2741 2857 dixit.
2771 2801 2814 2855 E
2846 2801 3061 2856 diverso
3094 2799 3268 2856 habeo
3296 2799 3660 2856 Germanum.
3687 2801 3754 2855 Et
3774 2818 3861 2856 σε»

2247 2896 2453 2950 cedente
2480 2895 2733 2951 Germano
2755 2897 3024 2969 episcOpo,
3055 2896 3188 2949 idem
3209 2895 3366 2949 dixit.
3397 2894 3659 2966 Agnosco
3683 2897 3859 2952 illum.

2247 2989 2314 3044 Et
2345 2992 2594 3046 recitavit.
2619 2992 2979 3062 Pompeianus
3002 2991 3291 3062 episc0pus
3313 2989 3689 3047 Sucardensis
3712 2991 3861 3065 (240)

2245 3101 2431 3142 coram
2471 3087 2532 3142 V.
2579 3085 2664 3142 Cl.
2703 3087 2918 3142 tribuno
2946 3095 3001 3142 ct
3050 3085 3264 3142 notario
3313 3085 3644 3142 Marcellino
3673 3103 3862 3156 supra-

541 3179 829 3251 Regiorum
873 3179 1057 3252 (255),
1097 3190 1370 3252 prasente
1392 3179 1460 3236 ν.
1483 3179 1568 3235 Cl.
1601 3180 1816 3234 tribuno
1843 3188 1901 3235 et
1929 3181 2138 3235 notario
2167 3163 2214 3228 C
2244 3181 2442 3252 scripta
2471 3180 2722 3236 mandavi
2757 3190 2811 3236 et
2851 3181 3146 3250 subscripsi
3177 3179 3535 3251 Carthagine.
3571 3180 3690 3248 Quo
3735 3181 3863 3235 reci-

543 3273 857 3329 Marcellino
897 3274 1262 3344 suprascripta
1300 3271 1552 3328 mandavi
1587 3282 1642 3328 et
1685 3273 1976 3342 subscripsi
2009 3271 2138 3328 Car-

539 3367 764 3438 thagini.
804 3368 919 3436 Quo
947 3369 1159 3422 recitato
1181 3409 1195 3434 ,
1228 3367 1361 3421 idem
1389 3367 1541 3422 dixit.
1573 3365 1616 3421 E
1640 3366 1859 3422 diverso
1887 3365 2021 3421 mihi
2053 3373 2139 3421 est

538 3459 691 3517 Felix
713 3503 729 3530 ,
763 3462 859 3518 sed
899 3477 1039 3518 unus
1081 3472 1197 3528 est,
1235 3463 1328 3534 qui
1357 3463 1437 3517 illi
1467 3462 1851 3517 communicat.
1891 3459 1959 3513 Et
1989 3475 2133 3514 acce-

607 3637 757 3712 (251)
791 3637 1080 3712 Gisipensis
1106 3639 1342 3712 majoris.
1371 3636 1426 3694 In
1450 3638 1726 3712 provincia
1745 3638 2140 3712 proconsulari,

539 3720 600 3765 ut
631 3711 786 3766 docet
818 3709 1010 3764 notitia
1036 3709 1290 3771 nuntii,
1321 3709 1552 3765 concilio
1579 3709 1988 3778 Carthaginiensi
2010 3725 2138 3764 ann.

541 3781 798 3853 525,_sub
828 3782 1104 3853 Bonifacio
1135 3782 1373 3853 interluit
1409 3782 1718 3852 Redemptus
1749 3780 2054 3853 Gisipensis,
2089 3791 2145 3835 et

541 3851 783 3918 ejusdem
813 3851 957 3906 sedis
984 3854 1268 3921 episcopus
1296 3852 1545 3907 Mellosus
1576 3851 1871 3908 subscribit
1897 3854 2143 3922 epistola:

539 3923 916 3995 episcoporum
977 3925 1266 3995 provincia:
1342 3925 1744 3995 proconsularis
1801 3925 1854 3978 iu
1910 3924 2144 3980 concilio

542 3993 888 4048 Lateranensi
919 3995 1020 4048 sub
1055 3993 1304 4047 Martiuo.

615 4063 768 4136 (252)
783 4063 1197 4136 Cerainunensis.
1226 4064 1396 4134 Supra
1412 4064 1464 4119 in
1492 4063 1666 4119 indice
1679 4064 2066 4134 capitulorum,
2089 4078 2144 4121 et

539 4137 700 4206 paulo
750 4135 888 4206 post
932 4135 1360 4193 Ceramussensis.
1411 4136 1740 4206 Constatgex
1793 4138 2143 4192 contentione

539 4203 659 4278 ante
705 4203 792 4263 hic
834 4208 1062 4265 refertur
1098 4211 1238 4264 inter
1277 4207 1616 4264 Adeodatum
1652 4203 1722 4263 'et
1757 4206 2138 4273 Severianum,

537 4279 716 4404 locgm
734 4279 876 4404 ht‘litic
899 4281 1131 4336 vicinum
1157 4279 1322 4336 fuisse
1338 4279 1661 4336 Milevitana:
1685 4281 1801 4336 urbi
1825 4295 1889 4336 ac
1911 4280 2140 4351 proinde

538 4366 592 4404 in
673 4367 780 4404 nmt
822 4365 890 4404 ta.

538 4366 592 4404 ιη
625 4365 890 4405 Νιηηιαιδ.

618 4420 768 4493 (255)
799 4422 1112 4493 titilleutium
1160 4421 1459 4493 Regiorum.
1510 4421 1718 4493 Duplex
1762 4423 1816 4478 in
1862 4423 2136 4492 provincia

544 4491 917 4565 proconsulari
950 4491 1210 4565 Bullensis
1240 4491 1454 4558 sedes;
1507 4491 1612 4549 una
1637 4510 1760 4565 qua:
1818 4491 2139 4565 simpliciter

538 4563 796 4618 Bri/(ensis
839 4563 1034 4618 dicitur
1071 4562 1124 4618 iu
1171 4565 1380 4631 notitia,
1407 4581 1554 4620 num.
1579 4562 1682 4628 διζ
1710 4565 1879 4620 altera
1921 4563 2140 4619 Bullen-

539 4637 674 4690 sinm
705 4635 984 4707 regiorum,
1034 4635 1256 4700 ibidem,
1285 4652 1434 4691 num.
1465 4637 1535 4691 50
1558 4678 1574 4702 ,
1623 4637 1781 4707 hujus
1820 4637 2136 4690 celebrioris

539 4708 742 4762 mentio
767 4706 836 4760 lit
879 4707 1158 4762 itinerario
1188 4707 1470 4772 Antonini,
1495 4707 1633 4775 apud
1676 4706 2051 4770 Ptolemaeum,
2083 4718 2139 4760 et

540 4780 593 4832 in
645 4778 842 4832 tabulis
871 4777 1318 4847 Peutingeriauis.
1353 4778 1409 4832 In
1450 4778 1684 4832 concilio
1720 4777 2136 4847 Carthaginensi

451 4904 454 4907 _
540 4849 640 4902 sub
669 4850 960 4904 Genethlio
989 4855 1324 4905 memoratur
1366 4847 1662 4920 Epigonius
1690 4847 2009 4906 Bullensinm
2055 4866 2138 4904 re-

539 4920 740 4991 giorum
769 4921 1059 4990 episcopus.
1103 4920 1158 4974 In
1197 4919 1465 4989 Synodica
1484 4919 1873 4991 episcoporum
1907 4935 2138 4988 procon-

542 4989 739 5043 sularis
767 4989 1060 5057 provincia
1103 4992 1153 5046 in
1201 4991 1434 5046 Concilio
1466 4989 1810 5046 Lateraneusi
1857 4994 1957 5046 sub
1989 4991 2128 5046 Mar-

539 5061 652 5114 tino
686 5059 949 5133 _Mellosus
979 5065 1250 5133 episcopus
1304 5062 1639 5117 Bulleriensis
1669 5064 1991 5130 subscribit,
2031 5078 2133 5118 nec

546 5147 653 5186 non
686 5129 859 5184 Victor
887 5129 1190 5200 Balneitsis,
1221 5135 1360 5189 forte
1386 5133 1669 5188 Bullensis.

617 5201 771 5273 (254)
812 5201 1196 5272 Vegeselitana.
1251 5206 1306 5260 lu
1335 5205 1581 5260 Numidia
1606 5245 1622 5270 ,
1659 5221 1781 5260 nam
1823 5205 2139 5260 Vaianensis

538 5275 826 5399 :pi‘sggpus
853 5283 970 5328 erat
997 5277 1159 5330 etiam
1191 5275 1438 5332 Numida.
1465 5276 1602 5332 Vide
1633 5287 1788 5332 notas
1816 5277 1881 5332 ad
1911 5292 2032 5348 cap.
2065 5275 2136 5333 99

611 5414 765 5489 (255)
798 5415 1044 5489 Gavinus.
1079 5415 1266 5473 Gabini
1308 5419 1549 5489 episcopi
1600 5417 1898 5474 Donatista:
1929 5417 2019 5488 qui
2065 5417 2133 5472 ad

536 5487 858 5559 catholicam
889 5487 1147 5559 unitatem
1180 5487 1468 5545 transierat
1502 5487 1753 5545 meminit
1784 5487 2129 5559 Augustinus,

535 5555 611 5613 lib
649 5575 668 5613 ι
715 5569 905 5615 contra
947 5557 1307 5614 Gaudentium
1350 5575 1472 5631 cap.
1528 5561 1596 5616 12
1624 5568 1681 5615 et
1723 5560 1824 5626 15,
1855 5555 1943 5630 (iui
1991 5560 2130 5615 forte

538 5644 646 5686 non
675 5640 761 5686 est
781 5633 1027 5690 diversus
1052 5634 1124 5690 ab
1147 5634 1269 5689 isto.

562 5771 573 5782 .
609 5702 764 5782 (256)
797 5704 1192 5782 Sufasaritana.
1238 5707 1295 5763 lu
1339 5705 1547 5782 notitia
1580 5705 2130 5782 MauritaniaCaisa-

531 5775 726 5830 riensis
784 5775 1077 5838 occurrunt
1131 5777 1238 5836 duo
1305 5778 1550 5850 episcopi
1607 5778 1898 5850 Sufaritani
1923 5775 1936 5844 ,
1987 5793 2124 5834 unus

2242 3283 2349 3330 tato
2369 3317 2386 3342 ,
2419 3275 2636 3348 Alypius
2674 3275 2944 3345 episcOpus
2995 3270 3243 3328 Ecclesia
3269 3273 3547 3327 catholica
3577 3274 3735 3327 dixit.
3765 3273 3859 3327 Hic

2240 3377 2360 3433 est,
2393 3367 2488 3423 sed
2519 3375 2763 3437 aegrotat.
2799 3364 2868 3420 Et
2909 3365 3163 3419 recitavit.
3193 3363 3534 3418 Fortunatus
3573 3366 3858 3435 episcopus

2241 3460 2417 3531 plebis
2446 3458 2921 3527 Rusuccurritante
2945 3455 3098 3532 (2M)
3127 3470 3314 3513 coram
3345 3454 3412 3512 γ.
3435 3456 3522 3511 Cl.
3563 3457 3780 3513 tribuno
3807 3467 3856 3512 ct

2251 3653 2403 3692 num.
2439 3638 2502 3697 5.
2533 3647 2587 3692 et
2614 3637 2752 3692 alter
2772 3653 2921 3692 num.
2948 3635 3016 3692 87
3038 3679 3053 3702 ,
3085 3651 3313 3708 quorum
3347 3648 3531 3692 tamen
3566 3638 3774 3708 primus
3806 3639 3853 3693 in

2250 3709 2439 3764 codice
2485 3708 2684 3764 Halleri
2725 3710 2920 3763 dicitur
2945 3710 3305 3764 Susaritanus.
3347 3711 3401 3762 lu
3433 3710 3720 3764 itinerario
3746 3711 3855 3764 An-

2251 3781 2421 3834 tonini
2472 3781 2615 3836 inter
2655 3781 2987 3835 Mauritania
3035 3779 3194 3835 urbes
3242 3790 3584 3835 memoratur
3630 3782 3855 3848 Sufesnr

2251 3868 2372 3919 quae
2397 3851 2588 3906 civitas
2614 3853 2681 3906 ab
2722 3867 2993 3922 anonymo
3022 3851 3371 3908 Ravennensi
3404 3850 3611 3920 Sufasa
3638 3855 3849 3909 dicitur.

2252 3923 2309 3978 In
2343 3923 2533 3978 notitia
2562 3924 2757 3977 Leonis
2787 3922 3007 3992 Sufara.

2326 3996 2480 4066 (257)
2515 3995 2796 4050 Serrensis.
2842 3993 2897 4048 lu
2939 3993 3252 4051 Mauritania
3283 3993 3613 4051 Cmsariensi
3637 4038 3653 4060 ,
3689 4006 3742 4048 ut
3784 4009 3854 4049 ex

2255 4065 2705 4130 notitiaconstat,
2767 4081 2915 4120 num.
2969 4067 3112 4129 117,
3165 4065 3252 4119 tibi
3307 4066 3512 4121 dicitur
3572 4068 3849 4132 Senensis.

2252 4137 2584 4206 Quamquam
2620 4147 2816 4206 praeter
2844 4137 2986 4193 hunc
3028 4137 3135 4192 duo
3165 4148 3466 4192 occurrunt
3506 4140 3560 4192 in
3595 4139 3694 4191 hac
3737 4139 3853 4190 eul-

2255 4209 2458 4264 latione
2503 4208 2788 4263 Zertenses
2816 4210 3055 4280 episcopi
3090 4209 3413 4265 Donatistae.
3434 4224 3573 4263 unus
3605 4207 3848 4262 Gauden-

2251 4280 2373 4350 tius,
2405 4294 2523 4348 cap.
2560 4281 2658 4336 187
2682 4321 2695 4343 ,
2731 4290 2786 4333 et
2827 4281 2965 4334 alter
2985 4295 3104 4350 cap.
3134 4281 3260 4342 201.
3293 4281 3516 4334 nomine
3563 4279 3854 4334 Salustius.

2248 4349 2380 4405 Cum
2423 4361 2598 4404 tamen
2651 4351 2694 4402 is
2729 4350 2798 4404 de
2828 4365 2934 4420 quo
2974 4349 3063 4406 hic
3101 4351 3305 4406 mentio
3335 4353 3711 4406 adversarium
3741 4364 3852 4404 non

2251 4421 2465 4476 habeat.
2501 4423 2627 4476 Erat
2666 4420 2820 4475 Zerta
2848 4425 2899 4476 in
2933 4422 3209 4488 Numidia,
3246 4423 3337 4476 ubi
3383 4420 3630 4476 Zertense
3667 4423 3859 4476 conci—

2249 4495 2378 4550 lium
2413 4502 2534 4561 post
2555 4493 2901 4548 collationem
2935 4494 3172 4548 habitum
3197 4505 3314 4558 est,
3343 4494 3499 4563 cujus
3523 4495 3756 4562 epistola
3783 4493 3851 4546 ad

2246 4565 2553 4621 Donatistas
2580 4572 2664 4618 est
2707 4566 2845 4636 inter
2872 4566 3152 4636 Augustini
3179 4567 3341 4634 epist.
3385 4563 3483 4618 Ml
3505 4605 3521 4629 ,
3549 4565 3690 4636 alter
3717 4563 3848 4619 Zer.

2245 4637 2421 4699 tensis,
2440 4635 2577 4691 forte
2593 4636 2636 4689 is
2660 4645 2744 4691 est
2759 4635 3016 4692 Sertensis
3037 4637 3374 4692 Mauritania
3391 4635 3745 4691 Caesariensis
3763 4636 3847 4689 vel

2245 4707 2550 4771 Zemlensis,
2585 4707 2728 4774 quod
2759 4710 2802 4762 si
2833 4710 3061 4771 dicatur,
3084 4709 3242 4776 hujus
3275 4708 3542 4764 Serrensis
3571 4707 3734 4760 sedes
3765 4708 3849 4758 in-

2241 4789 2387 4835 certa
2410 4781 2508 4832 erit
2529 4817 2543 4842 ,
2569 4781 2650 4832 sin
2675 4778 2851 4834 minus
2879 4781 3015 4835 alter
3041 4779 3300 4833 Zertensis
3325 4780 3468 4833 idem
3499 4786 3701 4846 poterit
3726 4792 3846 4831 esse

2241 4865 2361 4906 eum
2412 4849 2667 4904 Zcmtensi
2697 4852 2988 4918 provinciae
3046 4849 3484 4918 proconsularis,
3519 4849 3675 4918 cujus
3703 4849 3844 4902 sedis

2244 4937 2442 4976 nomen
2476 4923 2676 4989 legitur
2697 4919 2749 4975 in
2780 4922 3005 4991 epistola
3025 4924 3404 4990 episcoporum
3437 4919 3598 4990 hujus
3628 4919 3844 4990 provino

2238 4993 2337 5047 cia
2370 4993 2422 5046 in
2453 4993 2686 5046 concilio
2718 4991 3067 5048 Lateranensi
3100 4993 3200 5047 sub
3230 4992 3482 5046 Martiuo.

2313 5061 2469 5130 (258)
2499 5062 2997 5132 Gratianopolitana
3025 5064 3206 5131 plebis.
3236 5066 3291 5118 In
3317 5063 3641 5118 Mauritania
3664 5061 3840 5117 Casa-

2237 5135 2436 5197 riensi,
2468 5141 2527 5187 ut
2555 5134 2713 5189 docnt
2745 5136 2953 5201 notitia,
2981 5151 3129 5189 nunt.
3163 5136 3256 5191 81.

2312 5203 2466 5276 (259)
2497 5203 2947 5276 Sttgabbaritana.
2981 5204 3035 5259 In
3077 5208 3268 5263 eadem
3297 5206 3576 5274 provincia
3605 5221 3673 5260 ex
3703 5205 3838 5276 noti-

2240 5275 2336 5340 tia,
2370 5291 2517 5331 num.
2544 5275 2649 5340 20;
2674 5276 2994 5331 Ammianus
3024 5277 3390 5340 Marcellinus,
3418 5277 3513 5332 lib.
3539 5293 3689 5342 nix,
3723 5275 3839 5330 Mu—

2243 5349 2524 5419 nicipium,
2557 5347 2760 5419 inquit,
2796 5348 3238 5419 Sugabaritanum
3269 5351 3426 5401 ntonti
3465 5346 3835 5402 Transcellensi

2239 5421 2465 5490 adcline.
2496 5418 2847 5490 Prolemazus,
2878 5418 2976 5475 lib.
3001 5435 3054 5474 tv
3074 5462 3087 5484 ,
3119 5435 3240 5490 cap.
3271 5419 3328 5488 2,
3359 5419 3526 5474 habet
3557 5435 3626 5474 es
3655 5419 3832 5476 codice

2238 5489 2482 5546 Palatino
2511 5487 2826 5544 Zuchabari.

2311 5560 2860 5636 (240)778ucardensis.
2892 5560 2951 5616 In
2975 5561 3167 5616 eadem
3212 5560 3485 5632 provincia
3525 5575 3594 5616 ex
3626 5560 3827 5625 n0titia,

2234 5634 2384 5690 num.
2421 5634 2508 5688 15.
2861 5651 2864 5656 ·

2293 5704 2937 5780 (2M_)_R_usttccurritana.
2960 5706 3018 5780 In
3035 5705 3227 5780 eadem
3240 5706 3527 5780 provincia
3541 5721 3610 5763 ex
3623 5703 3828 5780 notitia,

2231 5775 2380 5837 num.
2397 5775 2485 5836 54.
2505 5777 2560 5834 In
2586 5778 2816 5837 concilio
2837 5775 3401 5850 Carthaginensiann.
3430 5779 3538 5836 M9
3560 5821 3575 5844 ,
3601 5776 3831 5834 occurrit
