4130 6170
295 319 436 376 1515

1251 312 1478 396 GESTA
1513 310 1969 373 COLLATIONIS
2006 306 2642 371 CARTHAG‘INENSIS.

3467 319 3608 378 ιδιι

288 431 509 487 notario
564 426 874 485 Marcellino
924 427 1288 499 suprascripta
1345 427 1598 483 mandavi
1650 437 1706 485 et
1758 428 1888 484 sub-
1918 434 1965 494 Α
1993 441 2169 498 scapo,
2197 425 2335 480 idem
2362 424 2513 479 dixit.
2544 425 2796 496 Agnosco
2829 424 3005 481 illum.
3041 410 3108 481 Et
3140 427 3392 486 recitavit.
3422 429 3614 494 Victor

289 524 487 594 scripsi
513 520 866 590 Carthagine.
899 517 1016 586 Quo
1045 520 1278 587 recitato,
1309 519 1448 575 idem
1471 520 1622 575 dixit.
1652 521 1694 576 E
1716 520 1896 577 diver-

287 634 354 676 so
390 616 525 673 mihi
577 624 660 671 est
703 615 952 685 Optatus.
990 612 1058 669 Et
1079 613 1350 669 accedente
1380 614 1570 685 Optato
1614 616 1894 685 episcopo,

286 711 429 766 idem
479 709 630 763 dixit.
663 706 914 777 Agnosco
955 704 1128 760 illum.
1163 703 1229 758 Et
1260 706 1511 761 recitavit.
1541 705 1726 762 Victor
1780 705 1897 772 epi-

289 819 492 874 se0pus
515 802 685 874 plebis
714 798 1136 855 Bartimisiensis
1166 797 1321 874 (242)
1352 815 1533 856 coram
1575 799 1637 855 V.
1669 797 1753 854 Cl.
1799 798 1898 852 tri-

290 871 439 955 buno
466 871 531 954 et
553 894 762 951 notario
789 891 1104 948 Marcellino
1144 871 1510 964 suprascripta
1563 878 1811 947 mandavi
1843 897 1899 945 et

291 989 592 1059 subscripsi
623 985 968 1054 Carthagine.
1007 983 1123 1049 Quo
1150 987 1391 1050 recitato,
1435 985 1572 1040 idem
1611 985 1760 1039 dixit.
1790 983 1897 1038 Ca-

227 1113 229 1116 r
293 1084 495 1141 tholica
527 1093 629 1139 est.
671 1081 962 1136 Habetdeus
994 1079 1244 1134 diaconus
1275 1080 1428 1134 dixit.
1460 1078 1576 1134 Non
1609 1079 1893 1134 habemus.

293 1177 364 1234 Et
407 1177 658 1232 recitavit.
691 1173 1090 1231 Restitutianus
1130 1173 1420 1243 episcopus
1450 1171 1623 1243 plebis
1670 1172 1900 1228 Sululit—

291 1281 434 1327 tanae
457 1270 810 1342 (2i5)coram
833 1267 901 1323 ν.
924 1265 1007 1321 Cl.
1035 1266 1255 1322 tribuno
1277 1276 1330 1323 et
1353 1267 1566 1322 notario
1581 1267 1899 1322 Marcellino

287 1361 663 1431 suprascripta
697 1359 947 1415 mandavi
990 1366 1046 1414 et
1073 1358 1371 1428 subscripsi
1402 1357 1756 1430 Carthagine.
1785 1357 1898 1424 Quo

289 1458 538 1522 recitato,
570 1455 706 1508 idem
751 1453 900 1508 dixit.
945 1452 1133 1506 Omnis
1176 1451 1460 1507 Catholica
1489 1493 1504 1518 ,
1545 1460 1663 1518 est,
1712 1463 1900 1506 omnes

289 1545 604 1602 Catholicos
659 1542 944 1600 habemus.
997 1541 1396 1597 Valentinianus
1448 1542 1698 1598 diaconus
1746 1541 1896 1596 dixit.

288 1640 406 1696 Non
443 1640 728 1696 habemus.
771 1635 842 1692 Et
873 1637 1122 1692 recitavit.
1157 1636 1442 1706 Helpidius
1464 1635 1750 1707 episcopus
1780 1635 1899 1704 ple-

289 1734 371 1790 bis
401 1734 672 1806 Aqnensis
707 1730 860 1806 (244)
887 1747 1070 1787 coram
1117 1730 1180 1786 V.
1215 1729 1298 1786 Cl.
1345 1731 1561 1785 tribuno
1590 1739 1644 1785 et
1689 1728 1901 1784 notario

288 1825 606 1881 Marcellino
652 1823 1016 1893 suprascripta
1065 1821 1322 1877 mandavi
1355 1830 1411 1875 et
1450 1819 1744 1890 subscripsi
1773 1818 1904 1872 Car-

290 1921 527 1990 thagine.
563 1918 680 1984 Quo
706 1917 944 1982 recitato,
977 1915 1112 1970 idem
1140 1916 1296 1970 dixit.
1327 1914 1369 1969 E
1401 1913 1620 1969 diverso
1661 1911 1792 1966 mihi
1820 1921 1904 1967 est

288 2013 598 2082 Reparatus
649 2010 953 2080 episc0pns.
1007 2007 1076 2062 Et
1129 2007 1444 2063 accendente
1485 2004 1745 2076 Reparato
1794 2004 1906 2074 epi-

284 2121 470 2175 scopo,
499 2101 638 2157 idem
668 2102 815 2155 dixit.
851 2099 969 2170 lpse
1003 2109 1106 2168 est,
1138 2114 1381 2172 agnosco
1413 2099 1588 2155 illum.
1620 2098 1690 2154 Et
1719 2099 1901 2153 recita-

285 2199 376 2252 vit.
411 2195 607 2252 Victor
633 2193 916 2265 episcopus
941 2193 1116 2264 plebis
1145 2193 1502 2249 Malianensis
1531 2191 1686 2263 (245)
1719 2205 1902 2246 coram
1931 2188 1934 2190 ⁷

279 2290 351 2347 V.
372 2289 455 2346 Cl.
482 2289 700 2344 tribuno
722 2287 1001 2343 ctnolario
1023 2286 1345 2343 Marcellino
1370 2287 1744 2358 suprascripta
1759 2299 1906 2340 man-

285 2382 412 2438 davi
462 2389 519 2438 et.
564 2379 859 2451 subscripsi
898 2379 1248 2452 Carthagine.
1297 2379 1412 2447 Quo
1452 2380 1708 2446 recitato,
1765 2378 1903 2434 idem

287 2477 439 2530 dixit.
491 2473 535 2530 E
579 2473 791 2530 diverso
822 2473 950 2528 mihi
982 2482 1068 2528 est
1105 2473 1413 2529 Nestorius.
1458 2469 1528 2525 Et
1579 2471 1903 2528 accendente

287 2566 533 2625 Nestorio
565 2565 830 2638 episcOpo,
858 2566 995 2620 idem
1025 2565 1176 2620 dixit.
1211 2567 1469 2636 Agnosco
1501 2565 1681 2621 illum.
1721 2562 1791 2617 Et
1820 2579 1904 2618 re-

288 2661 476 2717 citavit.
511 2661 624 2730 Ego
665 2659 959 2714 Restitutus
999 2659 1286 2730 episcopus
1319 2657 1548 2728 petitum
1598 2674 1688 2715 me
1733 2672 1764 2712 a
1809 2657 1902 2712 Vi-

289 2766 438 2812 ctore
466 2757 725 2825 episcopo
754 2751 1132 2808 Mammillensi
1157 2748 1313 2824 (246)
1347 2764 1534 2806 coram
1565 2751 1637 2808 ν.
1686 2748 1772 2807 Cl.
1806 2751 1903 2807 tri-

290 2848 434 2904 buno
472 2855 525 2903 et
567 2845 780 2901 notario
822 2845 1135 2902 Marcellino
1179 2843 1480 2911 subscripsi
1524 2861 1657 2902 eum
1704 2860 1900 2917 supra-

294 2943 487 3010 scripta
527 2939 660 2995 mihi
702 2939 1006 2994 mandasse.
1043 2939 1157 3006 Quo
1192 2939 1436 3004 recitato,
1467 2938 1614 2994 idem
1655 2941 1813 2996 dixit.
1862 2942 1901 2996 E

295 3033 508 3089 diverso
530 3041 612 3089 est
641 3032 989 3089 Serenianus.
1018 3029 1086 3085 Et
1111 3031 1413 3086 accendente
1439 3029 1734 3089 Sereniano
1793 3034 1904 3103 epi—

296 3145 471 3198 scopo,
505 3125 642 3181 idem
673 3126 825 3180 dixit.
855 3126 1106 3196 Agnosco
1125 3123 1298 3178 illum.
1332 3122 1397 3177 Et
1421 3124 1677 3180 recitavit.
1712 3125 1903 3182 Victor

291 3220 580 3301 [episcOpus
609 3216 781 3287 plebis
802 3214 1234 3272 Tabaicariensis
1281 3213 1434 3286 (247)
1478 3229 1664 3271 coram
1713 3217 1781 3272 ν.
1814 3217 1894 3271 Cl.

302 3312 517 3368 tribuno
554 3321 608 3368 et
638 3309 852 3366 notario
891 3309 1202 3366 Marcellino
1233 3308 1602 3379 suprascripta
1647 3310 1900 3365 mandavi

302 3416 357 3464 et
384 3406 676 3477 subscripsi
705 3403 1038 3477 Carthagini.
1074 3402 1188 3469 Quo
1226 3405 1438 3457 recitato
1462 3443 1476 3468 ,
1506 3400 1641 3456 idem
1668 3403 1822 3457 dixit.
1857 3403 1903 3459 E

308 3499 521 3556 diverso
545 3505 632 3556 est
659 3497 976 3554 Marcianus.
1023 3494 1094 3550 Et
1122 3496 1432 3550 accendente
1484 3493 1762 3551 Marciano
1793 3497 1904 3567 epi-

301 3613 539 3670 Nicelltts
586 3614 926 3670 Rusurrensis
954 3619 1049 3668 aut
1089 3611 1518 3668 Rusurrianensis
1556 3611 1894 3670 Mauritania)

303 3685 652 3742 Caesariensis
683 3686 909 3756 legatus,
926 3685 1017 3753 qui
1050 3684 1104 3756 in
1125 3683 1428 3756 Lalibreana
1441 3682 1683 3740 editione
1700 3685 1898 3740 dicitur

300 3758 699 3820 Itascuriensis,
727 3753 782 3811 et
831 3756 883 3810 iu
914 3755 1156 3824 margine
1182 3753 1647 3820 Rasuccurrensis,
1674 3757 1759 3811 vel
1789 3756 1900 3809 Ra-

301 3829 610 3883 socorensis.
641 3828 936 3890 Caeterum,
966 3825 1196 3890 Plinius,
1225 3826 1316 3879 lib.
1341 3841 1395 3891 v,
1428 3839 1546 3894 cap.
1581 3825 1637 3886 2,
1681 3827 1756 3880 ait
1788 3825 1901 3880 Ru-

298 3900 567 3954 sucurium
607 3899 832 3952 civitate
864 3898 1187 3951 honoratum
1227 3911 1348 3951 esse
1388 3910 1419 3950 a
1449 3895 1700 3950 Claudio.
1738 3896 1903 3952 Colo-

301 3975 447 4026 niam
489 3969 762 4037 appellant
804 3967 1109 4023 Antoninus
1172 3967 1227 4022 in
1272 3966 1559 4022 ltinerario
1602 3976 1657 4022 et
1703 3969 1902 4024 tabulzc

301 4039 757 4110 Peutingeriante.
794 4039 944 4110 Apud
977 4039 1348 4106 Ptolemaeum,
1382 4038 1478 4094 lib.
1507 4055 1581 4106 tv,
1605 4055 1654 4094 c.
1685 4039 1720 4094 2
1741 4082 1756 4107 ,
1791 4041 1906 4096 Ru-

301 4127 513 4166 succore
539 4111 755 4165 dicitttr.

383 4181 536 4253 (242)
568 4181 988 4236 Bartimisiensis.
1021 4181 1079 4253 ln
1117 4181 1306 4237 eadem
1341 4181 1615 4253 provincia
1647 4180 1904 4236 Maurita-

305 4251 412 4308 nia:
441 4251 820 4320 Ciesariensis,
853 4253 907 4307 in
945 4252 1102 4322 cujus
1146 4252 1358 4318 notitia,
1392 4269 1541 4308 num.
1574 4251 1682 4320 45,
1714 4266 1907 4308 occur-

307 4327 380 4379 rit
419 4323 859 4379 Vardimissensis.

382 4395 532 4467 (243)
588 4396 966 4467 Stilulittanaa.
996 4393 1200 4467 lterum
1242 4408 1362 4462 cap.
1404 4392 1523 4467 201
1595 4392 1656 4467 fit
1699 4395 1906 4451 mentio

304 4463 547 4538 episcopi
601 4466 772 4522 Hilari
830 4466 1100 4523 Sullitani.
1154 4463 1356 4538 Neuter
1401 4465 1565 4538 locus
1601 4465 1656 4519 in
1709 4468 1904 4521 notitia

306 4535 512 4593 Africae
536 4540 822 4607 reperitur,
853 4538 954 4592 nisi
983 4539 1121 4593 forte
1148 4536 1490 4591 Sululittanus
1517 4535 1660 4607 idem
1689 4539 1900 4593 sitcum

307 4606 610 4664 Cululitano
627 4652 641 4676 ,
673 4610 762 4681 qui
795 4619 972 4665 tamen
1020 4609 1356 4679 probabilius
1387 4617 1470 4663 est
1509 4606 1804 4664 Cullitanus
1835 4609 1904 4665 de

350 4696 418 4734 uo
447 4694 627 4748 supra.

307 4697 835 4824 quieiiiriiuema.
867 4752 926 4807 ln
951 4747 1627 4824 Mauritania_Ca:sariensi
1669 4765 1737 4824 ex
1764 4751 1904 4806 noti-

310 4820 568 4877 tia'num.
597 4820 687 4876 24.
725 4823 982 4894 Ejusdem
1026 4822 1171 4878 sedis
1211 4821 1422 4894 videtur
1458 4820 1625 4894 fuisse
1664 4821 1905 4878 Crescens

307 4893 780 4968 Metropolitanus
809 4895 1099 4968 Aquitania:
1141 4893 1413 4968 civitatis,
1458 4893 1612 4962 cujus
1656 4895 1904 4968 meminit

310 4963 500 5020 Victor
530 4966 784 5029 Vitensis.
817 4963 911 5022 lib.
938 4982 976 5032 ι,
999 4981 1148 5020 num.
1183 4965 1237 5018 7.
1276 4963 1384 5018 Alii
1427 4974 1800 5020 memorantur
1848 4966 1902 5020 in

310 5037 416 5092 hac
443 5037 730 5092 collatione
752 5038 1005 5102 Aquettses
1031 5035 1302 5106 episcopi,
1326 5034 1395 5090 de
1420 5035 1611 5106 quibus
1634 5052 1734 5092 suo
1760 5036 1902 5092 loco.

392 5107 542 5181 (245)
577 5108 931 5181 Malianensis.
957 5109 1022 5181 In
1042 5107 1231 5181 notitia
1256 5107 1589 5181 Mauritania:
1611 5107 1906 5181 Caesarien-

315 5177 416 5247 sis,
449 5177 596 5234 num.
628 5181 680 5244 8,
704 5179 941 5233 occurrit
971 5177 1338 5240 Meliunensis,
1380 5177 1667 5248 legendum
1711 5177 1908 5232 Malia-

314 5251 510 5306 nensis.
543 5250 675 5305 Nam
695 5247 1006 5303 Mallianam
1030 5248 1192 5303 habet
1215 5247 1517 5303 Antoninus
1549 5251 1598 5302 in
1628 5249 1910 5304 ltinerario

318 5323 460 5378 inter
508 5322 757 5392 Sufasar_
783 5328 838 5374 et
885 5317 1275 5392 Tigavascastra
1299 5360 1313 5384 ,
1363 5319 1695 5392 Mauritanite
1721 5320 1914 5392 ‘Cmsa-

316 5389 712 5474 riensishurbes.
737 5389 792 5473 in
815 5389 1095 5474 augustini
1118 5392 1343 5474 epistola
1363 5391 1694 5474 contigvum
1719 5390 1916 5474 lieute-

316 5466 484 5529 rium,
506 5463 563 5517 lit
590 5460 792 5516 mentio
817 5459 1064 5517 Victorini
1087 5459 1366 5533 cujusdam
1405 5462 1760 5533 Mallianensis
1785 5461 1915 5516 sub-

317 5534 537 5592 diaconi
583 5549 647 5588 ex
694 5533 1114 5590 Manichaeorum
1159 5532 1312 5588 ’secta
1338 5573 1354 5600 ,
1392 5547 1600 5589 necnon
1644 5532 1919 5588 Malliana:

318 5609 497 5662 urbis.

395 5674 555 5750 (246)
586 5673 974 5750 Mammillensi.
1000 5675 1057 5730 ln
1089 5672 1420 5750 Mauritania
1441 5673 1780 5741 Caesariensi
1803 5716 1818 5740 ,
1861 5681 1924 5730 ut

319 5745 480 5806 docet
507 5745 627 5817 ejus
652 5745 866 5814 netitia,
903 5763 1055 5801 num.
1087 5745 1178 5800 78.

392 5815 550 5893 (247)
587 5817 1024 5876 Taba’icariensis.
1057 5817 1117 5878 In
1159 5815 1347 5879 eadem
1395 5818 1672 5892 provincia
1711 5835 1782 5880 ex
1819 5833 1920 5895 eo-

1931 1861 1982 1922 B

2003 519 2290 590 episcopus
2303 517 2474 588 plebis
2487 509 2825 573 Timicitanae
2840 518 2993 590 (248)
3009 533 3192 575 coram
3208 521 3272 576 V.
3289 521 3374 580 Cl.
3390 525 3610 583 tribuno

2001 619 2055 666 et
2095 611 2309 666 notario
2340 609 2652 665 Marcellino
2698 611 3064 684 suprascripta
3101 614 3352 670 mandavi
3393 627 3446 673 et
3484 619 3610 676 sub-

2002 704 2196 774 scripsi
2226 702 2578 774 Carthagine.
2607 703 2722 772 Quo
2766 706 2980 760 recitato
3001 745 3018 773 ,
3062 707 3198 762 idem
3241 709 3392 764 dixit.
3425 711 3611 768 Habeo

2000 795 2256 867 Optatum
2285 811 2316 851 e
2346 795 2584 852 diverso.
2611 795 2680 852 Et
2709 799 2977 854 accedente
3010 798 3232 870 Optato,
3282 801 3418 858 idem
3453 804 3608 860 dixit.

2003 888 2125 957 Ipse
2160 897 2264 946 est.
2318 887 2387 943 Et
2437 890 2684 944 recitavit.
2735 890 3047 947 Bonifacius
3099 894 3408 967 episcopus}
3433 896 3612 967 plebis

2001 980 2169 1054 275.
2195 981 2478 1036 Vallitante
2507 981 2663 1054 (249)
2689 998 2872 1040 coram
2899 984 2962 1039 V.
2989 983 3050 1039 C.
3092 985 3309 1043 tribuno
3353 997 3408 1044 et
3451 1000 3610 1047 nota-

2001 1073 2086 1128 rio
2133 1073 2448 1129 Marcellino
2490 1077 2856 1146 suprascripta
2907 1075 3154 1132 mandavi
3205 1087 3262 1133 et
3306 1079 3608 1151 subscripsi

2003 1164 2350 1236 Carthagine.
2382 1164 2497 1233 Quo
2521 1167 2765 1236 recitato,
2789 1167 2924 1222 idem
2950 1167 3099 1222 dixit.
3129 1167 3246 1225 Non
3279 1169 3471 1227 habeo.
3507 1172 3612 1226 Va-

2004 1259 2321 1314 lentinianus
2350 1259 2604 1314 diaconus
2633 1260 2785 1316 dixit.
2823 1259 3117 1316 Defunctus
3157 1272 3242 1318 est
3267 1273 3395 1319 ante
3434 1279 3610 1321 annos

2003 1360 2234 1422 septem.
2267 1350 2572 1408 Restitutus
2599 1351 2776 1408 dictus
2799 1363 2902 1408 est.
2932 1353 3002 1407 Et
3029 1355 3283 1412 recitavit.
3312 1356 3414 1424 Qui
3445 1372 3611 1428 supra

2005 1458 2104 1514 pro
2131 1443 2447 1500 Limeniano
2468 1445 2726 1515 episcopo
2756 1444 2930 1515 plebis
2955 1446 3312 1516 Taprurensis
3340 1447 3494 1521 (250)
3517 1463 3610 1504 co-

2006 1552 2120 1592 ram
2159 1536 2223 1593 V.
2257 1536 2320 1592 C.
2353 1535 2572 1592 tribuno
2606 1545 2660 1592 et
2698 1537 2909 1593 n0tario
2949 1537 3262 1596 Marcellino
3301 1539 3601 1611 subscripsi

2004 1645 2128 1685 eum
2159 1639 2480 1700 prtesenlem
2508 1627 2835 1699 Carthagine
2862 1630 3173 1686 mandasse.
3210 1630 3323 1696 Quo
3353 1633 3564 1687 recitato
3586 1674 3603 1700 ,

2005 1723 2138 1778 idem
2167 1723 2316 1778 dixit.
2347 1721 2628 1777 Catholica
2672 1729 2775 1777 est.
2826 1721 3119 1778 Habetdeus
3165 1724 3411 1779 diaconus
3455 1725 3608 1780 dixit.

2008 1815 2204 1872 Contra
2238 1831 2344 1871 non
2378 1815 2662 1871 habemus.
2711 1813 2779 1868 Et
2824 1815 3073 1870 recitavit.
3107 1815 3369 1872 Proculus
3398 1817 3610 1886 episco-

2009 1927 2107 1982 pus
2145 1913 2321 1982 plebis
2368 1910 2720 1972 Giutsitensis
2751 1908 2974 1968 Salaria:
3014 1907 3166 1980 (251)
3217 1923 3399 1964 coram
3431 1909 3494 1964 V.
3539 1909 3602 1966 C.

2005 2005 2224 2061 tribuno
2251 2015 2306 2061 et
2345 2008 2560 2064 notario
2599 2007 2915 2064 Marcellino
2952 2004 3319 2076 suprascripta
3352 2000 3604 2058 mandavi

2004 2107 2058 2154 et
2099 2100 2393 2172 subscripsi
2439 2099 2774 2172 Carthagini.
2815 2101 2928 2167 Quo
2973 2099 3190 2155 recitato
3215 2140 3230 2163 ,
3274 2098 3410 2153 idem
3447 2095 3604 2151 dixit.

2003 2191 2278 2249 Catholica
2310 2202 2414 2251 est.
2447 2193 2740 2250 Habetdeus
2771 2195 3022 2250 diaconus
3062 2193 3216 2247 dixit.
3251 2190 3422 2247 Habet
3455 2205 3608 2260 pres-

2004 2284 2250 2356 byterum
2290 2285 2600 2358 Lillybium.
2639 2286 2708 2340 Et
2749 2286 3004 2341 recitavit.
3033 2283 3283 2340 Auxilius
3321 2283 3613 2353 episcopus

2004 2377 2177 2448 plebis
2205 2377 2571 2434 Nurconensis
2599 2377 2750 2450 (252)
2781 2392 2965 2433 coram
2992 2375 3055 2430 V.
3086 2376 3146 2431 C.
3179 2375 3394 2431 tribuno
3423 2383 3481 2430 et
3506 2390 3606 2430 no-

2004 2473 2140 2526 tario
2179 2471 2492 2528 Marcellino
2523 2471 2896 2542 suprascripta
2927 2468 3175 2525 mandavi
3207 2476 3262 2525 et
3299 2465 3606 2538 subscripsi

2004 2563 2348 2636 Carthagine.
2384 2566 2499 2633 Quo
2528 2566 2773 2630 recitato,
2805 2564 2941 2619 idem
2976 2563 3127 2618 dixit.
3171 2561 3441 2619 Unitatem
3475 2575 3604 2631 pos-

2005 2660 2278 2726 sidemus,
2322 2660 2465 2732 quod
2513 2675 2706 2717 omnes
2750 2660 2930 2716 sciunt
2969 2658 3353 2715 Czcsarienses.
3388 2657 3489 2712 Hic
3519 2668 3606 2714 est

2007 2752 2300 2810 Severinus
2346 2751 2495 2826 (2'53)
2521 2795 2536 2818 ,
2590 2752 2754 2808 dicat.
2801 2752 3080 2808 Severinus
3130 2753 3400 2822 episcopus
3447 2749 3604 2806 dixit.

2004 2846 2306 2917 Numquam
2339 2845 2548 2901 habuit.
2575 2843 2648 2899 Et
2681 2847 2931 2900 recitavit.
2965 2845 3272 2902 Mensurius
3312 2844 3606 2914 episcopus

2005 2942 2179 3012 plebis
2223 2940 2651 2997 Medefessitante
2704 2939 2856 3013 (254)
2888 2955 3070 2996 coram
3102 2941 3169 2996 V.
3201 2940 3265 2996 C.
3301 2940 3519 2996 tribuno
3549 2948 3608 2997 et

2006 3033 2225 3089 notario
2279 3033 2590 3088 Marcellino
2637 3033 3005 3103 suprascripta
3062 3032 3316 3088 mandavi
3367 3040 3421 3088 et
3475 3033 3610 3089 sub-

2006 3127 2198 3198 scripsi
2237 3125 2586 3197 Carthagine.
2622 3126 2737 3194 Quo
2766 3127 2978 3184 recitato
3002 3169 3016 3193 ,
3049 3125 3203 3198 [idem
3237 3125 3388 3181 dixit.
3416 3125 3608 3183 Nemi-

2008 3208 2130 3275 nem
2159 3217 2334 3274 habeo
2373 3229 2560 3274 contra
2592 3219 2724 3291 me.]
2767 3219 3154 3274 Valentinianus
3185 3219 3429 3275 diaconus
3451 3219 3606 3275 dixit.

2010 3311 2170 3368 Modo
2199 3311 2364 3367 exivit
2395 3313 2464 3369 de
2492 3327 2743 3382 corpore.
2776 3311 2842 3366 Et
2871 3313 3119 3368 recitavit.
3168 3312 3440 3369 Honorius
3493 3312 3612 3384 epi-

2010 3421 2207 3477 scopus
2239 3421 2335 3476 pro
2360 3405 2616 3462 Januario
2644 3405 2812 3462 fratre
2838 3414 2892 3462 et
2914 3407 3236 3477 coepiscopo
3285 3421 3406 3462 meo
3433 3405 3614 3476 plebis

2011 3499 2270 3556 Casarum
2305 3500 2731 3556 Mcdianensium
2756 3499 2907 3572 (255)
2933 3497 3243 3571 Carthagini
3276 3499 3609 3556 constitutus

2003 3618 2129 3674 dem
2172 3627 2544 3683 monumento,
2569 3632 2716 3673 num.
2753 3615 2893 3685 105,
2923 3616 3013 3673 ubi
3045 3615 3450 3674 Tabadcarensis
3477 3617 3614 3690 legi-

2007 3698 2112 3745 tur.

2079 3757 2232 3828 (248)
2253 3759 2591 3816 Tinticitanx.
2609 3759 2666 3814 ln
2685 3758 2873 3830 eadem
2893 3759 3190 3830 provincia,
3214 3759 3434 3820 ibidem.
3454 3778 3610 3821 num.

2009 3830 2061 3886 6.
2094 3830 2323 3897 Plinius,
2352 3834 2445 3888 lib.
2477 3849 2540 3899 v,
2566 3845 2687 3900 cap.
2712 3831 2766 3898 2,
2803 3829 2986 3886 Tiniici
3028 3831 3168 3887 inter
3208 3831 3454 3891 civitates
3495 3852 3612 3892 mc-

2013 3909 2211 3974 rnorat.
2243 3902 2596 3969 Ptolemxus,
2628 3903 2722 3958 lib.
2753 3918 2963 3974 tv,cap.
2992 3903 3028 3957 2
3049 3943 3066 3972 ,
3102 3903 3292 3959 Timice
3321 3921 3442 3961 cum
3488 3909 3611 3964 aliis

2011 3973 2346 4029 Mauritaniae
2377 3976 2602 4031 urbibus
2629 3982 2893 4032 recenset.

2010 4057 2050 4118 in
2085 4044 2236 4118 (249)
2275 4045 2575 4118 Vallitanw.
2605 4045 2762 4118 Apud
2792 4045 3067 4117 Optatum,
3095 4047 3188 4103 lib.
3219 4065 3289 4114 ιι,
3320 4049 3378 4104 fit
3407 4055 3613 4108 mentio

2009 4115 2269 4187 Bonifacii
2324 4117 2576 4174 Ballitani
2631 4115 2873 4187 episcopi
2934 4119 3334 4174 Donatistarum
3396 4120 3604 4176 Romae.

2021 4186 2213 4240 Vallim
2248 4187 2301 4241 in
2344 4187 2714 4255 proconsulari
2766 4189 2946 4243 locant
2977 4188 3318 4244 ltinerarium
3349 4190 3610 4249 Antonini

2010 4267 2065 4311 et
2111 4257 2307 4333 tabulae
2335 4257 2784 4333 Peutingerianae.
2824 4258 2878 4333 In
2918 4259 3151 4333 concilio
3194 4259 3612 4333 Carthaginiensi

2011 4343 2138 4382 ann.
2292 4370 2306 4392 ,
2329 4327 2747 4413 spbuBo'tiifacio
2772 4330 3062 4388 subscribit
3091 4331 3378 4389 Restitutus
3396 4327 3608 4407 episco-

2012 4415 2108 4471 pus
2135 4399 2297 4468 plebis
2335 4399 2630 4457 Vallitante.
3436 4399 3448 4407 ’

2017 4548 2026 4552 Δ
2070 4468 2638 4552 _(2§0)“Taprurensis._
2661 4472 2770 4552 Hie
2785 4474 2937 4552 locus
2986 4473 3256 4552 Taparuru
3285 4486 3509 4552 vocatur
3554 4481 3609 4539 in

2014 4540 2208 4622 tabulis
2226 4541 2702 4622 .Peutingerianis,
2727 4544 3006 4622 Tapltrura
3048 4540 3188 4622 apud
3217 4550 3570 4622 Ptolomaeum
3588 4595 3605 4622 ,

2008 4621 2064 4692 et
2103 4610 2369 4692 Taplt_rr_1_a
2401 4610 2594 4692 Plinio.
2626 4610 2726 4692 llic
2764 4610 2819 4672 ili
2859 4634 2962 4692 ms.
2987 4610 3611 4692 rcodice'Taprurensis}

2006 4691 2063 4763 at
2093 4697 2212 4753 cap.
2243 4685 2612 4763 187,_di_c_itu_r
2640 4687 2898 4763 (aprum.
2939 4691 3088 4747 Situs
3127 4701 3210 4746 est
3247 4685 3316 4747 in'
3333 4695 3610 4763 provincia

2005 4752 2284 4834 pyzaCena
2307 4752 2372 4834 et;
2389 4757 2445 4834 in_
2456 4758 2639 4834 limite
2663 4752 2984 4834 Numidico,
3014 4772 3070 4816 ut
3094 4752 3370 4834 colligitur
3395 4779 3462 4820 ex
3483 4766 3614 4824 Pto-

2007 4823 2204 4902 le’innzeo
2217 4836 2279 4902 et
2298 4829 2496 4902 tabulis
2522 4824 2973 4902 Peutingerianis.

2009 4895 2611 5020 inéfmzntiiutsitensis
2661 4895 2906 4960 Silanae.
2952 4905 3117 4976 Cujus
3158 4907 3456 4978 provinciae
3497 4909 3609 4981 sit,

2009 4980 2296 5024 Incertum.

2085 5036 2238 5124 (252)
2269 5039 2747 5124 ιγιμνσοηεηείεε-ῐη
2793 5046 3479 5124 Mauritania__Ctesariensi
3507 5096 3522 5120 ,
3555 5063 3614 5110 ut

2011 5107 2171 5196 docet
2197 5107 2387 5196 notitia
2417 5131 2565 5170 num.
2594 5117 2735 5196 lO2__,
2761 5118 2851 5196 ubi
2874 5120 3073 5196 dicitur
3100 5107 3480 5181 Marconensis;
3509 5107 3617 5181 in};

2017 5188 2093 5262 tet
2120 5194 2201 5262 εἱ
2221 5185 2403 5262 verbis
2447 5187 2800 5262 sequentibus
2829 5189 2974 5247 hunc
3004 5192 3177 5249 locum
3208 5210 3331 5253 esse
3357 5196 3616 5252 Maurita-

2018 5251 2123 5306 niae
2161 5249 2532 5312 Ctesariensis.

2091 5321 2243 5451 (2538
2287 5324 2584 5412 Severinus.
2633 5330 2937 5404 Episcopus
2965 5333 3290 5394 Castellanus
3319 5338 3373 5393 in
3416 5339 3617 5395 Mauri-

2091 5410 2168 5448 rna
2244 5411 2542 5451 tesanensi.

2024 5402 2168 5449 tanta
2199 5402 2542 5455 Caesariensi.

2098 5464 2248 5540 (254)
2274 5466 2706 5553 Δίρεςιείεεεὶιιυιςξιζ
2729 5471 2787 5530 ιιι
2806 5477 3090 5553 provincia
3116 5481 3414 5553 Byzacena,
3443 5491 3502 5536 ut
3525 5495 3619 5551 pa-

2026 5545 2103 5624 tet
2131 5553 2196 5593 ex
2223 5545 2436 5624 notitia,
2459 5559 2608 5624 utut):
2639 5545 2739 5624 57A,
2768 5547 2858 5604 ubi
2878 5545 3307 5624 Menefessiianus
3332 5545 3624 5624 episcopus

2024 5623 2499 5695 commemoratur.
2533 5614 2856 5695 genefeseo’s
2885 5623 2938 5676 in
2963 5614 3194 5695 By'zacio
3209 5614 3454 5695 meminit
3481 5614 3619 5677 Pro-

2026 5683 2246 5764 Caprius,
2266 5683 2334 5764 de
2360 5684 2503 5740 bello
2533 5683 2760 5764 Yand'al.
2792 5691 2886 5764 lib.
2919 5683 3140 5764 u.'c_ap.

2101 5753 2252 5834 (25$)
2289 5752 2536 5834 Casarum
2553 5759 2608 5812 Μ
2612 5752 2988 5817 edianensium.
3017 5752 3162 5834 Casta
3181 5761 3543 5824 Mcdianenscs
3566 5763 3623 5827 in

2027 5820 2274 5881 Numidia
2295 5867 2309 5895 ,
2345 5836 2402 5883 ut
2426 5827 2586 5888 docet
2602 5834 2815 5901 notitia,
2851 5849 3000 5888 uuln.
3027 5833 3116 5889 29.
