4130 6170
573 263 711 338 tatis

1488 272 1716 334 casn
1754 253 2214 340 COLLATIONIS
2249 258 2875 350 CARTHAGINENSIS.

3644 247 3648 251 λ
3736 267 3875 328 ists

554 400 839 470 praesente
867 392 931 450 V.
963 391 1023 448 C.
1059 390 1275 448 tribuno
1301 397 1358 446 ct
1405 390 1619 447 notario
1647 389 1958 448 Marcellino
1981 406 2170 460 supra-
2196 402 2247 464 Α
2276 401 2386 446 tum
2415 391 2627 463 suscepi
2653 433 2666 457 ,
2700 399 2754 447 et
2780 389 3096 461 subscripsi.
3125 387 3237 457 Quo
3277 390 3522 456 recitato,
3555 387 3684 443 idem
3713 389 3873 442 dixit.

557 489 762 560 scripta
788 483 1037 556 mandavi
1067 493 1122 541 et
1138 499 1236 555 pro
1265 498 1332 542 eo
1369 482 1687 554 subscripsi.
1721 481 1836 550 Quo
1851 483 2088 550 recitato,
2117 493 2163 538 et

560 581 824 637 accedente
842 578 1098 633 Januario
1117 577 1358 648 episcopo
1379 574 1658 641 catholico,
1681 576 1818 630 idem
1841 575 1989 630 dixit.
2020 574 2062 630 E
2085 573 2165 629 di-

559 686 718 730 verso
746 681 828 728 est
847 670 1337 740 mihiAimilianus.
1357 669 1423 726 Et
1439 668 1687 726 recitavit.
1716 667 2029 726 Adeodatus
2050 667 2166 739 epi-

557 781 756 838 scopus
773 764 946 837 plebis
982 762 1392 824 Simidiccensis
1413 760 1766 836 (25:5)coram
1789 761 1852 818 V.
1868 762 1930 817 C.
1949 761 2166 818 tribuno

557 869 612 918 et
641 861 853 918 nctario
884 858 1202 915 Marcellino
1231 858 1600 928 suprascripta
1647 854 1900 914 mandavi
1943 863 1996 910 et
2036 852 2166 910 sub—

558 953 754 1025 scripsi
802 951 1152 1024 Carthagine.
1189 953 1303 1020 Quo
1333 951 1543 1014 recitato
1567 991 1581 1018 ,
1613 950 1749 1004 idem
1779 948 1930 1004 dixit.
1965 947 2166 1002 Catho-

557 1046 663 1104 lica
692 1055 797 1103 est.
835 1044 1131 1102 IIabetdeus
1163 1045 1413 1098 diaconus
1442 1043 1596 1098 dixit.
1629 1041 1747 1097 Non
1774 1039 2059 1098 habemus.
2094 1036 2163 1094 Et

559 1142 812 1198 recitavit.
839 1140 950 1210 Ego
977 1139 1279 1194 Restitutus
1305 1138 1594 1208 episcopus
1624 1150 1720 1205 pro
1748 1134 2026 1194 Solemnio
2049 1132 2166 1190 col—

555 1233 674 1304 loga
725 1246 849 1288 meo
892 1231 1065 1302 plebis
1111 1229 1428 1301 Tigisitance
1479 1227 1635 1300 (9.57)
1687 1234 1955 1297 praesente
1995 1224 2062 1278 V.
2098 1223 2160 1280 C.

561 1324 780 1382 tribuno
812 1333 865 1381 et
895 1322 1110 1379 notario
1145 1321 1462 1384 Marcellino
1503 1319 1871 1401 suprascripta
1906 1317 2162 1393 mandavi

559 1426 613 1474 ct
643 1415 939 1487 subscripsi
961 1415 1306 1486 Carthagine.
1345 1415 1458 1482 Quo
1484 1415 1698 1470 recitato
1719 1457 1733 1479 ,
1767 1413 1904 1468 idem
1934 1413 2087 1470 dixit.
2121 1411 2165 1466 E

557 1509 774 1565 diverso
801 1519 884 1564 est
914 1508 1260 1566 Paschasius.
1294 1506 1360 1562 Et
1387 1506 1656 1561 accedente
1680 1503 1994 1570 Patcltasio,
2027 1502 2164 1560 idem

559 1603 711 1659 dixit.
760 1605 1012 1674 Agnosco
1040 1602 1212 1657 illum.
1267 1599 1333 1654 Et
1379 1600 1631 1656 recitavit.
1672 1599 2002 1671 Lampadius
2043 1597 2162 1668 epi-

556 1710 757 1767 scopus
784 1695 960 1766 plebis
977 1693 1335 1750 Tiseditensis
1363 1693 1519 1766 (258)
1547 1707 1734 1750 coram
1757 1690 1820 1746 V.
1853 1689 1916 1746 C.
1950 1689 2164 1746 tribuno

557 1798 612 1845 et
641 1791 856 1846 notario
894 1789 1208 1856 Marcellino
1247 1788 1614 1860 suprascripta
1644 1785 1904 1844 mandavi
1943 1795 1997 1842 et
2035 1784 2163 1840 sub-

555 1883 749 1953 scripsi
785 1881 1134 1953 Carthagine.
1184 1882 1298 1947 Quo
1343 1881 1590 1944 recitato,
1641 1880 1778 1934 idem
1817 1878 1965 1932 dixit.
2003 1877 2046 1932 E
2078 1877 2160 1931 di-

556 1990 716 2030 verso
745 1975 851 2048 [est
888 1974 1020 2029 mihi
1048 1973 1313 2028 Donatus.
1347 1971 1418 2027 Et
1456 1972 1723 2028 accedente
1758 1971 1960 2026 Donato
1981 2012 1996 2037 ,
2024 1970 2161 2023 idem

555 2064 732 2138 dixit].
774 2064 1027 2137 Agnosco
1074 2065 1246 2120 illum.
1282 2064 1348 2118 Et
1393 2066 1645 2120 recitavit.
1687 2064 1988 2135 Cyprianus
2039 2061 2158 2132 epi-

552 2174 754 2230 sc0pus
793 2159 967 2231 plebis
997 2158 1492 2216 Tuburbitanorum
1525 2159 1789 2228 Maiorum
1816 2157 1969 2230 (2)9)
2019 2171 2159 2228 prte-

550 2262 706 2310 scntc
756 2251 818 2308 ν.
867 2251 929 2308 C.
976 2251 1196 2308 tribuno
1243 2260 1300 2310 et
1347 2252 1562 2308 notario
1607 2251 1924 2308 Marcellino
1965 2265 2158 2320 supra-

551 2346 754 2416 scripta
787 2344 1037 2410 mandavi
1075 2353 1130 2400 et
1158 2343 1459 2414 subscripsi
1497 2342 1845 2417 Carthagine.
1879 2342 1992 2412 Quo
2023 2345 2157 2402 reci-

549 2445 688 2506 tato,
711 2436 849 2493 idem
874 2437 1028 2492 dixit.
1059 2435 1103 2492 Ε
1133 2435 1354 2492 diverso
1384 2443 1470 2492 est
1506 2434 1756 2491 Rutinus.
1793 2435 1860 2491 Et
1883 2437 2158 2494 accedente

553 2527 774 2599 Ruﬁno,
810 2530 948 2586 idem
977 2529 1131 2585 dixit.
1165 2530 1416 2602 Agnosco
1457 2528 1634 2584 illum.
1667 2527 1734 2584 Et
1772 2530 2021 2586 recitavit.
2052 2530 2159 2586 Do-

551 2621 802 2677 natianus
846 2622 1138 2694 episcopus
1167 2621 1341 2693 plebis
1387 2620 1654 2680 Zellensis
1696 2621 1852 2692 (260)
1888 2632 2158 2692 praesente

549 2715 616 2771 ν.
665 2715 732 2771 C.
789 2714 1008 2772 tribuno
1054 2723 1110 2770 et
1158 2715 1376 2772 notario
1427 2713 1739 2770 Marcellino
1787 2717 2154 2786 suprascripta

546 2807 795 2864 mandavi
827 2819 880 2864 et
911 2806 1208 2879 subscripsi
1240 2805 1585 2879 Carthagine.
1617 2808 1730 2877 Quo
1751 2811 1993 2877 recitato,
2021 2811 2157 2865 idem

546 2901 695 2956 dixit.
721 2901 764 2958 E
795 2901 1011 2956 diverso
1035 2900 1210 2955 habeo
1241 2899 1566 2958 Natalicum.
1600 2900 1667 2955 Et
1693 2904 1959 2958 accedente
1987 2901 2156 2958 Nata-

547 2994 645 3048 lico
673 2995 934 3065 episcopo,
958 2993 1095 3049 idem
1118 2994 1266 3047 dixit.
1289 2991 1540 3064 Agnosco
1569 2993 1738 3050 illum.
1765 2994 1857 3070 [Et
1877 2994 2153 3068 recitavit.]

619 3086 741 3142 156.
775 3087 1007 3159 Alypius
1033 3088 1325 3156 episcopus
1355 3086 1612 3141 Ecclesia:
1637 3087 1922 3144 catholicae
1950 3088 2152 3161 Tagas-

2267 481 2486 539 Utinatn
2514 482 2969 555 quemadmodum
2993 481 3238 554 'l‘agastis
3270 481 3493 552 antiqua
3525 481 3728 536 unitate
3749 497 3879 553 gau-

2267 576 2395 644 det,
2425 579 2496 633 ita
2524 579 2686 634 etiam
2710 578 2778 635 de
2807 579 3018 634 caeteris
3050 577 3178 634 locis
3208 577 3562 648 gaudeamus.

2344 669 2463 725 137.
2500 668 2787 726 Petilianvs
2813 671 3080 745 episcOpus
3103 669 3251 723 dixit.
3280 667 3420 724 Mala
3461 678 3544 724 est
3579 668 3761 722 unitas
3790 667 3879 721 in-

2265 763 2537 826 nocentia:
2583 772 2636 818 et
2689 762 2950 820 criminis.
3006 761 3124 816 Non
3174 769 3404 831 possunt
3448 771 3676 834 utraque
3721 758 3879 829 juxta

2267 856 2507 911 misceri.
2541 853 2610 910 Et
2637 856 2743 910 alia
2787 872 2964 911 manu.
3012 854 3310 912 Pctilianus
3372 854 3668 927 episcopus
3713 867 3878 908 reco-

2265 949 2448 1019 gnovi.
2467 947 2534 1004 Et
2564 949 2819 1004 recitavit.

2343 1043 2465 1099 158.
2499 1042 2831 1113 Augustinus
2879 1041 3170 1112 episcopus
3217 1040 3481 1097 Ecclesiae
3532 1039 3879 1111 Hipponien-

2265 1133 2405 1200 sium
2431 1132 2884 1206 regiorum.(262)
2901 1132 3212 1204 Carthagini
3242 1131 3578 1188 constitutus
3601 1141 3883 1203 praesente

2265 1229 2384 1284 viro
2436 1228 2740 1285 clarissimo
2790 1227 3010 1284 tribuno
3051 1235 3108 1282 et
3147 1224 3358 1280 notario
3405 1223 3723 1280 Marcellino
3775 1223 3880 1280 hoc

2268 1321 2578 1380 mandatum
2611 1321 2826 1392 suscepi
2853 1328 2910 1376 et
2937 1318 3254 1389 subscripsi.
3287 1317 3400 1386 Quo
3427 1317 3645 1371 recitato
3668 1359 3682 1379 ,
3715 1326 3761 1371 et
3793 1333 3879 1370 ac—

2267 1416 2478 1471 cedente
2507 1415 2776 1486 episcopo,
2809 1413 2947 1468 idem
2975 1411 3126 1468 dixit.
3161 1413 3410 1482 Agnosco
3437 1409 3612 1465 illum.
3648 1409 3715 1463 Et
3749 1412 3881 1464 reci-

2268 1510 2410 1563 tavit.
2438 1507 2753 1565 Vinccntins
2777 1506 3065 1578 episcopus
3089 1504 3342 1560 Ecclesia:
3361 1503 3698 1560 Culusitanm
3719 1504 3876 1577 (205)

2266 1599 2578 1672 Carthagini
2609 1600 2972 1668 constitutus,
3022 1607 3289 1669 praesente
3335 1595 3401 1652 V.
3445 1595 3510 1651 C.
3563 1596 3781 1651 tribuno
3826 1607 3882 1652 et

2268 1693 2482 1748 notario
2519 1691 2832 1748 Marcellino
2862 1691 2967 1745 hoc
3017 1689 3326 1747 mandatum
3374 1690 3598 1759 suscepi
3641 1690 3878 1745 et'sub-

2191 1815 2240 1882 Β
2270 1787 2486 1857 scripsi.
2533 1785 2649 1851 Quo
2676 1786 2923 1850 recitato,
2959 1785 3090 1838 idem
3120 1783 3270 1838 dixit.
3309 1782 3589 1838 catholica
3623 1790 3730 1838 est.
3768 1781 3880 1836 Ila-

2264 1877 2472 1933 betdeus
2500 1878 2750 1932 diaconus
2789 1876 2943 1931 dixit.
2980 1875 3207 1941 Habuit,
3241 1874 3334 1932 sed
3376 1875 3546 1931 modo
3576 1874 3880 1930 communi-

2263 1972 2400 2036 cavit
2436 1971 2587 2042 ipsis.
2621 1969 2690 2024 Et
2717 1970 2970 2024 recitavit.
3005 1970 3332 2025 Fortunatus
3359 1969 3658 2042 episcopus
3693 1968 3877 2024 Eccle-

2257 2065 2359 2128 sia:
2372 2061 3019 2138 (lmtstantiniensisaiil)
3037 2063 3152 2118 Carl
3165 2061 3342 2134 hagini
3363 2063 3721 2132 constitutus,
3741 2078 3878 2135 pne-

2261 2168 2416 2214 sentc
2443 2156 2508 2213 γ.
2543 2155 2606 2212 C.
2653 2157 2870 2214 tribuno
2899 2169 2954 2214 et
2981 2155 3190 2212 notario
3234 2155 3556 2213 Marcellino
3588 2157 3700 2212 hoc
3729 2171 3875 2211 man-

2261 2251 2446 2306 datum
2502 2249 2663 2324 275
2715 2249 2929 2322 suscepi
2977 2257 3033 2306 et
3070 2247 3388 2319 subscripsi.
3441 2247 3559 2318 Quo
3621 2249 3876 2318 recitato,

2262 2341 2398 2396 idem
2423 2341 2571 2397 dixit.
2606 2341 2644 2396 Ε
2676 2339 2898 2400 diverso
2941 2339 3112 2397 habeo
3141 2339 3493 2398 Petilianum.

2276 2424 2292 2431 ’
2338 2433 2463 2490 159.
2505 2433 2798 2488 Pctilianus
2838 2434 3111 2504 episcopus
3143 2433 3297 2488 dixit.
3334 2433 3456 2505 Ipse
3492 2442 3573 2490 est
3608 2432 3876 2490 Ecclesia:

2261 2537 2579 2600 persecutor
2605 2528 2658 2584 in
2687 2528 2879 2584 eadem
2908 2528 3127 2584 civitate
3157 2529 3245 2584 ubi
3277 2543 3379 2600 ego
3405 2529 3705 2600 episcopus
3729 2545 3866 2584 sum.

2261 2623 2506 2679 Aurelius
2553 2624 2820 2694 episcOpus
2860 2619 3111 2677 Ecclesia:
3147 2620 3421 2678 catholica:
3451 2621 3872 2694 Carthaginensis

2259 2717 2410 2772 dixit.
2461 2715 2528 2770 Et
2571 2715 2735 2786 paulo
2764 2723 2890 2772 ante
2936 2713 3207 2786 jaculatus
3247 2730 3307 2771 es
3353 2715 3610 2786 injuriam
3640 2756 3655 2782 ,
3686 2725 3739 2771 et
3767 2732 3871 2770 non

2258 2809 2536 2880 recepisti.
2593 2807 2914 2863 Fortunatus
2967 2808 3241 2878 episcopus
3294 2805 3552 2863 Ecclesia:
3603 2807 3873 2862 catholicae

2259 2903 2410 2957 dixit.
2445 2901 2502 2957 In
2532 2901 2720 2958 eadem
2751 2901 2974 2957 civitate
3019 2901 3088 2954 ab
3137 2899 3410 2956 hmreticis
3447 2903 3633 2956 omnia
3681 2902 3871 2956 altaria

2257 2996 2532 3054 confracta
2571 3005 2714 3051 sunt.
2764 2993 3053 3050 Pctilianus
3093 2996 3365 3067 episcopus
3395 2995 3549 3049 dixit.
3603 2994 3871 3052 Persecu-

2257 3099 2430 3146 torem
2473 3097 2528 3166 te
2562 3105 2684 3146 esse
2712 3098 2832 3144 acta
2855 3090 3190 3144 contineant.
3223 3088 3369 3144 Loco
3395 3102 3497 3145 suo
3528 3087 3724 3146 audies
3753 3104 3875 3159 qua:

543 3181 713 3259 tensis
763 3181 915 3255 (261)
961 3178 1280 3252 Carthagini
1327 3180 1658 3236 constitutus
1711 3193 1981 3251 praesente
2030 3187 2148 3239 viro
2177 3197 2222 3261 ο
2255 3185 2503 3240 mereris.
2564 3182 2630 3237 Et
2673 3183 2922 3238 recitavit.
2971 3181 3396 3238 Fortunatianus
3433 3183 3730 3253 episcopus
3773 3183 3874 3238 Ec-

541 3276 843 3344 .clarissimo
868 3275 1086 3330 tribuno
1125 3281 1181 3331 et
1211 3274 1422 3331 notario
1451 3272 1762 3330 Marcellino
1790 3273 1898 3352 hoc
1921 3275 2146 3332 manda-

614 3414 766 3486 (‘256)
801 3413 1214 3486 Simidiccensis.
1247 3411 1304 3466 In
1350 3409 1628 3486 provincia
1660 3411 2053 3486 proconsulari.
2082 3409 2144 3486 in

541 3482 774 3543 concilio
803 3483 1219 3552 Carthaginensi
1247 3498 1376 3536 ann.
1415 3482 1551 3548 419,
1587 3482 1688 3538 iste
1725 3483 2035 3538 Adeodatus
2063 3482 2147 3538 di-

541 3559 685 3613 citur
712 3567 822 3612 tum
847 3556 898 3610 in
929 3556 1116 3610 codice
1138 3554 1346 3608 Canon.
1373 3553 1586 3608 Eccles.
1618 3552 1810 3621 Alric.,
1834 3561 1946 3608 tum
1976 3555 2027 3607 in
2054 3570 2146 3608 co-

539 3625 661 3683 dice
688 3628 872 3683 Canon
903 3625 1220 3681 Ecclesiast.
1253 3639 1316 3679 ex
1348 3624 1606 3696 Dionysio
1634 3623 1839 3696 Exiguo
1865 3624 2146 3696 Simidicus

541 3701 810 3771 episcopus
832 3739 848 3764 ,
879 3700 932 3753 in
958 3697 1149 3771 Graeco
1169 3695 1497 3771 Atinatxt‘t‘nt‘l
1518 3695 1704 3771 ;_malAe
1737 3704 1924 3771 autem
1946 3698 1996 3750 in
2027 3695 2144 3751 edi-

540 3765 688 3825 tione
715 3765 1016 3826 Labbzeana
1047 3765 1396 3832 Simitdensis,
1418 3783 1512 3822 seu
1529 3766 1854 3822 Sumitettsis.
1880 3765 2033 3822 Unus
2063 3777 2149 3824 est

542 3857 574 3896 c
601 3841 792 3911 legatis
821 3840 1115 3911 provincia:
1143 3839 1565 3911 proconsularis.

611 3907 766 3981 (2'57)
800 3907 1116 3980 Tigisitante.
1146 3907 1296 3964 'lllius
1338 3909 1546 3981 scilicet
1585 3923 1705 3981 quae
1751 3909 1805 3963 in
1852 3907 2102 3965 Numidia
2126 3953 2140 3978 ,

549 3997 656 4036 non
691 3979 833 4037 illius
859 3979 982 4051 qua:
1015 3982 1067 4034 in
1107 3981 1422 4051 Mauritania
1454 3979 1810 4051 Caesariensi;
1845 3996 1967 4034 nam
2007 3985 2141 4036 sub-

539 4054 730 4109 scribit
753 4069 849 4123 pro
878 4048 1157 4107 Solemnio
1187 4049 1474 4123 Ijestitutus
1509 4048 1917 4123 Novasiunensis
1944 4052 2145 4123 episco-

538 4142 636 4196 pus
676 4128 731 4179 in
753 4121 1039 4179 Numidia.
1066 4123 1151 4196 iDe
1193 4121 1486 4196 Tigisitanis
1515 4121 1736 4177 sedibus
1766 4121 1988 4178 consule
2036 4139 2137 4180 n0-

539 4193 646 4251 lum
672 4196 743 4252 65
763 4239 776 4261 ,
809 4197 861 4250 in
889 4196 982 4250 lib.
1015 4195 1260 4260 tOptati.
1282 4234 1298 4259 ,
1328 4208 1382 4263 p.
1420 4193 1507 4247 15.

609 4269 758 4341 (258)
791 4265 1384 4341 Tiseditensis._i33|uzio
1412 4263 1554 4341 idem
1580 4273 1749 4341 e§t_ac
1773 4263 2134 4341 Tididitanus,

573 4347 626 4394 ui
660 4341 713 4394 in
740 4336 933 4394 'n0titia
964 4336 1231 4391 Numidia:
1258 4351 1406 4390 num.
1437 4336 1508 4390 24
1528 4379 1541 4399 ,
1587 4336 1869 4392 Holstenio
1899 4336 2039 4391 idem
2072 4352 2137 4392 ac

573 4356 626 4394 lli
660 4357 713 4394 Ill
745 4356 933 4394 nouua
964 4356 1231 4391 munitum
1258 4356 1406 4390 num.
1438 4356 1541 4399 24,
1587 4356 1869 4392 110ιὸ161110
1899 4356 2039 4391 luent
2072 4356 2132 4392 π

537 4356 841 4480 g’iﬁltettsis,
861 4411 950 4480 qui
966 4411 1017 4463 in
1034 4407 1223 4462 notitia
1247 4407 1576 4480 Mauritania:
1589 4406 1961 4480 Caesariensis,
1979 4409 2132 4464 n.15.

613 4482 764 4562 (in?)
793 4478 1265 4562 Tuburbitanorum
1299 4478 1584 4562 Maiorum.
1616 4478 1673 4562 in
1700 4481 1980 4562 proyincia
2013 4496 2139 4550 pro-

2254 3277 2435 3333 clesiae
2481 3275 2755 3332 Siccensis
2799 3273 2952 3348 (265)
2978 3272 3295 3347 Carthagini
3321 3273 3698 3343 constitutus,
3729 3289 3874 3344 pra--

2250 3428 2399 3467 nnm.
2433 3411 2572 3478 H8,
2607 3421 2730 3467 nota
2759 3411 2952 3466 civitas
2989 3427 3055 3466 ex
3111 3408 3397 3482 Augustini
3431 3417 3488 3465 et
3535 3411 3721 3482 Alypii
3772 3427 3872 3467 no-

2252 3485 2508 3539 minibus.
2539 3483 2596 3538 ln
2625 3483 2884 3538 Antonini
2934 3481 3217 3538 ltinerario
3259 3481 3439 3538 media
3474 3481 3692 3540 locatur
3722 3487 3864 3540 inter

2256 3555 2557 3629 Hipponem
2571 3556 2777 3629 regium
2799 3564 2856 3629 et
2886 3553 3268 3629 Naragarram.

2326 3623 2477 3714 (26%?
2510 3623 2948 3708 Hipponiensium
2987 3623 3271 3714 regiorum.
3312 3623 3679 3708 Noti'ssitnum
3720 3639 3871 3710 vetc-

2252 3696 2398 3752 ribus
2431 3696 2747 3764 Emporium
2783 3697 2834 3750 in
2880 3714 2971 3752 ora
3011 3696 3310 3761 Numidiae,
3361 3697 3524 3766 cujus
3570 3699 3869 3757 meminere

2253 3769 2484 3835 Strabo,
2513 3769 2866 3834 Ptolemaeus,
2900 3768 3209 3824 Antoninus
3252 3768 3303 3820 in
3335 3766 3662 3834 llinerario,
3707 3771 3869 3826 Silius

2254 3839 2469 3895 Italicus
2490 3881 2506 3906 ,
2537 3839 2736 3910 aliique
2763 3850 3004 3906 veteres,
3051 3839 3196 3895 inter
3221 3837 3517 3893 Tabracam
3555 3851 3610 3895 et
3649 3841 3863 3895 Cirtam.

2257 3911 2385 3984 llaec
2412 3913 2538 3966 urbs
2572 3912 2871 3984 Augustini
2923 3911 3239 3984 episcopatu
3285 3919 3556 3983 quantum
3589 3914 3866 3968 nobilitata

2252 3982 2417 4053 fuerit
2446 3981 2658 4053 vixdici
2680 3981 2882 4053 potest.

2324 4052 2478 4124 (265)
2510 4051 2848 4109 Culusi'tame.
2896 4053 2952 4108 In
3004 4051 3279 4124 provincia
3335 4055 3715 4123 proconsulari
3744 4096 3760 4116 ,
3810 4066 3869 4110 ut

2250 4123 2410 4179 dooet
2454 4125 2642 4179 notitia
2691 4142 2839 4180 num.
2871 4127 2961 4182 33.
3008 4123 3323 4179 Vincentius
3367 4125 3531 4196 hujus
3572 4127 3867 4196 episcopus

2250 4197 2349 4249 fuit
2373 4212 2510 4250 unus
2524 4212 2585 4250 ex
2603 4197 2898 4261 actoribus,
2921 4196 2987 4252 de
3001 4197 3317 4265 quibusjatn
3343 4197 3580 4252 diximus
3600 4199 3653 4250 in
3675 4198 3865 4260 prmia-

2251 4266 2398 4322 tione
2437 4267 2748 4340 Geszorum.
2786 4267 3086 4340 Marcianus
3120 4269 3402 4340 episcOpus
3447 4269 3613 4340 plebis
3654 4268 3865 4322 Calusi-

2251 4348 2390 4392 tanw
2435 4339 2677 4393 interluit
2714 4341 2945 4394 concilio
2985 4337 3400 4409 Carthaginiensi
3433 4342 3536 4395 sub
3580 4339 3863 4394 Bonifacio

2248 4424 2377 4464 anu.
2408 4409 2538 4466 5'25.
2571 4411 2635 4483 ljlt
2661 4411 2935 4483 synodicae
2950 4410 3350 4483 episcoporum
3405 4410 3701 4483 provincia:
3731 4428 3860 4480 prn-

2249 4483 2550 4536 consularis
2578 4480 2631 4536 in
2673 4480 2906 4538 concilio
2945 4480 3297 4537 Lateranensi
3331 4481 3435 4534 sub
3467 4485 3701 4536 Martino
3733 4483 3859 4537 sub-

536 4549 836 4626 consulari,
859 4567 1004 4619 nam,
1025 4559 1083 4606 ut
1107 4549 1533 4626 observavimus,
1551 4551 1748 4626 oppida
1775 4549 2023 4626 ejusdem
2038 4567 2138 4606 no-
2168 4551 2223 4613 D
2248 4553 2441 4626 scribit
2460 4551 2646 4626 Petrus
2665 4553 2934 4626 episcopus
2968 4551 3210 4626 Ecclesia;
3236 4550 3637 4626 Cttlc‘iian-enﬂl.

536 4625 718 4690 minis,
747 4639 976 4696 quorum
999 4639 1162 4677 unum
1187 4621 1388 4677 dicitur
1417 4624 1623 4692 majus,
1653 4621 1883 4676 alterum
1913 4624 2093 4678 minus
2117 4666 2132 4691 ,

535 4697 716 4754 solent
743 4711 870 4753 esse
891 4696 1088 4750 vicina.

531 4785 550 4788 ··
607 4769 760 4841 (260)
793 4767 1040 4841 Zeilettsis
1061 4781 1155 4821 seu
1181 4765 1360 4841 potius
1385 4761 1686 4841 Telensi-sin
1715 4763 1992 4841 provincia
2013 4781 2140 4841 pro-

535 4833 831 4901 consulari,
852 4848 911 4892 ut
949 4837 1112 4892 docet
1150 4833 1361 4900 notitia,
1392 4849 1540 4887 num.
1572 4834 1672 4896 l4.
1703 4849 1828 4891 nam
1859 4833 2135 4892 Natalicus

535 4909 696 4980 hujus
736 4910 1082 4980 adversarius
1121 4906 1358 4980 Tetensis
1387 4905 1678 4980 episcopus
1687 4906 1884 4961 dicitur
1911 4908 1964 4962 in
1997 4924 2131 4963 con-

535 4975 660 5036 cilio
688 4979 1156 5036 Cabarsussitano.
1190 4979 1407 5048 Littera:
1451 4975 1496 5030 Ζ
1541 4984 1595 5031 et
1627 4975 1678 5048 Ι
1711 4991 1857 5048 smpe
1881 4993 2130 5035 commu-

535 5059 736 5107 tantur.
762 5051 1181 5122 Attamenalius
1201 5059 1286 5105 est
1314 5047 1602 5122 episcopus
1622 5046 1852 5104 Tetensis
1883 5066 1947 5122 ex
1979 5063 2130 5122 parte

534 5123 728 5178 Donati
757 5123 974 5179 nomine
995 5120 1170 5190 Felix,
1190 5135 1310 5192 cap.
1333 5118 1461 5188 207,
1487 5118 1858 5192 undecolligit
1882 5118 2133 5178 Baluzins

533 5192 733 5249 Zettam
761 5209 788 5246 a
818 5192 945 5247 Tela
979 5195 1219 5250 ditl'erre.
1261 5191 1371 5249 Sed
1411 5193 1530 5247 tleri
1577 5191 1778 5260 potuit,
1809 5200 1866 5246 ut
1905 5193 2010 5249 duo
2040 5210 2131 5252 es-

533 5277 655 5320 sent
685 5265 925 5335 episcopi
958 5265 1251 5320 Donatistae
1273 5263 1516 5335 ejusdem
1545 5264 1731 5335 urbis,
1756 5273 1848 5320 aut
1869 5266 2127 5322 mendum

532 5337 606 5408 s_it
645 5340 696 5392 in
721 5332 956 5408 nomine
995 5332 1330 5408 posterioris.
1374 5333 1506 5389 Nam
1532 5332 1863 5408 _Natalicum
1901 5339 1991 5408 qui
2030 5335 2122 5393 hic

533 5405 781 5464 Zetlensis
827 5407 1024 5460 dicitur
1060 5418 1115 5461 et
1159 5407 1438 5461 Donatiani
1481 5405 1863 5473 adversarius,
1908 5405 2124 5465 constat

521 5477 800 5535 Telensem
814 5476 980 5532 fuisse
991 5478 1300 5546 episcopum
1312 5491 1381 5533 ex
1403 5474 1634 5533 concilio
1649 5475 2120 5536 Cabarsussitano.

533 5552 590 5606 in
619 5551 875 5624 synodica
899 5547 1276 5624 episcOporum
1317 5549 2046 5624 provincimnproconsularis
2068 5551 2123 5606 in

532 5615 760 5695 concilio
787 5615 1139 5695 Lateranensi
1165 5615 1374 5695 legitur
1387 5634 1595 5695 nomen
1614 5615 1870 5692 Bonifacii
1897 5622 2126 5695 episcopi

536 5693 788 5751 Telensis.
819 5693 979 5751 Zellte
1006 5691 1139 5748 alias
1168 5691 1314 5746 nulla
1346 5691 1407 5744 ﬁt
1435 5693 1658 5748 mentio.

603 5767 758 5838 (ist)
797 5765 1148 5838 Tagastensis.
1174 5762 1232 5820 In
1277 5761 1562 5830 Numidia,
1603 5773 1665 5820 ut
1706 5763 1867 5822 docet
1908 5764 2120 5836 notitia,

2321 4623 2474 4696 (2154)
2499 4622 2963 4696 Constantiniensis
2992 4639 3086 4678 seu
3137 4623 3423 4696 Cirtensius
3468 4622 3529 4678 in
3579 4623 3854 4679 Numidia.

2251 4695 2392 4751 Urbs
2417 4695 2681 4750 Numidia:
2721 4695 2984 4762 celebris;
3019 4697 3145 4749 olim
3194 4695 3353 4766 regia
3375 4695 3711 4751 Massinissa:
3745 4697 3852 4751 Me-

2247 4766 2478 4838 tropolis
2525 4767 2700 4838 civilis
2744 4769 2908 4838 totius
2956 4765 3221 4820 Numiditc
3249 4765 3271 4819 :’
3310 4765 3510 4838 Meltu,
3555 4767 3850 4833 Straboni,

2247 4836 2450 4893 Caesari
2477 4879 2492 4904 ,
2525 4836 2704 4904 Livio,
2738 4837 2891 4893 Plino
2914 4879 2928 4901 ,
2961 4837 3283 4907 caeterisque
3327 4837 3588 4909 omnibus
3619 4838 3853 4909 Geogra-

2249 4909 2371 4981 phis
2414 4920 2560 4981 nota.
2603 4909 2658 4963 ln
2700 4909 2954 4964 Antonini
2993 4906 3276 4963 Itinerario
3318 4923 3423 4979 pro
3469 4906 3616 4964 Cirta
3653 4906 3852 4981 legitur

2240 4980 2408 5034 Circa.
2471 4979 2539 5034 Et
2575 4981 2628 5036 in
2671 4981 2861 5036 notitia
2907 4981 3285 5051 episc0porum
3327 4981 3601 5051 Numidia:
3632 4979 3850 5037 creent:

2238 5065 2454 5123 quoque
2485 5052 2701 5122 legitur.
2733 5050 3075 5107 Constantina:
3100 5066 3299 5109 nomen
3325 5050 3493 5109 habet
3533 5069 3564 5108 a
3599 5054 3846 5108 Constan-

2237 5123 2346 5178 tino
2371 5122 2569 5195 Magno
2589 5165 2602 5188 ,
2633 5132 2689 5179 et
2713 5139 2855 5195 nunc
2889 5123 3183 5178 etiamnum
3218 5123 3322 5178 hoc
3352 5125 3577 5180 nomine
3598 5125 3841 5180 donatur.

2311 5193 2484 5268 (265)
2517 5195 2792 5268 Siccensis.
2843 5193 2899 5250 In
2947 5195 3235 5268 provincia
3274 5198 3703 5268 proconsulari,
3761 5195 3844 5268 ubi

2235 5266 2368 5322 urbs
2418 5266 2571 5322 Sicca
2619 5266 2836 5321 Veneria
2874 5266 3028 5336 cujus
3063 5267 3312 5322 meminit
3342 5269 3659 5323 Antoninus
3682 5271 3736 5322 in
3762 5267 3844 5321 lti-

2232 5338 2469 5394 nerario.
2515 5339 2679 5408 Cujus
2701 5340 2863 5393 etiam
2907 5339 3153 5392 meminit
3191 5337 3517 5408 Procopius,
3550 5340 3691 5394 libro
3715 5354 3754 5394 tt
3781 5339 3839 5392 de

2231 5409 2380 5465 bello
2413 5407 2718 5482 Vandalic.,
2752 5409 2932 5465 Victor
2952 5409 3221 5482 Vitensis,
3273 5419 3328 5482 et
3368 5407 3709 5482 Augustinus
3735 5451 3749 5469 .
3790 5418 3836 5482 et

2233 5482 2454 5537 Tabulm
2497 5481 2948 5552 Peutingeriante.
2990 5481 3162 5551 Hujus
3201 5481 3499 5552 episcOpus
3529 5481 3835 5552 subscripsit

2235 5555 2476 5623 epistolae
2531 5553 2906 5623 episcoporum
2973 5553 3264 5623 provinciae
3319 5554 3734 5621 proconsularis
3786 5552 3830 5604 in

2235 5625 2468 5680 concilio
2496 5625 2847 5680 Lateranensi
2889 5624 2990 5679 sub
3031 5623 3286 5689 Martino,
3314 5633 3371 5678 et
3399 5623 3594 5682 Castus
3632 5644 3662 5677 a
3694 5623 3829 5677 Sicca

2236 5713 2400 5769 unus_
2419 5704 2503 5752 est
2543 5697 2920 5769 episcoporum
2947 5696 3124 5769 quiin
3153 5695 3387 5751 concilio
3427 5691 3831 5769 Carthaginensi

2235 5768 2338 5824 sub
2365 5766 2632 5841 Cypriano
2661 5768 2986 5825 sententiam
3015 5766 3288 5825 dixerunt.
