4130 6170
507 335 646 392 1519

1429 321 1650 383 GESTA
1693 316 2150 380 COLLATIONIS
2185 314 2815 377 CARTHACINENSIS.

3673 309 3821 366 1520

501 447 869 522 suprascripta
913 438 1161 498 mandavi
1195 439 1271 514 [et
1313 437 1657 510 subscripsi.]
1705 436 1818 504 Quo
1845 435 2062 490 recitato
2087 473 2103 496 ,
2131 432 2462 508 Acxpedit,
2496 431 2550 487 id
2582 443 2808 487 necesse
2851 433 2936 482 est
2961 467 2976 494 ,
3019 430 3077 481 ut
3121 438 3245 481 cum
3287 435 3449 479 causa
3486 431 3782 492 peroratur
3807 464 3825 490 ,

504 542 920 599 Fortunatianus
986 535 1260 607 episcopus
1319 529 1569 586 Ecclesia:
1633 527 1900 583 catholica:
1954 523 2104 579 dixit.

505 634 704 692 Custos
755 639 839 687 est
875 627 1199 685 tabularum.
1268 623 1661 679 Valentinianus
1706 619 1958 675 diaconus
2003 615 2110 688 epi-

502 726 646 794 scopi
676 723 932 778 Primiani
959 720 1114 775 dixit.
1156 717 1428 773 Emeritus
1462 723 1548 771 est
1579 713 1712 769 illic.
1741 711 1806 766 Et
1843 708 2114 765 accedente

508 819 776 887 Emerita,
825 815 963 872 idem
1019 813 1171 870 dixit.
1223 813 1476 884 Agnosco
1525 824 1668 865 eum.
1733 805 1803 861 Et
1857 804 2110 860 recitavit.

510 912 813 969 Restitutus
863 908 1151 981 episcOpns
1199 903 1528 974 Tagoreusis
1591 899 1745 973 (273)
1803 894 2114 967 Carthagini

510 1005 836 1063 constitutus
879 1008 1149 1072 praesente
1187 998 1304 1053 viro
1351 993 1655 1051 clarissimo
1697 989 1910 1047 tribuno
1937 1000 1985 1044 et
2023 1001 2118 1042 no-

515 1100 654 1156 tario
672 1090 1381 1163 Marcellino,suprascripta
1402 1084 1652 1142 mandavi
1679 1082 1760 1156 [et
1773 1075 2118 1150 subscripsi.]

520 1194 638 1260 Quo
670 1191 903 1255 recitato,
929 1183 1344 1241 Fortunatianus
1370 1180 1646 1251 episcopus
1668 1175 1918 1230 Ecclesia:
1944 1171 2123 1226 catho-

517 1287 632 1342 lica:
670 1284 823 1339 dixit.
865 1282 1036 1337 Etiam
1076 1279 1191 1349 ipse
1218 1284 1402 1332 custos
1429 1283 1514 1329 est
1554 1270 1879 1327 tabularum.
1933 1263 2124 1319 Valen-

519 1379 747 1434 tinianus
786 1374 1033 1429 diaconus
1073 1369 1303 1442 episcOpi
1351 1365 1609 1420 Primiani
1659 1362 1812 1417 dixit.
1870 1357 1990 1414 Non
2028 1355 2124 1410 ha-

520 1472 731 1529 bemus.
765 1467 832 1524 Et
865 1467 1116 1522 recitavit.
1153 1463 1263 1520 Leo
1305 1462 1592 1532 episcOpus
1636 1453 1916 1525 municipii
1969 1450 2121 1521 Mop-

522 1564 692 1622 tensis
727 1560 877 1635 (276)
917 1557 1245 1628 Carthagine
1277 1554 1603 1611 constitutus
1643 1554 1914 1622 praesente
1953 1544 2019 1600 V.
2059 1543 2124 1598 C.

524 1658 742 1727 tribuno
769 1663 826 1710 et
854 1652 1066 1710 notario
1106 1649 1420 1706 Marcellino
1459 1645 1828 1718 suprascripta
1872 1637 2126 1696 mandavi

523 1762 581 1810 et
619 1745 934 1818 subscripsi.
971 1745 1087 1812 Quo
1123 1744 1372 1810 recitato,
1413 1740 1549 1794 idem
1593 1738 1742 1802 dixit.
1793 1735 1976 1790 ilabeo
2021 1731 2127 1787 Fc-

2213 540 2336 581 cum
2393 525 2545 596 prius
2593 523 2871 594 incipitur,
2918 529 2976 576 ut
3019 519 3178 576 etiam
3225 531 3476 590 personae
3519 526 3824 582 constent,

2213 629 2358 676 stare
2409 618 2652 690 singulos
2707 617 2936 684 deceat,
2981 615 3172 685 quibus
3197 613 3381 670 subire
3409 611 3688 682 contingit
3716 611 3832 667 dis-

2215 713 2538 785 ceptationis
2566 725 2815 767 examen.
2867 707 2938 764 Et
2989 710 3094 765 alia
3130 724 3305 764 manu.
3373 706 3683 763 Petilianus
3714 705 3833 777 epi-

2216 822 2417 877 scopus
2457 805 2774 876 recognovi.

2293 887 2417 942 146.
2449 886 2793 940 Marcellinus
2815 883 2894 938 vir
2907 883 3223 938 clarissimus
3247 880 3486 936 tribunus
3509 889 3561 934 et
3590 878 3834 934 notarius

2219 979 2372 1035 dixit.
2405 978 2670 1046 Quoniam
2699 976 2876 1032 oblata
2916 984 3130 1032 recusat
3167 974 3426 1030 sanctitas
3453 981 3643 1028 vestra
3666 1015 3682 1040 ,
3716 985 3842 1043 pars

2221 1073 2310 1130 illa
2341 1073 2622 1130 tractanda
2649 1081 2764 1140 est,
2798 1082 2857 1128 ut
2880 1073 3003 1144 quia
3033 1072 3370 1142 sicutyoluit
3396 1081 3584 1128 vestra
3617 1053 3839 1142 religio,

2223 1167 2602 1224 universorum
2652 1167 2741 1238 qui
2791 1167 3231 1237 subscripserunt
3266 1165 3646 1223 demonstrata
3701 1182 3842 1237 prte-

2223 1259 2397 1315 sentia
2419 1267 2523 1326 est,
2545 1257 2842 1315 secundum
2873 1259 3098 1315 formam
3125 1259 3363 1316 caelestis
3393 1259 3645 1325 oraculi,
3673 1275 3842 1329 spon-

2225 1353 2395 1410 sionis
2449 1368 2665 1425 quoque
2711 1363 2908 1410 vestrae
2958 1369 3267 1420 memores,
3307 1352 3562 1424 deligatis
3609 1352 3847 1408 idoneos

2226 1431 2425 1503 vestrm
2472 1447 2680 1503 scilicet
2731 1446 3047 1502 assertionis
3090 1455 3342 1511 actores,
3401 1444 3605 1516 quibus
3657 1444 3847 1514 dispu-

2229 1541 2466 1597 tantibus
2497 1584 2511 1607 ,
2541 1553 2704 1612 atque
2734 1541 3096 1596 multitudinis
3125 1541 3266 1596 sicut
3303 1550 3434 1596 ante
3471 1539 3682 1610 placuit
3711 1555 3844 1595 con-

2229 1633 2441 1690 fusione
2470 1635 2680 1691 seclusa
2707 1677 2722 1702 ,
2751 1634 2914 1706 plene
2945 1635 3151 1704 possint
3184 1633 3436 1690 universa
3463 1635 3750 1705 cognosci.

2303 1728 2429 1782 147.
2480 1726 2744 1782 Emeritus
2776 1729 3047 1798 episcopus
3082 1727 3237 1784 dixit.
3276 1726 3387 1783 Res
3437 1727 3490 1781 in
3534 1727 3683 1783 vado
3724 1738 3848 1793 est,

527 1845 705 1902 licem.
752 1841 824 1896 Et
869 1838 1140 1895 accedente
1167 1835 1345 1891 Felice
1371 1876 1385 1900 ,
1413 1833 1549 1887 idem
1579 1830 1731 1886 dixit.
1774 1829 2023 1900 Agnosco
2062 1824 2129 1879 il—
2157 1845 2206 1906 Β
2234 1819 2605 1876 mandantium
2633 1835 2859 1891 persona
2884 1835 3120 1891 praesens
3143 1830 3249 1888 est,
3273 1819 3601 1876 mandatum
3637 1836 3851 1891 quoque

532 1936 663 1993 lum.
696 1933 768 1989 Et
792 1931 1042 1988 recitauit.
1074 1928 1322 1986 Asterius
1356 1925 1644 1995 episcopus
1672 1920 1842 1992 plebis
1879 1915 2128 1974 Vicensis
2234 1912 2492 1979 ferimus;
2545 1912 2638 1968 sed
2697 1922 2754 1967 ut
2800 1922 3044 1968 actorum
3099 1912 3232 1968 ﬁdes
3275 1913 3443 1968 etiam
3489 1927 3615 1967 cum
3670 1921 3853 1968 nostra

531 2031 685 2103 (277)
709 2025 1034 2098 Carthagine
1059 2023 1388 2080 constitutus
1407 2033 1592 2076 coram
1617 2015 1684 2072 ν.
1711 2015 1794 2071 Cl.
1833 2012 2051 2068 tribuno
2075 2016 2132 2065 et
2235 2005 2635 2079 subscriptione
2674 2004 3032 2076 adstipulatur
3057 2047 3073 2072 ,
3107 2016 3160 2061 et
3194 2005 3461 2076 professio
3489 2005 3817 2061 recitabitur
3835 2046 3850 2070 ,

533 2101 746 2180 notario
779 2118 1090 2177 Marcellino
1139 2109 1572 2188 [suprascripta]
1619 2105 1869 2165 mandavi
1901 2114 1959 2162 et
2002 2102 2135 2160 sub-
2238 2109 2294 2156 et
2333 2116 2456 2172 qua:
2491 2101 2543 2155 in
2578 2101 2775 2172 placito
2803 2101 3108 2171 subscripta
3154 2109 3323 2168 sunt,
3372 2102 3515 2157 actis
3547 2103 3850 2158 haerebunt.

533 2215 747 2288 scripsi.
785 2214 900 2282 Quo
927 2213 1160 2279 recitato,
1189 2209 1324 2265 idem
1355 2207 1505 2262 dixit.
1537 2206 1595 2261 In
1628 2204 1748 2276 ipso
1773 2201 1893 2258 solo
1921 2213 2133 2256 mecum

536 2311 676 2367 alius
700 2309 988 2381 episcopus
1024 2321 1133 2361 non
1197 2312 1300 2360 est.
1347 2302 1415 2356 Et
1451 2299 1722 2356 accedente
1767 2295 1976 2354 Urbano
2024 2294 2136 2365 epi-

425 2450 434 2457 .
534 2421 711 2479 scopo,
751 2403 889 2458 idem
918 2400 1080 2456 dixit.
1111 2399 1256 2455 Deus
1284 2396 1466 2464 videt,
1497 2394 1623 2466 quia
1668 2406 1777 2448 non
1805 2390 1956 2447 illum
1988 2385 2135 2444 novi.

613 2497 738 2554 4M.
774 2492 1109 2551 Marcellinus
1123 2492 1202 2547 uir
1229 2489 1548 2545 clarissimus
1569 2486 1804 2541 tribunus
1825 2493 1874 2539 et
1902 2483 2139 2538 notarius

537 2592 692 2649 dixit.
733 2588 1056 2647 Iamdudum
1085 2599 1171 2640 me
1209 2582 1469 2639 obtulisse
1507 2578 1776 2635 sanctitati
1821 2585 2024 2633 vestrae
2054 2580 2142 2629 sat

537 2695 748 2744 certum
804 2692 924 2751 est,
979 2691 1039 2738 ut
1089 2676 1418 2750 competenti
1483 2673 1784 2731 reverentia
1812 2713 1828 2740 ,
1889 2669 2144 2728 sedentes

539 2779 722 2837 omnia
751 2776 1056 2834 tractaretis
1084 2791 1098 2829 :
1128 2772 1394 2845 siquidem
1420 2769 1555 2826 mihi
1575 2781 1868 2824 onerosum
1890 2778 2012 2820 esse
2035 2776 2145 2817 non

543 2873 764 2940 nescio,
815 2865 898 2927 tot
934 2866 1336 2926 venerabilibus
1388 2862 1521 2918 viris
1571 2860 1837 2918 stantibus
1880 2855 2144 2912 residere.

543 2967 702 3026 Unde
729 2965 817 3022 vel
846 2978 991 3020 nunc
1029 2957 1373 3018 multitudine
1409 2961 1746 3028 sequestrata
1773 2993 1788 3014 ,
1829 2949 2022 3007 sedere
2058 2945 2147 3002 di-

548 3059 811 3134 gnemini.

620 3142 744 3199 145.
801 3137 1093 3195 Petilianus
1143 3131 1410 3207 episcopus
1463 3128 1618 3185 dixit.
1671 3125 1896 3198 Agimus
1947 3123 2149 3195 gratias

2242 2191 2310 2248 Et
2336 2194 2440 2247 alia
2474 2209 2650 2247 manu.
2682 2192 2958 2249 Emeritos
2985 2194 3271 2264 episcopus
3300 2195 3624 2265 recognovi.

2317 2287 2440 2342 148.
2473 2285 2810 2342 Marcellinus
2837 2288 2912 2341 vir
2937 2287 3262 2342 clarissimus
3291 2288 3526 2342 tribunus
3545 2297 3594 2343 et
3619 2289 3858 2344 notarius

2245 2379 2397 2435 dixit.
2444 2380 2767 2452 Susceptum
2811 2381 3124 2437 mandatum
3162 2381 3231 2438 ab
3266 2382 3453 2439 ofﬁcio
3478 2384 3762 2440 recitetur.
3797 2384 3858 2439 Et

2247 2490 2364 2529 cum
2412 2475 2776 2543 tradidissent,
2809 2474 3125 2547 Rufinianus
3148 2476 3414 2532 subscriba
3443 2479 3704 2532 recitavit.
3736 2479 3860 2534 Pest

2248 2568 2594 2652 consulatum
2646 2567 2876 2624 Varanis
2933 2569 3033 2624 viri
3085 2568 3381 2626 clarissimi
3434 2581 3632 2626 octavo
3681 2571 3861 2626 kalen-

2248 2661 2438 2717 darum
2470 2661 2750 2718 Iuniarum
2771 2661 3497 2734 CarthaginiJunuarianus,
3532 2663 3860 2731 Primianus,

2251 2757 2404 2814 Felix
2429 2799 2445 2824 ,
2477 2758 2719 2813 Donatus
2745 2798 2759 2824 ,
2803 2755 3105 2813 Candorius
3129 2798 3146 2824 ,
3183 2757 3412 2828 Optatus
3433 2801 3450 2826 ,
3493 2759 3863 2823 Donatianus,

2252 2851 2624 2916 Antonianos,
2683 2849 3064 2916 Victorianus,
3120 2849 3300 2906 Fortis
3360 2860 3419 2906 et
3473 2852 3698 2919 creteri,
3749 2852 3868 2907 Pri-

2253 2945 2467 3009 miano,
2525 2941 2820 3010 Petiliano,
2874 2941 3154 3008 Emerito,
3216 2941 3508 3009 Protasio,
3571 2943 3867 3006 Montano,

2255 3035 2561 3093 Gaudentio
2585 3076 2598 3100 ,
2632 3034 2913 3090 Adeodato
2938 3034 3279 3105 coepiscopis
3325 3033 3531 3089 nostris
3572 3045 3871 3105 prmsentes

2254 3130 2614 3203 praesentibus
2653 3129 2904 3186 salutem.
2936 3127 3253 3184 Mztndamus
3283 3126 3443 3183 vobis
3486 3127 3747 3184 Ecclesiae
3781 3127 3872 3182 Dei

549 3230 975 3291 honoriﬁcentia:
1005 3236 1111 3284 tuae
1137 3269 1150 3294 ,
1181 3225 1264 3281 vir
1291 3221 1487 3280 nobilis
1512 3263 1528 3289 ,
1557 3218 1701 3292 quod
1734 3218 1859 3274 talis
1903 3230 1967 3271 ac
2004 3223 2147 3270 tanta

2257 3240 2509 3292 causam,
2553 3209 2996 3291 defensoresque.
3020 3235 3117 3276 vos
3169 3219 3400 3275 facimus
3453 3219 3724 3277 adversus
3769 3227 3906 3273 ιιιιο.

547 3337 634 3386 est
668 3337 758 3383 tua
792 3326 966 3398 pietas
986 3366 1001 3390 ,
1025 3332 1084 3379 ut
1106 3319 1458 3379 benemeritis
1489 3316 1622 3372 viris
1647 3310 2153 3384 antiquissimisque

547 3419 921 3478 sacerdotibus
948 3426 1004 3473 et
1043 3424 1122 3471 tot
1147 3412 1580 3483 persecutionum
1600 3406 1796 3479 palmis
1812 3402 2153 3469 ﬂorentibus,

552 3511 694 3568 hanc
722 3509 1108 3580 benignitatem
1148 3514 1408 3576 prmstare
1455 3499 1698 3572 digneris
1734 3507 1794 3554 ut
1838 3494 2156 3568 gravissima

551 3615 808 3664 senectus
831 3645 846 3671 ,
873 3617 997 3674 quae
1023 3608 1212 3656 ornata
1253 3605 1337 3654 est
1373 3595 1532 3652 annis
1557 3604 1613 3650 et
1655 3593 1863 3648 meritis
1887 3589 2002 3646 suis
2022 3629 2036 3655 ,
2070 3601 2160 3642 se-

549 3697 730 3755 dendo
780 3682 904 3754 ses'e
944 3694 1192 3762 reﬁciat,
1225 3707 1294 3748 ne
1328 3688 1523 3746 stando
1549 3687 1755 3743 diutius
1793 3683 2045 3740 laborare
2086 3681 2162 3737 vi-

555 3791 779 3857 deatur,
827 3805 897 3844 ne
941 3788 1028 3844 hic
1062 3801 1275 3858 quoque
1313 3784 1466 3840 labor
1510 3788 1704 3836 oneret
1733 3777 1976 3834 modicas
2014 3775 2160 3831 vires

556 3882 873 3940 senectutis.
901 3879 1010 3936 Sed
1036 3879 1290 3950 quoniam
1314 3876 1458 3931 vires
1480 3872 1739 3930 Dominus
1758 3869 2159 3932 subministrat,

553 3975 838 4046 ipsamque
885 3968 1245 4027 reverendam
1300 3974 1642 4023 senectutem
1692 3962 1822 4017 facit
1875 3976 1996 4016 esse
2054 3958 2164 4014 for-

559 4069 752 4124 tiorem
775 4107 791 4134 ,
844 4079 950 4121 non
990 4060 1393 4126 erubescimus,
1431 4073 1539 4114 non
1567 4069 1874 4123 .veremur,
1914 4068 2020 4108 non
2057 4050 2165 4106 evi-

560 4173 737 4219 tamus
767 4167 820 4216 te
848 4157 1118 4216 residente
1153 4198 1170 4226 ,
1198 4155 1281 4210 vir
1322 4151 1550 4219 nobilis,
1601 4149 1832 4206 libenter
1869 4145 2160 4202 adsistere.

556 4253 832 4328 Siquidem
864 4252 965 4309 hoc
991 4266 1093 4307 nec
1113 4249 1364 4306 Christus
1395 4247 1681 4314 Dominus,
1701 4249 1888 4298 noster
1914 4238 2166 4296 vitaverit

560 4363 686 4405 cum
731 4353 860 4402 ante
901 4343 1188 4417 praesidem
1237 4341 1459 4399 stetisse
1502 4338 1757 4410 dignatus
1794 4344 1877 4393 est
1903 4376 1918 4402 ,
1962 4342 2164 4406 quanto

565 4441 738 4512 magis
777 4454 876 4496 nos
913 4455 1020 4494 non
1055 4448 1371 4493 recusamus
1397 4474 1411 4500 ,
1455 4447 1578 4489 cum
1617 4439 1677 4486 tu
1704 4426 2071 4494 honoriﬁcus,
2109 4435 2165 4480 tu

558 4535 738 4608 justus
762 4575 777 4601 ,
826 4541 882 4589 tu
915 4545 1205 4601 reverens,
1241 4539 1297 4585 tu
1327 4527 1590 4599 benignus
1615 4565 1629 4590 ,
1657 4523 1798 4579 hanc
1819 4521 2016 4576 oﬁ'eras
2043 4533 2168 4590 gra-

2260 3318 2466 3375 ditores
2497 3322 2984 3387 persecutoresque
3015 3320 3233 3367 nostros
3257 3351 3273 3378 ,
3310 3311 3403 3382 qui
3450 3325 3554 3365 nos
3586 3310 3642 3365 in
3667 3310 3875 3378 judicio

2258 3410 2362 3466 viri
2408 3405 2695 3465 clarissimi
2737 3403 3052 3476 spectabilis
3082 3403 3284 3458 tribttni
3315 3410 3372 3456 et
3409 3403 3611 3457 notarii
3647 3400 3874 3456 Marcel-

2261 3502 2400 3570 lini,
2432 3516 2530 3573 per
2560 3496 3008 3570 supplicationem
3051 3511 3204 3551 suam
3251 3495 3538 3566 proposito
3569 3493 3751 3550 edicto
3798 3493 3877 3545 in-

2260 3594 2502 3665 quietare
2527 3591 2814 3646 voluerunt
2845 3631 2860 3655 ,
2884 3598 2944 3644 ut
2969 3603 3154 3642 eorum
3187 3587 3593 3642 intentionibus
3650 3601 3875 3656 respon~

2260 3685 2454 3742 dentis.
2483 3683 2749 3753 Quicquid
2793 3680 3012 3752 egeritis
3041 3693 3139 3750 pro
3166 3686 3307 3734 statu
3333 3687 3544 3734 sanctae
3576 3678 3835 3734 Ecclesiae
3857 3718 3873 3743 ,

2261 3786 2436 3834 ratum
2489 3791 2587 3830 nos
2636 3774 2953 3841 habituros,
3011 3784 3194 3827 nosua
3247 3772 3664 3842 subscriptione
3715 3773 3877 3844 proﬁ-

2265 3880 2462 3927 temur.
2494 3867 2560 3922 Et
2591 3867 2698 3922 alia
2729 3883 2904 3921 manu.
2947 3865 3210 3936 Optamus
3247 3879 3344 3920 vos
3386 3866 3441 3920 in
3477 3865 3712 3921 Domino
3738 3865 3876 3920 bene

2264 3963 2446 4019 valere
2474 3969 2529 4015 et
2551 3958 2724 4015 nostri
2753 3972 3022 4014 memores
3049 3972 3190 4013 esse.
3225 3957 3341 4024 Quo
3371 3960 3610 4014 recitato.

2337 4053 2460 4109 149.
2518 4051 2858 4107 Marcellinus
2902 4052 2980 4106 vir
3017 4051 3338 4106 clarissimus
3379 4051 3622 4105 tribunus
3652 4061 3699 4106 et
3724 4061 3877 4105 nota-

2262 4148 2371 4203 rius
2397 4147 2548 4202 dixit.
2598 4145 3040 4216 Subscriptiones
3081 4145 3239 4216 hujus
3267 4160 3488 4217 quoque
3519 4146 3758 4200 mandati
3795 4162 3882 4200 re—

2264 4239 2535 4313 legantur.
2600 4239 2918 4309 Ruﬁnianus
2981 4238 3150 4292 scriba
3209 4239 3464 4292 recitavit.
3514 4237 3882 4294 Januarianus

2265 4335 2552 4406 episcopus
2602 4332 2923 4390 Casensiutn
2961 4331 3301 4403 Nigrensium
3354 4331 3508 4404 (278)
3560 4333 3687 4387 huic
3726 4349 3883 4386 man-

2266 4428 2395 4486 dato
2427 4437 2614 4485 nostro
2641 4427 2961 4498 subscripsi.
3009 4426 3142 4482 Item
3184 4427 3292 4481 alia
3335 4443 3516 4482 manu.
3570 4428 3885 4483 Primianus

2268 4522 2555 4591 episcopus
2585 4518 3032 4590 Carthaginiensis
3075 4519 3199 4575 huic
3248 4519 3506 4576 mandato
3556 4521 3880 4586 subscripsi.

564 4629 694 4687 tiam
743 4641 865 4700 qua:
902 4625 1000 4682 tibi
1064 4640 1096 4680 a
1140 4622 1371 4680 Domino
1401 4624 1808 4676 remuneratore
1836 4611 2165 4683 dignissimis
2193 4625 2244 4686 ι)
2271 4611 2405 4668 Item
2435 4611 2543 4666 alia
2589 4627 2764 4666 manu.
2797 4609 2948 4666 Felix
2977 4611 3126 4668 urbis
3162 4611 3348 4668 Romae
3393 4612 3687 4683 ερίεοομιιε
3723 4612 3880 4685 (279)

563 4721 804 4794 praemiis
847 4717 1286 4791 frequentissime
1331 4710 1632 4770 referatur?
1680 4707 1737 4763 Id
1779 4713 1959 4761 autem
2003 4704 2161 4760 nobis

564 4861 707 4900 mare
747 4843 1029 4916 aliquando
1057 4840 1297 4916 ignobilis
1320 4881 1335 4908 ,
1354 4852 1499 4916 nunc
1524 4834 1643 4916 quia
1669 4825 1823 4916 ulta:
1847 4829 1988 4912 regia
2020 4829 2118 4916 [ait
2138 4869 2155 4896 ,

566 4927 613 4972 et
640 4915 776 4982 quod
802 4901 1036 4971 Cresarea
1064 4901 1830 4982 docitatur'illustris._SolintIs
1859 4901 2003 4982 regis
2024 4901 2158 4982 Boc:

568 4971 666 5068 ειιί
708 4987 910 5068 τεείοειι
956 4985 1309 5068 postmodum.
1340 4978 1544 5068 tute.
1581 4971 2162 5068 .‘l_'.“_‘1‘39“i“l-P°P.‘i'§

567 5047 800 5114 Romani
837 5047 980 5113 dono
1025 5057 1205 5114 datam
1259 5053 1530 5109 observat.
1581 5047 1735 5104 Nunc
1785 5055 2000 5117 putatur
2041 5058 2165 5117 esse

569 5127 777 5200 Algerii
819 5131 1026 5187 civitas.
1085 5126 1359 5200 Emeritos
1401 5122 1520 5192 ejus
1564 5116 1862 5200 episcopus
1885 5116 2164 5200 Donatista

571 5188 714 5273 unus
740 5199 842 5256 fuit
865 5217 896 5256 e
940 5211 1146 5273 septem
1177 5188 1450 5255 actoribus
1477 5188 1644 5273 partis
1667 5188 1867 5273 Donati
1893 5229 1912 5273 ε
1942 5196 1998 5243 et
2029 5188 2170 5242 Deu-

572 5272 740 5328 terius
789 5259 1088 5328 catholicus
1135 5285 1277 5327 unus
1319 5286 1350 5325 e
1398 5259 1717 5324 custodibus
1767 5259 2071 5317 tabularum
2101 5273 2169 5313 ex

573 5354 726 5415 parte
759 5343 1184 5400 Catholicorum.

585 5403 594 5488 .'
642 5413 797 5496 ωδ)
854 5415 1180 5496 Tantm“-
1211 5409 1628 5496 “nbilam?
1671 5420 1807 5496 ass.
1832 5403 2166 5496 i?._l_’f°°._°.'l‘

573 5476 736 5542 stilari
763 5476 791 5553 ,⁷
833 5476 1112 5543 ηοῖῖἱΙὶίυε
1141 5501 1263 5557 quae
1290 5476 1345 5540 in
1376 5476 1647 5538 Numidia.
1681 5476 1811 5557 Yide
1837 5488 2032 5557 supra,
2053 5478 2165 5525 not.

571 5557 700 5614 201.
733 5544 1022 5614 Restitutus
1051 5561 1098 5614 is
1135 5544 1234 5612 fuit
1275 5569 1412 5611 unus
1444 5569 1477 5609 e
1519 5547 1832 5607 custodibus
1859 5544 2168 5600 chartarum

571 5643 642 5685 ex
665 5640 819 5700 parte
842 5631 1267 5687 Catholicorum.
2092 5680 2104 5690 .

642 5700 796 5774 (276)
852 5700 1156 5774 Moptensis.
1180 5696 1265 5774 _l_n
1305 5692 1654 5774 _Mauri.t.ania
1699 5684 2174 5774 SitifensigiCujus

575 5757 866 5844 provinciae
920 5757 1129 5844 lcgatus
1160 5769 1270 5844 (hic
1297 5767 1407 5822 Leo
1451 5763 1648 5844 a_diuit_
1673 5757 2169 5844 conciliolcartha-

577 5827 796 5913 aiaeiii
806 5827 1106 5905 ann—[319.
1133 5840 1363 5910 Quidam
1391 5833 1608 5896 codices
1635 5833 1837 5891 habent
1867 5827 2170 5886 Moctcnsis.

2272 4705 2399 4762 huic
2429 4702 2683 4760 mandato
2723 4703 3042 4774 subscripsi.
3074 4703 3206 4759 Item
3241 4705 3350 4759 alia
3400 4721 3581 4760 manu.
3635 4705 3889 4760 Donatus

2267 4826 2435 4898 Mopti
2463 4825 2813 4896 municipium
2843 4825 3074 4898 habetur
3120 4827 3173 4882 in
3214 4827 3419 4898 tabulis
3446 4827 3700 4898 Peuting.
3731 4827 3886 4884 Idem

2265 4896 2481 4970 videtur
2521 4911 2641 4970 esse
2679 4913 2801 4970 cum
2845 4896 3132 4970 Mozotensi
3154 4939 3169 4964 ,
3198 4897 3267 4953 de
3294 4913 3404 4970 quo
3437 4901 3492 4954 in
3523 4896 3713 4956 notitia
3753 4901 3887 4955 Siti-

2268 4969 2437 5025 fensis
2467 4966 2778 5038 provincias,
2809 4983 2866 5022 n.
2899 4968 2990 5024 5'5.

2343 5036 2516 5112 (277)
2558 5038 2813 5094 Vicensis.
2860 5039 3026 5112 Forte
3065 5038 3185 5112 Vico
3214 5036 3471 5096 Pacensis
3495 5040 3550 5096 in
3595 5040 3879 5105 Numidia,

2272 5109 2391 5182 quae
2421 5109 2611 5165 ultima
2658 5120 2745 5165 est
2775 5110 2952 5182 sedes
2985 5111 3039 5166 in
3083 5109 3200 5181 ejus
3226 5114 3443 5182 notitia.
3476 5113 3718 5169 Concilio
3748 5116 3884 5167 Car-

2274 5180 2577 5250 thaginiensi
2619 5182 2719 5237 sub
2761 5180 3032 5252 Cypriane
3071 5180 3317 5236 interfuit
3359 5181 3647 5238 Ianuarius
3686 5203 3716 5238 a
3756 5185 3882 5238 Vico

2279 5253 2498 5309 Ctesaris
2521 5294 2536 5317 ,
2565 5254 2704 5324 et_in
2734 5252 2964 5307 concilio
3005 5254 3417 5324 Carthaginensi
3463 5255 3566 5311 sub
3600 5255 3882 5311 Bonifacio

2279 5341 2424 5381 anno
2451 5323 2578 5396 525_,
2609 5322 2977 5396 Florentianus
3009 5322 3448 5396 Vicopacatensis.

2354 5396 2504 5468 (278)
2529 5393 3217 5468 (Iasensium-Nigrensium.
3279 5396 3333 5450 ln
3362 5395 3614 5452 Numidia
3647 5400 3882 5453 famosus

2279 5463 2372 5549 est
2393 5463 2629 5549 Donatus
2661 5463 2865 5549 aCasis
2886 5463 3069 5548 Nigris
3099 5476 3287 5522 auctor
3313 5467 3647 5549 schismatis.
3679 5469 3878 5525 Janua-

2279 5540 2470 5616 rianus
2508 5538 2712 5616 primas
2755 5547 2887 5616 erat_
2915 5538 3296 5616 episcoporum
3320 5538 3688 5616 ﬁumidarum
3715 5543 3879 5611 partis

2279 5607 2508 5673 Donati,
2561 5618 2622 5662 ut
2665 5607 2826 5663 docet
2852 5607 3144 5663 'indiculus
3184 5608 3410 5664 Possidii
3454 5609 3512 5666 in
3543 5607 3732 5670 codice
3755 5612 3880 5667 Col-

2281 5679 2526 5753 bertino,
2565 5687 2628 5753 et
2648 5677 3179 5753 _l_emm_aep._t.xvm
3207 5679 3266 5753 ξ.
3297 5679 3439 5753 Aug.

2353 5749 2509 5828 (279)
2558 5746 2712 5828 Felix
2775 5746 3744 5828 Urbis'ﬁomwzPseudo-episcOpus
3770 5755 3888 5812 sci-

2280 5820 2412 5883 licet.
2434 5821 2792 5881 Montensium
2819 5820 2912 5894 qui
2939 5820 3129 5881 Romae
3149 5821 3452 5897 degebant.
