4130 6170
325 236 460 294 1321

1280 240 1508 298 GESTA
1547 239 1997 298 COLLATIONIS
2035 233 2658 295 CARTHAGINENSIS.

3500 241 3637 298 1522

324 355 618 426 episcopus
670 354 1045 411 Botrianensis
1094 355 1243 428 (280)
1297 357 1421 412 huic
1472 357 1723 412 mandato
1796 357 1921 412 snb-
1955 360 2002 417 A
2034 355 2214 410 Roma
2269 355 2419 408 dixit.
2475 353 2543 407 Et
2582 348 2839 404 mandavi
2893 360 2948 407 et
3000 355 3319 426 subscripsi.
3367 357 3639 411 Possidius

324 449 542 518 scripsi.
579 449 712 503 Item
740 451 847 503 alia
890 467 1063 504 manu.
1115 449 1397 505 Florianus
1445 453 1729 520 episc0pns
1773 451 1922 506 Puti-

322 541 522 597 ziensis
551 540 703 612 (281)
735 541 1052 612 subscripsi.
1102 541 1234 596 Item
1263 543 1370 596 alia
1409 560 1584 597 manu.
1623 541 1924 598 Candorius

322 633 612 704 episcopus
666 632 1031 705 Aggeritanus
1075 635 1389 705 subscripsi.
1425 635 1558 691 Item
1601 638 1706 691 alia
1743 655 1920 692 manu.

324 727 666 783 Antonianus
692 728 978 798 episcopus
999 727 1400 784 Lamsortensis
1422 728 1573 801 (282)
1605 729 1925 800 subscripsi.

329 820 448 888 Quo
477 820 710 874 recitato.

401 912 532 968 150.
568 911 838 967 Possidius
879 912 1150 984 episcopus
1193 911 1440 968 Ecclesia
1469 912 1738 968 catholica
1775 913 1927 968 dixit.

325 1005 652 1062 Noverimus
724 1004 888 1060 etiam
954 1006 1196 1077 ipsorum
1249 1006 1617 1077 praesentiam.
1667 1004 1760 1078 [Et
1827 1006 1935 1061 alia

328 1095 510 1169 manu]
553 1097 883 1168 Recognovi.

407 1189 533 1244 151.
592 1187 928 1243 Marcellinus
978 1189 1055 1243 vir
1095 1190 1412 1244 clarissimus
1464 1190 1701 1245 tribunus
1751 1200 1797 1245 et
1846 1208 1939 1245 no-

326 1283 491 1337 torius
540 1282 689 1337 dixit.
747 1281 880 1338 Tam
925 1285 1238 1339 mandatum
1295 1299 1456 1356 quam
1512 1284 1940 1353 subscriptiones

327 1373 506 1429 eidem
538 1373 878 1430 cohaerentes
905 1375 1073 1444 gestis
1100 1376 1464 1444 prasentibus
1496 1376 1824 1431 inserentur.
1863 1376 1942 1431 Ad

331 1465 636 1536 pleniorem
662 1476 840 1522 autem
875 1465 1032 1520 fidem
1059 1481 1184 1535 pars
1201 1475 1429 1537 utraque
1458 1467 1700 1538 designet
1725 1509 1739 1533 ,
1764 1477 1942 1522 utrum

329 1556 469 1612 nihil
498 1556 569 1612 de
596 1558 796 1612 mutuis
827 1557 1094 1613 mandatis
1127 1568 1349 1613 vocetur
1375 1559 1430 1612 in
1455 1559 1702 1614 dubium.

412 1648 541 1704 £52.
600 1648 846 1703 Aurelius
892 1649 1160 1720 episcopus
1209 1649 1460 1704 Ecclesia
1502 1651 1769 1705 catholica
1819 1650 1948 1706 Car-

2027 449 2304 520 episcopus
2333 446 2587 501 Ecclesia
2610 442 2886 499 catholica
2918 447 3073 502 dixit.
3105 449 3208 506 Ubi
3239 460 3322 507 est
3350 451 3537 506 Felix?
3581 447 3648 502 Et

2027 543 2132 597 alia
2178 559 2362 596 manu.
2393 536 2737 609 Recognovi.

2107 635 2228 690 158.
2272 632 2517 688 Aurelius
2568 631 2847 700 episc0pns
2906 631 3158 692 Ecclesia
3199 636 3466 692 catholica
3495 635 3651 690 dixit.

2035 729 2169 784 Esto
2192 770 2207 794 ,
2239 728 2363 799 quia
2397 725 2547 805 urbis
2588 722 2776 778 Roma:
2821 725 3142 799 episcopum
3173 745 3233 786 se
3262 729 3415 784 dicit.
3475 727 3663 795 Quare

2035 821 2426 893 praejndicatur
2456 815 2674 873 absenti
2705 814 2910 887 (285)?
2942 819 3009 875 Et
3053 821 3160 876 alia
3205 837 3386 876 manu.
3439 820 3657 889 Recog-

2038 932 2184 972 HOVI.

2112 1008 2234 1064 159.
2280 1005 2582 1060 Petilianus
2625 1000 2904 1071 episcopus
2957 1007 3108 1062 dixit.
3161 1008 3294 1077 Quae
3325 1006 3467 1061 ratio
3514 1005 3674 1076 (284)

2040 1099 2147 1154 huc
2190 1115 2313 1154 eum
2345 1097 2610 1154 detulerit
2639 1094 2826 1150 nullus
2867 1097 3104 1168 ignorat.
3137 1101 3495 1156 Nobilitatem
3546 1115 3673 1152 om-

2043 1208 2166 1248 nem
2201 1193 2288 1248 ltic
2337 1207 2464 1248 esse
2511 1189 2818 1244 Romanam
2873 1207 2977 1248 nec
3025 1195 3124 1265 ipsi
3210 1192 3460 1248 nescitis.
3519 1191 3671 1246 Idem

2044 1286 2206 1356 igitur
2232 1287 2390 1341 turbo
2417 1328 2430 1350 ,
2470 1282 2777 1352 eademque
2808 1288 3113 1342 necessitas
3159 1302 3288 1343 eum
3320 1286 3426 1339 huc
3457 1284 3676 1338 detulit.

2045 1379 2119 1436 Ut
2162 1395 2267 1434 non
2321 1378 2623 1434 dissentire
2671 1374 2954 1434 videretur
2984 1394 3011 1432 a
3043 1379 3198 1434 nobis
3225 1419 3240 1445 ,
3285 1387 3341 1432 et
3372 1377 3490 1445 ipse
3521 1391 3676 1430 man-

2047 1473 2216 1529 davit.
2245 1473 2313 1528 Et
2339 1472 2449 1526 alia
2480 1486 2663 1524 manu.
2693 1468 2998 1527 Petilianus
3024 1473 3318 1541 episcopus
3347 1471 3680 1539 recognovi.

2120 1563 2244 1621 160.
2287 1565 2527 1618 Aurelius
2553 1561 2826 1633 episc0pns
2855 1562 3101 1617 Ecclesia
3131 1562 3409 1616 catholica
3443 1558 3671 1615 Cartim-

2049 1658 2183 1730 ginis
2209 1658 2362 1712 dixit.
2393 1656 2675 1713 Potuimus
2696 1663 2752 1710 et
2781 1671 2882 1711 nos
2906 1657 3306 1711 transmarinos
3327 1653 3665 1722 conducere,

331 1741 562 1812 thaginis
617 1741 768 1795 dixit.
823 1741 1132 1796 Secundum
1204 1742 1634 1811 subscriptiones
1704 1743 1942 1798 mandati
1973 1752 2020 1812 Β
2045 1766 2275 1821 quorum
2303 1751 2527 1806 nomina
2552 1747 2883 1804 adderemus
2930 1749 3211 1804 mandato.
3247 1748 3316 1802 Et
3345 1749 3457 1802 alia
3486 1765 3670 1804 manu.

331 1835 531 1906 singuli
613 1842 960 1891 accesserunt
1026 1845 1335 1889 nostrorum
1365 1875 1379 1899 ,
1425 1844 1479 1888 ct
1533 1833 1761 1903 professi
1821 1847 1946 1892 sunt

333 1929 632 1985 mandasse
661 1943 721 1984 se
759 1927 937 1984 nobis.
969 1927 1146 1981 Etiam
1178 1927 1278 1996 ipsi
1309 1926 1411 1981 hoc
1450 1925 1679 1993 faciant,
1714 1937 1771 1983 ut
1821 1930 1947 1984 sub-

334 2021 735 2094 scriptionibus
761 2021 1024 2087 recitatis,
1077 2021 1274 2092 singuli
1321 2003 1951 2090 proﬁteantur‘manda-

335 2116 484 2170 visse
531 2129 592 2169 se
649 2113 878 2184 huicque
925 2111 1180 2167 mandato
1229 2112 1635 2183 subscripsisse.
1718 2112 1782 2166 Et
1845 2113 1950 2168 alia

334 2223 520 2261 manu.
555 2205 887 2275 Recognovi.

412 2299 538 2354 155.
573 2297 912 2353 Marcellinus
955 2298 1032 2353 vir
1069 2297 1389 2353 clarissimus
1434 2297 1672 2352 tribunus
1712 2308 1761 2354 et
1805 2308 1953 2354 nota-

335 2391 446 2445 rius
461 2390 628 2462 277
655 2389 806 2444 dixit.
830 2388 956 2445 ideo
984 2390 1217 2445 transire
1240 2389 1376 2459 jussi
1391 2397 1518 2444 sunt
1543 2390 1737 2460 singuli
1765 2432 1780 2455 ,
1807 2400 1862 2445 ut
1883 2391 1954 2447 de

337 2484 634 2555 praesentia
654 2523 669 2549 ,
725 2497 831 2536 non
862 2481 932 2537 de
971 2480 1311 2552 professione
1339 2488 1634 2539 constaret.
1666 2480 1956 2551 Subscrip-

337 2577 518 2633 tiones
558 2575 706 2630 enim
758 2584 966 2629 tantum
1008 2589 1170 2644 posse
1200 2572 1451 2630 sufficere
1482 2573 1614 2629 nulli
1643 2583 1869 2630 vocatur
1897 2575 1956 2630 in

337 2669 586 2725 dubium.
640 2664 799 2724 Unde
852 2682 998 2723 nunc
1046 2665 1180 2721 illud
1226 2665 1530 2735 quaeritur,
1582 2674 1764 2721 utrum
1805 2677 1952 2722 utra-

339 2777 572 2833 rumque
619 2760 853 2832 partium
906 2759 1162 2816 mandata
1192 2761 1437 2830 utrisque
1469 2758 1714 2830 partibus
1743 2760 1958 2831 placere

339 2855 652 2912 videantur.

411 2951 537 3005 154.
582 2947 824 3003 Aurelius
853 2948 1123 3017 episcopus
1147 2945 1398 3002 Ecclesia
1417 2944 1700 3001 Catholica
1726 2945 1951 3000 Cartha-

342 3042 477 3115 ginis
497 3041 650 3095 dixit.
679 3039 788 3096 Sed
818 3040 1066 3095 volumns
1092 3047 1153 3093 ut
1198 3039 1314 3094 suis
1349 3034 1844 3109 subscriptionibus
1869 3052 1958 3093 re-

2051 1839 2388 1910 Recognovi.

2126 1932 2250 1987 161.
2295 1933 2635 1988 Marcellinus
2656 1934 2734 1987 vir
2754 1934 3080 1987 clarissimus
3099 1933 3340 1988 tribunus
3362 1945 3412 1988 et
3441 1936 3678 1990 notarius

2053 2027 2204 2081 dixit.
2254 2025 2403 2082 Licet
2436 2036 2490 2082 et
2511 2027 2776 2082 sanctitas
2805 2034 2987 2080 vestra
3020 2025 3237 2093 plenius
3262 2036 3670 2096 recognoscat,

2054 2128 2109 2175 et
2145 2118 2416 2189 imperiali
2437 2117 2864 2186 sitauetoritate
2895 2114 3176 2168 definitum
3213 2115 3360 2171 inter
3386 2117 3678 2173 Africana-

2053 2227 2174 2266 rum
2203 2211 2606 2281 provinciarum
2637 2209 2930 2278 episcopos
2960 2221 3047 2260 me
3079 2215 3290 2260 tantum
3309 2207 3515 2263 debere
3546 2224 3674 2278 cog-

2056 2317 2324 2368 noscere,
2377 2312 2556 2357 tamen
2605 2300 2711 2353 hoc
2763 2311 2982 2366 quoque
3021 2296 3138 2350 sine
3177 2299 3502 2366 praeiudicio
3555 2301 3671 2370 epi-

2059 2395 2208 2464 scopi
2239 2393 2392 2449 urbis
2435 2393 2628 2447 Roma:
2653 2431 2669 2457 ,
2701 2389 2830 2442 licet
2857 2403 2925 2441 ex
2955 2385 3228 2458 superﬂuo
3258 2430 3274 2451 .
3323 2390 3560 2447 libenter
3594 2394 3678 2446 itt-

2059 2486 2280 2556 dulgeo.

2133 2578 2261 2634 162.
2302 2577 2549 2633 Aurelius
2577 2573 2848 2642 episc0pns
2881 2568 3127 2626 Ecclesia
3154 2574 3426 2628 catholica
3457 2575 3682 2630 Cartha-

2061 2673 2198 2744 ginis
2223 2671 2373 2726 dixit.
2407 2665 2669 2724 Abundat
2697 2677 2798 2718 nos
2841 2663 3048 2720 absenti
3081 2664 3233 2738 [non]
3261 2669 3682 2739 prtejndicasse.

2064 2763 2152 2819 Ex
2177 2764 2288 2818 alia
2308 2777 2493 2818 manu.
2524 2755 2861 2824 Becognovi.

2138 2857 2263 2915 16⁸5.
2300 2853 2602 2914 Petilianus
2623 2847 2894 2921 episcopus
2913 2851 3062 2906 dixit.
3095 2853 3154 2907 ln
3181 2853 3438 2909 omnibus
3469 2853 3578 2911 hoc
3599 2869 3692 2912 se-

2063 2963 2300 3024 quantur
2330 2957 2392 3007 et
2413 2948 2636 3000 teneant
2663 2981 2678 3003 ,
2709 2955 2766 2995 se
2799 2958 2895 3013 pro
2924 2945 3235 3002 absentibus
3264 2955 3320 3002 et
3351 2951 3688 3005 transmari-

2063 3049 2149 3104 nis
2193 3049 2330 3105 nihil
2388 3052 2512 3096 esse
2561 3035 2856 3093 locuturos.
2907 3039 2973 3094 Et
3021 3041 3126 3095 alia
3165 3058 3346 3096 manu.
3381 3042 3693 3101 Petilianns

347 3133 657 3205 spondeant
685 3146 781 3197 per
805 3132 1228 3188 incolumitatem
1263 3139 1779 3202 tuam,cognoscant
1803 3145 1956 3185 man-
1986 3140 2032 3204 ρ
2063 3143 2374 3212 episcopus
2402 3132 2714 3202 recognovi.
2754 3118 2992 3186 Aurelius
3023 3135 3293 3205 cpiscopus
3321 3133 3574 3191 Ecclesia:
3602 3153 3692 3191 εα-

344 3227 559 3284 davisse
607 3241 706 3292 se,
740 3226 861 3295 quia
892 3239 999 3282 non
1043 3225 1286 3280 interfuit
1333 3225 1639 3282 sublimitas
1687 3236 1774 3283 tua
1821 3243 1944 3283 cum

345 3320 434 3377 ieti
464 3319 886 3376 subscriberent.
943 3318 1096 3388 Quod
1127 3319 1373 3374 clanculo
1404 3317 1683 3387 fecerunt,
1717 3321 1935 3390 publice

345 3413 725 3486 profiteantur.
759 3411 827 3467 Et
855 3412 962 3467 alia
982 3429 1156 3466 manu.
1189 3411 1519 3482 Recognovi.

417 3507 542 3564 155.
588 3506 922 3562 Marcellinus
944 3508 1019 3562 uir
1040 3507 1357 3562 clarissimus
1381 3506 1616 3560 tribunus
1644 3515 1690 3561 et
1705 3509 1943 3564 notarius

347 3603 498 3660 dixit.
527 3602 680 3660 Iusta
732 3614 1065 3673 poscuntur,
1118 3601 1244 3658 licet
1272 3601 1702 3672 subscriptiones
1731 3613 1946 3659 certum

347 3697 418 3753 sit
439 3711 599 3769 posse
625 3695 894 3752 sufﬁcere.

421 3790 546 3848 156.
589 3788 827 3845 Aurelius
851 3787 1119 3858 cpiscopus
1142 3786 1367 3840 ecclesia
1385 3787 1656 3840 catholica
1677 3785 1958 3858 Carthagi-

351 3885 430 3940 nis
450 3885 602 3938 dixit.
627 3881 736 3952 lpsi
763 3895 871 3953 nos.
887 3877 1229 3936 sollicitiores
1258 3876 1637 3934 reddiderunt.

431 3977 556 4032 157.
600 3973 910 4043 Ruﬁnianus
961 3971 1128 4028 scriba
1152 3971 1405 4026 recitavit.
1450 3969 1822 4028 Januarianus
1851 3972 1969 4042 epi-

357 4084 558 4140 scopus
579 4067 894 4124 Casensium
921 4066 1302 4140 [Nigrensium
1319 4063 1362 4137 ].
1400 4063 1469 4117 Et
1496 4081 1617 4118 cum
1660 4065 1925 4121 recitasset
1953 4107 1968 4130 ,

2054 3233 2264 3288 tholica
2297 3225 2646 3298 Carthaginis
2677 3224 2830 3282 dixit.
2868 3225 3121 3281 Abundat
3156 3242 3254 3284 nos
3302 3228 3688 3287 Innocentium

2047 3327 2261 3385 dixisse
2316 3323 2480 3397 urbis
2521 3319 2703 3378 Roma
2742 3334 2863 3376 esse
2892 3319 3221 3389 episcopum.
3256 3320 3324 3374 Et
3357 3321 3468 3375 alia
3496 3339 3676 3378 manu.

2042 3419 2411 3490 Reeognovi.
2447 3416 2753 3486 Ruﬁnianus
2799 3411 2965 3466 scriba
2992 3412 3242 3466 recitavit.
3273 3412 3518 3469 Donatus
3557 3416 3678 3485 epi-

2050 3525 2257 3581 scopus
2281 3507 2696 3567 Botrianensis.
2726 3502 2871 3558 Idem
2894 3502 3042 3557 dixit.
3071 3501 3139 3557 Et
3182 3504 3434 3559 mandavi
3465 3516 3520 3561 et
3550 3509 3684 3563 sub-

2036 3582 2284 3676 scripsi.
2343 3607 2624 3676 Scriptum
2669 3602 2742 3656 sit
2793 3616 2878 3655 me
2921 3614 3025 3653 non
3073 3597 3272 3654 habere
3315 3600 3680 3655 contrarium.

2059 3699 2393 3766 Ruﬁnianus
2441 3696 2611 3751 scriba
2640 3693 2886 3749 recitavit.
2917 3690 3200 3745 Florianus
3236 3689 3526 3760 episc0pns
3571 3693 3676 3748 Pu-

2065 3788 2336 3844 tiziensis.
2375 3788 2446 3842 Et
2476 3804 2591 3841 cum
2617 3787 2897 3850 recitasset,
2920 3781 3217 3836 Primianus
3251 3782 3524 3851 episcopus
3555 3783 3679 3838 Car-

2062 3879 2295 3951 thaginis
2322 3879 2480 3932 dixit.
2517 3878 2615 3934 llic
2641 3876 2783 3946 apud
2805 3873 3188 3944 Carthaginem
3222 3871 3525 3930 infirmatus
3548 3885 3637 3931 est
3662 3895 3674 3930 :

2074 3975 2276 4030 timens
2302 3972 2510 4027 exitum
2541 3987 2700 4026 suum
2734 3967 2992 4042 perrexit,
3021 3967 3132 4038 jam
3163 3967 3582 4038 subscripserat.
3611 3968 3683 4023 Et

2075 4063 2333 4121 recitavit.
2378 4063 2692 4119 Candorius
2741 4064 3030 4133 episcopus
3062 4061 3439 4132 Aggeritanus.
3473 4061 3686 4116 Etcum

357 4162 716 4217 Januarianus
754 4157 1068 4231 [Episcopus
1089 4156 1268 4230 dixit.]
1285 4155 1402 4226 Ego
1421 4165 1475 4210 et
1497 4156 1755 4211 mandavi
1779 4169 1834 4212 et
1850 4156 1981 4211 sub-
2080 4157 2384 4220 recitasset,
2415 4154 2552 4207 idem
2574 4153 2729 4209 dixit.
2763 4153 3009 4208 Mandavi
3038 4161 3094 4207 et
3140 4152 3458 4222 subscripsi.
3498 4153 3685 4209 Habeo

362 4255 576 4325 scripsi.
605 4252 880 4322 Scriptum
914 4251 986 4306 sit
1010 4252 1192 4319 itaque
1216 4263 1307 4302 me
1339 4263 1451 4301 non
1481 4245 1693 4302 habere
1720 4247 1979 4302 adversa-
2081 4246 2443 4304 contrarium.
2490 4243 2561 4298 Et
2601 4246 2853 4300 recitavit.
2905 4245 3173 4300 Antonius
3217 4244 3500 4314 episcopus
3526 4244 3686 4301 Lam.-

365 4347 504 4403 rium
531 4348 764 4418 aliquem
794 4345 863 4401 de
892 4355 1050 4415 parte
1076 4344 1321 4412 ipsorum
1353 4340 1408 4395 in
1436 4340 1599 4410 plebe
1642 4355 1787 4395 mea.
1825 4341 1980 4409 Ruﬁ-
2080 4335 2372 4396 sortensis.
2412 4333 2566 4389 Idem
2611 4336 2765 4390 dixit.
2812 4335 3060 4390 Mandavi
3112 4346 3162 4390 et
3206 4335 3522 4406 subscripsi.
3563 4335 3685 4392 Non

366 4443 553 4495 nianus
575 4440 742 4495 scriba
766 4439 1016 4494 recitavit.
1051 4435 1355 4491 Primianus
1377 4433 1671 4503 episcopus
1692 4432 1976 4502 Carthagi-

368 4535 575 4588 nensis.
614 4532 820 4587 Etcum
861 4532 1127 4586 recitasset
1156 4570 1170 4596 ,
1200 4526 1509 4581 Primianus
1547 4527 1816 4597 episc0pns
1846 4521 1978 4577 Car-

372 4624 596 4694 thaginis
617 4625 768 4678 dixit.
799 4622 1218 4686 Mandaveram;
1249 4617 1345 4674 sed
1374 4631 1477 4687 ego
1518 4617 1620 4671 hoc
1659 4614 1974 4669 mandatum

373 4715 605 4786 suscepi.
636 4713 946 4783 Ruﬁnianus
984 4712 1154 4766 scriba
1198 4709 1451 4764 recitavit.
1497 4707 1652 4763 Felix
1683 4708 1975 4776 episcopus

376 4806 524 4862 urbis
552 4806 760 4861 Roma.
795 4804 863 4859 Et
887 4821 1004 4858 cum
1025 4804 1287 4859 recitasset
1311 4843 1326 4868 ,
1354 4799 1509 4855 Felix
1531 4799 1805 4869 episcopus
1837 4797 1976 4851 urbis

449 4989 604 5062 (280)
633 4987 1014 5062 Botrianensis:
1042 4983 1208 5062 Cujus
1231 4980 1523 5062 provinciae
1553 4978 1970 5062 .sit,.incertum.._

451 5052 602 5131 (281)
632 5061 967 5131 Putiziensis.
987 5052 1196 5131 Duplex;
1234 5052 1414 5131 sedes
1440 5052 1702 5131 futiensis
1733 5052 1980 5131 occurrit

381 5135 433 5189 in
458 5121 687 5196 ‘notiiia;
726 5147 829 5186 una
859 5129 914 5183 in
950 5121 1228 5197 provincia
1263 5124 1704 5197 Numidiennm.
1749 5122 1815 5176 17
1845 5163 1860 5187 ,
1902 5121 1982 5197 al-

382 5215 495 5261 tera
527 5205 577 5258 in
606 5192 885 5274 Byzacena
910 5192 1058 5253 num.
1095 5199 1183 5254 18.
1217 5198 1320 5274 llic
1349 5194 1810 5274 forte_szacena
1862 5192 1980 5260 epi-

383 5265 714 5347 seopusest.
745 5273 910 5347 Alter_
941 5273 1230 5341 episcopus
1278 5267 1541 5323 Putiensis
1573 5265 1848 5318 Donatista
1888 5277 1984 5319 no-

384 5341 710 5404 minchiix
736 5341 1027 5412 reperitur.

437 5436 1048 5512 .(282)_La_msortensis.
1080 5435 1140 5512 In
1179 5433 1429 5512 Numidia
1457 5439 1599 5512 ,‘_ut
1613 5426 1988 5512 docebNotitia

390 5501 543 5568 num.
574 5501 666 5563 25.
698 5508 945 5564 Concilio
969 5504 1389 5576 Carthaginensi
1430 5503 1529 5557 sub
1560 5501 1832 5576 Bonifacio
1861 5517 1988 5576 ann.

389 5583 498 5640 525
560 5580 880 5650 subscripsit
925 5571 1235 5634 Florentius
1290 5575 1560 5643 episcopus
1596 5571 1991 5625 Lamsortensis.

2081 4431 2194 4488 illic
2226 4428 2398 4483 habeo
2438 4425 2835 4484 adverSarium.
2867 4425 2937 4482 Et
2981 4427 3234 4482 recitavit.
3276 4427 3536 4484 Datianus
3569 4430 3688 4499 epi-

2081 4535 2282 4591 scopus
2336 4517 2679 4574 Tamicensis
2730 4517 2904 4591 (285).
2961 4517 3111 4572 Idem
3152 4520 3306 4576 dixit.
3337 4521 3580 4576 Mandavi
3629 4533 3686 4577 et

2081 4608 2380 4682 subscripsi
2409 4627 2421 4662 :
2467 4609 2838 4665 adversarium
2870 4610 2940 4666 ibi
2970 4626 3079 4664 non
3107 4611 3300 4666 habeo.
3331 4611 3399 4665 Et
3428 4613 3680 4667 recitavit.

2084 4704 2429 4776 Victorianus
2453 4701 2746 4772 episcopus
2777 4700 3086 4758 Abissensis
3107 4702 3280 4773 (286).
3314 4703 3383 4758 Et
3408 4720 3526 4758 cum
3554 4706 3685 4760 reci-

2089 4809 2242 4854 tasset
2263 4841 2278 4868 ,
2309 4796 2446 4852 idem
2477 4797 2630 4865 dixit,
2663 4796 2912 4852 Mandavi
2953 4805 3009 4852 et
3050 4798 3346 4868 subscripsi
3386 4816 3399 4852 :
3431 4799 3690 4863 adversa_

2157 4973 2309 5046 (284)
2355 4974 2484 5042 Qua
2532 4976 2688 5046 ratio.
2722 4975 2985 5031 Nimirum
3017 4977 3201 5032 clades
3249 4978 3508 5036 Romana:
3537 4983 3684 5038 urbis

2082 5061 2243 5124 quam
2268 5045 2514 5124 Alaricus
2537 5045 2840 5124 Gothorum
2870 5063 2965 5102 rex
2991 5058 3210 5118 ceperat
3235 5065 3290 5104 ιχ
3310 5049 3417 5106 kal.
3442 5053 3688 5124 Septem—

2083 5117 2196 5174 bris
2218 5118 2342 5172 anni
2358 5117 2687 5186 superioris.
2717 5117 3007 5174 ΒΑιυΖιυε.

2161 5208 2316 5285 (285)
2358 5206 2714 5285 Tamicensis,
2782 5224 2907 5285 non‘
2944 5209 3262 5285 Timicensis.
3335 5213 3468 5267 Nam
3527 5214 3685 5285 hujus

2089 5282 2377 5351 episc0pns
2423 5279 2698 5351 Donatista
2758 5279 3051 5351 vocabatur
3093 5283 3336 5351 Optatus,
3384 5294 3444 5338 ut
3472 5279 3688 5343 constat

2095 5349 2161 5408 ex
2189 5349 2594 5420 superioribus;
2635 5351 2728 5405 sed
2776 5350 2916 5406 forte
2965 5349 3356 5409 Tatnaxucensis
3387 5357 3470 5410 vel
3503 5357 3688 5411 Tama-

2094 5427 2259 5477 zensis
2308 5424 2359 5475 in
2408 5422 2594 5475 notitia
2626 5420 2956 5476 Mauritaniae
3003 5425 3352 5480 Caesariensis
3385 5443 3534 5481 num.
3562 5430 3683 5482 120.

2097 5496 2194 5550 Est
2235 5504 2289 5548 et
2327 5492 2647 5547 Tantazenus
2708 5491 2996 5562 episc0pns
3049 5498 3192 5551 inter
3232 5497 3579 5564 Byzacenos,
3633 5500 3686 5552 in

2099 5565 2328 5636 epistola
2357 5564 2526 5620 relata
2560 5565 2612 5637 in
2643 5565 2874 5637 concilio
2905 5564 3257 5622 Lateranensi
3292 5567 3391 5619 sub
3415 5566 3643 5622 Martino
3667 5611 3683 5637 ,

465 5668 621 5740 (283)
675 5635 905 5725 Absenti.
952 5669 1012 5723 1d
1049 5635 1591 5736 est,vero'episcopo
1611 5663 1878 5730 Romano,
1904 5677 1956 5734 (ιι

2097 5635 2251 5708 cujus
2289 5637 2437 5691 nulla
2463 5643 2547 5689 est
2576 5635 2628 5689 in
2668 5636 2857 5691 notitia
2882 5637 3108 5692 mentio.

394 5755 523 5804 tunc
551 5739 671 5800 erat
703 5741 1072 5798 Innocentius.
1106 5739 1391 5793 BALUZIUS.

813 5837 1100 5898 PATROL.
1154 5831 1245 5894 Xl
1261 5875 1274 5892 .

2173 5729 2328 5804 (286)
2369 5730 2673 5786 Abissensis.
2724 5730 2890 5801 Cujus
2929 5729 3220 5801 provinciae
3249 5728 3347 5796 sit,
3383 5728 3647 5802 ignotum.

3124 5821 3205 5881 1&2
