4130 6170
496 239 520 296 1
533 240 639 296 3‘25

1461 225 1690 284 GESTA
1730 219 2182 282 COLLATIONIS
2216 217 2838 281 CARTHAGINENSIS.

3666 219 3812 280 152i

501 361 642 415 rium
694 353 867 409 habeo
894 350 946 407 in
976 347 1196 405 dioecesi
1245 358 1386 400 mea.
1432 343 1501 398 Et
1549 344 1797 400 recitavit.
1823 339 2100 396 Natalicus
2127 345 2180 405 Α
2203 355 2301 397 nos
2340 341 2713 413 praejudicium
2747 354 2843 394 sua
2873 337 3255 409 prosccutione
3307 336 3552 394 voluisse
3601 338 3814 410 depro-

498 452 786 521 episcopus
831 442 1115 499 Zelleusis.
1154 437 1219 494 Et
1268 454 1385 493 cum
1417 439 1719 502 recitasset,
1751 435 1888 489 idem
1942 434 2094 520 dixit.

502 541 750 600 Mandavi
781 547 834 594 et
862 536 1178 605 subscripsi.
1202 532 1524 587 Maximinus
1551 532 1821 602 episcopus
1853 528 2101 583 Ecclesia:

498 638 766 696 catholicae
814 635 962 690 dixit.
993 631 1252 702 Dioecesis
1281 639 1364 686 est
1391 630 1606 686 Mizonii
1643 627 1790 701 (287)
1835 625 2094 697 episcopi.

500 732 856 802 Presbyteros
895 727 1057 784 habet
1106 733 1161 781 et
1211 724 1576 781 abundantem
1616 721 1876 793 p0pulum
1937 732 2098 790 quam

497 828 635 900 ipse.
678 823 748 878 Et
783 822 1034 879 recitavit.
1087 818 1266 874 Fortis
1319 818 1607 888 episcopus
1663 813 1968 870 Cediensis.
2028 808 2100 864 Et

498 936 614 974 cum
658 917 963 981 recitasset,
1010 912 1144 967 idem
1179 911 1328 965 dixit.
1381 907 1631 963 Mandavi
1662 915 1716 962 et
1765 901 2096 973 subscripsi,

499 1008 871 1068 adversarium
903 1022 1010 1061 non
1033 1003 1232 1059 habeo.
1749 1051 1760 1062 ,

574 1102 699 1158 164.
745 1098 1083 1155 Marcellinus
1109 1096 1186 1150 vir
1221 1094 1537 1150 clarissimus
1585 1091 1819 1146 tribunus
1850 1097 1895 1143 et
1945 1091 2099 1142 nota-

498 1199 611 1253 rius
651 1195 803 1251 dixit.
833 1193 1100 1262 Quoniam
1140 1192 1356 1261 longum
1386 1197 1470 1245 est
1495 1188 1576 1242 ire
1606 1201 1701 1256 per
1727 1183 1973 1255 singulos
2001 1223 2014 1247 ,
2044 1180 2099 1234 bi

501 1292 691 1348 decem
722 1287 812 1358 qui
861 1301 923 1342 se
952 1283 1240 1341 mandasse
1269 1280 1500 1352 professi
1528 1287 1656 1334 sunt
1681 1319 1694 1343 ,
1723 1277 1859 1332 actis
1885 1273 2102 1330 edicant

501 1392 682 1439 utrum
712 1394 896 1437 coram
925 1378 1058 1449 ipsis
1091 1375 1331 1433 omnium
1361 1375 1431 1430 sit
1461 1374 1596 1428 facta
1624 1368 1951 1439 subscriptio
1977 1407 1991 1433 ,
2042 1374 2101 1421 et

500 1476 785 1548 praebeant
816 1473 866 1528 in
892 1487 953 1528 ea
982 1486 1104 1542 quae
1133 1477 1258 1526 sunt
1281 1476 1432 1539 gesta
1457 1479 1808 1522 consensum.

582 1567 710 1624 165.
753 1565 1043 1621 Petilianus
1089 1563 1360 1632 episcOpus
1408 1559 1559 1615 dixit.
1625 1555 1818 1627 Magno
1882 1552 2098 1624 quidem

501 1656 829 1730 compendio
857 1657 1028 1713 utitur
1058 1653 1456 1724 magnificentia
1484 1651 1682 1718 tua,vir
1702 1643 2101 1712 nobilis,utde-

2205 452 2375 494 mere.
2407 436 2608 491 Etcum
2640 436 2844 489 diceret.
2879 429 2987 504 (Et
3011 433 3114 487 alia
3138 449 3314 487 manu.
3346 431 3678 504 Rccngnovi.
3705 434 3722 502 )

2277 529 2401 586 169.
2447 527 2737 583 Petilianus
2751 527 3019 597 episcopus
3036 525 3185 580 dixit.
3204 524 3464 595 lnjnriam
3491 525 3624 581 facis
3646 541 3814 592 vane,

2210 631 2516 695 reponetur
2539 621 2640 676 tibi
2667 664 2680 688 ,
2726 629 2782 676 et
2819 628 3141 691 quamquam
3171 631 3440 689 reponere
3465 634 3574 674 non
3606 618 3771 675 liceat
3796 663 3812 687 ,

2204 731 2382 778 tecum
2408 720 2628 776 habeto.
2659 717 2722 774 Et
2748 717 2852 772 alia
2879 733 3053 772 manu.
3083 717 3416 788 Recognovi.

2278 813 2402 869 170.
2447 812 2859 868 Fortunatianus
2912 812 3178 882 episcOpus
3222 809 3480 866 Ecclesia:
3531 809 3817 866 Catltoliae

2206 908 2356 964 dixit.
2382 908 2502 978 Quo
2533 908 2777 973 diceret,
2821 906 3187 963 excusationis
3228 905 3542 962 tendiculas
3581 916 3820 978 praeten-

2205 1001 2363 1066 dens,
2391 1009 2516 1056 ante
2549 1000 2691 1055 diem
2724 999 3053 1071 cognitionis
3077 1014 3135 1056 se
3161 999 3317 1070 quasi
3348 979 3623 1055 caelorum
3657 1015 3819 1055 sena-

2204 1102 2316 1149 tum
2345 1094 2513 1165 partis
2549 1093 2740 1149 Donati
2763 1093 3052 1164 episcopos
3082 1094 3405 1149 observasse
3443 1092 3708 1148 diuturno
3741 1094 3820 1147 Ia-

2205 1186 2338 1243 bere
2381 1187 2546 1243 fuisse
2590 1186 2870 1243 confectos
2893 1229 2906 1252 ,
2939 1202 3062 1241 cum
3103 1202 3132 1241 a
3161 1196 3349 1241 nostra
3392 1197 3556 1259 parte
3584 1188 3813 1242 omnino

2207 1293 2422 1350 semper
2449 1278 2725 1336 audientia
2751 1277 2986 1350 “agitata
3019 1277 3121 1344 sit;
3152 1278 3246 1333 sed
3281 1275 3492 1334 idcirco
3515 1279 3657 1335 diem
3681 1288 3816 1336 tem-

2207 1388 2412 1445 pusque
2440 1372 2850 1430 observavimus
2877 1415 2890 1440 ,
2915 1381 2974 1427 ut
2997 1381 3051 1428 et
3078 1372 3129 1427 in
3158 1371 3261 1428 hoc
3289 1371 3609 1429 obedienlia
3629 1373 3817 1428 catho-

2205 1466 2321 1522 lica:
2351 1466 2608 1522 Ecclesia:
2636 1474 2989 1522 monstretur.
3011 1465 3076 1521 Et
3096 1483 3212 1520 cum
3239 1466 3432 1522 diceret
3456 1466 3477 1539 (
3499 1476 3548 1523 et
3573 1469 3681 1524 alia
3709 1486 3819 1522 ma—

2206 1575 2295 1613 nu.
2331 1558 2660 1630 Recognovi.
2686 1557 2706 1631 )

2277 1651 2402 1707 171.
2450 1651 2787 1707 Marcellinus
2808 1652 2885 1706 vir
2906 1652 3224 1707 clarissimus
3247 1652 3487 1708 tribunus
3509 1662 3556 1707 et
3589 1655 3821 1708 notarius

502 1767 731 1823 cemque
752 1759 930 1822 patres
950 1749 1278 1818 collegaeque
1300 1745 1491 1811 nostri,
1511 1743 1723 1815 quijam
1747 1756 1807 1797 se
1819 1737 2106 1794 mandasse
2136 1759 2184 1821 Β
2209 1746 2357 1800 dixit.
2394 1745 2704 1802 Secundum
2737 1745 2899 1801 edicti
2934 1756 3177 1802 tenOrem
3226 1754 3476 1818 utraeque
3519 1755 3704 1817 partes
3733 1747 3821 1802 his

504 1844 1003 1914 subscripsisseque
1033 1841 1268 1912 professi
1294 1847 1446 1902 sunt,
1466 1837 1626 1892 etiam
1659 1844 1888 1890 caeteros
1917 1840 2101 1902 patres

502 1937 894 2008 subscripsisse
935 1945 1224 1992 testentur.
1269 1932 1532 2003 Equidem
1567 1933 1670 1985 hoc
1699 1930 1767 1984 ad
1792 1943 1908 1984 eam
1937 1943 2052 1983 rem
2084 1969 2098 1992 ,

500 2031 584 2084 vel
610 2029 844 2084 maxime
869 2027 1083 2098 proficit
1105 2067 1121 2094 ,
1152 2041 1222 2081 ne
1251 2035 1466 2094 tempus
1494 2023 1724 2093 hujusce
1744 2021 1851 2076 diei
1872 2021 2102 2076 ulterius

496 2122 860 2194 producatur.
911 2119 1018 2176 Sed
1060 2128 1239 2174 tamen
1271 2117 1375 2173 hoc
1403 2115 1619 2186 expedit
1646 2128 1825 2170 causae
1852 2155 1866 2179 ,
1892 2121 1952 2168 ut
1989 2113 2100 2166 sin-

498 2216 611 2287 guli
635 2214 834 2284 quique
857 2227 917 2270 se
939 2221 993 2269 et
1015 2212 1304 2267 mandasse
1333 2219 1385 2265 et
1403 2209 1790 2279 subscripsisse
1808 2207 2101 2278 proﬁtean-

498 2317 588 2363 tur
612 2349 626 2373 ,
658 2316 946 2378 propterea
974 2313 1036 2360 ut
1058 2305 1224 2360 etiam
1251 2303 1387 2358 illud
1418 2317 1526 2357 non
1558 2308 1773 2357 taceant
1799 2342 1813 2367 ,
1846 2315 1904 2355 se
1934 2313 2099 2353 temu.

493 2401 579 2456 los
611 2415 723 2456 non
752 2398 977 2455 habere.
1020 2397 1256 2453 Lucrum
1291 2395 1436 2450 enim
1479 2394 1692 2450 videtur
1743 2393 1826 2448 his
1865 2394 2098 2459 cedere,

494 2493 586 2565 qui
627 2492 828 2547 multos
877 2507 936 2546 se
983 2490 1274 2545 adversum
1325 2497 1544 2544 nostros
1573 2487 1776 2542 habere
1817 2499 1913 2556 per
1957 2483 2100 2538 hanc

493 2583 831 2658 provinciam
880 2583 1242 2639 ostenderunt
1273 2624 1288 2649 ,
1330 2583 1374 2636 si
1421 2582 1474 2635 in
1527 2579 1803 2650 provincia
1851 2575 2098 2631 Numidia

499 2694 611 2736 non
638 2677 976 2735 ostendimus
1022 2691 1120 2732 eos
1159 2676 1375 2745 penitus
1397 2689 1507 2729 non
1536 2673 1759 2739 habere,
1785 2679 1877 2726 aut
1899 2669 2101 2725 habere

492 2781 649 2829 certe
677 2813 693 2840 ,
724 2770 818 2826 sed
861 2769 1001 2826 raris
1029 2769 1181 2824 locis.
1231 2767 1421 2823 Omnis
1450 2766 1593 2822 enim
1623 2765 1850 2820 intentio
1878 2771 2063 2817 nostra
2082 2803 2096 2827 ,

493 2866 578 2922 vir
631 2865 866 2932 nobilis,
909 2863 1048 2919 sicut
1091 2862 1406 2918 meminisse
1451 2859 1693 2932 dignaris
1722 2901 1737 2927 ,
1767 2858 1835 2914 de
1871 2870 2100 2912 numero

495 2956 1041 3028 smpissimecausata
1075 2963 1190 3020 est,
1222 2963 1383 3024 atque
1423 2954 1477 3007 in
1509 2951 1702 3007 eodem
1735 2948 2100 3007 vehementis»

495 3052 634 3107 sime
663 3050 852 3105 haeret.
881 3049 951 3104 Et
991 3061 1317 3119 quamquam
1365 3046 1524 3102 nobis
1556 3044 1957 3100 multitudinem
1987 3055 2098 3114 pax

494 3142 702 3197 nutriat
737 3149 795 3197 et
817 3151 1105 3197 conservet
1129 3181 1146 3207 ,
1180 3141 1290 3195 illis
1337 3138 1739 3195 multitudinem
1788 3137 1931 3192 bella
1961 3150 2092 3191 con-
2119 3149 2166 3215 α

494 3237 711 3306 quirant
733 3275 746 3301 .
767 3235 896 3292 dum
922 3233 1235 3290 absentibus
1263 3233 1420 3288 nobis
1444 3274 1458 3298 ,
1487 3240 1579 3285 aut
1605 3231 1660 3286 in
1702 3230 1868 3297 locis,
1897 3238 1988 3283 aut
2037 3229 2092 3282 in

493 3327 825 3393 civitatibus,
850 3334 940 3381 aut
968 3327 1020 3381 in
1037 3325 1365 3381 dioecesibus
1385 3324 1586 3394 passim
1615 3323 1812 3403 multas
1832 3321 2097 3391 imagines

501 3419 653 3491 (288)
693 3419 950 3490 erigunt,
979 3430 1038 3474 ut
1075 3419 1353 3474 numerosi
1399 3432 1523 3472 esse
1552 3415 1874 3471 videantur:
1913 3426 2097 3470 tamen

500 3511 602 3568 etsi
655 3526 753 3582 par
788 3511 859 3566 sit
885 3512 1168 3580 utriusque
1198 3508 1547 3564 adversitatis
1577 3521 1836 3564 numerus
1861 3547 1875 3571 ,
1924 3507 2099 3577 major

500 3617 656 3659 meus
685 3602 848 3659 debet
875 3601 1084 3668 videri,
1127 3601 1217 3671 qui
1248 3611 1300 3656 et
1338 3615 1423 3655 me
1454 3600 1679 3655 absente
1724 3599 1999 3670 perstitit,
2043 3608 2100 3655 et

500 3711 624 3753 cum
650 3698 768 3767 ipse
797 3697 868 3752 sit
895 3695 1189 3752 cardinalis
1211 3703 1374 3764 atque
1400 3693 1774 3758 authentieus,
1801 3707 1907 3749 nec
1932 3707 2105 3747 temu-

500 3789 704 3844 latione
740 3789 1023 3857 multiplici
1055 3798 1360 3858 superatur.
1409 3787 1479 3841 Et
1519 3787 1622 3842 alia
1664 3804 1842 3842 manu.
1883 3786 2101 3842 Petilia-

503 3895 605 3937 nus
629 3881 917 3950 episcopus
941 3881 1251 3948 recognovi.

578 3970 702 4026 166.
748 3970 1086 4025 Marcellinus
1110 3970 1184 4023 vir
1204 3970 1521 4023 clarissimus
1541 3971 1777 4023 tribunus
1806 3976 1854 4022 et
1869 3971 2107 4025 notarius

503 4065 656 4119 dixit.
697 4063 978 4120 Desiderio
1014 4072 1198 4119 vestro
1243 4062 1557 4118 satisfacere
1587 4061 1729 4117 volui
1761 4061 1812 4116 in
1853 4062 2106 4120 erunibus

506 4157 870 4228 inquirendis.
890 4158 1156 4214 Caeterum
1179 4165 1390 4212 constat
1410 4155 1614 4212 nullam
1637 4155 1768 4212 mihi
1791 4158 1860 4214 de
1879 4171 2108 4213 numero

509 4252 873 4322 cognitionem
902 4252 1066 4307 fuisse
1087 4250 1419 4306 mandatam.

579 4342 705 4398 167.
747 4340 1042 4397 Petilianus
1069 4342 1342 4413 episcOpus
1370 4341 1521 4397 dixit.
1554 4343 1720 4399 Nobis
1752 4343 1854 4401 hoc
1889 4345 2110 4400 salvum

509 4434 579 4490 sit
605 4433 748 4504 quod
778 4450 884 4490 non
905 4434 1188 4490 debuimus
1214 4435 1461 4492 reticere.

2204 1846 2411 1895 tantum
2445 1839 2499 1894 in
2530 1823 2733 1908 judicio
2748 1839 3154 1896 remanentibus
3183 1840 3379 1912 quibus
3405 1842 3662 1897 constitit
3689 1856 3816 1914 cog-

2203 1932 2469 1988 nitionem
2497 1931 2565 1987 ab
2597 1931 2849 1988 omnibus
2897 1931 3066 1989 fuisse
3109 1934 3423 1990 mandatam
3450 1977 3468 2003 ,
3508 1934 3666 2006 juxta
3693 1951 3820 2008 pro-

2203 2026 2466 2082 fossiones
2495 2033 2623 2082 suas
2648 2041 2866 2083 causam
2899 2036 3133 2084 tractare
3155 2025 3457 2084 debebunt.

2276 2118 2399 2173 172.
2445 2117 2858 2174 Fortunatianus
2913 2120 3182 2192 episcOpus
3233 2117 3490 2175 Ecclesia:
3554 2120 3820 2175 catholica

2203 2212 2354 2266 dixit.
2389 2211 2460 2268 Ut
2484 2228 2646 2269 causa
2684 2214 2937 2286 cognosci
2972 2215 3146 2284 possit
3169 2255 3184 2281 ,
3217 2214 3484 2270 decernat
3514 2215 3818 2271 sublimitas

2204 2310 2292 2358 tua
2325 2303 2662 2376 superﬂuam
2687 2314 2743 2362 et
2772 2306 3218 2363 circumstantem
3251 2307 3413 2365 nobis
3441 2308 3592 2364 exire
3631 2305 3818 2363 multi-

2203 2396 2469 2454 tudinem.
2502 2397 2572 2452 Et
2597 2399 2703 2453 alia
2725 2416 2897 2453 manu.
2933 2399 3267 2471 Recognovi.

2276 2487 2399 2545 175.
2445 2489 2782 2548 Marcellinus
2808 2492 2884 2546 vir
2908 2490 3230 2548 clarissimus
3247 2493 3492 2548 tribunus
3515 2503 3566 2548 et
3591 2493 3817 2548 notarius

2203 2584 2352 2639 dixit.
2390 2584 2505 2640 Hoc
2534 2585 2649 2641 ﬁeri
2698 2601 2924 2643 necesse
2955 2594 3059 2642 est.
3095 2587 3230 2643 illud
3281 2595 3465 2643 autem
3518 2587 3673 2658 prius
3700 2597 3780 2642 est
3802 2630 3817 2653 ,

2201 2685 2264 2734 ut
2291 2679 2479 2736 decem
2513 2681 2579 2735 ab
2619 2690 2847 2753 utraque
2873 2691 3028 2753 parte
3073 2681 3344 2739 fateantur
3374 2698 3438 2738 se
3467 2681 3525 2737 in
3577 2682 3816 2738 subscri-

2199 2771 2443 2828 bentium
2480 2775 2828 2830 consensisse
2859 2789 3154 2845 personas;
3205 2784 3259 2830 et
3301 2775 3435 2831 licet
3481 2775 3552 2830 ad
3584 2785 3816 2832 vestram

2201 2866 2518 2935 petitionem
2553 2882 2738 2922 eorum
2765 2867 2925 2922 fuerit
2950 2867 3233 2938 prxsentia
3257 2877 3580 2938 procurata,
3615 2877 3815 2935 tamen,

2202 2973 2270 3012 ne
2297 2958 2424 3029 quid
2452 2959 2606 3016 vobis
2630 2958 2956 3032 denegatum
2987 2975 3110 3016 esse
3127 2961 3396 3030 videatur,
3435 2961 3818 3018 universorum

2201 3047 2626 3120 subscriptiones
2653 3066 2717 3107 ex
2746 3052 2938 3107 ordine
2969 3052 3301 3123 relegantur.

2274 3144 2397 3200 171.
2439 3143 2661 3216 Alypius
2725 3147 2999 3220 episcOpus
3041 3144 3288 3202 Ecclesiw
3348 3146 3629 3202 catholica:
3673 3145 3817 3200 dixit.

2199 3235 2624 3310 Respondeant;
2671 3248 2850 3294 utrum
2911 3239 3154 3295 omnium
3205 3240 3650 3311 subscriptiones
3705 3254 3822 3312 qua:

2202 3330 2459 3384 mandato
2507 3330 2857 3386 continentur
2884 3374 2898 3397 ,
2930 3330 3018 3388 hic
3076 3331 3214 3402 apud
3253 3330 3654 3406 Carthaginem
3715 3332 3822 3390 sint

2201 3425 2547 3494 conscriptae.
2581 3423 2649 3478 Et
2674 3423 2780 3479 alia
2806 3442 2984 3480 manu.
3019 3425 3354 3498 Reeognovi.

2279 3517 2402 3572 175.
2449 3515 2706 3573 Emeritus
2729 3519 2998 3591 episcopus
3027 3521 3178 3575 dixit.
3212 3520 3489 3587 Quantum
3527 3537 3601 3577 ex
3632 3535 3824 3593 prose-

2204 3611 2423 3666 cutione
2447 3613 2674 3681 cognovi
2701 3655 2715 3677 ,
2747 3629 2884 3683 opus
2909 3623 3030 3669 erat
3051 3623 3108 3669 ut
3136 3631 3165 3670 e
3186 3615 3392 3672 nostris
3412 3617 3673 3687 partibus
3703 3631 3828 3688 pro-

2205 3705 2374 3762 fessio
2396 3716 2758 3775 promeretur.
2779 3707 3050 3764 Patientia
3067 3707 3400 3779 jndiciorum
3429 3718 3676 3774 tuorum,
3706 3723 3824 3779 qua:

2209 3815 2427 3854 manum
2458 3798 2549 3855 dat
2579 3798 2850 3867 omnibus,
2877 3799 3336 3868 libenterjannuit,
3358 3811 3414 3855 ut
3439 3809 3499 3856 et
3521 3801 3556 3856 ii
3585 3801 3680 3872 qui
3697 3800 3828 3855 sub-

2209 3892 2579 3962 scripserunt,
2617 3891 3008 3962 professionem
3041 3907 3194 3948 suam
3225 3893 3488 3962 prtesenti
3519 3893 3829 3962 adstipula-

2208 3983 2361 4041 tione
2392 3986 2635 4042 inseraut
2663 3986 2847 4056 gestis.
2873 3985 3114 4041 Petimus
3163 3986 3550 4058 praestantiam
3578 3995 3729 4042 tuam
3758 3993 3825 4040 ut

2211 4095 2334 4139 cum
2385 4081 2711 4154 subscriptio
2757 4083 2986 4154 cmperit
3014 4081 3228 4139 recitari
3263 4122 3279 4148 ,
3319 4081 3549 4136 eosdem
3577 4079 3830 4152 digneris

2213 4175 2422 4232 audire.
2455 4174 2522 4229 Et
2552 4177 2658 4230 alia
2699 4193 2879 4234 manu.
2907 4174 3184 4233 Emeritus
3214 4173 3538 4245 recognovi.
3814 4228 3820 4232 _

2290 4269 2413 4325 176.
2461 4268 2797 4325 Marcellinus
2817 4270 2894 4324 vir
2914 4269 3229 4326 clarissimus
3248 4267 3486 4321 tribunus
3515 4274 3564 4321 et
3587 4265 3836 4320 notarius

2214 4360 2368 4416 dixit.
2396 4359 2835 4433 Subscriptiones
2863 4361 3108 4417 omnium
3136 4401 3151 4426 ,
3182 4359 3324 4418 sicut
3341 4361 3612 4427 jusseram
3637 4398 3654 4422 ,
3680 4356 3837 4412 reci-

2218 4461 2422 4508 tentur.
2463 4452 2768 4522 Ruﬁnianus
2793 4454 2962 4508 scriba
2989 4452 3238 4507 recitavit.
3264 4449 3500 4518 Optatus
3531 4449 3839 4521 episcOpus

581 4525 703 4581 168.
745 4524 1151 4580 Fortunatianus
1199 4527 1468 4599 episco1ms
1519 4527 1761 4583 Ecclesia:
1822 4529 2099 4585 Catholij

2207 4546 2695 4604 Rusuccuritanus.
2727 4545 2790 4602 Et
2816 4564 2932 4601 cum
2969 4547 3266 4609 recitasset,
3299 4542 3530 4614 Optatus
3556 4542 3840 4615 episwptts

512 4624 662 4680 dixit.
681 4625 845 4695 278
857 4623 1134 4677 Potuimus
1148 4623 1364 4694 quidem
1390 4625 1791 4680 numerosiores
1807 4624 2100 4680 Catholicae

504 4714 762 4772 Ecclesia:
788 4724 896 4770 toto
919 4717 1054 4771 orbe
1069 4713 1300 4782 diffusae,
1324 4726 1583 4786 quantum
1601 4719 1664 4771 ad
1683 4733 1898 4772 causam
1927 4718 2096 4788 perti-

509 4818 626 4875 net,
655 4809 707 4864 in
739 4807 919 4863 Africa
950 4808 1363 4876 demonstrare,
1392 4809 1437 4862 si
1463 4811 1511 4863 in
1543 4809 1646 4864 hoc
1675 4820 1842 4865 totum
1873 4813 2101 4869 actionis

509 4901 722 4969 pondus
743 4901 1083 4956 consisteret.
1120 4902 1316 4956 Verum
1339 4901 1463 4972 quia
1495 4904 1898 4975 nescio:quibus
1922 4923 2103 4962 mora-

506 4991 662 5046 toriis
693 4990 998 5046 actionibus
1046 4994 1130 5046 vir
1177 4993 1528 5061 gravissimus
1559 4996 1725 5051 utitur
1764 4997 2095 5068 Petilianus,

497 5087 788 5155 amputatis
819 5085 1128 5154 superﬂuis,
1153 5085 1219 5140 ad
1247 5101 1424 5142 causa:
1441 5088 1551 5157 jam
1579 5089 1794 5146 initium
1826 5093 2098 5159 veniatur,

497 5180 870 5253 significantes
901 5181 1341 5254 insinuantesque
1362 5182 1632 5240 nobilitati
1661 5193 1790 5254 tuae,
1818 5201 2015 5243 vanum
2038 5186 2096 5242 in

562 5324 718 5450 (287;
759 5323 975 5380 Mizonii
1027 5329 1274 5400 episcopi.
1303 5329 1469 5386 Antea
1495 5333 1594 5386 sub
1618 5334 1777 5389 ﬁnem
1807 5350 1932 5403 cap.
1957 5335 2082 5400 155,

563 5413 592 5450 n
665 5396 694 5450 ᾗ
724 5398 951 5450 izonius.
1005 5398 1100 5450 sed
1147 5398 1470 5450 Donalinmts
1515 5403 1716 5450 dicitur
1762 5405 2082 5450 Calhnlinng

483 5396 592 5452 non
665 5396 951 5461 Mizouius,
1005 5398 1100 5452 sed
1147 5396 1470 5457 Dbnatianns
1515 5403 1716 5459 dicitur
1762 5396 2090 5461 Catliolieus-

481 5469 926 5550 e‘piscopusncui
978 5467 1251 5550 Natalicus
1305 5471 1885 5550 _chlensis_oppositus
1938 5488 2078 5531 erat.

479 5538 657 5606 Quare
675 5538 994 5609 suspicatur
1029 5541 1279 5598 Baluzius
1310 5543 1436 5600 hinc
1461 5538 1728 5604 excidisse
1753 5563 1957 5602 nomen
1985 5563 2082 5601 cu-

473 5611 704 5685 jusdam,
737 5611 1015 5667 Donatiani
1057 5615 1296 5684 episeopi
1321 5654 1364 5685 ,ί
1392 5616 1542 5685 cujus
1570 5618 1917 5675 adversarius
1961 5626 2090 5674 erat
2119 5661 2124 5666 .

478 5681 580 5765 iste
629 5684 884 5765 Hispanis
908 5703 949 5765 ;,-
979 5681 1107 5765 nisi'
1132 5681 1282 5765 dicas
1335 5681 1661 5765 duo_§__fttisse
1689 5691 1979 5764 episcopos
2022 5690 2081 5748 in

475 5749 694 5810 dimcesi
721 5751 950 5812 Zellensi
986 5755 1337 5812 Donatianum
1357 5765 1404 5809 et
1431 5749 1731 5817 Mizaniunt:

2208 4643 2364 4698 dixit.
2421 4641 2668 4697 Mandavi
2718 4650 2774 4696 et
2825 4638 3147 4710 subscripsi.
3178 4636 3243 4691 Et
3294 4636 3836 4707 recitauiLPompo—

2213 4736 2336 4792 nius
2363 4731 2649 4806 episcopus
2676 4731 3087 4790 Macrianensis.
3119 4728 3187 4785 Et
3217 4745 3337 4782 cum
3367 4729 3655 4795 recitasset,
3685 4729 3836 4782 idem

2209 4830 2366 4886 dixit.
2420 4829 2665 4885 Mandavi
2695 4837 2748 4882 et
2784 4827 3105 4898 subscripsi.
3148 4824 3213 4878 Et
3260 4823 3522 4877 recitavit.
3561 4822 3837 4876 Donatia—

2213 4939 2318 4980 nus
2349 4923 2634 4994 episc0pus
2673 4919 3004 4990 Bagaieusis.
3061 4916 3126 4972 Et
3172 4931 3287 4969 cum
3324 4915 3634 4981 recitasset,
3689 4915 3839 4969 idem

2209 5018 2364 5072 dixit.
2411 5013 2654 5070 Mandavi
2695 5021 2749 5069 et
2796 5010 3112 5081 subscripsi.
3158 5006 3225 5062 Et
3274 5009 3534 5062 recitavit.
3569 5007 3835 5063 Privatus

2209 5111 2501 5179 cpiscopus
2543 5105 2876 5177 Auzagensis
2907 5103 3081 5178 (289).
3115 5101 3179 5155 Et
3206 5117 3325 5154 cum
3354 5102 3649 5165 recitasset,
3677 5099 3831 5154 idem

2211 5205 2365 5260 dixit.
2398 5200 2647 5259 Mandavi
2690 5207 2744 5256 ct
2790 5195 3092 5269 subscripsi
3123 5213 3137 5250 :
3166 5192 3544 5250 adversarium
3573 5191 3627 5249 in
3661 5193 3834 5265 plebe

2281 5337 2432 5410 (22.88)
2474 5337 2760 5410 Imagines.
2788 5333 2844 5389 id
2875 5343 2959 5410 est
2982 5376 2996 5397 ,
3023 5339 3342 5410 personatos
3367 5329 3683 5401 episc0pos.

2281 5403 2443 5480 (289'),
2478 5403 2808 5480 Auxagensis.
2854 5403 3102 5479 Attzagga
3155 5403 3392 5480 (inpios,
3426 5412 3484 5480 nt
3510 5411 3736 5480 constat
3761 5417 3828 5480 ex

2203 5472 2329 5548 cap.
2356 5472 2460 5535 179
2479 5472 2642 5533 infra:
2673 5479 2805 5533 lluic
2833 5492 2953 5531 sese
2978 5472 3213 5548 opponit
3253 5474 3519 5548 Primitias
3553 5472 3831 5548 Vagensis

2206 5545 2496 5620 episcopus
2540 5551 2712 5620 partis
2759 5545 3099 5620 Donati,"et
3152 5545 3494 5620 adversarius
3535 5546 3825 5620 quondam

2209 5617 2431 5695 Ampelii
2451 5665 2466 5687 ,
2490 5617 2582 5678 sed
2614 5622 2704 5692 qui
2735 5621 2803 5695 ad
2847 5619 3144 5695 Ecclesiam
3175 5619 3412 5673 redierat
3436 5661 3451 5679 ,
3492 5628 3556 5671 ιιι
3584 5631 3710 5672 mox
3739 5617 3826 5695 di:

2203 5687 2369 5748 citu'r.
2394 5692 2502 5749 Cur
2530 5687 2707 5748 autem
2751 5692 2802 5746 id
2853 5690 3133 5754 acciderit,
3161 5697 3341 5744 ortum
3369 5696 3458 5743 est
3479 5704 3547 5744 ex
3576 5704 3640 5743 eo
3669 5687 3828 5756 quod

2213 5780 2410 5824 nomen
2445 5765 2603 5836 hujus
2626 5764 2775 5823 urbis
2817 5761 3266 5834 pronuntiabatur
3295 5759 3364 5820 ab
3394 5759 3543 5818 Afris
3571 5801 3585 5830 ,
3617 5759 3829 5815 Ausce-
