4130 6170
373 315 515 370 1525

1340 296 1567 358 GESTA
1607 291 2059 352 COLLATIONIS
2097 293 2750 358 CARTHAGINENSIS.

3563 309 3702 365 l326

371 443 492 484 mea
523 444 626 484 non
659 426 848 482 habeo.
882 423 1148 496 Ampelius
1185 416 1466 488 episcopus
1511 411 1757 467 Ecclesia!
1792 411 1972 465 catho-
2001 409 2051 469 Α
2080 412 2371 481 episcopus
2408 406 2746 472 chestinus
2790 414 2962 487 (292).
2993 414 3064 471 Et
3105 434 3217 472 cum
3253 423 3531 482 recitasset.
3563 421 3698 476 idem

373 521 490 574 lict:
512 519 661 572 dixit.
702 517 994 573 Perl'cctam
1042 513 1319 569 unitatem
1365 523 1434 562 ex
1481 504 1840 560 conversione
1884 515 1980 559 sua

381 625 716 683 cognoscens
743 652 757 676 ,
788 607 1139 665 rectissimam
1169 598 1344 657 ﬁdem
1377 613 1587 656 mecum
1629 584 1796 651 frater
1825 609 1981 651 meus

373 703 644 760 Primulus
714 701 945 773 loquitur
1023 699 1344 769 episcopus.
1444 691 1744 762 Episcopus
1831 687 1978 744 enim

376 807 506 855 tunc
575 795 676 850 fuit
727 795 894 864 partis
966 789 1175 846 Donati.
1256 783 1416 840 Nunc
1499 795 1798 838 conversus
1865 779 1979 837 dc-

385 898 661 949 monstrat
688 904 807 944 cum
838 885 992 958 plebe
1034 885 1299 953 integram
1335 877 1494 936 [idem
1524 887 1590 933 ex
1620 889 1716 931 sua
1746 887 1976 930 conver-

377 987 553 1044 sione.
585 981 777 1039 Unitas
804 977 912 1035 illic
944 977 1176 1049 perlecta
1207 980 1316 1039 est,
1352 988 1456 1027 non
1481 969 1654 1025 solum
1681 968 1733 1022 in
1759 968 1874 1040 ipsa
1897 968 1978 1025 cl-

375 1083 566 1143 vitate,
598 1093 794 1133 Verum
821 1077 985 1132 etiam
1017 1076 1068 1130 in
1095 1073 1347 1130 omnibus
1368 1068 1710 1128 dioecesibus.

449 1169 572 1226 177.
616 1169 869 1223 Aurelius
900 1165 1167 1240 episc0pus
1199 1161 1443 1218 Ecclesia:
1471 1159 1736 1216 catholica:
1765 1158 1982 1214 Cartha-

372 1262 509 1334 ginis
537 1260 703 1315 dixit.
741 1260 1013 1330 Rogamus
1037 1257 1249 1314 recitari
1279 1256 1496 1310 nomina
1521 1270 1641 1324 qua:
1662 1251 1978 1322 jamdudum

367 1359 436 1415 de
461 1356 875 1426 subscriptione
897 1352 1166 1421 recitavit,
1191 1351 1551 1408 Donatianum
1572 1345 1696 1404 dico
1721 1346 1982 1418 Bagaien-

365 1466 480 1508 sem
531 1456 588 1522 et
642 1446 928 1505 Privatum
972 1446 1300 1518 Vagensem.
1354 1438 1421 1497 Et
1473 1440 1579 1496 alia
1637 1456 1812 1495 manu.
1871 1438 1983 1496 Re—

365 1540 616 1614 cognovL

440 1629 789 1688 Marcellinus
865 1628 942 1685 vir
996 1626 1316 1684 clarissimus
1374 1627 1611 1681 tribunus
1657 1633 1702 1678 et
1750 1623 1982 1678 notarius

375 1725 529 1780 dixit.
564 1723 757 1778 Denuo
787 1720 909 1777 haec
940 1719 1158 1775 nomina
1182 1762 1197 1786 ,
1242 1719 1310 1774 de
1355 1718 1550 1789 quibus
1571 1715 1836 1770 dubitatio
1860 1729 1983 1770 nas-

2086 502 2235 558 dixit.
2261 502 2328 558 Et
2364 502 2634 560 mandavi
2661 516 2713 562 ct
2741 507 3054 576 subscripsi.
3080 510 3148 564 Et
3176 511 3422 565 recitavit.
3463 512 3699 566 Pancra-

2085 596 2192 650 tius
2235 595 2548 664 episcopus
2597 597 2890 652 Badiensis.
2928 599 2995 652 Et
3045 617 3160 654 cum
3201 603 3500 664 recitasset,
3554 603 3696 655 idem

2085 689 2234 744 dixit.
2287 687 2360 744 Et
2391 690 2647 746 mandavi
2694 701 2746 746 et
2787 691 3099 762 subscripsi.
3131 692 3199 748 Et
3242 697 3492 750 recitavit.
3527 695 3699 750 Maxi-

2084 783 2299 837 mianus
2326 781 2674 839 Serteitanus
2705 783 2853 855 (295)
2887 785 3190 856 episcopus.
3237 784 3307 842 Et
3337 805 3452 860 cum
3482 789 3699 842 recitas-

2082 885 2179 946 set,
2203 877 2340 931 idem
2373 875 2527 933 dixit.
2547 878 2612 934 Et
2641 877 2889 933 mandavi
2917 887 2970 934 et
2997 880 3314 952 subscripsi.
3351 879 3423 935 Et
3443 882 3695 936 recitavit.

2093 967 2386 1026 Severinus
2419 972 2710 1042 episcopus
2737 969 3078 1028 Castellanus
3102 971 3274 1045 (294).
3302 973 3373 1029 Et
3415 991 3531 1028 cum
3568 976 3700 1029 reci-

2087 1072 2262 1130 tasset,
2292 1063 2429 1118 idem
2453 1064 2602 1120 dixit.
2635 1065 2699 1119 Et
2728 1065 2979 1121 mandavi
3011 1077 3063 1122 ct
3089 1067 3411 1138 subscripsi.
3449 1067 3516 1122 Et
3566 1070 3697 1124 reci-

2084 1157 2229 1212 tavit.
2275 1155 2564 1213 Colonicus
2603 1156 2894 1228 episcopus
2925 1157 3252 1216 Tinistensis
3274 1160 3457 1232 (295).
3491 1160 3702 1216 Etcum

2084 1249 2376 1313 recitasset,
2399 1249 2534 1303 idem
2585 1250 2735 1304 dixit.
2769 1248 2836 1304 Et
2880 1250 3130 1304 mandavi
3160 1259 3216 1306 et
3260 1252 3564 1320 subscripsi
3595 1294 3611 1319 ,
3643 1263 3702 1308 et

2087 1339 2378 1395 traditores
2421 1340 2561 1411 apud
2616 1355 2703 1396 me
2750 1355 2857 1395 non
2910 1340 3104 1397 habeo.
3135 1340 3205 1395 Et
3251 1342 3508 1397 recitavit.
3547 1342 3704 1400 Felix

2082 1435 2374 1506 episcopus
2402 1434 2714 1505 Moptensis.
2742 1435 2808 1488 Et
2836 1452 2950 1489 cum
2972 1437 3252 1500 recitasset,
3282 1437 3423 1491 idem
3445 1436 3599 1492 dixit.
3627 1439 3698 1495 Et

2083 1527 2333 1583 mandavi
2362 1537 2417 1583 et
2443 1527 2755 1598 subscripsi.
2781 1527 2944 1600 279
2966 1527 3034 1582 Et
3063 1529 3314 1584 recitavit.
3348 1527 3697 1587 Secundinus

2084 1622 2371 1692 episcopus
2388 1621 2841 1678 Jucundianensis
2853 1622 3025 1692 (296).
3037 1620 3235 1678 Etcum
3249 1624 3536 1693 recitasset,
3556 1625 3697 1681 idem

2086 1714 2237 1769 dixit.
2270 1714 2340 1770 Et
2368 1715 2620 1770 mandavi
2641 1725 2696 1770 et
2719 1715 3011 1786 subscripsi
3045 1733 3060 1769 :
3100 1716 3447 1773 adversarios
3486 1718 3539 1773 in
3587 1717 3692 1775 Ec—

369 1818 544 1882 citur,
573 1815 902 1871 recitentur.
931 1811 1004 1868 Et
1043 1812 1290 1869 recitavit.
1326 1809 1657 1867 Donatianus
1687 1810 1978 1880 episcopus
2006 1805 2055 1867 B
2082 1806 2249 1862 clesia
2297 1821 2405 1862 non
2450 1805 2646 1863 habeo.
2700 1806 2768 1861 Et
2821 1809 3072 1864 recitavit.
3115 1809 3360 1865 Donatus
3403 1813 3694 1884 cpiscopus

377 1909 734 1981 Bagaiensis,
775 1906 1036 1964 Privatus
1083 1907 1373 1978 episcopus
1417 1902 1700 1972 Vagensis.
1763 1901 1988 1973 Alypius

371 2005 637 2077 episcopus
668 1999 925 2058 Ecclesia:
949 2000 1214 2056 catholica:
1239 1999 1393 2054 dixit.
1422 1996 1580 2054 Absit
1623 1995 1852 2053 fallacia.
1882 1995 1988 2052 Ro-

373 2109 522 2171 gatus
563 2097 836 2170 episcopus
871 2095 1022 2151 dixit.
1053 2095 1414 2152 Januarianus
1442 2091 1670 2160 dicitur,
1701 2105 1807 2146 non
1861 2089 1979 2146 Pri-

383 2197 557 2245 vatus.

472 2281 596 2339 178.
639 2279 985 2337 Marcellinus
1011 2281 1086 2336 vir
1105 2278 1418 2336 clarissimus
1437 2277 1666 2334 tribunus
1691 2285 1738 2333 et
1759 2277 1989 2332 notarius

383 2376 535 2431 dixit.
571 2373 783 2430 Vultum
823 2384 1008 2428 tamen
1033 2373 1208 2442 ipsum
1237 2386 1360 2427 esse
1391 2371 1701 2442 cognoscis.

449 2466 576 2523 179.
618 2463 851 2538 Rogatus
895 2463 1164 2536 episcOpus
1201 2463 1353 2518 dixit.
1394 2460 1780 2518 Januarianum
1809 2458 1923 2516 scio
1965 2499 1981 2528 ,

377 2557 654 2616 Privatum
679 2555 886 2613 nescio.
925 2552 1226 2611 Primianus
1253 2555 1525 2626 episcopus
1559 2552 1986 2625 Carthaginensis

379 2653 532 2708 dixit.
566 2649 897 2708 Iamdudum
929 2647 997 2703 dc
1023 2647 1235 2703 duobus
1261 2645 1364 2701 luit
1389 2663 1573 2700 causa.
1600 2646 1806 2701 Idcirco
1827 2653 1883 2699 et
1909 2644 1982 2699 illi

383 2762 492 2802 non
523 2753 653 2800 sunt
684 2742 895 2798 mentiti
926 2783 941 2808 ,
973 2755 1072 2795 nec
1105 2740 1295 2796 nostri.
1327 2737 1460 2794 Nam
1499 2748 1582 2793 est
1615 2739 1865 2808 Attzagga
1899 2736 1989 2791 ubi

381 2839 484 2896 luit
527 2835 894 2895 Januarianus
920 2876 933 2900 ,
965 2833 1056 2906 qui
1089 2849 1228 2888 nunc
1256 2831 1543 2888 defunctus
1573 2842 1655 2886 est
1688 2849 1699 2884 :
1751 2831 1850 2884 alia
1883 2829 1992 2885 Au-

383 2948 547 3004 zagga
567 2974 580 2999 ,
607 2929 694 2985 ubi
726 2938 808 2984 est
829 2927 1103 2994 Privatus,
1137 2926 1225 2998 qui
1250 2940 1394 2980 nunc
1417 2924 1567 2980 vivit.
1597 2924 1661 2978 Et
1688 2925 1793 2978 alia
1811 2940 1988 2978 manu.

379 3024 701 3084 Primianus
725 3021 1010 3094 episc0pus
1037 3020 1344 3091 recognovi.

461 3117 588 3175 180.
633 3113 974 3171 Marcellinus
995 3115 1070 3167 vir
1091 3112 1409 3167 clarissimus
1427 3111 1662 3166 tribunus
1683 3121 1729 3165 et
1760 3111 1992 3165 notarius

2095 1900 2450 1970 Vageatensis
2482 1899 2656 1972 (297).
2691 1899 2763 1955 Et
2789 1917 2906 1955 cum
2927 1902 3222 1971 recitasset,
3250 1903 3390 1958 idem
3430 1904 3580 1960 dixit.
3633 1906 3702 1960 Et

2091 1994 2342 2050 mandavi
2373 2005 2428 2050 et
2454 1994 2771 2064 subscripsi.

2165 2090 2288 2146 181.
2342 2089 2559 2160 Alypius
2608 2089 2878 2161 episcOpus
2929 2087 3178 2146 Ecclesia!
3225 2091 3499 2148 mtltolicte
3542 2093 3700 2149 dixit.

2089 2183 2383 2253 Scriptum
2406 2184 2476 2238 sit
2517 2184 2653 2238 istos
2683 2198 2874 2239 omnes
2916 2183 2969 2238 in
2993 2184 3136 2239 villis
3162 2185 3248 2240 vel
3280 2185 3334 2240 in
3365 2186 3552 2243 fundis
3579 2201 3703 2243 esse

2090 2277 2378 2347 episcopos
2426 2274 2743 2342 ordinatos,
2795 2290 2903 2332 non
2952 2276 3005 2331 in
3045 2276 3319 2348 aliquibus
3356 2281 3696 2337 civitatibus.

2092 2369 2185 2442 [Et
2208 2370 2316 2424 alia
2344 2385 2522 2423 manu.
2567 2367 2930 2440 Recognovi.]

2167 2461 2293 2517 182.
2338 2458 2626 2514 Petilianus
2656 2460 2925 2531 episcopus
2955 2458 3108 2515 dixit.
3150 2460 3240 2516 Sic
3269 2464 3435 2518 etiam
3470 2472 3524 2520 tu
3558 2466 3702 2521 mul-

2097 2566 2181 2611 tos
2211 2555 2382 2610 habes
2411 2569 2508 2624 per
2529 2569 2720 2610 omnes
2751 2568 2914 2624 agros
2939 2553 3235 2623 dispersos.
3269 2554 3446 2612 Immo
3473 2559 3700 2615 crebros

2097 2647 2189 2703 ubi
2215 2645 2402 2712 habes,
2435 2659 2569 2701 sane
2594 2655 2649 2701 et
2672 2646 2790 2701 sine
2816 2645 3027 2715 populis
3058 2645 3248 2702 habes.
3289 2646 3362 2701 Et
3392 2650 3500 2704 alia
3523 2668 3699 2706 manu.

2096 2739 2389 2794 Petilianus
2417 2737 2702 2807 episcopus
2739 2737 3050 2807 recognovi.
3093 2737 3436 2796 Marcellinus
3489 2744 3564 2798 vir
3593 2745 3702 2798 cta-

2092 2832 2329 2886 rissimus
2370 2829 2607 2885 tribunus
2650 2841 2697 2884 et
2739 2832 2972 2886 notarius
3000 2833 3150 2887 dixit.
3193 2833 3404 2906 Scripta
3436 2839 3548 2892 sint
3574 2854 3697 2909 quae

2093 2929 2162 2983 ab
2191 2928 2434 2996 utrisque
2464 2927 2708 2997 partibus
2738 2925 3008 2981 insinuata
3043 2927 3291 2982 videntur
3311 2945 3436 2986 esse
3459 2931 3704 3002 judiciis.

2094 3021 2163 3076 Et
2211 3021 2463 3076 recitavit.
2506 3019 2839 3090 Rogatianus
2868 3021 3158 3091 episcopus
3185 3022 3488 3080 Idassensis
3520 3026 3698 3098 (298).

2095 3113 2163 3168 Et
2207 3130 2322 3167 cum
2367 3112 2657 3176 recitasset,
2714 3112 2850 3166 idem
2886 3112 3037 3167 dixit.
3084 3114 3152 3168 Et
3191 3115 3445 3171 mandavi
3478 3126 3533 3173 et
3572 3119 3704 3173 sub-

387 3213 542 3266 dixit.
577 3207 721 3264 Satis
749 3206 1041 3277 episcopali
1067 3205 1293 3260 veritate
1320 3219 1433 3258 rem
1465 3202 1533 3258 de
1561 3218 1664 3272 qua
1691 3217 1843 3256 error
1869 3200 1986 3257 luc—
2013 3198 2058 3262 C
2091 3206 2283 3276 scripsi
2311 3221 2324 3259 :
2362 3218 2466 3259 non
2503 3203 2676 3258 habeo
2713 3203 3100 3258 adversarium.
3156 3203 3399 3260 Aurelius
3429 3207 3702 3278 episcopus

388 3311 474 3360 rat
498 3310 677 3358 ‘natus
703 3341 716 3366 ,
746 3298 968 3371 judiciis
998 3299 1247 3352 intimare
1276 3296 1529 3367 dignatus
1555 3312 1634 3351 es.
1663 3293 1818 3351 Unde
1848 3311 1989 3352 nunc

387 3403 586 3451 caetera
620 3391 987 3463 perlegantur.
1025 3389 1091 3444 Et
1129 3389 1377 3445 recitavit.
1426 3389 1668 3445 Donatus
1702 3389 1988 3458 episc0pus

391 3486 564 3558 plebis
604 3483 970 3542 Celerincnsis
1019 3483 1193 3557 (290).
1244 3481 1310 3538 Et
1361 3500 1479 3537 cum
1530 3483 1821 3551 recitasset,
1853 3483 1989 3538 idem

391 3581 544 3637 dixit.
579 3579 692 3652 Ego
725 3578 974 3634 mandavi
1005 3587 1057 3633 et
1085 3577 1386 3648 subscripsi
1422 3594 1434 3630 :
1466 3575 1835 3632 adversarium
1874 3591 1990 3630 om-

393 3675 522 3731 nino
549 3689 650 3729 nec
690 3672 854 3726 habui
887 3686 987 3726 nec
1013 3669 1187 3726 habeo
1219 3672 1272 3726 in
1303 3670 1456 3740 plebe
1481 3685 1619 3724 mea.
1646 3669 1710 3724 Et
1741 3671 1989 3725 recitavit.

394 3767 581 3822 Victor
623 3765 920 3837 episcopus
968 3763 1416 3834 Hipponiensium
1446 3762 1880 3832 Diarrhytorum.
1924 3761 1993 3816 Et

393 3875 513 3913 cum
539 3858 819 3921 recitasset,
843 3855 975 3910 idem
995 3851 1483 3910 dixit.Etmaudavi
1513 3863 1564 3906 ct
1583 3852 1900 3923 subscripsi.
1925 3851 1988 3906 Et

396 3949 648 4003 recitavit.
679 3948 1017 4004 Sarmentius
1039 3948 1325 4020 episcopus
1351 3943 1988 4017 Ternamusensisu‘Dl).

401 4039 464 4096 Et
518 4057 636 4096 cum
687 4040 988 4110 recitasset,
1069 4041 1204 4095 idem
1273 4040 1425 4096 dixit.
1481 4037 1553 4094 Et
1615 4038 1862 4092 mandavi
1937 4046 1993 4094 ct

397 4137 716 4208 subscripsi.
747 4133 992 4193 Tcncant
1021 4147 1172 4208 gesta
1200 4136 1323 4206 quia
1354 4135 1407 4189 in
1454 4134 1704 4204 plebibus
1740 4134 1875 4188 meis
1899 4133 1992 4188 ad-

398 4231 696 4288 versarium
757 4245 865 4286 non
912 4229 1102 4286 habeo.
1149 4228 1216 4284 Et
1258 4230 1506 4282 recitavit.
1549 4225 1991 4284 Pcrscverantius

400 4390 570 4461 gensis
602 4431 616 4455 ,
657 4388 797 4461 utin
845 4387 1078 4461 concilio
1103 4383 1524 4461 Carthaginiensi
1553 4384 1654 4461 sub
1675 4382 1947 4461 Dypriano
1973 4427 1987 4449 ,

406 4455 495 4515 ubi
522 4460 761 4516 occurrit
787 4459 1023 4514 Aimnius
1061 4457 1124 4513 ab
1151 4457 1412 4522 Ausvaga.
1433 4457 1614 4522 Quare
1644 4455 1767 4509 hinc
1793 4457 1989 4510 factum

407 4541 462 4586 ut
488 4548 593 4586 non
625 4532 807 4588 audita
842 4531 1014 4601 prima
1045 4529 1254 4601 syllaba
1277 4528 1617 4601 ,_Vagensem_
1659 4541 1780 4582 esse
1820 4528 1994 4581 credi-

407 4603 604 4668 derint,
633 4614 687 4658 et
715 4597 918 4658 idcirco
957 4597 1210 4673 Vagenses
1238 4597 1477 4673 episcopi
1499 4597 1655 4673 _huic
1681 4612 1803 4673 sese
1834 4613 2002 4673 oppo-

407 4675 630 4799 s‘uerint.
666 4675 816 4732 Sicut
853 4668 1211 4743 autem'Vaga
1244 4678 1360 4725 erat
1405 4668 1456 4724 in
1499 4668 1750 4724 Numidia
1777 4711 1790 4735 ,
1847 4671 1917 4724 ita
1947 4678 2004 4726 et

455 4761 660 4799 usvaaa.
1882 4767 1886 4771 -

455 4761 660 4800 usvaaa.
1882 4767 1886 4771 ‘

676 4815 1059 4888 Celerinensis._
1082 4813 1251 4888 Cujus
1277 4812 1567 4888 provinciae
1580 4813 1688 4888 sit,
1714 4812 2001 4888 incertum.

482 4883 630 4958 (291)
673 4886 1111 4958 Ternamusensis.
1165 4885 1221 4939 In
1250 4886 1447 4958 ⁸κίεις-ἰ
1492 4884 1682 4939 codice
1723 4883 2004 4958 Ceraunia-

412 4953 597 5024 sensis,
618 4955 722 5015 sed
754 4957 1062 5014 emendavit
1084 4955 1332 5012 Baluzius
1364 4953 1778 5010 Ternamusensis
1807 4971 1871 5010 ex
1905 4955 1996 5009 lti-

415 5031 630 5089 neraria
657 5029 917 5086 Antonini
944 5069 957 5093 ,
986 5030 1075 5084 ubi
1105 5031 1243 5084 inter
1282 5027 1475 5097 oppida
1516 5028 1850 5097 Mauritaniae
1879 5026 1994 5082 Ca:—

414 5102 671 5158 sariensis
716 5103 947 5157 relertur
996 5096 1352 5156 Taranamusa
1402 5108 1596 5153 castra.
1639 5096 1800 5153 Certe
1840 5099 1997 5154 sedes

397 5173 514 5232 ista
541 5174 754 5230 diversa
777 5180 862 5226 est
881 5186 909 5224 a
933 5170 1291 5227 Ceramunensi
1320 5169 1583 5225 Numidia:
1604 5211 1620 5235 ,
1651 5185 1769 5238 qum
1795 5170 1998 5223 nullum

415 5243 646 5300 habebat
691 5244 1004 5311 episc0pum
1075 5243 1556 5307 Donatistam,.ut
1600 5255 1760 5308 supra
1806 5242 2002 5295 dicitur

413 5329 536 5384 Cap.
574 5317 698 5371 155.
727 5315 782 5368 In
808 5314 995 5368 notitia
1021 5313 1349 5370 Mauritania:
1368 5312 1715 5366 Caasariensis
1741 5319 1826 5367 est
1846 5312 2003 5368 sedes

417 5385 868 5452 Ternamunensis,
898 5386 1179 5455 legendum
1207 5385 1648 5440 Ternamusensis.

420 5529 431 5539 .
491 5455 641 5580 S292)
684 5453 1004 5540 Terestinus.
1051 5458 1184 5514 Vide
1209 5473 1327 5526 qua:
1367 5455 1601 5510 diximus
1629 5454 1695 5510 ad
1720 5453 1912 5510 Nolam
1933 5454 2004 5509 44

420 5543 474 5581 η)
525 5528 593 5582 ιι).
624 5544 657 5584 tt
686 5529 886 5584 Ontatt.

419 5529 474 5581 in
503 5529 593 5582 lib.
624 5544 657 5584 ll
686 5529 886 5598 Optati.

488 5598 642 5670 (293)
683 5595 1031 5656 Sérteitanus.
1080 5599 1137 5653 In
1164 5595 1481 5653 Mauritania
1507 5597 1751 5656 Sitifensi
1774 5638 1789 5664 ,
1832 5605 1890 5652 ut
1915 5597 2012 5652 do-

419 5677 507 5724 cet
533 5673 742 5732 notitia,
773 5685 923 5726 num.
947 5670 1038 5724 ‘28.

431 5793 445 5816 ,ν
490 5742 641 5816 (294)
682 5741 1025 5816 Castalianus.
1067 5741 1147 5816 In_
1187 5741 1496 5797 Mauritania
1541 5739 1902 5816 Caesariensi,
1951 5745 2012 5816 ut

418 5811 577 5872 direct
607 5815 794 5871 notitia
826 5830 976 5869 uum.
1010 5815 1100 5870 75.
1132 5813 1274 5869 Inter
1305 5815 1634 5872 Mauritania:
1663 5811 2015 5869 Caesariensis

2020 4495 2074 4554 D

2093 3297 2339 3354 Ecclesia:
2367 3296 2632 3350 catholicw
2663 3293 3094 3350 Maromadiensis
3121 3296 3274 3351 dixit.
3322 3297 3511 3354 Ilach
3541 3316 3693 3370 prcs-

2092 3393 2342 3466 byterum
2375 3391 2425 3445 in
2461 3389 2698 3445 Ecclesia
2750 3388 3148 3445 Florentinum.
3185 3389 3445 3463 Episc0pi
3478 3393 3696 3452 luerunt

2091 3497 2204 3544 tres
2232 3485 2495 3542 Catholici
2518 3484 2630 3554 jam
2659 3483 3044 3540 decesserunt:
3078 3499 3183 3538 non
3212 3485 3488 3554 potuimus
3518 3485 3695 3544 adhuc

2098 3579 2369 3636 ordinare.
2422 3576 2804 3648 Presbyterum
2838 3574 2948 3630 illic
3004 3571 3282 3630 habemus‘
3317 3576 3698 3636 Florentinum

2098 3675 2168 3728 Et
2213 3673 2458 3727 recitavit.
2518 3671 2820 3726 Germanus
2870 3671 3158 3739 episcopus
3207 3669 3698 3740 Zugabbaritanus.

2099 3765 2166 3821 Et
2215 3781 2331 3819 cum
2381 3764 2680 3829 recitasset,
2728 3763 2864 3816 idem
2907 3762 3057 3815 dixit.
3105 3760 3169 3815 Et
3202 3761 3454 3818 mandavi
3485 3776 3537 3821 et
3568 3765 3700 3823 sub-

2099 3855 2312 3926 scripsi.
2363 3852 2429 3908 Et
2460 3855 2704 3908 recitavit.
2755 3853 3090 3924 Rogalianus
3120 3855 3408 3926 cpiscoiius
3441 3859 3698 3916 Villama-

2097 3948 2338 4022 gneusis.
2387 3944 2599 4000 Etcum
2642 3946 2938 4012 recitasset,
2985 3945 3122 4001 idem
3157 3947 3308 4003 dixit.
3365 3946 3610 4006 Rhundavi
3643 3961 3699 4008 et

2101 4041 2394 4112 subscripsi
2429 4057 2440 4092 :
2487 4039 2855 4094 adversarium
2886 4055 2992 4093 non
3027 4037 3198 4094 habeo
3229 4039 3406 4110 (299).
3456 4041 3526 4096 Et
3565 4046 3696 4098 reci-

2100 4135 2240 4189 tavit.
2285 4133 2575 4204 Presbyter
2602 4132 2853 4186 Manilius
2885 4131 3150 4187 Bazienu‘s
3179 4132 3332 4205 (300)
3364 4150 3462 4205 pro
3490 4136 3702 4207 episcu-
3737 4117 3744 4122 θ

2100 4243 2170 4300 po
2201 4241 2345 4281 meo.
2387 4222 2456 4278 Et
2486 4241 2600 4276 cum
2626 4227 2908 4278 recitasset.

2091 4384 2260 4512 pgbes
2291 4383 2571 4509 Castelluén
2643 4391 2910 4440 memorat
2967 4385 3284 4458 Anonymus
3327 4389 3702 4453 Ravennensis

2120 4473 2132 4510 I
2176 4495 2191 4511 .
2221 4471 2300 4512 III.
2336 4471 2482 4509 num.
2558 4495 2571 4508 .

2120 4471 2191 4512 ID.
2221 4471 2300 4517 III,
2336 4471 2482 4509 num.
2516 4471 2571 4509 δ.

2181 4527 2335 4600 (295)
2375 4525 2704 4600 Tinistensis,
2752 4542 2854 4600 seu
2885 4526 3187 4585 Tinisensis.
3219 4531 3379 4588 Forte
3408 4537 3461 4591 in
3513 4538 3700 4596 Numi-

2108 4597 2216 4673 dia.
2270 4599 2326 4673 In
2354 4599 2590 4673 concilio
2621 4597 3157 4673 CarthagincnsLsub
3183 4601 3452 4673 Cypriano
3481 4614 3698 4666 sentcn-

2109 4672 2234 4726 tiam
2255 4671 2390 4726 dixit
2428 4669 2705 4724 Viuentius
2732 4688 2763 4724 a
2790 4668 2992 4726 Tinisa.
3024 4668 3284 4728 Tinissa'rn
3315 4676 3497 4734 laudat
3517 4680 3698 4739 Ptole-

2107 4759 2276 4799 mzcus
2305 4743 2398 4796 lib.
2424 4757 2500 4809 tv,
2532 4757 2650 4812 cap.
2693 4744 2746 4797 5.

2182 4813 2334 4886 (296)
2369 4815 2698 4887 Secundinus
2725 4816 2995 4887 episcopus
3022 4815 3482 4876 Jucundianensis.
3551 4825 3601 4879 Is
3645 4826 3696 4881 in

2108 4887 2344 4941 concilio
2371 4886 2816 4941 Cabarsussitano
2857 4888 3161 4957 appellatur
3190 4888 3463 4948 Secundus
3490 4893 3697 4952 locun-

2111 4957 2394 5022 dianensis,
2421 4957 2701 5028 cujusdam
2731 4958 2871 5014 viil-fe
2899 4957 3189 5016 Numidia}.

2171 5049 2326 5122 (297)
2365 5049 2718 5122 Yageatensis.
2765 5053 2896 5108 Item
2939 5053 3216 5122 cujusdam
3251 5057 3394 5113 villa:
3423 5071 3515 5116 aut
3545 5063 3694 5120 fundi

2102 5124 2156 5178 in
2187 5121 2779 5192 Numidia’episcopus,
2815 5131 2874 5177 ut
2901 5127 3082 5178 statim
3115 5127 3293 5196 arguit
3325 5131 3569 5202 Alypius.

2175 5216 2336 5288 (298)
2382 5213 2689 5288 Idassmsis.
2764 5215 2820 5288 In
2867 5216 3152 5283 Numidia,
3206 5227 3265 5273 ut
3305 5221 3468 5279 docet
3506 5227 3697 5283 notitia

2107 5287 2257 5344 num.
2290 5287 2388 5360 27,
2431 5303 2460 5340 a
2494 5287 2857 5360 Macomadia,
2900 5304 3004 5342 non
3034 5290 3193 5360 longe
3225 5293 3464 5350 abfuisse
3491 5312 3557 5352 ex
3590 5298 3694 5353 hoc

2109 5361 2231 5437 loco
2257 5359 2528 5437 colligi-tur
2549 5400 2562 5423 ,
2610 5373 2730 5437 cum
2760 5357 3206 5437 ltiacomadicnsis
3234 5363 3522 5437 episcopus
3549 5369 3694 5425 dicat

2106 5447 2168 5488 se
2199 5432 2268 5485 ibi
2304 5431 2678 5502 presbyterum
2715 5431 2937 5487 habere.

2182 5521 2342 5596 (299)Δ
2359 5521 2719 5596 Adversariunt
2744 5537 2844 5575 non
2869 5523 3045 5579 habeo.
3076 5524 3221 5578 Idem
3243 5536 3400 5579 antea
3423 5543 3543 5595 cap.
3568 5529 3693 5596 153,

2110 5592 2276 5658 dixit,
2308 5592 2588 5665 Augendus
2627 5592 3103 5665 Villa-magnensis
3130 5611 3152 5650 .'
3179 5611 3346 5664 quare
3374 5599 3459 5651 vel
3488 5592 3546 5652 se
3578 5592 3700 5653 nur-

2114 5673 2206 5719 tuo
2232 5680 2337 5718 non
2374 5673 2670 5728 noverant,
2704 5665 2786 5720 vel
2814 5666 3150 5721 diversarum
3179 5665 3423 5734 ejusdem
3464 5672 3700 5728 nominis

2113 5737 2334 5807 svdiutn
2354 5745 2509 5807 erant
2537 5737 2802 5807 episcopi.

2192 5805 2343 5878 (500)
2371 5800 2628 5863 Basienus
2659 5800 2754 5865 seu
2785 5805 3071 5861 Bazitcnsis
3101 5805 3154 5861 in
3183 5803 3454 5869 Numidia.
3488 5809 3621 5871 Nam
3651 5825 3708 5872 ut
