4130 6170
499 302 637 360 i327

1429 247 1676 352 IGESTA
1714 290 2169 350 COLLATIONIS
2204 289 2835 348 CARTHAGINENSIS.

3657 285 3683 340 1
3697 283 3808 339 528

573 420 699 474 185.
726 415 1057 471 Marcellinus
1083 413 1156 467 vir
1182 411 1500 467 clarissimus
1525 411 1761 465 tribunus
1786 419 1836 466 et
1865 410 2095 464 notarius
2123 414 2179 471 Α
2203 408 2516 478 subscripsi.
2583 408 2712 462 Item
2742 404 2990 461 recitavit.
3051 403 3300 460 Urbanus
3333 400 3621 472 episcopus
3646 399 3809 454 Sata-

505 514 653 568 dixit.
706 510 810 564 Pro
843 522 949 577 quo
977 504 1278 576 episcopo?
1321 502 1615 558 Petilianus
1647 503 1917 573 episcopus
1945 501 2096 554 dixit.

505 606 734 664 Lumine
763 611 951 674 captus
977 610 1079 656 est.
1124 599 1192 652 Et
1222 601 1328 653 alia
1354 615 1529 652 manu.
1562 597 1859 652 Petilianus
1890 597 2100 666 episco-

502 715 603 770 pus
631 694 944 766 recognovi.
987 692 1208 764 Alypius
1252 692 1522 763 episcOpus
1548 687 1798 743 Ecclesia:
1836 687 2102 741 catholica:

503 793 652 849 dixit.
685 787 1096 860 Respondeatur
1125 795 1303 840 utrum
1337 797 1575 854 praesens
1605 783 1696 848 sit,
1726 796 1822 850 pro
1844 795 1950 849 quo
1972 778 2102 833 sub-

507 888 770 956 scriptum
803 891 907 938 est.
968 879 1037 935 Et
1065 881 1173 935 alia
1199 895 1377 933 manu.
1423 876 1752 948 Rocognovi.
1799 873 2102 928 Primianus

505 983 772 1053 episcOpus
801 977 956 1032 dixit.
1000 975 1311 1044 Loquamur
1338 971 1644 1026 veritatem.
1697 968 1879 1024 Oculis
1909 974 2100 1036 captus

502 1085 585 1130 est
610 1116 624 1141 ,
668 1071 857 1126 venire
889 1084 996 1122 non
1025 1065 1203 1137 petuit
1227 1107 1241 1129 .
1287 1063 1660 1135 presbyterum
1693 1075 1849 1115 suum
1877 1058 2096 1114 direxit.

502 1167 571 1223 Et
597 1168 702 1220 alia
731 1179 906 1218 manu.
947 1159 1253 1214 Primianus
1281 1157 1568 1226 episcopus
1598 1151 1908 1223 recognovi.
1953 1149 2102 1203 Mar-

500 1264 720 1320 cellinus
747 1261 823 1314 vir
853 1257 1168 1312 clarissimus
1205 1254 1439 1307 tribunus
1468 1259 1515 1306 et
1542 1251 1773 1304 notarius
1801 1241 2100 1300 dixit..Sed

503 1369 701 1412 nomen
733 1352 899 1424 ipsius
929 1349 1111 1405 debuit
1141 1345 1539 1415 subscriptione
1569 1342 1760 1398 teneri.

578 1465 701 1521 184.
761 1463 980 1534 Alypius
1021 1460 1288 1530 cpiscopus
1329 1454 1572 1510 Ecclesia:
1625 1451 1896 1506 catholica:
1937 1449 2096 1502 dixit.

502 1559 784 1614 Testatum
814 1556 881 1608 sit
910 1551 1050 1627 [eos]
1081 1553 1242 1606 etiam
1269 1549 1570 1604 absentium
1605 1544 1823 1600 nomina
1850 1540 1990 1598 velle
2022 1542 2102 1595 in-

503 1663 687 1706 serere
707 1690 724 1714 ,
776 1654 833 1701 ut
859 1645 1020 1699 etiam
1065 1642 1220 1696 nobis
1251 1641 1413 1696 liceat
1438 1652 1628 1694 omnes
1657 1635 1956 1692 catholicos
1985 1633 2100 1703 epi-

503 1755 700 1812 sc0pos
720 1781 737 1807 ,
782 1737 872 1809 qui
900 1752 998 1808 per
1027 1735 1402 1789 inﬁrmitatem
1432 1732 1517 1787 vel
1549 1746 1644 1800 per
1673 1730 1907 1799 aliquam
1941 1740 2101 1781 occa-

507 1831 953 1888 sionem'adesse
982 1843 1090 1883 non
1132 1836 1466 1898 potuerunt,
1513 1823 1679 1893 gestis

505 1927 610 1981 alia
641 1941 818 1980 manu.
860 1923 1195 1992 Recognovi.
1227 1919 1297 1973 Et
1324 1918 1574 1973 recitavit.
1621 1917 1855 1970 Donatus
1886 1913 2099 1982 episco—

501 2034 602 2088 pus
624 2016 1004 2087 Apissanensis
1025 2011 1199 2084 (501).
1231 2010 1298 2064 Et
1328 2027 1442 2064 cum
1471 2009 1753 2072 recitasset,
1777 2007 1911 2060 idem
1937 2004 2086 2058 dixit.

500 2115 570 2170 Et
618 2112 869 2168 mandavi
897 2118 954 2166 et
984 2108 1316 2177 subscripsi:
1358 2104 1726 2160 adversarium
1759 2117 1865 2156 non
1898 2100 2091 2155 habeo.

571 2224 698 2280 185.
734 2222 1022 2276 Petiliauus
1051 2219 1325 2290 episcopus
1354 2216 1505 2271 dixit.
1540 2213 1808 2282 Quoniam
1843 2226 2101 2281 prosecu-

500 2320 578 2374 tio
607 2315 776 2388 partis
823 2314 1066 2368 adversa:
1095 2316 1400 2366 contestata
1447 2307 1774 2363 monstravit
1801 2305 2011 2375 aliquos
2041 2318 2100 2359 se

498 2412 753 2466 absentes
781 2407 1003 2470 habere,
1031 2419 1132 2458 nos
1155 2416 1372 2473 quoque
1392 2415 1500 2455 non
1530 2410 1768 2455 tacemus
1792 2397 2099 2468 aliquantos

495 2512 719 2560 nostros
751 2501 936 2556 multis
964 2497 1385 2554 necessitatibus
1411 2504 1504 2549 aut
1542 2493 1787 2549 adversis
1828 2490 2099 2547 valetudi-

496 2598 656 2653 nibus
682 2594 1010 2666 praepeditos
1041 2607 1152 2646 non
1183 2589 1400 2646 venisse
1425 2630 1439 2654 ,
1469 2587 1774 2658 aliquantas
1800 2585 1964 2642 etiam
2004 2599 2097 2640 ca-

494 2690 718 2746 thedras
748 2702 892 2744 nunc
917 2701 1040 2743 esse
1065 2683 1314 2739 viduatas
1340 2724 1354 2748 ,
1396 2681 1594 2752 quibus
1637 2679 1814 2734 adhuc
1848 2677 2094 2749 episcopi

495 2785 730 2844 ordinati
763 2799 868 2839 non
900 2795 1024 2836 esse
1055 2786 1450 2835 monstrantur.
1482 2776 1656 2830 Etiam
1687 2774 1791 2830 hoc
1819 2783 1937 2829 acta
1965 2786 2096 2828 con-

493 2882 724 2938 tineant.
792 2877 861 2931 Et
913 2875 1022 2931 alia
1076 2890 1253 2928 manu.
1317 2871 1615 2927 Petilianus
1667 2868 1955 2938 episcopus
2001 2880 2092 2920 re-

496 2989 747 3046 cognovu

566 3087 690 3142 186.
735 3083 1075 3139 Marcellinus
1113 3081 1192 3136 vir
1217 3073 1812 3134 clarissimus'tribunus
1846 3082 1894 3128 et
1936 3081 2089 3126 uota-

2205 500 2394 557 fensis.
2437 501 2662 570 Cumque
2703 500 3031 563 accessisset,
3083 499 3216 552 idem
3255 497 3408 552 dixit.
3462 493 3708 550 Mandavi
3751 502 3810 548 et

2205 593 2526 664 subscripsi.
2573 592 2705 646 Item
2734 591 2984 646 recitavit.
3021 577 3254 644 Donatus
3285 588 3578 658 episcopus
3602 585 3813 640 Cillita-

2206 701 2331 740 nus.
2365 683 2592 756 Cumque
2624 685 2938 748 accessisset,
2968 682 3102 736 idem
3134 681 3284 736 dixit.
3321 679 3566 734 Mandavi
3597 687 3654 733 et
3682 677 3813 732 sub-

2205 776 2422 845 scripsi.
2487 774 2623 830 Item
2652 777 2902 831 recitavit.
2958 774 3220 829 Liberalis
3247 773 3538 843 episc0pus
3566 769 3671 824 loci
3699 768 3812 823 Na-

2205 868 2462 922 saitensis
2511 868 2688 940 (502).
2770 867 2997 938 Cumque
3051 867 3381 930 accessisset,
3450 864 3586 919 idem
3653 863 3811 916 dixit.

2205 959 2448 1017 Mandavi
2478 971 2528 1015 et
2557 960 2851 1030 subscripsi
2879 977 2892 1014 :
2937 975 3038 1014 nec
3067 959 3222 1014 habui
3252 959 3655 1023 adversarium,
3704 972 3815 1014 nec

2209 1051 2414 1118 habeo,
2450 1067 2550 1107 nec
2587 1051 2799 1107 habebo
2827 1054 3172 1118 permittente
3205 1051 3334 1104 Deo.
3386 1049 3523 1103 Item
3554 1048 3812 1103 recitat-it.

2206 1143 2561 1198 Maximianus
2586 1145 2874 1214 episcOpus
2904 1143 3326 1198 Hermianensis.
3373 1140 3608 1212 Cumque
3639 1157 3817 1194 acces-

2205 1239 2390 1304 sisset,
2432 1240 2568 1293 idem
2600 1238 2753 1293 dixit.
2796 1237 3043 1293 Maudavi
3070 1246 3124 1292 et
3150 1235 3467 1306 subscripsi.
3515 1233 3650 1288 Item
3679 1235 3816 1290 reci-

2207 1332 2352 1384 tavit.
2416 1330 2752 1386 Fortunatus
2794 1331 3082 1400 episcopus
3109 1328 3514 1384 Vesceritanus.
3583 1325 3818 1393 Cumque

2205 1423 2531 1489 accessisset,
2576 1423 2712 1476 idem
2741 1423 2890 1477 dixit.
2943 1421 3186 1476 Mandavi
3218 1431 3273 1476 et
3300 1418 3618 1490 subscripsi.
3669 1418 3809 1472 Item

2205 1515 2455 1568 recitavit.
2505 1514 2832 1585 Peregrinus
2877 1515 3162 1585 episcopus
3200 1512 3512 1570 Sufetanus.
3581 1512 3812 1583 Cumque

2206 1609 2505 1663 accessisset
2532 1650 2548 1674 ,
2577 1609 2714 1663 idem
2746 1609 2899 1664 dixit.
2947 1609 3190 1664 Mandavi
3220 1618 3276 1664 et
3305 1610 3626 1680 subscripsi.
3678 1609 3814 1663 Item

2205 1705 2457 1757 recitavit.
2527 1703 2766 1758 Donatus
2817 1703 3105 1773 episcopus
3145 1703 3599 1759 Merferebitanus
3634 1702 3809 1774 (505).

1715 1794 1975 1876 iugem,
2032 1816 2102 1872 Et
2131 1804 2178 1864 B
2206 1795 2436 1866 Cumque
2455 1795 2770 1858 accessisset,
2794 1795 2930 1850 idem
2951 1796 3097 1850 dixit.
3126 1794 3372 1850 Mandavi
3404 1806 3461 1851 et
3487 1796 3808 1871 subscripsi.

2212 1885 2342 1940 Item
2392 1887 2642 1942 recitavit.
2729 1886 2969 1943 Gaviuus
3021 1887 3310 1958 cpiscopus
3370 1887 3809 1958 Vegeselitanus.

2207 1979 2435 2047 Cumque
2455 1981 2769 2043 accessisset,
2794 1980 2928 2035 idem
2951 1981 3102 2036 dixit.
3132 1979 3380 2036 Mandavi
3402 1989 3458 2037 et
3488 1981 3805 2050 subscripsi.

2206 2071 2342 2128 Item
2407 2075 2656 2128 recitavit.
2740 2073 3065 2130 Veratianus
3121 2075 3410 2146 cpiscopus
3468 2073 3808 2146 Carpitanus.

2205 2163 2428 2235 Cumque
2448 2167 2764 2231 accessisset,
2787 2167 2920 2220 idem
2946 2167 3097 2220 dixit.
3131 2166 3378 2221 Mandavi
3405 2179 3460 2222 et
3487 2168 3806 2240 subscripsi,

2202 2257 2296 2327 qui
2320 2272 2438 2312 sum
2476 2273 2765 2314 successor
2791 2258 3127 2313 Faustiuiani
3153 2301 3168 2326 ,
3219 2261 3309 2330 qui
3339 2260 3393 2314 in
3425 2262 3628 2316 unitate
3660 2262 3806 2316 veri-

2205 2351 2329 2404 tatis
2381 2350 2553 2406 fuerat
2596 2351 2876 2405 ordinatus
2921 2365 2952 2405 a
2984 2351 3228 2418 Donato,
3282 2352 3621 2422 postmodum
3667 2369 3804 2408 vero

2202 2444 2536 2513 temporibus
2556 2444 2790 2509 Macarii,
2816 2443 2925 2499 illic
2945 2454 3290 2500 emerserunt
3322 2445 3632 2502 traditores.
3661 2444 3796 2500 Item

2200 2537 2447 2592 recitavit.
2509 2535 2750 2593 Gaianas
2802 2538 3093 2606 episcopus
3147 2536 3517 2608 Tigualensis.
3579 2537 3803 2610 Cumque

2199 2633 2534 2698 accessisset,
2579 2631 2719 2684 idem
2748 2631 2894 2685 dixit.
2943 2630 3189 2686 Mandavi
3219 2641 3274 2686 et
3300 2633 3622 2703 subscripsi.
3671 2632 3804 2687 Item

2198 2725 2450 2778 recitavit.
2521 2723 2760 2794 Rogatus
2807 2725 3097 2795 episcopus
3141 2725 3511 2780 Perdicensis.
3583 2725 3805 2796 Cumque

2196 2819 2514 2884 accessisset,
2550 2818 2684 2872 idem
2715 2819 2863 2872 dixit.
2910 2817 3156 2873 Mandavi
3187 2825 3242 2874 et
3292 2819 3617 2890 subscripsi.
3667 2819 3801 2874 Item

2197 2911 2448 2964 recitavit.
2497 2909 2808 2966 Victorinus
2833 2910 3123 2981 episcopus
3146 2910 3322 2982 plebis
3353 2911 3800 2981 Leptiminensis.

2197 3003 2422 3075 Cumque
2447 3005 2760 3066 accessisset.
2787 3003 2923 3057 ident
2945 3005 3096 3058 dixit.
3131 2983 3381 3058 Mandavi
3401 3011 3459 3059 et
3480 3005 3798 3076 subscripsi.

2196 3093 2331 3149 Item
2359 3095 2609 3149 recitavit.
2662 3094 3018 3148 Martinianus
3047 3094 3335 3164 episcopus
3366 3095 3472 3151 loci
3501 3095 3802 3153 Tibuzabeo

495 3183 604 3238 rius
628 3181 779 3236 dixit.
817 3179 1088 3246 Quantum
1118 3175 1186 3232 ad
1209 3173 1674 3231 conlirmationem
1700 3167 1939 3236 mandati
1971 3181 2090 3236 per-

2201 3186 2370 3243 tensis
2392 3185 2562 3259 (504).
2597 3185 2826 3258 Cumque
2845 3188 3160 3254 accessisset,
3191 3187 3326 3242 idem
3359 3189 3516 3242 dixit.
3555 3187 3800 3244 Mandavi

491 3277 648 3341 tinet,
672 3274 871 3330 sufﬁcit
901 3274 954 3328 in
985 3281 1212 3341 utraque
1242 3276 1394 3340 parte
1415 3282 1602 3322 eorum
1627 3278 1888 3319 numerus
1913 3275 2092 3316 sacer-

492 3369 698 3434 dotum,
715 3368 802 3437 qui
823 3365 999 3421 eidem
1022 3363 1276 3419 mandato
1292 3358 1678 3428 subscripsisse
1696 3362 2086 3412 monstrantur.

488 3459 646 3515 Unde
674 3459 881 3527 reliqua
908 3458 1254 3527 perlegantur
1275 3495 1290 3522 ,
1323 3451 1614 3523 superﬁuis
1640 3451 1924 3504 absentum
1953 3462 2086 3501 cau-

490 3551 795 3608 sationibus
860 3548 1238 3619 sequestratis.
1313 3543 1383 3598 Et
1451 3544 1703 3598 recitavit.
1772 3539 2090 3608 Quintasius

488 3644 775 3714 episcopus
797 3637 1136 3697 Vaianensis.
1167 3636 1396 3706 Cumque
1423 3633 1743 3698 accessisset,
1771 3630 1909 3686 idem
1930 3630 2083 3685 dixit.

481 3737 741 3793 Mandavi
784 3747 837 3792 et
873 3732 1194 3803 subscripsi.

568 3849 691 3904 187.
749 3849 971 3918 Alypius
1017 3847 1287 3916 episcopus
1335 3843 1562 3898 ecclesiae
1612 3840 1886 3896 catholicw
1931 3839 2084 3894 dixit.

488 3941 821 3999 Obliteretur
845 3953 972 4008 ergo
993 3936 1322 4004 subscriptio
1345 3935 1650 3989 absentum.
1681 3931 1750 3984 Et
1776 3932 1880 3985 alia
1905 3947 2084 3985 manu.

487 4033 823 4106 Recognovi.
861 4031 927 4086 Et
953 4029 1204 4085 recitavit.
1231 4027 1520 4083 Januarius
1545 4026 1834 4094 episcopus
1865 4024 2087 4078 Lamas-

485 4128 693 4185 bensis.
746 4125 976 4196 Cumque
1005 4126 1334 4186 accessisset,
1384 4119 1520 4173 idem
1549 4118 1699 4173 dixit.
1751 4116 1999 4172 Mandavi
2031 4124 2087 4171 et.

487 4221 804 4292 subscripsi.
851 4217 986 4272 Item
1027 4214 1277 4270 recitavit.
1320 4211 1473 4269 Felix
1503 4211 1791 4282 episcopus
1820 4209 2084 4265 Novasin-

487 4311 696 4368 nensis.
755 4309 983 4380 Curaque
1007 4305 1326 4371 accessisset,
1359 4303 1496 4357 idem
1527 4303 1679 4357 dixit.
1742 4301 1987 4358 Mandavi
2029 4309 2084 4357 et

489 4403 808 4473 subscripsi.
871 4399 1006 4454 Item
1045 4398 1299 4453 recitavit.
1361 4394 1618 4450 Martialis
1658 4393 1947 4464 episcopus
1980 4393 2085 4450 ldi-

485 4495 716 4554 crensis.
760 4492 990 4558 Cumque
1014 4489 1342 4555 accessisset,
1379 4488 1514 4541 idem
1541 4485 1693 4540 dixit.
1747 4485 1999 4539 Maudavi
2029 4494 2081 4541 et

2195 3289 2251 3334 et
2274 3279 2590 3351 subscripsi.
2638 3278 2774 3334 Item
2797 3279 3046 3334 recitavit.
3096 3279 3425 3346 Quintianus
3456 3282 3749 3353 episcopus
3772 3297 3801 3335 a

2196 3370 2531 3428 Lacu-dulce
2577 3370 2751 3443 (505).
2823 3371 3216 3428 Valentinianus
3263 3374 3524 3429 diaconus
3579 3377 3800 3446 episcOpi

2197 3464 2452 3520 Primiani
2481 3465 2636 3520 dixit.
2677 3465 2818 3520 Male
2853 3464 3032 3520 habet.
3081 3464 3214 3520 Item
3243 3467 3499 3522 recitavit.
3547 3468 3800 3540 Pelagius

2194 3559 2482 3628 episcopus
2526 3557 2946 3613 Vanarionensis
2975 3556 3150 3632 (506).
3208 3557 3439 3629 Cumque
3479 3562 3798 3626 accessisset,

2192 3649 2330 3704 idem
2363 3650 2516 3704 dixit.
2562 3649 2809 3704 Mandavi
2835 3660 2887 3704 et
2920 3650 3251 3720 subscripsi:
3281 3651 3663 3707 adversarium
3693 3668 3800 3708 non

2193 3740 2389 3798 habeo.
2436 3741 2569 3795 Item
2600 3743 2849 3796 recitavit.
2898 3741 3242 3798 Victorianus
3269 3744 3564 3813 episcopus
3593 3745 3802 3802 Tiberi-

2193 3842 2372 3890 tanus.
2419 3831 2648 3906 Cumque
2684 3836 3011 3902 accessisset,
3062 3836 3198 3890 idem
3231 3835 3385 3892 dixit.
3452 3839 3710 3894 Mandavi
3745 3850 3802 3895 et

2190 3929 2508 3999 subscripsi.
2574 3928 2706 3984 Item
2757 3930 3009 3984 recitavit.
3077 3929 3447 3986 Primulianus
3497 3931 3794 4003 episcopus

2192 4025 2689 4080 Mandasumitanus
2730 4024 2908 4095 (507).
2983 4022 3209 4092 Cumque
3258 4026 3603 4092 accessisset,
3660 4027 3796 4080 idem

2190 4117 2338 4170 dixit.
2385 4115 2645 4171 Consensi
2676 4124 2732 4171 et
2759 4116 3079 4186 subscripsi.
3129 4115 3261 4169 Item
3290 4119 3554 4172 recitavit.
3600 4118 3797 4174 Fortu-

2190 4210 2440 4264 natianus
2493 4201 2780 4280 episcopus
2837 4209 3117 4264 Metensis.
3195 4208 3428 4278 Cumque
3473 4214 3794 4280 accessisset,

2188 4302 2354 4374 280
2365 4302 2497 4355 idem
2520 4302 2674 4356 dixit.
2698 4299 2946 4356 Mandavi
2962 4309 3018 4356 et
3036 4300 3353 4372 subscripsi.
3380 4301 3519 4359 Item
3539 4306 3792 4359 recitavit.

2187 4393 2495 4449 Felicianus
2525 4393 2810 4464 episcopus
2833 4391 3134 4448 Utineusis.
3192 4390 3427 4464 Cumque
3466 4397 3794 4463 accessisset,

2185 4484 2323 4539 idem
2367 4485 2517 4540 dixit.
2582 4483 2828 4539 Mandavi
2868 4493 2923 4539 et
2965 4484 3288 4554 subscripsi.
3350 4485 3485 4540 Item
3529 4489 3794 4545 recitavit.

482 4584 798 4656 subscripsi.
863 4581 998 4637 Item
1023 4580 1273 4636 recitavit.
1335 4577 1592 4634 Gedudus
1636 4576 1929 4647 episc0pus
1958 4575 2078 4631 Uti-
2109 4591 2164 4651 Ι)
2188 4577 2532 4633 Florentinus
2580 4576 2865 4648 episcopus
2909 4591 2938 4630 a
2970 4575 3288 4632 Tubusubtu
3319 4577 3501 4648 (508).
3560 4577 3796 4650 Cumque

480 4681 682 4738 censis.
725 4676 952 4746 Cumque
977 4675 1304 4740 accessisset,
1349 4670 1486 4725 ident
1517 4670 1667 4723 dixit.
1732 4667 1983 4723 Mandavi
2026 4679 2080 4726 et

479 4851 784 4902 consuite:
815 4855 936 4907 cap.
960 4839 1100 4907 155,
1147 4833 1373 4907 Lucidus
1422 4838 1541 4887 erat
1589 4829 1861 4900 episcopus
1909 4829 2072 4901 plebis

483 4906 928 4971 Marcellianeusis
958 4921 1012 4964 et
1041 4906 1345 4961 Bazitensis.

551 5004 705 5078 (501)
748 5001 1124 5078 Apissanensis.
1155 4993 1732 5078 _Legendum_vidgttr
1763 5009 1790 5046 a
1837 4992 2071 5048 Pissanis

479 5065 576 5134 seu
614 5065 848 5130 Pesanis.
899 5071 1104 5126 Pesaua
1155 5065 1294 5123 inter
1336 5065 1586 5122 civitates
1616 5065 1925 5134 Byzacenas
1973 5082 2073 5120 nu-

480 5157 724 5205 meratur
751 5148 801 5200 in
835 5145 1001 5199 veteri
1034 5142 1224 5196 notitia
1253 5154 1413 5210 quam
1449 5137 1773 5206 Beveregius
1803 5137 1995 5192 edidit.

551 5240 700 5312 (302)
741 5236 1083 5293 Nasaitensis.
1121 5233 1300 5308 Cujus
1329 5230 1620 5302 provincix
1647 5228 1739 5295 sit,
1774 5231 2066 5284 incertum.

549 5335 698 5408 (505)
751 5328 1194 5402 Merferebitanus.
1252 5325 1422 5396 Cujus
1482 5324 1772 5394 provincia:
1820 5323 1930 5389 sit,
1986 5324 2068 5378 in-

473 5417 1138 5552 ce(gilii?)Tibuzabetensis.
1152 5469 1330 5552 Cujus
1349 5467 1639 5550 provincia!
1659 5466 1750 5552 sit,
1773 5465 2062 5552 incertum.

543 5542 696 5620 (505)
716 5547 762 5600 Α
779 5544 1128 5599 Lacu-dulce.
1146 5542 1310 5620 cujus
1335 5542 1631 5620 prpvinciai
1655 5542 1745 5620 sit,
1774 5542 2062 5620 incertum.

539 5614 691 5696 (506)
728 5616 1225 5696 ναηονίοηᾳηεὶδ..ιῗ
1229 5628 1349 5672 orte
1380 5617 1788 5696 Panutariensis:
1832 5614 1889 5668 In
1917 5616 2063 5669 Mau-

463 5687 656 5754 ritania
676 5687 1030 5759 Caesariensi,
1061 5700 1120 5746 ut
1146 5689 1307 5745 docet
1334 5689 1524 5742 n0titia
1556 5704 1704 5742 num.
1733 5687 1818 5741 11.

460 5855 464 5861 η
533 5781 688 5860 (507)
720 5786 1225 5842 Mandasumitanus.
1269 5779 1328 5837 In
1360 5780 1642 5851 provincia
1662 5781 1964 5851 Byzacena,
1997 5789 2056 5836 ut

2187 4671 2518 4738 accessisset,
2555 4670 2690 4725 idem
2718 4670 2874 4724 dixit.
2925 4668 3169 4726 Mandavi
3199 4680 3253 4725 et
3279 4671 3603 4742 subscripsi.
3654 4672 3797 4730 Item

2179 4831 2340 4957 pocet
2367 4832 2555 4888 notitia
2591 4846 2740 4886 num.
2774 4831 2910 4898 110,
2958 4832 3050 4889 ubi
3095 4830 3399 4902 appellatur
3424 4830 3798 4892 Madassumi—

2203 4920 2352 4957 auus.
2621 4916 2630 4920 “

2203 4920 2352 4958 auus.
2621 4916 2630 4920 ’

2251 4998 2403 5068 (508)
2437 4999 2479 5051 Α
2512 4997 2835 5053 Tubusubtu.
2874 4997 2933 5052 In
2967 4996 3528 5068 notitiagMauritanite
3560 4999 3792 5058 Sitifen-

2177 5066 2433 5122 sis‘uutn.
2463 5072 2526 5132 8,
2558 5073 2797 5141 occurrit
2825 5071 3112 5138 episcopus
3139 5066 3605 5141 Tugusubditanus
3629 5112 3647 5136 ,
3689 5088 3796 5141 pro

2177 5155 2285 5213 quo
2335 5141 2622 5213 legendum
2650 5140 3148 5213 (Tubusubditanus.
3212 5138 3270 5213 lu
3325 5142 3520 5213 n_otitia
3570 5138 3794 5213 imperii

2178 5209 2410 5282 [labetur
2436 5222 2567 5266 sect.
2600 5211 2668 5267 20
2733 5212 3065 5282 Precpositus
3121 5212 3307 5265 limitis
3337 5209 3789 5270 Tubusubditani.
3865 5239 3878 5248 -

2175 5280 2536 5356 Tubusuptum
2567 5280 2875 5356 scribebant
2904 5293 3152 5356 veteres,
3193 5292 3254 5356 et
3293 5283 3380 5356 ita
3411 5283 3612 5354 legitur
3635 5288 3790 5356 apud

2179 5352 2532 5408 Ptolemaeum
2565 5355 2773 5426 lib.ﬁlv,
2814 5369 2935 5426 cap.
2961 5355 3028 5419 2,
3067 5353 3300 5426 Plinium
3331 5353 3424 5407 lib.
3459 5352 3524 5420 v,
3565 5352 3689 5424 cap:
3727 5359 3787 5412 2.

2178 5425 2510 5480 Antoninum
2555 5426 2605 5478 in
2653 5423 2972 5492 Itinerario,
3016 5436 3072 5480 et
3111 5423 3459 5479 Ammianum
3499 5423 3788 5484 Marcelli-

2175 5510 2326 5569 nam,
2361 5498 2454 5569 lib.
2486 5512 2631 5562 xxxx,
2670 5512 2788 5566 cap.
2816 5500 2868 5552 5.
2914 5495 2968 5549 lu
3003 5494 3577 5569 Antoniniltinerariu
3607 5513 3786 5569 prope

2175 5564 2366 5620 Saldas
2393 5568 2624 5621 locatum
2654 5564 2988 5630 numeratur,
3020 5577 3075 5623 et
3105 5566 3244 5635 apud
3266 5564 3624 5621 Ammianuni
3653 5564 3781 5626 loco

2171 5636 2389 5692 laudato
2417 5637 2777 5710 Tubusuptum
2797 5639 2996 5694 dicitur
3023 5638 3191 5692 fuisse
3225 5639 3538 5710 contiguum
3573 5638 3778 5694 Monti-

2169 5711 2381 5780 g'rrato,
2411 5711 2524 5779 qui,
2555 5708 2699 5764 ut'ex
2751 5709 2974 5765 Tabulis
3025 5708 3455 5780 Peutingerianis
3507 5722 3679 5780 patet,
3741 5728 3774 5768 a

2166 5777 2499 5835 Rusuccurro
2524 5781 2737 5837 colonia
2765 5781 2956 5838 Saldas
2985 5796 3156 5852 usque
3183 5777 3544 5851 pertingebat.
