4130 6170
372 240 517 297 1529

1328 244 1554 303 GESTA
1597 242 2051 303 COLLATIONIS
2089 245 2715 307 CARTHAGINENSIS.

3533 258 3674 318 1550

367 358 629 414 recitavit.
658 358 871 419 Marcus
897 363 1185 434 episcopus
1205 361 1514 419 Midicensis
1540 360 1714 433 (509).
1750 359 1974 433 Cumque
1998 366 2054 426 Α
2078 363 2367 423 Flavianus
2392 365 2681 439 episcopus
2712 368 3073 427 Pauzercnsis
3101 370 3274 446 (517).
3322 372 3550 445 Cumque
3578 393 3672 430 ac-

368 452 687 518 accessisset,
713 455 847 509 idem
878 457 1031 511 dixit.
1073 456 1320 512 Mandavi
1343 462 1397 511 et
1422 455 1748 527 subscripsi:
1780 456 1975 513 adver-

369 544 574 600 sarium
607 560 713 599 non
748 546 947 603 habeo.
1010 549 1228 622 Alypius
1267 549 1540 619 episcopus
1593 547 1845 605 Ecclesiae
1883 567 1970 605 ca-

375 636 583 692 tltolicx
609 637 761 693 dixit.
809 638 963 695 Unde
992 640 1095 696 es?
1141 656 1259 712 quae
1290 650 1374 697 est
1403 650 1584 697 autem
1615 641 1809 697 civitas
1838 644 1974 699 tua?

371 725 582 784 Marcus
630 730 899 800 episcopus
950 730 1102 787 dixit.
1182 732 1349 788 Secus
1398 732 1696 803 Tapruram
1751 732 1967 791 Midica.

369 818 529 876 Novit
555 836 641 876 me
672 820 1019 877 Dimenianus
1044 839 1075 878 a
1106 823 1370 894 Taprura.
1411 824 1545 878 Item
1574 826 1821 880 recitavit.
1864 827 1968 882 Do-

374 924 537 974 natus
559 916 841 986 episcopus
871 917 1229 973 Cresimensis
1249 918 1420 991 (510).
1464 917 1690 990 Cumque
1721 919 1972 1001 accessis-

369 1016 468 1072 set,
500 1007 633 1061 idem
662 1007 812 1063 dixit.
859 1007 1110 1065 Maudavi
1136 1020 1190 1065 et
1215 1011 1512 1080 subscripsi
1543 1028 1557 1064 :
1590 1011 1959 1068 adversarium

370 1114 478 1154 non
527 1100 717 1157 habeo.
781 1098 918 1155 Item
966 1104 1219 1157 recitavit.
1290 1103 1634 1159 Victorianus
1676 1105 1969 1176 episcopus

368 1195 730 1267 Puppitanus.
764 1195 997 1269 Cumque
1016 1199 1333 1264 accessisset,
1368 1198 1503 1253 idem
1530 1198 1681 1253 dixit.
1725 1199 1966 1256 Mandavi

363 1300 417 1346 et
442 1291 763 1363 subscripsi.
824 1290 960 1347 Item
989 1292 1240 1348 recitavit.
1287 1292 1513 1348 Dativus
1544 1292 1831 1364 episcopus
1856 1293 1967 1349 No-

362 1382 700 1451 vapelrensis
728 1382 907 1455 (511).
974 1380 1204 1456 Cumque
1250 1385 1577 1450 accessisset,
1625 1384 1763 1439 idem
1809 1386 1962 1441 dixit.

365 1474 612 1530 Mandavi
650 1483 704 1531 et
734 1475 1072 1545 subscripsi:
1120 1486 1175 1532 et
1203 1476 1576 1532 adversarium
1617 1467 1723 1533 non
1766 1477 1963 1549 habeo,

362 1566 487 1635 quia
531 1565 643 1621 illic
681 1574 768 1622 est
815 1565 1054 1622 domnus
1090 1566 1396 1633 Marculus,
1443 1569 1600 1636 cujus
1649 1570 1963 1642 sanguinem

363 1659 505 1714 Deus
531 1659 711 1729 exiget
737 1657 794 1714 in
827 1658 917 1714 die
944 1657 1155 1728 judicii.
1197 1658 1333 1714 Item
1359 1660 1610 1716 recitavit.
1643 1660 1964 1717 Maximinus

2075 456 2348 525 cessisset,
2399 457 2539 512 idem
2581 458 2734 514 dixit.
2798 460 3043 517 Mandavi
3075 471 3132 518 et
3157 463 3471 535 subscripsi.
3536 464 3674 522 Item

2074 550 2325 605 recitavit.
2368 549 2675 607 Clarentius
2703 553 2991 624 episcopus
3021 555 3399 615 Tabracensis.
3448 557 3675 631 Cumque

2075 643 2391 711 accessisset,
2422 644 2563 697 idem
2589 644 2753 700 dixit.
2805 646 3053 702 Mandavi
3081 658 3136 704 et
3162 649 3478 721 subscripsi.
3541 650 3677 707 Item

2076 736 2330 791 recitavit.
2413 735 2810 808 Recargentius
2872 741 3160 812 episcopus
3226 741 3676 815 Lamiggigeusis.

2077 826 2306 898 Cumque
2352 829 2685 896 accessisset,
2744 830 2881 885 idem
2929 833 3083 889 dixit.
3148 835 3400 889 Mandavi
3444 845 3499 891 et
3548 837 3679 891 sub-

2076 921 2271 988 scripsi
2298 938 2312 973 :
2344 921 2717 977 adversarium
2750 939 2859 980 non
2887 924 3081 980 habeo.
3129 926 3372 982 Aurelius
3404 929 3675 1001 episcopus

2076 1013 2515 1070 Macomadiensis
2542 1016 2691 1071 dixit.
2743 1018 2859 1072 Illic
2888 1029 2973 1075 est
3000 1018 3423 1077 Crescentianus
3451 1023 3680 1092 presby-

2077 1112 2183 1161 ter.
2249 1104 2384 1159 Item
2424 1106 2674 1161 recitavit.
2737 1108 3018 1165 Pascasius
3057 1112 3348 1182 episcopus
3376 1112 3680 1184 Tuggensis

2076 1195 2254 1269 (518).
2313 1195 2544 1268 Cumque
2580 1200 2913 1267 accessisset,
2952 1202 3092 1257 idem
3119 1202 3271 1258 dixit.
3332 1202 3579 1258 Mandavi
3624 1212 3682 1258 et

2072 1290 2394 1362 subscripsi.
2442 1292 2580 1347 Item
2608 1293 2860 1349 recitavit.
2912 1292 3103 1351 Castus
3131 1296 3422 1367 episcopus
3451 1295 3675 1351 Cellcn-

2073 1383 2170 1439 sis.
2217 1383 2448 1457 Cumque
2477 1388 2795 1454 accessisset,
2826 1388 2961 1442 idem
2988 1389 3140 1445 dixit.
3184 1389 3435 1445 Mandavi
3462 1399 3515 1444 et
3546 1387 3678 1443 sub-

2072 1475 2285 1546 scripsi.
2321 1475 2455 1533 Item
2484 1478 2733 1533 recitavit.
2764 1479 2935 1549 Aptus
2964 1482 3252 1552 episcopus
3282 1480 3673 1536 Tuzuritanus.

2072 1566 2303 1640 Cumque
2349 1571 2684 1639 accessisset,
2736 1573 2873 1627 idem
2919 1574 3073 1627 dixit.
3138 1572 3391 1627 Mandavi
3439 1579 3495 1627 et
3540 1570 3670 1625 sub-

2068 1663 2285 1730 scripsi.
2340 1662 2479 1718 Item
2510 1664 2755 1719 recitavit.
2799 1664 2985 1720 Victor
3011 1664 3300 1735 episcopus
3325 1660 3669 1716 Rotariensis

361 1752 647 1822 episcopus
668 1750 803 1806 dixit
825 1748 1001 1822 (512).
1036 1748 1267 1818 Cumque
1291 1752 1609 1818 accessisset,
1642 1752 1776 1806 idem
1802 1752 1953 1809 dixit.
1990 1757 2037 1818 Β
2065 1754 2241 1831 (519).
2297 1755 2526 1823 Cumque
2561 1759 2887 1821 accessisset,
2938 1758 3075 1811 idem
3113 1756 3266 1810 dixit.
3330 1753 3577 1809 Mandavi
3609 1763 3668 1808 et

362 1840 610 1896 Mandavi
656 1848 712 1896 et
758 1840 1078 1909 subscripsi.
1135 1837 1274 1893 Item
1323 1840 1574 1895 recitavit.
1638 1837 1965 1899 Cresconius

361 1934 646 2003 episcOpus
672 1930 953 2004 Legensis.
998 1929 1230 2001 Cumque
1267 1931 1597 1997 accessisset,
1646 1932 1780 1986 idem
1808 1933 1961 1988 dixit.

364 2022 613 2079 Mandavi
647 2033 701 2079 et
725 2022 1065 2093 subscripsi:
1109 2021 1485 2077 adversarium
1520 2022 1593 2078 ibi
1635 2039 1736 2080 nec
1776 2024 1960 2091 habui,

362 2132 463 2171 nec
494 2116 687 2170 habeo.
751 2113 885 2171 Item
912 2116 1167 2195 recitavit.
1220 2114 1633 2170 Valentinianus
1676 2118 1962 2188 episcOpus

362 2208 657 2265 Juncensis
679 2208 851 2281 (515).
882 2206 1110 2279 Cumque
1137 2208 1452 2274 accessisset,
1482 2208 1616 2261 idem
1645 2209 1793 2266 dixit.
1817 2210 1963 2268 Man-

360 2301 483 2358 davi
521 2311 576 2357 et
607 2300 928 2370 subscripsi.
992 2298 1129 2354 Item
1159 2300 1409 2355 recitavit.
1471 2298 1806 2358 Gaudentius
1842 2305 1961 2374 epi-

361 2410 560 2466 scopus
610 2394 887 2450 Zertensis
925 2391 1101 2467 (5M).
1167 2392 1394 2465 Cumque
1440 2394 1776 2462 accessisset,
1825 2397 1962 2452 idem

361 2488 514 2542 dixit.
566 2485 808 2547 Mandavi
838 2494 896 2542 et
922 2485 1225 2556 subscripsi
1261 2502 1276 2540 :
1320 2485 1696 2541 adversarium
1726 2503 1833 2545 non
1863 2488 1961 2544 ha-

359 2582 483 2639 beo.
537 2583 777 2638 Aurelius
814 2582 1085 2653 episcOpus
1116 2578 1362 2637 Ecclesia:
1390 2579 1663 2637 catholicae
1692 2582 1962 2640 Maeonia-

358 2675 549 2729 ziensis
579 2674 753 2744 dixit.
792 2673 893 2729 Est
922 2673 998 2729 ibi
1027 2673 1317 2744 presbyter
1343 2670 1768 2728 Catholicorum.
1813 2673 1959 2729 Gau-

359 2773 566 2827 dentius
601 2776 868 2847 episcOpus
915 2774 1068 2828 dixit.
1129 2772 1248 2829 Non
1289 2771 1465 2829 habeo
1493 2775 1869 2832 adversarium
1904 2775 1958 2830 iu

358 2868 517 2938 plebe
544 2884 684 2925 mea.
718 2867 852 2924 Item
870 2869 1129 2925 recitavit.
1171 2866 1481 2923 Bonifacius
1509 2871 1797 2941 cpiscopus
1817 2871 1958 2928 Uru-

2070 1848 2398 1918 subscripsi:
2430 1848 2798 1904 adversarium
2829 1863 2937 1904 non
2970 1847 3170 1903 habeo.
3206 1845 3450 1900 Aurelius
3475 1845 3676 1913 episco-
3758 1891 3763 1897 .

2070 1957 2167 2012 pus
2196 1938 2446 1995 Ecclesia:
2472 1940 2741 2000 catholicae
2767 1938 3205 1993 Macomadiensis
3234 1937 3384 1990 dixit.
3443 1936 3669 2004 Episco-

2070 2048 2197 2103 pum
2228 2032 2340 2088 illic
2371 2033 2677 2088 habuimus.
2710 2031 3001 2087 Occidistis
3029 2030 3180 2085 illum
3209 2038 3266 2083 et
3295 2028 3588 2084 invasistis.

2143 2124 2268 2183 188.
2312 2125 2611 2181 Adeodatus
2655 2126 2933 2196 episcopus
2974 2122 3126 2193 dixit.
3184 2120 3326 2175 Dicit
3355 2119 3673 2190 episcopum

2069 2221 2332 2277 occisum.
2379 2222 2643 2288 Accuset,
2674 2220 2900 2285 doceat,
2928 2203 3197 2273 intendat.
3253 2216 3329 2270 Et
3356 2217 3465 2271 alia
3490 2233 3674 2271 manu.

2069 2313 2379 2370 Adeodatus
2418 2314 2706 2383 episcopus
2750 2309 3068 2380 recognovi.
3130 2307 3373 2361 Aurelius
3399 2308 3675 2379 episcopus

2066 2407 2314 2462 Ecclesiae
2352 2406 2617 2461 catholica:
2645 2400 3087 2458 Macomadieusis
3117 2398 3273 2453 dixit.
3333 2398 3400 2452 Et
3430 2400 3671 2467 rebapti-

2065 2509 2327 2556 zaverunt
2374 2498 2523 2554 illum
2610 2493 2892 2550 hominem
2960 2488 3387 2559 nonagenarium
3448 2490 3666 2559 episco-

2067 2607 2191 2663 pum
2217 2589 2392 2665 (520).
2427 2589 2602 2645 Victor
2630 2586 2908 2657 episcopus
2938 2581 3217 2634 Azureusis
3235 2577 3386 2653 (521)
3413 2578 3663 2638 Ecclesia:

2063 2685 2334 2741 catholica:
2361 2684 2516 2739 dixit.
2564 2679 2706 2735 Dicit
2733 2692 2795 2731 se
2822 2690 2932 2729 non
2960 2673 3183 2731 habere.
3216 2672 3334 2744 Ego
3363 2675 3662 2734 Ecclesiam

2064 2778 2177 2835 illic
2207 2777 2382 2834 habeo
2401 2817 2416 2841 ,
2447 2771 2592 2846 quod
2624 2778 2680 2825 te
2709 2784 2819 2822 non
2850 2766 3006 2837 fugit.
3059 2765 3192 2821 Item
3216 2768 3465 2824 recitavit.
3518 2769 3669 2827 Cali-

2063 2871 2261 2944 podius
2305 2871 2599 2942 episcopus
2642 2859 3026 2915 Vazaritanus.
3076 2857 3303 2929 Cumque
3341 2862 3661 2930 accessisset,

358 2960 572 3031 gitanus
600 2958 772 3033 (515).
827 2959 1059 3033 Cumque
1085 2961 1411 3027 accessisset,
1444 2961 1578 3017 idem
1608 2965 1758 3019 dixit.
1806 2964 1957 3020 Man-
2060 2964 2197 3019 idem
2223 2963 2389 3019 dixit.
2414 2953 2664 3016 Mandavi
2695 2957 2752 3003 et
2775 2948 3092 3023 subscripsi.
3126 2949 3257 3006 Item
3281 2954 3530 3010 recitavit.
3562 2956 3669 3013 Be-

306 3119 319 3126 ,
356 3054 482 3111 davi
508 3065 562 3111 et
588 3057 905 3128 subscripsi.
942 3056 1077 3113 Item
1106 3056 1359 3111 recitavit.
1395 3057 1636 3113 Donatus
1663 3060 1953 3130 episcopus
2058 3067 2290 3113 nenatus
2346 3056 2640 3128 cpiscot)us
2681 3044 3001 3102 Casensmm
3049 3048 3439 3106 Baslalensblm
3480 3052 3663 3129 (322).

354 3148 818 3208 Bamaccorensis.
852 3148 1082 3220 Cumque
1108 3150 1424 3217 accessisset,
1455 3151 1590 3205 idem
1612 3152 1763 3208 dixit.
1795 3154 1946 3209 Man-
1974 3153 2020 3217 C
2052 3150 2310 3225 [Cumque
2327 3142 2647 3205 accessisset.
2671 3136 2803 3190 idem
2820 3136 2999 3213 dixit]
3018 3142 3261 3198 Mandavi
3275 3152 3328 3200 et
3343 3145 3664 3221 subscripsi,

352 3241 473 3297 davi
503 3251 556 3298 et
583 3241 909 3313 Subscripsi,
957 3251 1012 3297 et
1044 3241 1250 3296 nullum
1282 3240 1456 3296 habeo
1482 3242 1855 3300 adversarium
1889 3246 1941 3300 in
2062 3252 2117 3299 et
2144 3258 2254 3298 non
2288 3242 2477 3300 habeo
2501 3231 2886 3288 adversarium.
2919 3231 3050 3289 Item
3071 3237 3316 3292 recitavit.
3353 3238 3660 3300 Honoratus

351 3334 531 3404 plebe,
563 3335 664 3390 nisi
697 3334 869 3390 solum
896 3334 1224 3389 Absalouem
1255 3330 1430 3405 (516).
1472 3334 1715 3391 Aurelius
1745 3337 1945 3407 episco-
2051 3337 2353 3407 episcopus
2385 3324 2810 3399 Αὸιιιιεείτθηεὶε
2848 3326 3023 3401 (5930-
3090 3326 3315 3402 C“mque
3342 3334 3662 3403 αεοεεείεεέι,

349 3443 446 3500 pus
472 3425 724 3483 Ecclesia:
751 3427 1021 3483 cat/taliet?
1046 3424 1484 3480 Macomadiensis
1523 3428 1674 3482 dixit.
1728 3429 1828 3485 Hic
1857 3438 1942 3486 est
2047 3429 2187 3484 idem
2237 3432 2410 3489 dixit.
2476 3419 2722 3480 Malldavi
2768 3428 2822 3477 et
2865 3421 3181 3493 sllltscripsi.
3236 3423 3368 3479 Item
3408 3428 3659 3485 recitauit.

348 3520 632 3590 episcopus
664 3536 902 3590 praisens
931 3519 1240 3575 Cassianus.
1304 3514 1433 3571 Item
1462 3519 1709 3574 recitavit.
1759 3519 1939 3576 Resti-
2044 3523 2200 3580 Felix
2234 3530 2556 3602 episcopus
2583 3516 2930 3575 Maxulitanus
2953 3513 3126 3587 (521).
3168 3514 3393 3590 Cumque
3415 3524 3660 3579 accessis-

346 3620 495 3668 tutus
523 3614 806 3683 episcopus
835 3611 1271 3667 Drusilianensis.
1334 3608 1562 3682 Cumque
1604 3615 1931 3681 accessisset,

342 3707 479 3763 idem
517 3707 668 3763 dixit.
729 3705 974 3762 Mandavi
1014 3712 1069 3760 et
1112 3702 1429 3773 subscripsi.
1495 3702 1628 3757 Item
1679 3707 1930 3761 recitavit.

414 3894 565 3969 (509)
598 3892 916 3949 Midicensis.
946 3888 1130 3946 Vicina
1161 3885 1321 3942 sedes
1344 3883 1605 3954 Taprurae
1632 3885 1685 3939 in
1714 3887 1937 3957 provin-

339 3967 431 4025 cia
455 3967 749 4036 Byzacena.

441 4029 568 4102 51⁷0)
592 4033 936 4091 Cresimeusis.
967 4033 1131 4102 Cujus
1157 4029 1573 4102 provinciaiisit,
1601 4029 1894 4102 incertum.

440 4100 568 4178 511)
606 4105 1018 4178 Novapetrensis.
1048 4100 1340 4178 Castellum
1374 4101 1425 4178 in
1455 4100 1735 4178 Numidia.

441 4171 567 4249 512)
598 4171 765 4233 Dixit:
805 4179 942 4232 Loco
964 4178 1125 4249 hujus
1152 4173 1323 4249 verbi.
1348 4172 1485 4249 dixit
1505 4213 1520 4235 ,
1551 4171 1935 4249 reponendum

344 4240 490 4309 esset
538 4240 732 4307 nomen
774 4248 1005 4305 civitatis
1033 4240 1186 4317 cujus
1216 4240 1540 4296 Maximinus
1571 4250 1694 4296 erat.
1721 4243 1936 4311 episco-

346 4340 572 4467 ῐωῗ515)
621 4394 919 4467 Junceusis.
948 4391 1025 4467 _h_i
1071 4389 1390 4467 Byzacenan,
1446 4392 1507 4438 ut
1551 4383 1713 4467 docet
1758 4381 1952 4467 notitia

346 4451 503 4521 uuln.
523 4451 646 4531 105,
678 4465 912 4521 celebris
942 4462 1038 4516 fuit
1065 4451 1607 4534 είιιριὶυξᾹωιεεηεὶε
1637 4468 1781 4534 antro
1817 4451 1944 4534 524.

347 4536 563 4602 habita;
611 4524 766 4604 cujus
793 4548 1057 4591 canonem
1089 4524 1254 4604 refert
1288 4525 1601 4604 Ferrandus
1638 4525 1693 4604 ip
1725 4524 1944 4603 Brevia.

415 4039 435 4254 ἓ

353 4608 500 4664 tione
522 4592 805 4663 Canobum
837 4622 958 4661 can.
990 4605 1084 4669 26,
1113 4597 1389 4669 Juuceusis
1419 4596 1616 4669 littoris
1631 4596 1704 4669 fit
1739 4592 1945 4669 mentio
1975 4604 2023 4664 [)

351 4662 857 4749 ittviﬁlaiFulgentii.
922 4662 1135 4749 Erat'et
1186 4673 1237 4749 in
1270 4662 1946 4749 Mauritaniathsariensi

347 4732 620 4803 Janceusis
656 4732 962 4819 episcopus,
1009 4743 1100 4819 qui
1150 4740 1359 4819 primus
1398 4746 1624 4804 apparet
1670 4736 1724 4787 in
1754 4732 1946 4819 notitia

349 4819 509 4889 hujus
537 4810 846 4887 provincia-1
886 4817 950 4890 plu»
980 4810 1618 4890 epistulaepiscopornm
1649 4810 1949 4890 provian

672 4870 982 4961 subscribit
1008 4870 1064 4938 Ν
1068 4870 1296 4937 umidius
1322 4870 1594 4949 episcopus
1629 4870 1821 4929 sartch
1847 4870 1951 4925 Ec-

349 4957 517 5015 clesia:
545 4957 1019 5013 Sasiattaz—Juucis.

421 5012 574 5101 (su
596 5012 885 5084 *z’eiieiuis.
936 5026 1072 5082 Vide
1113 5039 1239 5097 qum
1274 5020 1510 5078 diximus
1538 5016 1604 5071 ad
1632 5024 1793 5096 caput
1825 5012 1952 5067 iss.

425 5029 579 5173 (515)
611 5100 959 5173 Urugilanus.
990 5098 1161 5173 Forte
1186 5093 1503 5151 Uracitanus
1532 5102 1627 5142 seu
1659 5084 1952 5151 Urcttanus,

425 5084 579 5172 (515)
611 5100 959 5170 Urugilanus.
990 5084 1161 5172 Forte
1186 5093 1503 5151 Uracitanus
1532 5102 1627 5142 seu
1659 5084 1960 5151 Urcitanus,

353 5173 404 5227 iu
435 5170 721 5237 provincia
756 5170 1161 5238 proconsulari.
1504 5236 1508 5238 Α
1618 5226 1629 5238 ,
1697 5224 1708 5237 ,

422 5233 578 5315 (516)
607 5233 951 5315 Αιηαίοηεηιἶ
972 5238 1282 5315 Cassianum
1307 5233 1517 5291 scilicet
1543 5233 1778 5315 quincjus
1798 5238 1962 5315 pres:

349 5296 777 5377 bv‘ter'l‘uerat.
825 5322 889 5366 ut
938 5311 1175 5366 habetur
1219 5322 1386 5377 supra
1427 5296 1573 5371 cap.’
1600 5296 1725 5353 128.
1788 5297 1961 5365 Atque

348 5383 475 5442 ideo
504 5383 817 5437 Absalouem
851 5383 939 5437 hic
966 5399 1092 5439 eum
1126 5389 1303 5436 \ocat.
1374 5448 1383 5453 _
1465 5445 1476 5453 .
1592 5441 1624 5453 ,Α
1678 5441 1690 5453 υ

428 5455 585 5528 (iiii?)
615 5452 1207 5528 Bauzereusis;Cuju_s
1238 5445 1530 5525 provincia:
1562 5445 1964 5528 sit,

428 5508 585 5596 (518)
613 5508 931 5596 Tuggensis.
982 5508 1149 5579 Forte
1175 5508 1544 5596 iii'prgvincia
1578 5508 1963 5596 proconsulari.

348 5583 490 5654 Nam
527 5583 1012 5664 Victor-"episcopus
1041 5583 1308 5668 muuicipii
1330 5585 1509 5653 Togix
1543 5583 1833 5668 subscribit
1849 5583 1969 5668 epi-

347 5668 511 5727 stolae
546 5654 940 5737 episcoporum
992 5654 1283 5736 provinciis:
1311 5654 1715 5729 proconsularis
1756 5654 1811 5708 in
1841 5654 1971 5707 con-

346 5741 479 5797 cilio
503 5737 893 5796 Laterancnsi.

2041 3626 2143 3682 set,
2167 3616 2329 3676 idem
2356 3617 2522 3676 dixit.
2556 3610 2791 3668 Mandavi
2817 3616 2871 3665 et
2897 3608 3209 3681 subscripsi.
3239 3609 3374 3666 Item
3398 3616 3654 3680 recitavit.

2045 3709 2378 3773 Marcianus
2434 3711 2722 3784 episcopus
2759 3702 3048 3762 Sitifensis.
3076 3701 3300 3775 Cumque
3342 3710 3658 3779 accessisset,

2125 3888 2293 3961 (519)
2329 3891 2670 3948 Rotariensis.
2714 3885 2864 3958 Apud
2887 3885 3136 3961 Optatum
3174 3885 3268 3941 lib.
3297 3902 3337 3961 ι,
3374 3904 3523 3943 num.
3556 3891 3646 3960 M,

2051 3976 2109 4031 p.
2136 3959 2229 4025 15,
2264 3961 2429 4018 Felix
2449 3980 2480 4014 a
2500 3961 2717 4032 Rotario
2745 3969 3055 4032 recensetur
3081 3960 3219 4012 inter
3242 3959 3527 4032 episcopos
3545 3961 3655 4018 Nu-

2050 4030 2234 4086 midiae
2265 4034 2358 4102 qui
2385 4034 2620 4087 concilio
2645 4030 2878 4087 Cirtensi
2903 4030 3209 4085 adfuerunt.

2012 4159 2026 4162 ~
2126 4122 2743 4194 (330)77Nouagenarium
2777 4124 3087 4194 episwpum.
3132 4122 3463 4194 Simplicium
3492 4124 3647 4180 scili-

2049 4191 2142 4249 cet
2166 4191 2528 4260 Tibilitanum,
2560 4203 2619 4248 ut
2643 4191 2836 4248 dicitur
2864 4194 2913 4246 in
2945 4191 3052 4248 line
3078 4192 3271 4262 capitis
3296 4193 3419 4248 197.

2135 4282 2286 4356 (521)
2316 4283 2629 4356 Azurensis.
2648 4284 2758 4356 iHic
2784 4284 2967 4356 Victor
2987 4284 3195 4356 Coguit.
3223 4284 3280 4356 2,
3304 4298 3421 4356 cap.
3453 4286 3542 4352 15,
3565 4286 3649 4342 di-

2057 4354 2200 4409 citur
2215 4354 2508 4423 Ajureusis.
2545 4356 2587 4409 E
2614 4354 2859 4412 Numidia
2886 4356 3050 4411 fuisse
3079 4354 3492 4419 verisimile'est,
3518 4372 3642 4412 cum

2056 4426 2108 4478 in
2139 4421 2271 4549 imae
2292 4421 2604 4480 Retarieusi
2632 4442 2751 4497 qua:
2770 4426 3034 4483 Numidia:
3058 4435 3161 4493 est,
3183 4424 3327 4482 dicat
3347 4427 3648 4485 Ecclesiam

2051 4511 2110 4552 se
2157 4509 2206 4548 ia
2247 4509 2362 4549 ere.

2088 4584 2273 4671 ,(522)
2317 4583 2618 4671 Casensium
2667 4587 3068 4644 Baslaleusium.
3136 4587 3304 4659 Cujus
3353 4590 3647 4659 provincia:

2056 4666 2147 4724 sit,
2191 4666 2480 4712 incertum.

2127 4745 2279 4822 (525)
2307 4745 2720 4822 Adquesireusis.
2770 4751 2827 4806 In
2855 4752 3173 4809 Mauritania
3202 4750 3557 4820 Caesariensi,
3588 4762 3651 4810 ut

2055 4818 2217 4873 docet
2249 4818 2435 4873 notitia
2468 4836 2616 4874 num.
2648 4821 2737 4877 66.

2133 4911 2286 4983 (524)
2316 4909 2693 4988 Maxulitamis.
2739 4916 2796 4988 ln
2830 4917 3105 4988 provincia
3133 4917 3539 4988 proconsulari,
3591 4928 3649 4975 ut

2059 4982 2219 5038 docet
2266 4982 2457 5054 notitia
2512 5002 2660 5040 unm.
2694 4986 2795 5054 50,
2831 4982 3083 5043 ’Μαπυιιε
3129 4982 3427 5044 meminere
3473 4982 3651 5044 Ptole-

2064 5069 2270 5128 mmtts,
2326 5053 2963 5128 Pliniustltinerarium
2991 5058 3284 5128 Antonini,
3334 5068 3391 5115 et
3434 5059 3651 5116 Tabulas

2065 5123 2518 5198 Peutingerianai.
2549 5127 2816 5198 Concilio
2846 5123 3396 5198 Carthaginensi'sub
3426 5130 3651 5198 Aurelio

2067 5210 2209 5270 anno
2234 5194 2365 5270 «119,
2400 5195 2642 5270 interluit
2672 5195 2958 5261 Numidius
2982 5194 3337 5256 Maxulitauus
3366 5201 3522 5270 hujus
3548 5197 3652 5254 Fe-

2071 5266 2181 5341 licis
2208 5266 2578 5341 adversarius,
2611 5278 2668 5341 ut
2696 5281 2935 5341 patetiex
2961 5285 3082 5341 Cap.
3118 5271 3241 5327 112.
3274 5273 3403 5327 Item
3433 5266 3484 5324 in
3512 5285 3647 5325 con-

2073 5337 2197 5393 cilio
2240 5336 2649 5408 Carthaginensi
2697 5336 2803 5394 sub
2843 5336 3117 5396 Bonifacio
3161 5359 3287 5397 ann.
3331 5341 3470 5406 525,
3511 5341 3651 5395 alius

2074 5408 2318 5474 ejusdem
2353 5410 2585 5465 nominis
2610 5410 2877 5479 episcOpus
2908 5409 3284 5468 Maxulitanus.
3340 5411 3650 5467 Sanctorum

2078 5479 2521 5535 Maxulitauorum
2569 5480 2828 5537 festivitas
2866 5482 2918 5537 iu
2958 5485 3126 5538 veteri
3162 5482 3482 5539 Calendario
3518 5481 3650 5533 Car-
3734 5546 3737 5549 ν

2079 5551 2379 5630 thaginensi
2411 5553 2715 5630 celebratur
2740 5552 2827 5630 die
2851 5554 2931 5630 li
2964 5552 3180 5630 kalend.
3208 5553 3429 5621 Augusti
3453 5566 3470 5614 ;
3498 5558 3553 5602 et
3578 5549 3646 5630 de

2080 5623 2267 5678 iisdem
2299 5622 2434 5677 duos
2463 5622 2721 5694 habemus
2757 5623 2864 5694 divi
2899 5624 3179 5694 Augustini
3206 5634 3514 5694 sermones,
3554 5622 3650 5688 qui

2080 5694 2143 5749 de
2165 5694 2355 5750 sanctis
2381 5692 2688 5763 martyribus
2719 5691 3072 5762 Massylitauis
3098 5691 3478 5746 inscribuntur.
