4130 6170
504 270 641 325 1551

1468 253 1697 312 GESTA
1734 248 2008 308 υοιιλτ
2013 247 2192 305 1οΝιὸ
2229 237 2856 303 CARTHACINENSIS.

3674 228 3819 285 1552

502 365 641 418 idem
687 359 839 416 dixit.
899 353 1146 415 Mandavi
1192 361 1247 407 et
1286 348 1607 421 subscripsi.
1668 345 1804 402 Item
1842 342 2098 398 recitavit.
2129 340 2461 406 Acessisset,
2492 336 2629 391 idem
2648 334 2795 388 dixit.
2824 328 3066 387 Mandavi
3093 336 3146 384 et
3176 323 3492 396 subscripsi.
3527 322 3658 378 Item
3682 325 3822 377 reci-

504 452 795 512 Januarius
821 450 1107 519 episcopus
1137 441 1507 500 Nuntidiensis
1537 438 1720 512 (525).
1762 438 1991 508 Cumque
2016 451 2105 493 ac-

510 545 762 608 cessisset,
790 541 926 596 idem
955 537 1110 595 dixit.
1143 533 1391 590 Mandavi
1421 542 1477 589 et
1505 529 1823 601 subscripsi,
1850 537 1907 584 et
1938 526 2104 584 tradi-

509 647 660 695 tores
688 648 798 689 non
833 629 1029 687 habeo.
1094 626 1507 683 Fortunatianus
1548 624 1819 698 episcopus
1851 618 2104 676 Ecclesia:

509 727 777 785 catholica:
806 722 1061 791 Siccensis
1092 721 1243 779 dixit.
1279 718 1436 777 Unde
1464 716 1562 773 es?
1591 715 1881 772 Ianuarius
1908 712 2106 794 episco-

505 837 605 893 pus
632 817 793 875 dixit.
837 814 1088 874 Numidia
1120 820 1226 870 est.
1270 809 1591 868 Mauritania
1617 817 1702 865 est
1730 805 2104 864 Cmsariensis.

504 912 801 985 Beparatus
838 909 1110 981 episcOpus
1138 904 1386 964 Ecclesia:
1420 901 1692 960 catholica
1718 897 2108 970 Sufasaritante

509 1005 661 1063 dixit.
718 1000 979 1061 Dimcesis
1018 1014 1136 1055 mea
1177 1005 1278 1053 est.
1337 996 1453 1053 illic
1492 996 1874 1067 presbyterum
1905 991 2103 1058 habeo,

2208 431 2356 485 tavit.
2403 429 2631 485 Ruﬁnus
2656 426 2942 497 presbyter
2985 438 3084 494 pro
3120 421 3379 493 episcopo
3426 432 3552 473 meo
3596 415 3824 472 Juliano

2207 523 2459 582 Midlensi
2487 521 2639 596 (528)
2672 518 2998 591 subscripsi.

2282 616 2409 676 194.
2468 612 2883 670 Fortunatianus
2926 613 3193 685 episwpus
3234 609 3483 695 Ecclesia
3536 605 3827 667 Catholica

2209 712 2364 769 dixit.
2390 709 2808 782 Respondeatur
2834 719 3015 765 utrum
3056 722 3153 778 pro
3176 716 3445 779 prasente
3477 702 3830 775 subscripse-

2208 805 2300 861 rit.
2332 802 2401 859 Et
2428 803 2536 859 alia
2562 820 2743 858 manu.
2793 802 3124 873 Recognovi.

2285 896 2413 955 195.
2464 897 2761 953 Adeodatus
2806 896 3079 968 episcopus
3117 894 3270 951 dixit.
3318 892 3570 950 Julianus
3606 890 3832 963 aegritu-

2215 992 2342 1049 dine
2371 990 2742 1063 praepeditur:
2777 989 2876 1046 sed
2922 1003 2991 1044 ne
3018 988 3293 1043 videretur
3320 984 3508 1057 aliquo
3530 993 3695 1055 pacto
3722 982 3831 1041 de-

505 1097 620 1154 illic
644 1105 821 1153 tecum
844 1091 1106 1164 vigilavit.
1138 1088 1273 1146 Item
1292 1088 1543 1144 recitavit.
1572 1084 1881 1157 Campanus
1898 1084 2110 1154 episco-
2211 1084 2401 1151 fuisse,
2439 1084 2818 1156 presbyterum
2869 1080 3038 1147 misit,
3085 1094 3182 1151 per
3230 1093 3392 1149 quem
3420 1091 3581 1133 suam
3613 1075 3817 1132 absen-

510 1204 618 1260 pus
665 1185 1063 1243 Cincaritanus.
1129 1179 1358 1251 Cumque
1396 1179 1723 1246 accessisset,
1773 1176 1911 1231 idem
1949 1174 2105 1230 dixit.

509 1279 761 1339 Mandavi
810 1288 864 1333 et
914 1274 1236 1345 subscripsi.
1294 1270 1429 1328 Item
1474 1270 1726 1327 recitavit.
1780 1266 2110 1324 Cresconius

507 1374 795 1444 episcopus
824 1369 1268 1427 Caesarianensis.
1334 1365 1565 1437 Cumque
1595 1365 1758 1437 281
1788 1361 2110 1427 accessisset,

514 1466 650 1523 idem
670 1466 823 1521 dixit.
840 1462 1084 1521 Mandavi
1107 1470 1161 1518 et
1179 1458 1478 1529 subscripsi
1493 1477 1506 1513 :
1520 1458 1773 1514 aemulum
1789 1470 1896 1511 non
1913 1454 2108 1509 habeo.

579 1557 707 1615 189.
762 1555 999 1611 Novatus
1027 1554 1298 1625 episcopus
1329 1549 1592 1623 Sitifensis
1613 1546 1863 1604 Ecclesia:
1890 1543 2114 1601 catholio

505 1669 581 1710 ca:
606 1651 757 1708 dixit.
812 1648 983 1706 Habet
1047 1653 1239 1701 contra
1300 1658 1360 1700 se
1428 1641 1771 1699 Catholicam
1826 1637 2113 1711 presbyte-

2214 1176 2341 1233 tiam
2379 1183 2708 1242 excusaret;
2740 1184 2795 1232 et
2826 1174 2944 1244 ipse
2974 1187 3071 1245 pro
3102 1171 3195 1228 illo
3223 1169 3570 1242 subscripsit.
3623 1169 3694 1225 Et
3717 1167 3833 1225 alia

2214 1283 2392 1323 manu.
2420 1265 2753 1338 Recoguovi.

2289 1361 2413 1419 196.
2477 1360 2813 1416 Marcellinus
2858 1358 2937 1414 vir
2981 1356 3295 1414 clarissimus
3323 1354 3563 1411 tribunus
3606 1362 3832 1411 etnota-

2215 1456 2326 1511 rius
2350 1454 2503 1510 dixit.
2536 1452 2846 1511 Probabilis
2873 1459 2929 1509 et
2950 1449 3286 1508 rationabilis
3303 1448 3591 1506 excusatio
3618 1455 3721 1504 est.
3776 1504 3785 1510 ,

2298 1548 2423 1606 197.
2484 1545 2910 1604 Fortunatianus
2950 1545 3220 1617 episcopus
3266 1540 3524 1599 Ecclesia:
3563 1540 3831 1598 catholica:

2221 1641 2375 1697 dixit.
2409 1640 2591 1698 Etiam
2623 1639 2728 1696 hoc
2759 1647 3016 1695 testatum
3065 1649 3190 1693 esse
3229 1635 3518 1703 volumus,
3566 1634 3691 1706 quia
3729 1648 3830 1705 pro

508 1762 661 1813 rum,
710 1742 945 1800 clericos
972 1739 1332 1805 abundantes,
1364 1743 1421 1793 et
1458 1735 1689 1808 populos
1735 1748 1803 1791 ex
1832 1742 1977 1789 coetu
2005 1731 2114 1787 Do.

2228 1740 2448 1797 absente
2487 1735 2832 1810 subscripsit.
2861 1735 2930 1792 Et
2955 1734 3060 1790 alia
3086 1749 3266 1788 manu.
3313 1729 3660 1801 Recognovi.
3697 1727 3831 1786 Item

509 1840 855 1896 natistarum.
887 1833 986 1892 Hic
1004 1839 1089 1889 est
1118 1830 1407 1903 presbyter
1437 1838 1493 1885 ct
1515 1828 1797 1891 diaconus,
1824 1824 1980 1881 bicin
2014 1825 2117 1882 hac

513 1930 738 1988 civitate
766 1926 1201 1997 Carthaginensi,
1229 1937 1389 1994 quem
1414 1919 1701 1990 praedavit,
1727 1933 1891 1989 quem
1919 1916 2115 1987 torsit,

512 2037 675 2093 quem
694 2018 1001 2096 suspendit.
1026 2016 1327 2074 Ecclesiam
1351 2022 1531 2071 autem
1559 2010 1884 2067 catholicam
1909 2008 2120 2080 praeda-

514 2114 628 2179 vit,
660 2110 947 2184 pecuniam
992 2108 1251 2172 sustulit,
1301 2104 1573 2161 frumenta
1622 2102 1960 2173 deportavit,
1992 2115 2117 2156 car-

513 2217 679 2286 penta
703 2204 880 2268 duxit.
924 2210 983 2257 ut
1008 2200 1154 2257 norit
1181 2200 1305 2267 iste,
1334 2198 1462 2269 quia
1488 2205 1575 2253 est
1600 2196 1713 2253 illic
1754 2194 2005 2253 Ecclesia
2029 2208 2119 2251 ca-

516 2301 742 2359 tholica.
774 2297 889 2354 Hoc
932 2310 1051 2351 sum
1098 2299 1444 2362 prosecutus.
1498 2288 1800 2344 Adeodatus
1844 2287 2119 2358 episcopus

518 2393 671 2448 dixit.
704 2390 830 2447 Haec
860 2387 1043 2444 omnia
1084 2384 1426 2442 documentis
1473 2379 1683 2453 agenda
1733 2387 1883 2439 sunt.
1935 2378 2123 2436 Faciat

515 2484 819 2556 periculum
847 2481 939 2553 qui
965 2477 1311 2538 mendacium
1351 2476 1405 2533 in
1432 2473 1637 2546 judicio
1673 2472 1893 2545 promit.
1921 2471 1990 2527 Et
2016 2472 2124 2528 alia

517 2592 697 2631 manu.
726 2572 1040 2630 Adeodatus
1065 2569 1357 2642 episcopus
1410 2564 1722 2639 recognovi.
1752 2563 1989 2622 Novatus
2010 2564 2122 2636 epi-

519 2687 704 2745 scopus
724 2667 975 2725 Ecclesia
1018 2664 1289 2721 catholicae
1361 2661 1513 2717 dixit.
1562 2660 1701 2719 lube
1748 2658 2122 2733 presbyterum

518 2765 625 2822 loci
648 2760 963 2819 intromitti.

589 2856 716 2914 190.
752 2851 1113 2933 Marcellinus
1148 2850 1227 2905 vir
1252 2847 1571 2907 clarissimus
1612 2846 1845 2906 tribunus
1884 2855 1935 2902 et
1974 2856 2126 2903 nota-

516 2952 627 3007 rius
653 2948 805 3004 dixit.
835 2946 918 3003 Ad
961 2944 1288 3016 prmse‘ntem
1317 2939 1683 3015 cognitionem
1726 2939 1827 2995 ista
1857 2954 1964 2996 non
1991 2955 2124 3012 per—

518 3043 714 3098 tinent.
770 3040 903 3107 Qnae
950 3037 1085 3095 mihi
1138 3034 1393 3092 mandata
1459 3041 1543 3089 est
1601 3032 1935 3103 reliquorum
1995 3030 2125 3087 sub—

2217 1831 2472 1889 recitavit.
2518 1830 2750 1900 Optatus
2796 1828 3086 1898 episcopus
3139 1824 3535 1881 Timicitensis.
3591 1820 3826 1891 Cumque

2220 1925 2540 1991 accessisset,
2578 1922 2719 1977 idem
2746 1921 2897 1977 dixit.
2946 1917 3197 1975 Mandavi
3242 1927 3297 1974 et
3339 1914 3665 1987 subscripsi.
3698 1914 3830 1970 Item

2217 2020 2466 2076 recitavit.
2491 2016 2843 2076 Victorianus
2862 2010 3253 2086 Tigimmensis
3266 2009 3579 2082 episcopus.
3603 2007 3831 2080 Cumque

2219 2113 2549 2179 accessisset,
2579 2109 2720 2166 idem
2757 2110 2907 2165 dixit.
2958 2105 3207 2162 Mandavi
3238 2113 3293 2159 et
3330 2101 3655 2172 subscripsi.
3700 2099 3829 2155 Item

2221 2206 2472 2264 recitavit.
2492 2203 2765 2261 Honorius
2785 2195 3452 2271 episcopusVartanensis
3474 2193 3654 2268 (529).
3676 2192 3824 2250 Cum-

2221 2315 2320 2372 que
2359 2297 2687 2359 accessisset,
2732 2295 2870 2351 idem
2914 2293 3069 2348 dixit.
3114 2289 3365 2347 Mandavi
3409 2296 3471 2344 et
3515 2286 3825 2356 subscripsi.

2222 2391 2361 2448 Item
2376 2391 2626 2447 recitavit.
2644 2387 2904 2445 Martinus
2924 2387 3215 2457 episcopus
3240 2381 3628 2439 Siccesitanus.
3644 2378 3826 2451 (550).

2228 2483 2459 2553 Cumque
2473 2482 2799 2548 accessisset,
2820 2479 2959 2535 idem
2980 2478 3130 2535 dixit.
3157 2475 3406 2533 Mandavi
3434 2482 3493 2530 et
3512 2471 3826 2543 subscripsi.

2222 2577 2361 2633 Item
2386 2577 2643 2633 recitavit.
2671 2574 2998 2633 Vindcmius
3038 2572 3334 2641 episcopus
3374 2583 3405 2624 a
3446 2565 3632 2625 Certis.
3674 2565 3827 2622 Cum.

2222 2686 2322 2741 que
2364 2672 2680 2735 accessisset,
2724 2668 2864 2723 idem
2913 2665 3068 2722 dixit.
3100 2661 3349 2719 Mandavi
3398 2671 3457 2717 et
3501 2661 3822 2731 subscripsi.

2224 2761 2360 2819 Item
2378 2762 2633 2818 recitavit.
2652 2761 2894 2815 Donatus
2922 2754 3211 2828 episcopus
3228 2753 3631 2812 Tanudaiensis
3660 2752 3827 2826 (551).

2225 2855 2455 2926 Cumae
2476 2853 2803 2918 accessisset,
2828 2851 2964 2906 idem
2980 2850 3134 2906 dixit.
3154 2846 3407 2905 Mandavi
3434 2855 3491 2904 et
3515 2846 3827 2917 subscripsi.

2224 2951 2361 3007 Item
2387 2949 2636 3005 recitavit.
2681 2945 2960 3003 Possidius
3003 2944 3292 3016 episcopus
3333 2941 3643 2998 Sillitanus.
3678 2938 3831 2997 Cunt-

2225 3062 2323 3115 que
2362 3043 2691 3109 accessisset,
2731 3040 2868 3095 idem
2918 3038 3073 3093 dixit.
3120 3036 3373 3093 Mandavi
3414 3044 3473 3092 et
3518 3033 3830 3106 subscripsi.

519 3134 745 3205 scriptio
788 3132 1082 3200 relegatur.
1134 3128 1412 3186 Salvianus
1458 3125 1728 3197 episcOpus
1762 3123 1914 3196 (526)
1963 3125 2119 3181 dixit.

2228 3135 2365 3195 Item
2391 3135 2645 3190 recitavit.
2689 3132 2992 3201 Reparatus
3017 3129 3304 3200 episcOpns
3333 3127 3632 3196 Aquensis.
3680 3125 3832 3183 Cum-

514 3228 684 3285 Nobis
730 3226 1109 3299 praescriptum
1156 3231 1241 3280 est
1305 3221 1512 3278 dudum
1565 3234 1675 3289 quo
1724 3218 1988 3279 dicerent.
2049 3220 2124 3275 De

517 3321 791 3393 episcopis
818 3319 1019 3395 agitur,
1049 3330 1155 3371 non
1186 3314 1254 3371 de
1284 3312 1642 3385 presbyteris.

594 3414 719 3471 191.
775 3411 1187 3467 Fortunatianus
1231 3410 1502 3481 episcopus
1550 3406 1800 3462 Ecclesia:
1846 3407 2126 3467 Cat/taliae

522 3507 675 3563 dixit.
712 3510 752 3562 Α
779 3505 978 3561 nostris
1006 3504 1253 3574 partibus
1276 3512 1563 3572 propterea
1588 3500 1971 3570 respondetur,
1999 3503 2123 3571 quia

522 3599 596 3655 ibi
641 3597 918 3653 Catholica
968 3595 1290 3664 denegatur.
1338 3590 1496 3649 Unde
1545 3590 1894 3662 impudentia:
1924 3602 2123 3650 vestra:

519 3692 854 3749 satisfactum
882 3688 1050 3746 tuisse
1073 3686 1362 3763 praesentia
1387 3694 1542 3757 gesta
1569 3683 1885 3755 loquentur.
1933 3684 1997 3742 Et
2020 3687 2126 3742 alia

524 3801 705 3839 manu.
742 3782 1075 3851 Recognovi.

600 3876 726 3932 192.
811 3875 1111 3929 Adeodatus
1172 3872 1440 3943 episcopus
1512 3869 1667 3928 dixit.
1740 3868 1972 3942 Agimus
2032 3874 2127 3930 tibi

522 3967 747 4039 gratias,
770 3965 915 4036 quod
945 3978 1163 4033 semper
1202 3962 1335 4017 facis
1372 3963 1651 4031 iniuriam.
1685 3959 1758 4019 Et
1800 3963 1908 4018 alia
1945 3979 2126 4026 manu.

526 4057 840 4115 Adeodatus
868 4055 1156 4126 episcopus
1185 4052 1504 4122 recognovi.

601 4148 726 4208 195.
751 4146 1091 4205 Marcellinus
1117 4147 1196 4200 vir
1214 4145 1533 4201 clarissimus
1562 4148 1797 4204 tribunus
1823 4158 1871 4205 et
1897 4151 2129 4208 notarius

528 4244 681 4300 dixit.
713 4242 821 4305 Ista
862 4239 914 4295 in
948 4249 1161 4310 tempus
1190 4237 1336 4293 aliud
1383 4250 1759 4308 reserventur,
1801 4258 1945 4299 nunc
1985 4242 2131 4315 quod

530 4335 836 4405 delegatum
861 4338 946 4389 est
971 4344 1128 4388 sacro
1147 4329 1355 4402 judicio
1381 4339 1695 4404 peragatur.
1718 4332 1856 4393 Item
1879 4336 2130 4395 recitavit.

522 4428 898 4486 Felicissimus
926 4427 1214 4496 episcopus
1248 4424 1521 4485 Obbensis
1560 4426 1735 4499 (527).
1772 4426 2002 4501 Cumque
2028 4448 2122 4486 ac-

608 4542 761 4618 (525)
801 4539 1193 4618 Numidiensis,
1240 4554 1334 4618 seu
1368 4539 1702 4596 Numidensis
1733 4542 1785 4618 in
1809 4542 2127 4602 Mauritania
2155 4549 2207 4611 D

2227 3246 2325 3302 que
2365 3228 2691 3293 accessisset,
2735 3223 2871 3279 idem
2918 3222 3070 3278 dixit.
3117 3219 3370 3277 Mandavi
3418 3228 3478 3276 et
3517 3220 3826 3290 subscripsi.

2228 3322 2365 3380 Item
2394 3321 2647 3378 recitavit.
2690 3318 3005 3375 Honoratus
3034 3316 3323 3386 episcopus
3351 3313 3639 3373 Larensis.
3691 3312 3835 3369 Cunt-

2228 3433 2328 3489 que
2374 3414 2702 3479 accessisset,
2755 3410 2893 3465 idem
2948 3409 3099 3463 dixit.
3146 3405 3402 3465 Mandavi
3432 3415 3492 3462 et
3520 3406 3830 3477 subscripsi.

2229 3507 2364 3565 Item
2388 3506 2636 3562 recitavit.
2664 3501 3026 3560 Proﬁeentius
3051 3500 3338 3570 episc0pus
3368 3498 3830 3559 Macomaziensis.

2231 3599 2460 3669 Cumque
2486 3596 2816 3661 accessisset,
2867 3592 3027 3663 idem,
3054 3592 3204 3647 dixit.
3251 3589 3408 3647 Licet
3454 3608 3564 3649 non
3617 3592 3833 3648 habeam

2230 3690 2627 3755 adversarium,
2677 3685 2927 3742 mandavi
2967 3694 3022 3740 et
3060 3682 3381 3753 subscripsi.
3430 3680 3837 3742 Fortunatiauttt

2230 3784 2501 3853 episcopus
2532 3779 2776 3834 Ecclesia:
2800 3778 3071 3832 catholica:
3109 3775 3259 3829 dixit.
3306 3775 3390 3830 Ex
3438 3791 3548 3845 qua
3578 3775 3837 3831 Maeonia-

2232 3876 2323 3933 dia
2350 3874 2547 3947 (552)?
2582 3871 2929 3943 Proﬁcentius
2979 3869 3245 3941 episcopus
3292 3868 3451 3926 dixit.
3505 3868 3833 3925 Rusticiana.

2235 3969 2369 4025 Item
2394 3968 2646 4028 recitavit.
2679 3963 3005 4021 Paschasius
3021 3963 3310 4031 episcopus
3339 3960 3642 4021 Dusitanus
3664 3962 3833 4033 (555).

2237 4062 2465 4133 Cumque
2484 4060 2781 4116 accessisset
2797 4099 2814 4125 ,
2830 4057 2967 4112 idem
2990 4056 3139 4111 dixit.
3162 4052 3411 4109 Mandavi
3435 4064 3496 4110 et
3521 4053 3836 4126 subscripsi.

2240 4153 2375 4212 Item
2401 4153 2653 4211 recitavit.
2686 4150 3025 4207 Antonianos
3051 4148 3340 4218 episcopus
3376 4145 3660 4202 Druensis.
3685 4145 3840 4203 Cum-

2240 4266 2337 4322 que
2375 4248 2687 4311 accessisset,
2742 4243 2880 4299 idem
2924 4243 3076 4299 dixit.
3118 4237 3367 4295 Mandavi
3419 4248 3479 4295 et
3524 4238 3838 4309 subscripsi.

2241 4339 2375 4396 Item
2426 4338 2676 4395 recitavit.
2731 4335 3024 4392 Januarius
3079 4331 3372 4402 episc0pus
3418 4331 3591 4401 Aqua:
3637 4331 3843 4387 Albano

2234 4435 2312 4492 sis
2342 4434 2518 4509 (554).
2554 4432 2779 4504 Cumque
2821 4427 3142 4493 accessisset,
3202 4423 3339 4480 idem
3383 4423 3542 4478 dixit.
3593 4423 3843 4479 hiandavi

2305 4546 2459 4623 (529)
2498 4545 2852 4623 γατιαηεηερ.
2883 4542 2945 4623 In
2969 4540 3193 4623 Tabulis
3210 4539 3843 4623 Petttirigerianis-habe

533 4610 900 4680 Caesariensi,
946 4620 1006 4666 ut
1032 4610 1214 4665 statim
1247 4611 1511 4677 habetur,
1542 4618 1710 4681 utque
1740 4613 1898 4669 docet
1934 4619 2124 4672 notitia
2236 4610 2325 4677 ιιιιῖ
2356 4610 2541 4676 Vaiari
2588 4622 2732 4673 inter
2781 4614 3021 4670 Flavium
3069 4612 3215 4667 Marc
3255 4621 3306 4667 et
3355 4610 3603 4667 vacum.
3652 4610 3843 4668 unum

534 4686 695 4759 hujus
723 4683 1194 4759 prgvipcignum.
1220 4682 1345 4737 118.
1389 4683 1623 4759 Avulsu_s
1648 4691 1766 4759 erat
1795 4683 1896 4759 iste
1917 4687 2128 4759 episco-

534 4752 692 4828 paius
724 4752 760 4812 a
790 4755 1206 4818 Sul'asaritano,
1258 4752 1696 4823 ut-couqueritur
1730 4752 1988 4828 deinceps
2024 4757 2129 4815 Re-

535 4837 772 4971 migiis).
807 4896 1083 4971 Salvianus
1112 4895 1400 4966 episcopus.
1431 4893 1737 4969 Leptitanus
1766 4898 1857 4971 qui
1885 4900 2131 4957 nomina-

532 4964 629 5027 tur"
647 4964 785 5023 infra
812 4983 930 5036 cap.
963 4964 1091 5023 207.

605 5038 760 5122 (527)
793 5034 1069 5122 οὺιξβηδξεξ
1101 5051 1199 5094 seu
1228 5034 1556 5122 Obtritanus,‘
1579 5037 1630 5093 in
1667 5039 1982 5122 Mauritania
2013 5042 2135 5101 CLE-

532 5108 797 5176 sai‘ienSi,
841 5114 909 5165 nt'
930 5117 1077 5179 patet
1114 5124 1182 5165 ex
1231 5110 1419 5164 notitia
1466 5108 1626 5183 hujus
1667 5111 1958 5182 provincia:
1985 5131 2134 5172 num.

532 5181 623 5241 56.
654 5178 799 5236 inter
845 5180 1128 5251 episcopos
1158 5179 1260 5251 qui
1311 5180 1529 5251 adfuere
1573 5183 1805 5241 concilio
1851 5185 2133 5251 Carthagi-

532 5204 623 5241 ου.
654 5204 799 5264 ιμιει·
845 5204 1128 5261 υμιδιξυμυδ
1168 5204 1260 5262 qut
1311 5204 1529 5239 HUIUBI'B
1573 5204 1805 5241 CUHCIIIO
1851 5204 2133 5256 ωηιυςικι-

529 5251 819 5337 nensrsub
838 5250 1352 5337 Cyprianoq,"legnu‘r
1376 5250 1577 5337 Paulus
1601 5254 1863 5337 confessor
1888 5255 1951 5311 ab
1967 5256 2134 5337 (litim,

532 5320 1880 5476 sistatissagittarius?
1898 5327 2133 5456 1.3.332:

531 5465 776 5547 Concilio
804 5478 845 5547 ν⁸
867 5461 1111 5547 generali
1139 5461 1310 5521 adfuit
1341 5463 1646 5521 Valerianus
1678 5467 1945 5540 episcopus
1977 5468 2132 5527 Obbte

534 5535 797 5594 Ecclesia:
820 5535 1109 5591 Africanas.

2234 4692 2350 4747 [nec
2382 4692 2574 4747 eadem
2602 4690 2817 4744 sitcum
2850 4687 2950 4742 ista
2976 4687 3261 4739 incertum.

2308 4763 2465 4835 (550)
2508 4761 2897 4835 Siccesitanus._
2930 4755 2990 4810 In
3031 4754 3350 4810 Mauritania
3393 4753 3761 4822 Caesariensi,
3793 4762 3847 4809 ut

2236 4828 2398 4889 docet
2423 4828 2611 4890 notitia
2643 4846 2793 4886 num.
2832 4828 2923 4883 80.

2308 4904 2463 4978 (551)
2504 4902 2900 4978 Tanudaiensts.
2931 4898 3095 4953 Forte
3116 4896 3492 4978 .I'amadens-is
3504 4898 3559 4978 in
3585 4896 3845 4954 Maurita-

2240 4968 2329 5033 nia
2358 4968 2678 5032 Caesariensi
2702 4989 2766 5028 ex
2797 4971 2989 5027 eadem
3022 4968 3204 5022 notitia
3239 4984 3391 5023 num.
3426 4968 3556 5024 100.

2320 5046 2472 5122 (552)
2514 5045 2716 5122 Exque
2747 5040 3094 5122 Macgmadia.
3115 5039 3394 5122 “Duplex:
3427 5041 3507 5122 uti
3535 5039 3848 5122 observat-

2246 5110 2369 5175 mus
2398 5110 2517 5185 ca'p.
2554 5110 2681 5181 116,
2709 5111 3210 5185 erat_Ma_comadia‘,
3236 5125 3347 5185 una
3373 5110 3429 5166 in
3459 5110 3736 5185 Numidia.
3769 5113 3845 5165 al-

2245 5197 2359 5245 tera
2393 5192 2446 5245 in
2470 5180 2776 5260 'Byzacena.
2809 5182 3152 5260 Proﬁcentius
3180 5181 3227 5236 is
3252 5180 3325 5237 de
3348 5198 3459 5252 quo
3493 5183 3698 5260 agitur,
3732 5191 3846 5260 erat

2244 5253 2537 5332 episcopus
2570 5256 2913 5332 piacomadia:
2949 5255 3000 5309 in
3032 5253 3308 5325 Byzacena
3329 5293 3344 5320 ,
3387 5269 3509 5324 quas
3538 5253 3847 5309 Rusticiana

2243 5328 2746 5402 cognominabatur.

2316 5394 2465 5471 (555)
2507 5400 2805 5454 Dusitanus.
2851 5396 3110 5471 Sequitur
3133 5394 3273 5471 alter
3301 5394 3437 5471 fere
3467 5394 3722 5471 ejusdem
3755 5408 3848 5451 no-

2243 5464 2404 5529 minis
2432 5464 2679 5526 Druensis
2696 5510 2711 5535 ,
2735 5478 2789 5524 et
2813 5464 2991 5538 capite
3010 5466 3265 5538 sequenti
3295 5464 3556 5538 Bebianus
3576 5468 3848 5538 episcopus

2248 5544 2517 5599 Dusensis.
2570 5541 2625 5596 in
2674 5536 3119 5595 notitia’nullutn
3164 5537 3328 5591 alium
3357 5536 3558 5593 similis
3609 5536 3845 5594 nominis

619 5628 777 5701 (528)
796 5628 1065 5701 Midlensi,
1083 5643 1179 5686 seu
1204 5628 1492 5701 Midilensi.
1526 5630 1584 5687 in
1610 5629 1880 5698 Numidia,
1906 5640 1965 5686 ut
1986 5629 2120 5688 doce

2247 5612 2529 5695 habemus,
2573 5620 2774 5686 praeter
2802 5609 3090 5666 Durensem
3120 5610 3172 5665 in
3197 5608 3498 5682 Byzacena.

548 5696 738 5783 notitia
758 5696 928 5783 'num.
952 5699 1045 5783 fl,
1070 5700 1303 5783 concilio
1327 5696 1886 5783 Cartliaginensiusub
1918 5702 2145 5776 Cypria-

554 5787 625 5843 ne
646 5772 815 5853 adfuit
845 5775 1130 5832 confessor
1159 5782 1214 5830 et
1238 5782 1443 5845 martyr
1470 5773 1630 5833 Iader
1658 5794 1691 5835 a
1719 5774 1926 5847 Hidila.

2321 5694 2474 5780 (554)
2514 5707 2674 5778 Aqua:
2701 5706 2952 5780 Albensis.
3003 5704 3164 5777 Aqua:
3190 5704 3422 5780 Albensis
3451 5702 3627 5780 sedes
3644 5701 3841 5780 duplex

2252 5781 2311 5855 in
2329 5774 2536 5847 'noti'tia
2562 5774 2689 5850 una,
2721 5780 2776 5837 in
2805 5774 3078 5860 Byzacena
3110 5792 3259 5857 num.
3291 5776 3385 5861 52,
3416 5774 3592 5839 altera
3613 5775 3664 5836 ln
3694 5774 3842 5841 κεα-
